2872 3970
191 783 202 795 ⁸
216 781 252 804 Cf.
267 788 330 804 num.
346 788 362 804 ι.

190 2797 399 2852 aava

195 3224 206 3234 ”
221 3222 286 3244 Vera.
302 3229 336 3245 ²¹·

197 3480 206 3489 ⁸
220 3480 287 3502 Vero.
303 3485 323 3510 8,
339 3489 362 3510 9.

431 316 509 353 244

1123 301 1386 348 QUAESTIO
1415 301 1520 347 XIX,
1554 299 1846 339 ARTICULUS
1873 302 1920 339 111

431 383 527 424 cipio,
551 392 616 413 una
639 382 754 412 dicitur
780 382 902 412 unitate
926 380 1056 412 formali
1079 380 1129 410 sui
1153 379 1246 410 activi
1273 379 1438 419 principii:
1463 383 1494 408 et
1546 380 1628 410 tivae
1650 385 1683 410 et
1706 379 1904 410 elementaris
1927 379 2078 411 dicuntur
2098 380 2134 411 in
2150 380 2278 412 Christo
2301 382 2471 414 voluntarii
2494 384 2610 417 volun-

429 428 550 458 unitate
581 426 790 457 nihilominus
820 425 976 456 numerali
999 425 1033 455 in
1056 423 1146 454 omni
1173 423 1380 454 subordinato
1407 423 1493 463 prin-
1545 428 1609 454 tate
1631 423 1772 454 humana
1794 429 1826 454 et
1847 424 2070 465 approbativae,
2094 430 2132 455 ut
2152 431 2256 467 patet;
2288 431 2320 457 et
2347 427 2527 465 causaliter,
2551 437 2609 460 seu

430 472 516 511 cipio
544 471 603 501 sibi
634 471 850 510 obsequente;
882 479 946 499 una
968 468 1054 499 enim
1084 477 1220 498 numero
1245 472 1292 497 est
1313 466 1492 497 moderatio
1546 467 1748 507 imperative,
1771 476 1831 508 pro
1855 473 1977 509 quanto
2007 468 2126 499 subditi
2152 475 2241 500 erant
2262 469 2421 502 voluntan‘
2449 471 2608 504 humanae

429 515 562 545 humani
592 520 699 544 motus
724 525 741 544 a
763 514 938 549 voluntate,
963 512 1223 552 concupiscentia
1245 520 1282 541 ac
1304 511 1413 550 lingua
1436 519 1493 540 seu
1547 509 1663 541 Christi
1679 517 1716 542 ut
1730 511 1878 543 voluntas
1902 512 1970 543 eius
1986 518 2051 543 erat
2073 513 2323 544 instrumentum
2346 513 2525 546 divinitatis.
2549 515 2609 547 His

430 569 538 595 manu,
563 564 594 589 et
617 559 718 589 simile
747 563 793 588 est
821 557 860 588 de
888 557 964 587 aliis.
995 556 1164 586 Distinctio
1195 560 1302 585 autern
1334 553 1492 594 specifica,

429 604 481 634 vel
493 603 587 634 etiam
602 603 759 643 generica,
773 602 997 642 operationum
1014 601 1226 631 humanarum
1242 608 1341 639 penes
1358 599 1492 635 obiecta,

431 647 470 678 de
493 657 558 688 qua
585 647 620 677 in
648 646 910 687 praecedentibus
933 645 1034 675 Libris
1064 649 1231 674 tractatum
1262 648 1292 673 et
1314 642 1493 672 discussum

430 697 478 722 est
492 691 526 722 in
541 700 694 731 processu
709 691 857 720 materiae
872 689 1011 725 moralis,
1025 693 1110 719 extra
1124 696 1273 728 praesens
1288 687 1492 727 propositum

431 741 487 772 est,
511 741 547 766 ut
569 740 656 775 patet
677 734 712 764 in
733 734 845 764 littera.

484 780 523 809 V.
548 777 666 817 Quoad
688 779 816 808 tertium
832 778 866 814 ⁴,
891 776 1056 807 conclusio
1081 780 1143 806 est:
1173 775 1279 805 Multo
1310 774 1416 816 magis
1445 779 1494 805 est

430 833 496 855 una
519 822 664 863 operatio
681 822 713 852 in
733 822 860 852 Christo
884 830 980 862 quam
997 820 1029 850 in
1049 828 1248 860 quocumque
1270 818 1337 849 alio
1353 818 1490 849 homine.

428 868 592 898 Probatur.
621 866 707 904 Quia
730 871 761 895 et
784 865 986 905 operationes
1013 864 1221 894 elementares
1244 869 1275 894 et
1297 863 1492 903 vegetativae

427 911 603 951 aliqualiter
618 909 813 940 voluntariae
829 914 927 945 erant,
945 913 976 939 et
991 908 1157 938 sensitivae
1179 907 1286 938 nullus
1301 912 1368 937 erat
1381 912 1491 938 motus

428 965 496 986 non
511 954 674 985 ordinatus
690 963 708 984 a
723 954 862 984 ratione:
887 961 1028 994 quorum
1045 952 1194 992 opposita
1209 952 1243 982 in
1258 951 1391 982 homine
1406 960 1490 992 puro

427 998 639 1038 multiplicant
662 998 873 1037 operationes.
1462 1013 1466 1015 -

481 1042 618 1072 Adverte
634 1042 696 1077 hic,
713 1042 828 1081 primo,
846 1039 935 1081 quod
959 1040 1063 1070 omnis
1087 1045 1195 1070 motus
1211 1039 1307 1080 partis
1323 1039 1490 1070 sensitivae

427 1087 460 1116 in
477 1086 603 1116 Christo
628 1085 742 1116 dicitur
765 1085 928 1115 ordinatus
944 1094 962 1114 a
977 1084 1110 1121 ratione,
1127 1093 1187 1124 pro
1204 1089 1326 1124 quanto
1342 1083 1491 1114 voluntas

426 1130 587 1160 rationalis
609 1130 643 1160 in
660 1129 787 1160 Christo
810 1129 938 1160 volebat
961 1134 1070 1159 motus
1092 1128 1250 1159 naturales
1273 1128 1369 1168 partis
1393 1128 1491 1158 sensi-

426 1175 509 1205 tivae
531 1175 565 1204 in
588 1184 622 1204 se
641 1183 709 1204 esse
732 1183 836 1214 usque
860 1172 899 1204 ad
922 1172 999 1203 tales
1023 1173 1187 1209 terminos,
1205 1178 1236 1203 et
1250 1181 1319 1202 non
1343 1172 1489 1213 amplius.

481 1218 620 1249 Adverte
643 1217 797 1254 secundo,
821 1217 911 1258 quod
933 1222 1042 1247 motus
1064 1216 1222 1247 naturales
1245 1216 1342 1257 partis
1364 1221 1490 1256 vegeta-

1547 555 1633 585 enim
1649 554 1776 586 duobus
1791 554 1896 586 modis
1911 555 2091 587 verificatur
2106 556 2146 587 de
2158 557 2324 588 voluntate
2339 558 2479 590 humana
2491 558 2609 591 Christi

1547 598 1637 640 quod
1660 599 1778 636 esuriit,
1801 600 1908 637 sitivit,
1930 605 2004 637 etc„
2027 601 2216 632 voluntarie.

1599 642 1740 674 Adverte
1762 644 1866 680 tertio,
1891 644 1981 684 quod
2002 645 2127 676 Auctor
2148 655 2217 676 non
2240 645 2406 677 concludit
2426 647 2460 677 in
2479 645 2608 679 Clu-isto

1543 696 1614 718 esse
1641 697 1740 718 unam
1769 693 1895 719 tantum
1924 689 2146 728 operationem
2176 689 2336 720 humanae
2365 695 2512 722 naturae:
2540 690 2607 728 sed,

1546 740 1621 762 cum
1643 737 1849 762 monstrasset
1863 732 1898 762 in
1913 732 2059 772 quolibet
2081 742 2164 773 puro
2187 733 2319 764 homine
2342 734 2478 765 inveniri
2495 744 2609 776 opera-

1545 776 1667 806 tionem
1684 775 1815 816 quidem
1829 776 2005 806 humanam
2020 785 2119 807 unam
2134 782 2269 814 tantum,
2282 778 2484 818 operationes
2500 784 2608 810 autem

1543 825 1675 850 naturae
1698 819 1858 850 humanae
1881 819 2060 851 secundum
2083 820 2220 852 diversas
2240 827 2344 862 partes
2358 822 2485 859 multas,
2501 822 2609 854 intulit

1544 864 1578 894 in
1600 862 1730 894 Christo
1752 873 1821 894 non
1843 863 1950 894 solum
1973 873 2042 895 esse
2065 865 2286 905 operationem
2311 866 2487 897 humanam
2508 875 2608 899 unam

1544 907 1626 938 sicut
1648 908 1682 938 in
1706 908 1817 938 ceteris
1845 908 2041 945 hominibus,
2065 908 2121 939 sed
2142 909 2280 950 reliquas
2309 910 2448 951 paruum
2475 916 2608 945 naturae

1543 952 1703 983 humanae
1727 951 1930 992 operationes
1945 952 1979 982 in
1995 951 2123 983 Christo
2139 952 2179 984 ad
2194 953 2274 984 illud
2288 963 2391 985 unum
2412 955 2608 996 principium

1544 995 1739 1036 operationis
1761 996 1920 1027 humanae
1943 994 2077 1033 reduxit,
2102 996 2302 1028 ostendendo
2327 1007 2378 1029 eas
2402 1007 2470 1029 esse
2492 998 2608 1031 volun-

1543 1040 1644 1070 tarias.
1669 1040 1718 1070 Ac
1740 1049 1798 1080 per
1819 1039 1893 1076 hoc,
1917 1040 1957 1070 ad
1979 1040 2134 1071 unitatem
2164 1040 2298 1078 reduxit,
2321 1051 2389 1072 non
2413 1042 2607 1082 simpliciter,

1543 1085 1619 1124 quia
1641 1093 1680 1114 ex
1703 1083 1840 1124 propriis
1862 1084 1972 1115 activis
1994 1085 2158 1125 principiis
2189 1090 2338 1116 emanant
2359 1087 2554 1126 vegetativae
2577 1093 2609 1119 et

1544 1128 1762 1164 elementares,
1778 1127 1835 1158 sed
1857 1127 2002 1169 quodam
2015 1128 2128 1166 modo,
2145 1134 2303 1170 quatenus
2325 1129 2446 1161 scilicet
2459 1135 2535 1161 sunt
2549 1140 2608 1162 vo-

1543 1172 1708 1203 luntariae.
1725 1172 1767 1203 Et
1781 1171 1856 1203 ideo
1869 1173 2119 1213 comparativam
2135 1173 2307 1204 conclusit:
2324 1174 2432 1205 Multo
2445 1174 2551 1216 magis
2561 1179 2610 1208 est

1546 1226 1611 1247 una
1635 1217 1781 1257 operatio
1805 1217 1838 1247 in
1858 1217 1986 1248 Christo
2002 1226 2098 1258 quam
2115 1217 2147 1248 in
2164 1227 2364 1259 quocumque
2386 1218 2453 1249 alio
2468 1218 2607 1252 homine.

1171 1370 1492 1413 ARTICULUS
1520 1370 1750 1412 TERTIUS

808 1463 962 1494 UTRUM
985 1461 1120 1494 Acr10
1144 1463 1335 1494 HUMANA
1358 1462 1533 1502 cmusrr
1553 1463 1775 1495 POTUERIT
1798 1463 1840 1494 El
1862 1463 1966 1495 ESSE
1989 1463 2233 1495 MEmTomA

803 1542 835 1566 111
856 1542 939 1571 Sent„
960 1541 1018 1567 dist.
1037 1549 1109 1572 xvm,
1129 1547 1176 1566 art.
1197 1549 1210 1566 2
1230 1549 1306 1574 sqq.;
1327 1542 1370 1567 De
1391 1541 1483 1571 νει-ἰῇ,
1502 1550 1546 1575 qu.
1563 1550 1631 1574 mx,
1651 1547 1697 1568 art.
1716 1542 1747 1575 63
1770 1543 1913 1575 Compend.
1936 1543 2032 1572 Titeol..
2052 1551 2108 1576 cap.
2126 1551 2226 1570 ccxxxi.

458 1646 511 1689 >sa-R
541 1654 611 1692 aa<
634 1642 657 1667 D
675 1641 835 1666 TERTIUM
860 1640 912 1665 src
930 1640 1166 1666 Pnocsmrua.
1194 1627 1355 1665 Videtur
1380 1628 1486 1677 quod

451 1673 615 1745 'kaft
635 1682 733 1720 actio
753 1683 926 1719 humana
947 1681 1086 1718 Christi
1106 1693 1186 1718 non
1205 1681 1329 1730 potuit
1350 1680 1385 1718 ei
1405 1693 1487 1718 esse

442 1740 445 1745 '
473 1735 476 1743 '
576 1729 839 1773 meritoria.
871 1734 1045 1772 Christus
1074 1733 1178 1771 enim
1206 1741 1292 1771 ante
1321 1741 1488 1771 mortem

592 1782 626 1826 *a
635 1789 703 1826 fuit
731 1788 1052 1837 comprehensor,
1082 1787 1179 1824 sicut
1206 1795 1243 1824 et
1269 1787 1390 1824 modo
1419 1794 1485 1823 est.

458 1740 561 1785 tuiz

427 1844 503 1882 Sed
522 1841 856 1891 comprehensoris
875 1853 955 1878 non
975 1848 1031 1878 est
1049 1840 1206 1877 mereri:
1229 1840 1363 1877 caritas
1383 1839 1487 1876 enim

424 1894 758 1945 comprehensoris
785 1893 949 1944 pertinet
974 1894 1023 1931 ad
1041 1893 1260 1943 praemium
1287 1892 1488 1930 beatitudi-

426 1950 496 1996 nis,
517 1961 607 1986 cum
627 1948 843 1985 secundum
864 1959 950 1984 eam
969 1947 1186 1984 attendatur
1205 1945 1354 1994 fruitio,
1383 1946 1488 1983 unde

425 2015 505 2040 non
529 2002 681 2039 videtur
708 2013 790 2038 esse
818 1999 1053 2049 principium
1080 1999 1267 2046 merendi,
1288 2012 1379 2036 cum
1408 2011 1488 2036 non

425 2056 471 2094 sit
497 2055 601 2093 idem
635 2054 816 2092 meritum
845 2061 881 2090 et
907 2053 1137 2103 praemium.
1176 2053 1278 2101 Ergo
1315 2052 1488 2090 Christus

424 2116 511 2146 ante
539 2108 758 2157 passionem
777 2118 858 2143 non
877 2106 1116 2143 merebatur:
1147 2105 1243 2143 sicut
1270 2117 1342 2142 nec
1367 2105 1488 2143 modo

425 2170 603 2199 meretur.

480 2227 514 2251 2.
544 2215 776 2259 PRAETEREA,
797 2214 925 2250 nullus
945 2220 1114 2250 meretur
1141 2212 1180 2250 id
1209 2212 1317 2262 quod
1343 2219 1399 2248 est
1417 2211 1488 2248 sibi

425 2268 609 2305 debitum.
647 2266 724 2304 Sed
758 2279 805 2303 ex
832 2267 908 2303 hoc
942 2266 1050 2315 quod
1079 2265 1252 2303 Christus
1287 2273 1342 2302 est
1370 2264 1488 2302 Filius

426 2321 498 2358 Dei
517 2333 586 2370 per
611 2328 800 2364 naturam,
821 2319 983 2356 debetur
1009 2319 1080 2356 sibi
1106 2318 1296 2356 hereditas
1322 2325 1486 2364 aeterna,

426 2386 544 2422 quam
579 2373 640 2410 alii
675 2372 852 2409 homines
886 2385 957 2421 per
987 2372 1091 2409 bona
1124 2383 1244 2421 opera
1278 2378 1485 2408 merentur.

425 2427 517 2463 Non
553 2438 641 2475 ergo
677 2425 850 2463 Christus
885 2425 1028 2475 aliquid
1063 2425 1134 2461 sibi
1169 2424 1307 2461 mereri
1341 2423 1486 2474 potuit,

425 2479 492 2529 qui
520 2492 542 2516 a
568 2478 757 2528 principio
785 2478 854 2515 fuit
881 2478 999 2515 Filius
1029 2477 1111 2515 Dei.

480 2533 514 2569 3.
544 2533 785 2578 Ptolemaei,
815 2531 1052 2581 quicumque
1087 2530 1203 2568 habet
1230 2529 1268 2567 id
1297 2530 1405 2579 quod
1432 2537 1488 2566 est

425 2585 644 2634 principale,
672 2597 753 2622 non
780 2585 934 2633 proprie
963 2591 1132 2621 meretur
1158 2583 1197 2620 id
1225 2583 1333 2632 quod
1359 2595 1405 2619 ex
1423 2582 1487 2620 illo

426 2638 556 2675 habito
576 2637 757 2687 sequitur.
788 2638 864 2674 Sed
885 2637 1058 2674 Christus
1078 2636 1211 2673 habuit
1229 2635 1386 2684 gloriam
1408 2636 1487 2673 ani-

426 2703 533 2738 mae,
569 2703 616 2728 ex
653 2702 731 2739 qua
767 2691 983 2727 secundum
1020 2700 1273 2726 communem
1310 2688 1487 2726 ordinem

427 2745 598 2794 sequitur
624 2744 742 2792 gloria
761 2743 950 2793 corporis,
979 2750 1022 2779 ut
1049 2742 1285 2790 Augustinus
1313 2741 1418 2788 dicit,
1447 2741 1487 2779 in

427 2797 596 2846 Epistola
623 2797 674 2834 ad
699 2798 922 2835 Dioscorum
940 2795 977 2832 *ε
1007 2795 1047 2832 in
1076 2795 1227 2833 Christo
1255 2803 1385 2832 tamen
1413 2795 1486 2832 dis-

427 2850 621 2898 pensative
640 2851 782 2887 factum
809 2858 865 2887 est
884 2849 990 2899 quod
1009 2849 1127 2898 gloria
1146 2848 1296 2886 animae
1322 2860 1403 2885 non
1422 2849 1487 2885 de-

428 2902 612 2940 rivaretur
643 2903 691 2940 ad
718 2915 870 2953 corpus.
901 2903 993 2940 Non
1027 2914 1116 2951 ergo
1147 2901 1319 2939 Christus
1347 2901 1488 2938 meruit

428 2955 585 3003 gloriam
613 2956 794 3006 corporis.

480 3021 516 3055 4.
546 3010 776 3056 PRAETEREA,
806 3008 1057 3047 manifestatio
1086 3007 1327 3046 excellentiae
1348 3007 1487 3046 Christi

430 3072 508 3098 non
536 3070 590 3098 est
626 3062 774 3100 bonurn
804 3062 922 3112 ipsius
961 3061 1120 3107 Christi,
1150 3062 1216 3098 sed
1245 3073 1383 3099 eorum
1420 3060 1487 3111 qui

430 3125 521 3151 eum
549 3123 802 3162 cognoscunt:
837 3115 940 3152 unde
969 3123 1005 3152 et
1031 3128 1102 3164 pro
1128 3114 1301 3164 praemio
1329 3114 1487 3164 promit-

430 3165 518 3202 titur
545 3166 787 3204 dilectoribus
816 3167 954 3204 Christi
982 3175 1024 3204 ut
1052 3168 1105 3205 eis
1134 3167 1406 3214 manifestetur,
1431 3179 1487 3204 se-

431 3219 604 3256 cundum
632 3218 723 3256 illud
750 3220 932 3257 loan.x1v
950 3219 988 3256 *2
1019 3222 1059 3257 Si
1085 3223 1164 3270 quis
1191 3221 1310 3272 diligit
1336 3233 1407 3268 me,
1437 3221 1487 3258 di-

432 3270 565 3320 ligetur
591 3283 614 3308 a
633 3272 744 3308 Patre
771 3283 874 3308 meo:
902 3278 934 3308 et
957 3284 1028 3321 ego
1057 3274 1212 3324 diligam
1241 3287 1337 3321 eum,
1359 3279 1392 3311 et
1410 3286 1486 3311 ma-

433 3323 608 3369 nifestabo
637 3325 672 3360 ei
697 3325 886 3372 meipsum.
916 3324 1016 3371 Ergo
1047 3325 1219 3363 Christus
1246 3339 1326 3364 non
1348 3326 1488 3364 meruit

433 3375 773 3413 manifestationem
801 3387 892 3412 suae
920 3376 1136 3415 altitudinis.

486 3427 559 3463 SED
588 3439 730 3465 con-riu
759 3438 823 3465 ss’r
847 3427 952 3476 quod
982 3429 1186 3476 Apostolus
1215 3431 1314 3477 dicit,
1329 3434 1485 3483 Philipp.

434 3488 454 3513 1¹
473 3477 509 3513 *t
530 3480 663 3517 Factus
682 3485 731 3517 est
750 3480 920 3517 obediens
940 3492 1052 3529 usque
1071 3482 1121 3518 ad
1137 3489 1312 3520 mortem:
1332 3491 1488 3535 propter

487 3602 515 3637 α)
534 3602 599 3634 ipso.
617 3615 635 3621 —-
654 3602 708 3634 ipse
726 3603 768 3633 Gl,
789 3602 839 3634 ipsi
857 3603 900 3628 oF.

1543 1629 1643 1678 quod
1655 1634 1688 1665 et
1697 1630 1799 1666 Deus
1814 1630 1988 1667 exaltavit
2003 1629 2117 1667 illum.
2129 1631 2272 1669 Meruit
2287 1644 2376 1682 ergo
2387 1633 2606 1675 obediendo

1543 1694 1655 1718 suam
1675 1682 1960 1719 exaltationem:
1991 1690 2028 1720 et
2054 1682 2106 1720 ita
2129 1683 2274 1734 aliquid
2297 1685 2368 1723 sibi
2395 1686 2548 1726 meruit.

1595 1736 1820 1772 Rssponnzo
1848 1747 2030 1773 DICENDUM
2058 1736 2166 1785 quod
2192 1737 2335 1775 habere
2363 1739 2520 1789 aliquod
2537 1730 2606 1779 bo·

1542 1799 1640 1824 num
1668 1800 1738 1837 per
1765 1800 1805 1825 se
1833 1796 1890 1825 est
1917 1788 2083 1826 nobilius
2102 1802 2222 1839 quam
2247 1791 2390 1829 habere
2417 1792 2511 1831 illud
2535 1804 2608 1844 per

1543 1841 1666 1878 aliud:
1695 1853 1842 1892 semper
1868 1841 1973 1878 enim
1991 1854 2105 1879 causa
2124 1855 2220 1892 quae
2246 1849 2297 1881 est
2317 1857 2391 1895 per
2415 1858 2466 1893 se,
2480 1847 2608 1897 potior

1543 1900 1594 1931 est
1608 1906 1652 1931 ea
1671 1906 1767 1944 quae
1780 1900 1831 1932 est
1843 1906 1917 1944 per
1935 1895 2047 1941 aliud,
2063 1902 2105 1932 ut
2123 1895 2261 1934 dicitur
2278 1896 2318 1934 in
2332 1898 2414 1935 VIII
2427 1898 2607 1948 physic-‚¹¹

1543 1948 1631 1984 Hoc
1658 1955 1787 1984 autem
1816 1947 1954 1985 dicitur
1979 1947 2116 1998 aliquis
2147 1949 2291 1986 habere
2324 1963 2395 2000 per
2421 1950 2604 2002 seipsum,

1543 2000 1653 2038 cuius
1682 2008 1737 2037 est
1764 1999 1836 2037 sibi
1864 2000 1994 2050 aliquo
2021 2001 2142 2039 modo
2162 2014 2288 2040 causa.
2317 2003 2448 2042 Prima
2474 2012 2605 2044 autem

1543 2066 1659 2091 causa
1686 2053 1865 2091 omniurn
1893 2054 2090 2091 bonorum
2126 2062 2348 2094 nostrorum
2378 2069 2450 2106 per
2475 2065 2606 2097 aucto-

1543 2106 1691 2144 ritatem
1711 2114 1767 2144 est
1785 2107 1907 2144 Deus:
1929 2114 1965 2144 et
1983 2119 2054 2156 per
2071 2107 2176 2144 hunc
2195 2109 2360 2146 modum
2379 2111 2489 2148 nulla·
2502 2122 2606 2150 crea-

1542 2168 1628 2197 tura
1656 2160 1772 2197 habet
1799 2159 1943 2209 aliquid
1970 2159 2063 2197 boni
2090 2172 2161 2210 per
2187 2161 2366 2211 seipsam,
2389 2163 2607 2204 secundum

1542 2213 1636 2250 illud
1664 2215 1678 2250 1
1702 2214 1788 2250 Cor.
1809 2225 1843 2250 rv
1862 2212 1898 2250 *ε
1935 2213 2035 2256 Quid
2054 2214 2167 2251 habes
2185 2215 2286 2264 quod
2310 2228 2385 2253 non
2405 2216 2607 2267 accepisti?

1543 2268 1672 2303 Potest
1698 2274 1829 2303 tamen
1856 2265 2084 2303 secundario
2112 2266 2249 2316 aliquis
2276 2280 2359 2306 esse
2391 2281 2508 2307 causa
2528 2269 2607 2309 sibi

1543 2319 1702 2356 alicuius
1721 2319 1815 2356 boni
1834 2318 2022 2356 habendi:
2051 2319 2284 2368 inquantum
2311 2321 2451 2359 scilicet
2470 2322 2511 2360 in
2528 2323 2608 2362 hoc

1542 2373 1626 2422 ipso
1648 2378 1665 2394 ²
1693 2373 1778 2409 Deo
1806 2379 2046 2421 cooperatur.
2076 2373 2125 2409 Et
2143 2372 2197 2409 sic
2214 2372 2276 2410 ille
2304 2373 2371 2423 qui
2397 2375 2514 2412 habet
2539 2375 2605 2418 ali—

1543 2425 1636 2474 quid
1655 2438 1725 2475 per
1742 2425 1921 2462 meritum
1941 2424 2156 2474 proprium,
2176 2425 2292 2462 habet
2309 2426 2604 2476 quodammodo

1542 2478 1635 2516 illud
1653 2491 1724 2528 per
1742 2477 1924 2528 seipsum.
1944 2477 2056 2516 Unde
2076 2477 2243 2515 nobilius
2261 2478 2426 2516 habetur
2442 2479 2483 2518 id
2497 2482 2605 2530 quod

1543 2531 1706 2568 habetur
1723 2543 1794 2580 per
1811 2530 1993 2567 meritum
2017 2542 2136 2580 quam
2155 2530 2195 2568 id
2214 2532 2320 2580 quod
2340 2532 2505 2571 habetur
2521 2534 2604 2573 sine

1543 2593 1691 2621 merito.
2124 2615 2128 2619 .

1596 2637 1699 2684 Quia
1727 2643 1856 2673 autem
1877 2635 2003 2673 omnis
2027 2636 2208 2686 perfectio
2237 2644 2272 2674 et
2300 2638 2476 2676 nobilitas
2495 2639 2606 2678 Chri-

1543 2697 1600 2727 sto
1636 2697 1691 2727 est
1725 2688 1986 2732 attribuenda,
2016 2701 2258 2739 consequens
2293 2699 2348 2728 est
2382 2692 2489 2741 quod
2522 2691 2606 2743 ipse

1542 2755 1611 2792 per
1638 2741 1819 2780 meritum
1847 2741 1981 2779 habuit
1999 2741 2092 2779 illud
2120 2743 2228 2792 quod
2246 2743 2308 2780 alii
2325 2756 2396 2793 per
2421 2744 2605 2787 meritum

1543 2796 1704 2842 habent,
1743 2794 1815 2832 nisi
1843 2795 1888 2831 sit
1915 2796 1987 2832 tale
2019 2795 2114 2844 quid
2142 2795 2253 2833 cuius
2281 2797 2448 2836 carentia
2483 2798 2604 2848 magis

1542 2848 1711 2897 dignitati
1740 2847 1879 2885 Christi
1907 2855 1944 2884 et
1970 2848 2191 2897 perfectioni
2218 2849 2454 2899 praeiudicet
2483 2863 2604 2902 quam

1542 2914 1611 2952 per
1638 2901 1819 2938 meritum
1847 2909 2045 2938 accrescat.
2084 2902 2196 2939 Unde
2225 2914 2297 2940 nec
2323 2903 2504 2952 gratiam,
2531 2915 2605 2945 nec

1543 2954 1751 2999 scientiam,
1774 2966 1846 2991 nec
1872 2954 2149 2992 beatitudinem
2177 2955 2340 3002 animae,
2368 2968 2440 2994 nec
2466 2956 2603 2997 divini—

1541 3016 1658 3046 tatem
1685 3007 1845 3044 meruit:
1882 3007 1991 3057 quia,
2021 3020 2112 3045 cum
2139 3008 2322 3046 meritum
2349 3021 2430 3047 non
2458 3009 2504 3047 sit
2529 3008 2603 3048 nisi

1542 3061 1624 3099 eius
1644 3061 1750 3110 quod
1770 3060 1948 3097 nondum
1967 3060 2131 3098 habetur
2144 3060 2175 3108 *,
2199 3069 2349 3110 oportet
2366 3062 2474 3112 quod
2493 3062 2602 3101 Chri·

1542 3122 1622 3151 stus
1640 3113 1848 3163 aliquando
1875 3113 1953 3150 istis
1972 3113 2171 3159 caruisset;
2201 3114 2343 3164 quibus
2367 3126 2496 3152 carere
2520 3127 2603 3154 ma-

1541 3167 1596 3216 gis
1625 3166 1803 3204 diminuit
1821 3165 2042 3214 dignitatem
2063 3166 2202 3204 Christi
2230 3179 2350 3217 quam
2368 3175 2504 3216 augeat
2521 3180 2603 3206 me-

1543 3220 1669 3258 ritum.
1700 3220 1775 3258 Sed
1795 3219 1913 3268 gloria
1940 3219 2124 3269 corporis,
2143 3220 2205 3257 vel
2233 3219 2263 3258 si
2282 3219 2377 3270 quid
2403 3219 2507 3258 aliud
2530 3221 2603 3259 hu-

1541 3272 1710 3311 iusmodi
1738 3280 1804 3317 est,
1833 3272 1962 3310 minus
1991 3280 2046 3310 est
2073 3285 2192 3322 quam
2220 3273 2381 3322 dignitas
2415 3274 2602 3322 merendi,

1542 3339 1642 3376 quae
1670 3325 1832 3375 pertinet
1859 3325 1909 3363 ad
1937 3325 2118 3363 virtutem
2145 3324 2317 3364 caritatis.
2356 3326 2405 3364 Et
2431 3325 2519 3364 ideo
2544 3326 2603 3365 di-

1542 3380 1711 3417 cendum
1740 3386 1795 3416 est
1823 3378 1930 3428 quod
1958 3378 2134 3416 Christus
2160 3378 2320 3428 gloriam
2347 3378 2537 3429 corporis,
2566 3387 2604 3418 et

1542 3445 1587 3470 ea
1615 3444 1715 3482 quae
1744 3431 1934 3481 pertinent
1961 3431 2010 3469 ad
2038 3430 2265 3469 exteriorem
2302 3430 2385 3469 eius
2419 3433 2603 3470 excellen-

1542 3485 1646 3532 tiam,
1676 3484 1771 3522 sicut
1800 3492 1855 3521 est
1882 3484 2066 3532 ascensio,
2086 3484 2294 3532 veneratio,
2315 3492 2351 3522 et
2372 3484 2443 3522 alia
2471 3484 2603 3524 huius-

2630 3066 2752 3096 wrm.

2632 1904 2718 1955 §.effi
2729 1898 2807 1957 la*

2632 2226 2644 2239 ·
2657 2225 2726 2249 vers.
2738 2217 2768 2255 γέ

2786 1319 2790 1326 s
2791 1080 2800 1150 2⁴⁴4„
2778 1010 2797 1063 *ms-⁴⁴
2782 924 2795 945 ⁴.'
2796 896 2801 901 ὲ
2796 774 2798 776 ⁴

2851 1384 2861 1470 Ζήν,
2852 789 2863 1166 ,,,,,-...-.,,,-....-..,.Α
2856 704 2861 738 „m
2858 679 2860 683 .
2859 614 2861 618 r

2802 1795 2806 1799 t
2804 1732 2812 1777 ,μμ
2799 1659 2814 1701 .'‘*
2787 1613 2800 1632 ³¹·
2808 1589 2810 1593 ,
2801 1548 2809 1564 ι.

2853 2006 2857 2042 .-..
2848 1539 2860 1992 .-,.««,.,Γώῢ.ἡΜ-“
