2872 3970
90 321 131 342 qu.
149 320 190 336 xm
205 321 256 342 sqq.

102 2699 148 2719 ἈΙ.
156 2698 237 2724 Part-1,
245 2702 308 2720 tract.

102 2730 127 2746 ιι.

341 213 383 238 12
1073 196 1336 243 QUAESTIO
1365 196 1397 243 1,
1427 177 1719 233 ARTICULUS
1747 197 1777 233 11

94 290 103 298 ·
124 288 158 310 Cf·
180 287 302 315 Supplem„
332 288 372 317 te,
390 291 471 321 quae
488 280 658 310 satisfactio
677 284 733 315 est,
757 278 957 308 tractandum
982 283 1028 307 est
1044 279 1070 307 ὕ.
1096 277 1136 308 Et
1152 277 1184 306 in
1201 277 1263 306 hoc
1280 276 1394 306 ultimo
1422 278 1423 304 l
1450 275 1663 305 tisfactoribus
1685 276 1871 316 simpliciter
1894 276 1944 306 vel
1967 276 2147 307 secundum
2165 277 2420 317 acceptationem
2431 277 2515 321 *divi-

331 327 406 356 loco
431 325 469 355 de
493 323 705 354 satisfactione
735 332 795 363 pro
820 328 952 362 peccato
977 321 1092 352 actuali
1120 320 1236 350 directe
1260 324 1395 349 tractan-

333 369 410 400 dum
435 374 496 399 est:
526 369 558 398 in
582 367 692 408 primis
716 372 823 397 autem
848 365 974 396 duobus
999 365 1204 395 communius
1228 368 1394 397 tractatur,

333 414 407 454 quia
431 413 469 442 de
486 411 698 442 satisfactione
723 411 817 440 etiarn
841 419 899 449 pro
919 414 1053 449 peccato
1071 407 1215 447 originali
1234 411 1394 436 tractatur.

332 457 424 488 Unde
448 457 481 487 in
504 456 660 496 praesenti
684 455 786 484 littera
815 453 893 484 duas
917 453 1055 482 rationes
1078 452 1202 481 Auctor
1225 450 1329 480 attulit
1355 449 1395 479 ad

333 500 566 531 ostendendum
590 498 679 538 quod
696 507 794 538 purus
810 498 910 527 homo
927 495 1105 526 satisfacere
1122 503 1188 524 non
1205 494 1311 533 potuit
1335 502 1394 532 pro
1420 503 1422 566 4

332 551 476 585 peccato,
493 552 628 583 quarum
646 543 747 582 prima
763 541 879 571 directe
897 540 1023 579 respicit
1039 544 1206 578 peccatum
1225 537 1392 576 originale:

332 588 471 620 secunda
494 594 600 618 autern
625 586 839 616 communiter
855 584 893 614 de
910 589 1055 623 peccato,
1079 583 1137 612 sub
1159 591 1226 622 quo
1250 586 1315 611 tam
1332 581 1395 611 ori-

332 633 445 674 ginale,
466 641 562 672 quam
579 630 700 660 actuale
725 628 813 669 quod
830 634 875 658 est
899 627 1083 666 simpliciter
1106 631 1284 665 peccatum,
1305 624 1394 664 quod
1420 635 1422 675 ἓ

332 682 455 708 constat
471 676 576 705 solum
593 683 660 704 esse
676 672 818 706 mortale,
833 670 1123 711 comprehenditur,
1139 669 1291 709 loquitur.
1309 668 1394 698 Hinc
1420 683 1422 699 ;

332 721 368 751 fit
390 726 426 750 ut
456 729 538 750 onus
561 719 623 748 hoc
654 718 686 746 in
710 717 784 746 loco
808 715 986 754 acceperim
1010 713 1182 744 disserendi
1213 712 1251 742 de
1274 711 1394 742 satisfa-
1420 714 1422 752 j

333 765 428 796 ctoris
452 762 648 793 sufficientia.
676 760 751 790 Non
776 759 861 789 enim
885 759 1041 788 rationem
1065 756 1239 787 secundam
1262 756 1393 789 litterae,
1420 764 1422 801 ξ

333 815 364 839 et
387 807 628 838 conclusionem
652 804 752 839 illius,
783 802 970 842 pertransire
994 802 1086 841 potui
1117 801 1184 830 sine
1207 799 1394 830 huiusmodi

332 851 538 883 discussione.
563 850 602 878 Et
617 848 677 878 nisi
694 847 891 877 obiectiones
907 846 1108 885 arguentium
1125 845 1295 883 exigerent,
1316 853 1394 874 con-

332 896 509 927 clusionem
540 899 575 922 ut
605 902 642 922 ex
671 891 724 920 illa
754 889 893 920 secunda
925 899 1007 928 quae
1038 889 1245 928 impugnatur
1271 888 1394 918 ratione

331 939 499 971 deducitur
530 941 653 966 tantum
684 940 868 967 tractarem,
899 943 958 963 nec
990 933 1203 962 immiscerem
1227 932 1394 962 vinculum

332 984 370 1014 de
394 982 500 1012 debito
524 978 722 1020 gratitudinis
746 977 876 1007 vinculo
900 976 1122 1012 satisfaciendi,
1142 977 1225 1006 sicut
1247 985 1308 1006 nec
1327 976 1394 1006 Au-

332 1033 400 1058 ctor
422 1026 474 1055 hic
499 1025 625 1054 miscet:
651 1021 706 1052 sed
730 1031 921 1052 reservarem
950 1021 1029 1051 haec
1053 1021 1198 1051 tractatui
1223 1019 1261 1050 de
1280 1020 1394 1060 poeni-

330 1070 437 1101 tentia.
471 1067 579 1102 Unde,
608 1072 643 1097 ut
674 1066 909 1096 obiectionibus
933 1064 987 1095 fiat
1016 1066 1107 1100 satis,
1139 1064 1263 1095 dicetur
1293 1070 1325 1094 et
1355 1064 1394 1095 de

330 1115 410 1149 hoc,
442 1117 598 1152 quantum
623 1115 752 1149 oportet
774 1110 825 1139 hic
849 1110 939 1139 scire.

386 1157 466 1187 VIII.
491 1156 531 1186 Et
555 1155 708 1195 quoniam
731 1154 765 1184 in
788 1153 893 1193 primo
918 1153 1016 1183 dubio
1041 1153 1164 1183 Auctor
1186 1163 1254 1183 non
1269 1152 1396 1183 videtur

330 1201 518 1233 intellectus,
536 1199 608 1229 ideo
633 1207 744 1228 sensus
764 1198 884 1228 litterae
908 1196 1192 1237 praedeclarandus
1209 1202 1264 1228 est.
1288 1197 1396 1227 Purus

330 1247 425 1277 homo
455 1246 487 1274 in
512 1245 569 1274 hac
591 1242 778 1282 quaestione
800 1242 986 1281 intelligitur
1003 1251 1071 1271 non
1087 1241 1192 1272 solum
1216 1251 1273 1281 per
1289 1241 1395 1272 exclu-

331 1291 455 1321 sionem
472 1287 709 1318 coniunctionis
733 1295 807 1316 cum
825 1285 934 1323 divino
951 1286 1131 1326 supposito,
1148 1285 1204 1316 sed
1221 1286 1316 1315 etiam
1339 1295 1396 1325 per

332 1334 548 1365 exclusionem
579 1331 703 1361 divinae
734 1329 969 1360 misericordiae
999 1329 1202 1369 gratificantis
1230 1339 1314 1370 opus
1336 1330 1395 1360 ho—

331 1378 426 1409 minis
450 1376 488 1407 ad
511 1377 573 1405 hoc
597 1374 686 1414 quod
711 1374 780 1404 Deo
805 1380 974 1413 acceptum
998 1375 1046 1404 sit.

386 1422 491 1451 Probo
511 1419 633 1458 singula
649 1428 687 1448 ex
703 1418 814 1448 littera.
835 1418 986 1448 Exclusio
1004 1417 1102 1448 divini
1118 1418 1277 1458 suppositi
1292 1423 1394 1457 patet:

332 1466 406 1506 quia
430 1474 528 1504 purus
552 1464 652 1493 homo
677 1461 881 1502 distinguitur
904 1467 1015 1492 contra
1039 1462 1202 1492 Christum
1228 1462 1334 1492 Deum
1366 1468 1398 1492 et

331 1510 506 1541 hominem.
538 1525 558 1530 —
589 1506 739 1537 Exclusio
765 1506 895 1536 divinae
926 1505 1161 1536 misericordiae
1192 1505 1396 1545 gratificantis

332 1564 414 1594 opus
431 1552 469 1582 ad
485 1553 547 1582 hoc
572 1550 662 1591 quod
677 1550 715 1580 sit
732 1556 911 1590 acceptum,
932 1555 1034 1590 patet:
1060 1550 1135 1590 quia
1151 1549 1322 1580 satisfactio
1339 1559 1396 1590 per

332 1597 552 1638 aequalitatem
578 1594 781 1634 distinguitur
797 1600 907 1624 contra
923 1593 1170 1624 satisfactionem
1192 1603 1249 1633 per
1264 1594 1396 1633 gratiam

331 1641 533 1681 acceptantis.
558 1639 604 1669 Ex
620 1639 679 1669 hac
696 1639 783 1668 enim
799 1638 1013 1674 distinctione,
1029 1639 1138 1668 iuncta
1153 1639 1285 1678 primae,
1309 1644 1398 1678 patet

333 1686 430 1727 quod,
448 1694 522 1715 cum
539 1683 663 1718 dicitur,
683 1683 790 1713 Purus
804 1683 899 1713 homo
923 1682 1114 1723 satisfacere
1137 1692 1202 1712 non
1218 1687 1327 1722 potest
1347 1692 1396 1713 se-

332 1730 470 1762 cundum
486 1728 712 1769 aequalitatem
731 1737 795 1767 pro
806 1731 952 1767 peccato,
977 1732 1007 1756 et
1023 1726 1166 1756 similiter
1189 1726 1278 1766 quod
1304 1726 1397 1756 Chri-

331 1780 398 1806 stus
421 1773 609 1814 satisfacere
620 1775 727 1812 potest
744 1781 807 1811 pro
820 1775 953 1810 peccato
969 1770 1143 1800 secundum
1159 1770 1396 1810 aequalitatem,

332 1828 442 1850 sensus
467 1823 512 1847 est
534 1815 633 1857 quod,
658 1815 780 1845 seclusa
796 1814 1012 1844 misericordia
1028 1815 1088 1844 Dei
1104 1814 1298 1854 acceptantis
1314 1824 1397 1854 opus

333 1863 466 1894 alicuius
489 1871 548 1901 pro
572 1859 795 1894 satisfactione,
818 1858 984 1899 loquendo
1001 1858 1040 1888 de
1055 1859 1174 1888 viribus
1197 1859 1270 1898 puri
1292 1859 1397 1889 homi-

332 1908 380 1938 nis
397 1912 427 1936 et
442 1906 561 1935 viribus
577 1905 637 1934 Dei
661 1909 692 1934 et
714 1903 864 1938 hominis,
887 1912 988 1942 purus
1011 1903 1112 1932 homo
1136 1912 1203 1933 non
1228 1908 1334 1942 potest
1349 1912 1397 1933 sa-

332 1951 494 1985 tisfacere,
518 1949 606 1979 Deus
629 1953 660 1978 et
682 1948 783 1978 homo
807 1953 914 1987 potest
937 1946 1126 1977 satisfacere.

388 1995 427 2024 Et
450 1994 524 2024 licet
552 1993 604 2022 hic
627 2001 748 2022 sensus>
761 1991 800 2021 sit
823 1990 1016 2021 sufficienter
1039 1991 1193 2030 probatus
1217 2001 1254 2021 ex
1277 1991 1396 2027 littera3

333 2046 364 2071 et
387 2037 572 2068 manifestus
596 2037 635 2066 sit
659 2045 696 2066 ex
719 2036 783 2065 hoc
806 2035 896 2075 quod
919 2041 966 2065 est
989 2044 1062 2064 vere
1086 2034 1228 2064 formalis
1252 2035 1291 2065 de
1314 2044 1397 2075 puro

333 2084 465 2114 homine
488 2088 524 2112 ut
547 2080 741 2110 satisfactore
765 2079 920 2119 ipsiDeo
945 2088 1004 2119 pro
1028 2085 1180 2118 peccato,
1205 2084 1236 2108 et
1260 2078 1298 2109 de
1326 2079 1398 2109 Deo

334 2134 365 2158 et
387 2126 519 2157 homine
542 2131 578 2155 ut
597 2123 791 2154 satisfactore
807 2123 878 2154 Deo
898 2133 957 2163 pro
973 2128 1124 2163 peccato:
1149 2123 1286 2163 amplius
1302 2123 1397 2153 etiarn

333 2171 551 2202 manifestatur
567 2169 753 2199 auctoritate
769 2168 919 2198 Auctoris
934 2167 968 2197 in
984 2167 1026 2197 IV
1043 2166 1141 2203 Sent„
1158 2167 1228 2197 dist.
1241 2177 1291 2203 xv,
1308 2176 1363 2207 qu.
1376 2178 1397 2203 1,

334 2222 389 2246 art.
409 2225 441 2250 2,
467 2213 552 2249 adi,
576 2213 631 2243 ubi
654 2213 749 2242 habet
771 2212 849 2242 haec
873 2212 986 2241 verba:
1018 2211 1108 2242 Sicut
1135 2211 1258 2252 offensa
1288 2211 1400 2242 habuit

333 2259 495 2300 quandam
520 2257 708 2298 infinitatem
735 2265 776 2286 ex
800 2256 957 2296 infinitate
979 2255 1108 2286 divinae
1131 2255 1322 2291 maiestatis,
1354 2255 1399 2285 ita

334 2309 365 2334 et
385 2302 566 2344 satisfactio
590 2301 706 2340 accipit
724 2299 886 2340 quandam
903 2299 1092 2340 infinitatem
1111 2309 1153 2330 ex
1171 2299 1330 2340 infinitate
1352 2299 1400 2330 di-

334 2349 427 2379 vinae
443 2345 693 2380 misericordiae,
705 2349 808 2384 prout
823 2349 869 2374 est
889 2344 1002 2385 gratia
1017 2344 1206 2384 informata,
1225 2353 1288 2383 per
1303 2353 1400 2383 quam

333 2393 403 2422 Deo
428 2395 590 2430 acceptum
615 2388 761 2419 redditur
783 2388 870 2429 quod
891 2389 986 2418 homo
1011 2387 1145 2418 reddere
1161 2392 1278 2427 potest.
1310 2387 1400 2418 Haec

334 2437 396 2466 ille.
429 2435 491 2466 Ubi
515 2434 597 2464 clare
620 2432 708 2463 vides
740 2431 829 2472 quod
853 2431 959 2462 divina
981 2431 1198 2462 misericordia
1221 2431 1400 2471 gratificans

335 2479 581 2510 satisfactionem
613 2486 630 2507 e
660 2477 790 2516 regione
821 2477 953 2516 ponitur
983 2481 1094 2505 contra
1117 2474 1150 2505 id
1180 2475 1270 2515 quod
1298 2476 1399 2506 homo

335 2523 465 2554 reddere
489 2527 605 2562 potest.
630 2526 661 2550 et
685 2519 774 2560 quod
794 2525 919 2550 constat
941 2529 998 2559 per
1013 2519 1252 2549 misericordem
1268 2520 1399 2559 gratiam

335 2566 556 2598 satisfactionis
578 2566 644 2595 vim
660 2565 795 2603 assequi,
821 2570 852 2594 et
867 2563 1115 2593 satisfactionem
1132 2564 1227 2593 etiam
1242 2563 1400 2593 infinitam

335 2609 578 2652 quodammodo
603 2618 681 2639 esse.
705 2625 726 2631 -
751 2607 1033 2647 Confirmaturque
1056 2607 1142 2637 idem
1165 2617 1277 2638 sensus
1300 2617 1338 2637 ex
1354 2607 1400 2638 di-

335 2657 411 2686 vino
438 2653 636 2695 leeologiae
661 2651 858 2692 Compendio
890 2651 933 2682 ad
955 2652 1106 2682 Fratrem
1128 2651 1344 2687 Rainaldum,
1367 2652 1401 2682 in

337 2700 363 2730 II
379 2700 469 2729 Parte
485 2699 511 2734 ὓ,
535 2699 568 2727 in
593 2706 662 2737 cap.
679 2707 740 2726 xw.

392 2744 443 2773 IX.
468 2741 562 2773 Unde
585 2746 671 2781 patet
694 2741 810 2780 primo,
831 2739 919 2779 quod
937 2740 1046 2770 omnia
1062 2745 1247 2779 argumenta
1263 2739 1401 2770 inferen-

338 2788 380 2817 tia
408 2786 496 2826 quod
522 2786 639 2821 homo,
669 2790 880 2815 concurrente
907 2784 1005 2823 gratia
1034 2793 1091 2814 seu
1118 2784 1264 2819 caritate,
1295 2790 1402 2823 potest

339 2831 514 2861 satisfacere
538 2839 596 2869 pro
621 2834 764 2869 peccato,
788 2837 856 2858 non
879 2834 953 2858 sunt
976 2833 1087 2858 contra
1110 2828 1286 2858 Auctorem
1308 2829 1401 2858 intel-

340 2875 472 2909 lectum,
496 2873 550 2904 sed
574 2879 684 2903 contra
706 2874 813 2912 ipsum
836 2881 904 2902 non
927 2882 1001 2902 vere
1030 2881 1090 2902 nec
1113 2871 1287 2902 formaliter
1309 2873 1402 2903 intel-

341 2919 469 2948 lectum.

395 2963 483 2992 Patet
511 2960 653 2991 secundo
691 2960 867 2991 differentia
897 2960 1034 2990 aliorum
1062 2960 1100 2990 ab
1131 2960 1283 2990 Auctore.
1319 2960 1401 2990 Nam

342 3006 393 3035 alii
416 3005 563 3035 doctores
587 3005 747 3035 caritatem
770 3014 827 3034 seu
850 3004 982 3044 gratiam
1005 3003 1043 3034 ad
1060 3003 1308 3034 satisfactionem
1324 3014 1402 3035 con-

343 3055 521 3079 currentem
552 3058 590 3078 ex
620 3054 707 3088 parte
738 3049 878 3078 hominis
908 3047 1111 3078 satisfactoris
1142 3054 1339 3088 posuerunt:
1371 3054 1403 3079 et

342 3092 414 3123 ideo
439 3092 584 3122 dixerunt
607 3101 723 3131 purum
739 3092 905 3122 hominem
928 3102 1022 3132 posse
1046 3102 1104 3132 pro
1126 3098 1259 3132 peccato
1283 3092 1402 3123 satisfa-

344 3146 424 3166 cere.
459 3137 581 3166 Auctor
603 3144 679 3165 vero
703 3136 833 3174 gratiam
862 3142 892 3166 et
916 3136 1076 3166 caritatem
1105 3146 1142 3167 ex
1165 3142 1253 3176 parte
1276 3136 1401 3167 divinae

344 3179 577 3210 misericordiae
600 3178 818 3218 gratificantis,
850 3189 886 3209 ac
916 3189 972 3219 per
1002 3181 1064 3210 hoc
1095 3181 1288 3221 acceptantis
1319 3190 1402 3220 opus

345 3224 531 3258 humanum,
556 3223 679 3262 posuit;
703 3223 934 3262 hominemque
958 3233 1075 3263 purum
1099 3234 1173 3254 cum
1192 3225 1256 3255 suis
1272 3225 1400 3261 viribus,

346 3273 375 3296 et
399 3267 539 3296 similiter
562 3267 667 3296 Deum
692 3272 722 3295 et
744 3267 909 3296 hominem
934 3276 1007 3296 curn
1028 3269 1091 3298 suis
1108 3269 1236 3304 viribus,
1260 3279 1298 3299 ex
1314 3275 1401 3308 parte

346 3310 545 3340 satisfactoris
569 3311 692 3349 posuit:
724 3315 754 3339 et
777 3309 850 3340 ideo
875 3310 950 3340 dixit
974 3311 1063 3341 illum
1087 3322 1153 3342 non
1177 3322 1284 3352 posse,
1310 3313 1402 3343 Chri-

347 3359 429 3383 stum
454 3363 529 3383 vero
553 3363 646 3393 posse
670 3353 855 3383 satisfacere.
880 3371 900 3376 -
925 3354 974 3388 Et,
999 3355 1082 3384 salva
1105 3356 1233 3386 illorum
1258 3367 1401 3388 reveren-

347 3397 405 3432 tia,
430 3396 596 3436 dupliciter
617 3397 877 3436 reprehensibiles
901 3404 984 3428 sunt.
1019 3399 1059 3429 Et
1083 3401 1157 3439 quia
1184 3407 1294 3431 contra
1317 3402 1403 3441 posi-

347 3441 469 3470 tionem
492 3441 640 3470 Auctoris
663 3447 880 3480 apposuerunt
899 3451 989 3472 suam
1006 3448 1041 3472 ut
1057 3445 1262 3474 contrariam:
1287 3445 1320 3475 in
1337 3454 1403 3484 quo

348 3490 539 3513 monstratur
562 3494 628 3514 non
651 3490 829 3523 penetrasse
855 3495 909 3515 eos
933 3486 1015 3516 hanc
1039 3487 1243 3526 positionem.
1268 3489 1308 3519 Et
1330 3489 1404 3528 quia

348 3537 414 3557 non
440 3527 611 3557 formaliter
634 3527 672 3558 de
696 3537 777 3567 puro
801 3529 931 3559 homine
956 3536 986 3559 et
1010 3529 1047 3560 de
1065 3531 1134 3561 Deo
1152 3532 1282 3562 homine
1306 3538 1341 3563 ut
1357 3541 1402 3562 sa-

1450 328 1509 348 nae
1533 319 1777 356 misericordiae,
1801 319 1902 350 locuti
1926 325 2010 356 sunt,
2034 325 2069 350 ut
2088 321 2211 350 Auctor
2228 320 2317 351 fecit:
2341 338 2362 344 —
2387 326 2418 352 et
2439 330 2515 362 pro-

1450 368 1574 402 pterea,
1598 368 1752 402 tanquam
1777 362 1910 399 claram,
1941 364 2131 394 sententiam
2155 373 2222 395 non
2245 364 2334 395 aliter
2357 365 2514 405 probavit.

1450 406 1614 444 Quoniam
1639 406 1810 436 clarissima
1833 416 1907 437 vere
1930 412 1976 437 est
1999 406 2174 438 formaliter
2197 408 2366 439 intellecta.

1504 450 1543 479 X.
1567 449 1618 480 Ad
1641 450 1736 489 primi
1761 459 1836 490 ergo
1861 449 1950 481 dubii
1973 451 2191 482 obiectionem
2215 461 2253 482 ex
2271 452 2371 483 Scoto
2386 453 2414 489 *‚
2438 452 2516 484 dici-
2544 455 2554 465 ⁶

1449 498 1501 523 tur
1531 493 1620 532 quod
1650 493 1841 524 antecedens
1872 500 1918 524 est
1941 503 2070 531 verum,
2101 501 2138 525 ut
2166 501 2254 535 patet
2281 505 2319 526 ex
2343 496 2484 537 allegatis
2498 498 2516 515 *
2543 499 2553 510 ⁸

1448 537 1551 567 verbis
1582 537 1732 567 Auctoris
1762 547 1799 568 ex
1827 537 1869 568 IV
1886 538 1995 568 sent„-
2024 538 2080 569 sed
2112 541 2342 579 consequentia
2371 546 2515 580 negatur.

1449 581 1535 618 Quia
1557 581 1703 621 quaestio
1720 587 1767 612 est
1790 580 1830 611 de
1852 591 1935 622 puro
1959 582 2091 613 homine
2115 589 2151 613 ut
2174 583 2368 614 satisfactore
2391 594 2448 624 per
2464 595 2516 616 ae-

1449 625 1644 664 qualitatem,
1673 624 1873 655 excludendo
1898 625 2038 656 divinam
2061 626 2325 666 gratificationem
2349 634 2516 669 acceptan-

1448 674 1530 698 tem:
1562 669 1794 709 consequentia
1824 675 1932 700 autem
1954 669 2050 700 infert
2073 669 2112 701 de
2135 671 2285 707 homine,
2316 681 2385 702 non
2409 672 2516 704 exclu-

1448 712 1566 748 dendo,
1590 712 1646 742 sed
1661 712 1857 743 includendo
1874 713 2014 744 divinam
2030 714 2280 746 misericordiam
2297 722 2515 756 acceptantem

1449 766 1507 797 per
1529 757 1672 796 gratiam,
1697 762 1734 786 ut
1756 762 1852 796 patet.

1503 801 1555 830 Ad
1578 800 1752 831 secundam
1777 800 1893 832 dicitur
1915 801 2016 841 quod,
2036 801 2211 834 formaliter
2226 803 2403 843 loquendo,
2427 811 2516 837 actus

1448 854 1550 880 meus,
1575 850 1610 875 ut
1634 854 1736 880 meuS,
1759 851 1853 875 natus
1876 851 1923 876 est
1946 845 2058 876 tollere
2081 846 2178 886 longe
2198 848 2302 878 maius
2317 848 2442 879 bonum
2456 859 2517 890 po-

1448 895 1518 919 tens
1541 889 1585 919 illi
1615 889 1718 919 inesse
1743 898 1842 928 quam
1865 890 1965 929 possit
1988 890 2133 921 secundo
2156 893 2312 931 re'ponere
2335 892 2369 922 in
2392 893 2515 934 seipso:

1449 933 1623 973 quoniam,
1654 938 1690 963 ut
1719 942 1811 963 meus
1841 938 1947 969 actus,
1979 939 2026 964 est
2049 939 2219 974 peccatum
2242 936 2378 967 mortale
2399 937 2516 968 tollens

1449 978 1622 1012 caritatem,
1640 983 1680 1013 et,
1697 983 1733 1007 ut
1755 986 1848 1007 meus
1871 983 1970 1013 actus,
1986 987 2155 1018 nunquam
2178 980 2295 1019 poterit
2318 980 2446 1012 caritate
2468 981 2516 1012 in—

1449 1021 1596 1057 formari;
1629 1022 1716 1051 iuxta
1731 1020 1811 1051 illud
1835 1020 1919 1051 Osee
1935 1031 1989 1052 xm
2004 1022 2039 1052 ⁴':
2064 1022 2208 1053 Perditio
2228 1027 2285 1055 tua
2308 1033 2350 1054 ex
2372 1029 2412 1060 te,
2427 1025 2518 1056 salus
2545 1030 2555 1041 ⁸

1449 1070 1556 1096 autem
1580 1075 1621 1095 ex
1645 1074 1703 1095 me.
1728 1065 1769 1095 Et
1792 1071 1962 1105 propterea
1986 1075 2060 1096 cum
2084 1065 2209 1102 dicitur,
2237 1067 2376 1098 Tantum
2398 1068 2517 1100 bonum

1442 1114 1552 1150 potest
1574 1110 1677 1140 inesse
1703 1109 1791 1140 actui
1812 1109 1970 1146 secundo,
1994 1115 2146 1150 negetur,
2177 1110 2344 1150 loquendo
2374 1111 2414 1143 de
2445 1119 2519 1144 actu

1449 1153 1593 1184 secundo
1617 1159 1653 1183 ut
1676 1159 1723 1184 est
1745 1153 1886 1184 hominis
1909 1159 1945 1184 ut
1968 1153 2172 1194 distinguitur
2195 1161 2306 1186 contra
2321 1155 2429 1187 Deum
2448 1166 2518 1198 gra-

1449 1197 1635 1228 tificantem.
1671 1198 1764 1233 Nam,
1781 1197 1948 1238 loquendo
1972 1197 2012 1228 de
2030 1198 2163 1229 homine
2195 1204 2230 1229 ut
2252 1199 2388 1230 includit
2409 1206 2517 1232 actum

1449 1241 1699 1282 gratificantem,
1730 1241 1923 1272 satisfaceret
1953 1241 2084 1282 quidem
2114 1242 2295 1274 secundum
2325 1245 2518 1285 acceptantis

1448 1287 1591 1326 gratiam.
1617 1291 1648 1316 et
1670 1295 1738 1316 non
1762 1285 1942 1316 secundum
1958 1286 2183 1326 aequalitatem
2199 1287 2268 1317 eius
2291 1287 2382 1327 quod
2403 1288 2516 1320 reddit.

1504 1330 1556 1361 Ad
1578 1331 1703 1361 tertiam
1727 1329 1842 1360 dicitur
1865 1330 2063 1360 admittendo
2087 1340 2212 1367 casum,
2237 1337 2268 1362 et
2291 1332 2516 1373 subiungendo

1450 1374 1539 1415 quod
1563 1375 1595 1404 in
1619 1375 1672 1404 tali
1697 1384 1782 1409 casu,
1807 1374 1882 1414 quia
1905 1375 2003 1414 gratia
2027 1385 2059 1405 se
2081 1380 2203 1406 teneret
2219 1385 2257 1406 ex
2273 1381 2362 1416 parte
2377 1376 2448 1413 Dei,
2465 1378 2518 1408 cui

1450 1417 1621 1449 satisfactio
1645 1418 1714 1448 fieri
1738 1418 1847 1454 debet,
1879 1418 1953 1448 ideo
1977 1428 2044 1449 non
2069 1425 2150 1449 esset
2173 1419 2344 1450 satisfactio
2369 1430 2407 1451 ex
2429 1427 2518 1462 parte

1450 1463 1602 1499 hominis,
1626 1462 1682 1493 sed
1706 1472 1743 1492 ex
1766 1468 1854 1502 parte
1879 1462 1939 1493 Dei
1963 1463 2158 1503 acceptantis
2181 1473 2238 1503 per
2261 1473 2352 1494 suam
2375 1465 2518 1505 gratiam,

1449 1513 1485 1536 ut
1505 1506 1626 1537 dictum
1650 1512 1696 1536 est
1711 1507 1738 1536 *.
1763 1506 1804 1536 Et
1819 1506 1899 1536 ratio
1916 1512 1962 1536 est
1978 1507 2053 1547 quia
2072 1506 2242 1537 satisfactio
2260 1509 2438 1547 peccatoris
2453 1509 2519 1540 suf·
2547 1513 2556 1523 ·

1449 1550 1560 1580 ficiens
1583 1550 1770 1590 simpliciter
1791 1550 1886 1580 habet
1916 1560 1984 1581 non
2007 1560 2067 1590 pro
2090 1551 2267 1591 principio,
2295 1551 2351 1582 sed
2373 1561 2434 1592 pro
2457 1558 2519 1584 ter-

1449 1595 1550 1630 mino,
1567 1595 1845 1634 recuperationem
1862 1594 1987 1625 divinae
2002 1595 2208 1633 placationis:
2229 1596 2385 1635 quoniam
2401 1597 2440 1627 ad
2455 1598 2519 1628 hoc

1450 1643 1575 1669 constat
1605 1638 1855 1669 satisfactionem
1885 1648 1945 1678 pro
1977 1638 2100 1669 offensa
2124 1639 2211 1670 illata
2240 1639 2336 1671 alicui
2362 1640 2518 1678 ordinari,

1450 1683 1595 1722 alioquin
1618 1693 1685 1712 non
1710 1687 1906 1722 repararetur
1929 1683 2067 1713 amicitia
2089 1692 2147 1723 per
2169 1683 2428 1716 satisfactionem.
2463 1685 2520 1716 Est

1451 1737 1526 1766 ergo
1552 1727 1662 1756 caritas
1692 1736 1749 1766 per
1771 1726 2021 1757 satisfactionem
2051 1727 2247 1767 acquirenda
2269 1728 2308 1758 ab
2331 1728 2404 1768 ipso
2427 1729 2517 1765 Deo,

1451 1776 1482 1800 et
1505 1780 1572 1800 non
1595 1770 1896 1810 praesupponenda.
1932 1771 1972 1801 Et
1995 1771 2021 1801 si
2044 1771 2112 1801 eius
2136 1771 2401 1811 praeventionem
2423 1773 2519 1804 mise-

1451 1814 1610 1844 ricordem
1632 1815 1877 1854 praesupponis,
1899 1815 1963 1845 iam
1983 1824 2050 1845 non
2067 1820 2114 1845 est
2136 1814 2306 1846 satisfactio
2329 1816 2389 1846 nisi
2405 1826 2444 1847 ex
2457 1818 2519 1848 mi-

1451 1858 1622 1888 sericordia
1644 1859 1869 1898 praeveniente
1892 1863 1929 1889 ut
1952 1859 1991 1889 sit
2013 1858 2174 1890 sufficiens
2190 1859 2372 1891 satisfactio·
2396 1861 2519 1892 Huius-

1450 1902 1540 1933 modi
1563 1908 1670 1932 autem
1697 1901 1868 1932 satisfactio
1899 1902 2102 1942 distinguitur
2132 1909 2244 1934 contra
2271 1903 2519 1936 satisfactionem

1451 1956 1508 1986 per
1535 1946 1770 1986 aequalitatem.
1808 1946 1903 1977 Unde
1932 1945 2018 1977 idern
2049 1953 2096 1976 est
2124 1946 2311 1978 satisfactori
2341 1948 2518 1980 concedere

1451 1991 1584 2029 gratiam
1614 2000 1678 2030 qua
1701 1995 1790 2020 actus
1813 2000 1890 2020 suus
1913 1989 1968 2021 fiat
1991 1989 2179 2027 satisfactio,
2211 1996 2244 2022 et
2269 1991 2518 2033 satisfactionem

1450 2034 1534 2064 illius
1559 2034 1805 2065 insufficientem
1829 2044 1866 2064 ex
1888 2034 2106 2065 misericordia
2129 2041 2304 2075 acceptare.
2327 2035 2370 2067 Et
2390 2041 2439 2067 est
2456 2037 2519 2068 im-

1451 2078 1581 2118 plicatio
1611 2079 1643 2109 in
1667 2078 1792 2109 adiecto
1824 2078 1928 2109 dicere
1959 2078 2049 2119 quod
2078 2079 2180 2110 homo
2210 2085 2317 2119 potest
2340 2080 2519 2113 satisfacere

1451 2123 1636 2162 simpliciter
1659 2123 1730 2153 Deo
1753 2131 1813 2162 pro
1829 2123 2004 2153 commisso
2019 2128 2165 2162 peccato,
2182 2129 2214 2154 et
2229 2122 2319 2164 quod
2333 2124 2398 2155 hoc
2413 2130 2520 2164 potest

1451 2176 1508 2206 per
1523 2167 1685 2197 caritatem
1701 2175 1739 2197 ex
1755 2165 1863 2197 divina
1877 2166 2094 2197 misericordia
2109 2166 2246 2198 faciente
2261 2167 2302 2198 de
2317 2168 2429 2199 attrito„
2440 2177 2520 2200 eon·—

1451 2211 1577 2240 tritum:
1608 2211 1683 2250 quia
1705 2210 1813 2251 ipsum
1835 2210 2000 2241 informari
2024 2211 2151 2242 caritate
2175 2221 2213 2242 ex
2235 2212 2334 2252 gratia
2356 2212 2418 2244 Dei
2441 2217 2520 2245 con-

1451 2255 1561 2290 stituit,
1585 2265 1653 2285 non
1677 2255 1908 2295 praesupponit
1930 2254 2197 2292 satisfactionem;
2229 2265 2266 2286 ac
2287 2265 2346 2296 per
2367 2257 2446 2293 hoc,
2470 2266 2519 2287 sa-

1451 2298 1588 2329 tisfactio
1611 2299 1682 2329 talis
1704 2308 1772 2329 non
1791 2304 1839 2329 est
1853 2297 2014 2330 sufficiens
2028 2299 2089 2330 nisi
2105 2308 2143 2330 ex
2158 2300 2379 2340 acceptatione
2395 2299 2518 2337 divium

1453 2352 1536 2382 quae
1560 2343 1762 2383 distinguitur
1785 2348 1897 2373 contra
1919 2342 2168 2374 satisfactionem
2190 2343 2384 2383 simpliciter.

1508 2387 1562 2417 XI.
1586 2387 1638 2417 Ad
1660 2387 1794 2418 secundi
1824 2396 1957 2427 quoque
1981 2386 2069 2418 dubii
2091 2387 2219 2418 obiecta
2233 2388 2250 2405 ⁴*
2273 2397 2311 2418 ex
2334 2387 2449 2419 eadem-
2469 2398 2518 2420 ra-

1454 2431 1523 2461 dice
1546 2437 1634 2470 patet
1657 2431 1851 2471 responsio‚·
1865 2436 2023 2471 quantum
2052 2429 2093 2461 ad
2115 2441 2245 2462 sensum
2268 2431 2399 2463 litterae.
2435 2433 2519 2464 Nam

1452 2475 1591 2505 infinitas
1615 2475 1755 2506 offensae
1778 2485 1817 2506 ex
1839 2475 1903 2506 hoc
1926 2474 2016 2515 quod
2039 2475 2127 2506 Deus
2151 2481 2199 2506 est
2221 2474 2380 2512 offensus,
2411 2482 2520 2508 causat

1452 2519 1742 2559 impossibilitatem
1772 2518 1982 2550 satisfaciendi
2010 2519 2194 2559 simplicitet
2222 2519 2256 2551 in
2279 2529 2362 2560 puro
2385 2520 2520 2552 homine

1453 2569 1490 2593 ut
1512 2563 1635 2593 dictum
1659 2568 1705 2594 est
1720 2564 1751 2599 ἢ
1781 2563 1902 2593 scilicet
1924 2568 1961 2593 ut
1983 2562 2122 2593 excludit
2145 2562 2291 2594 divinum
2313 2565 2519 2604 suppositum
2545 2569 2557 2581 ⁸

1453 2613 1483 2637 et
1507 2607 1647 2637 divinam
1670 2606 1921 2637 misericordiam
1943 2606 2183 2647 gratificantem.
2219 2607 2387 2645 Quantum
2410 2614 2518 2641 autem

1425 2684 1428 2687 Δ
1453 2651 1493 2681 ad
1515 2651 1548 2681 id
1571 2651 1661 2691 quod
1684 2651 1824 2682 obiectio
1849 2650 1937 2681 Scoti
1959 2652 2059 2690 tangit
2085 2650 2125 2681 de
2148 2650 2304 2682 infinitate
2326 2652 2432 2683 meriti
2461 2662 2519 2684 seu

1426 2694 1428 2710 ²
1453 2695 1676 2726 satisfactionis
1699 2695 1827 2731 Christi,
1851 2695 1885 2725 in
1907 2696 2055 2735 sequenti
2078 2695 2178 2726 dubio
2193 2696 2210 2712 ⁴*
2234 2695 2452 2736 explicabitur.

1509 2739 1560 2769 Ad
1583 2739 1712 2769 alteram
1735 2748 1811 2769 vero
1836 2739 2052 2770 obiectionem
2083 2738 2201 2770 directe
2229 2745 2341 2771 contra
2362 2741 2519 2773 rationem

1453 2783 1584 2818 litterae,
1609 2783 1821 2823 respondetur
1844 2783 1934 2823 quod
1955 2782 2094 2813 infinitas
2115 2782 2267 2819 offensae,
2290 2784 2365 2815 licet
2386 2785 2426 2816 sit
2446 2783 2519 2816 infi-

1454 2828 1535 2858 nitas
1558 2837 1626 2858 non
1649 2827 1844 2867 simpliciter,
1867 2827 1931 2858 hoc
1955 2833 2001 2857 est
2023 2828 2057 2858 in
2076 2837 2194 2867 genere
2221 2828 2321 2865 entis,
2344 2827 2400 2859 sed
2421 2837 2518 2870 quae-

1455 2871 1539 2907 dam,
1562 2872 1625 2901 hoc
1649 2877 1696 2901 est
1718 2872 1751 2901 in
1778 2881 1895 2911 genere
1918 2871 1994 2902 mali
2021 2871 2088 2910 (est
2111 2872 2198 2902 enim
2225 2871 2430 2905 offensaDei
2450 2880 2518 2903 ma-

1454 2916 1523 2946 lum
1545 2915 1707 2945 infinitum
1731 2916 1813 2945 sicut
1835 2915 1918 2946 linea
1936 2915 2060 2946 infinita
2083 2921 2165 2946 esset
2185 2916 2342 2956 quantitas
2363 2914 2517 2955 infinita):

1455 2966 1486 2990 et
1518 2959 1704 2990 huiusmodi
1736 2958 1860 2990 infinita
1894 2960 1920 2989 si
1951 2959 2152 3000 appellentur
2186 2959 2310 2992 infinita
2339 2958 2518 2991 secundnm

1455 3003 1550 3044 quid,
1582 3004 1656 3044 quia
1684 3003 1922 3043 distinguuntur
1951 3009 2062 3034 contra
2093 3013 2148 3035 ens
2176 3002 2338 3035 infinitum
2364 3002 2518 3044 simplici-

1454 3054 1519 3084 ter,
1544 3047 1634 3088 quod
1657 3053 1704 3078 est
1727 3047 1814 3078 solus
1837 3047 1942 3083 Deus,
1973 3047 2161 3078 conceditur
2190 3046 2281 3087 quod
2304 3045 2442 3079 infinitas
2469 3046 2518 3078 of-

1455 3092 1563 3122 fensae
1587 3097 1633 3122 est
1651 3091 1789 3122 infinitas
1813 3091 1992 3123 secundum
2017 3090 2105 3132 quid.
2129 3096 2162 3122 et
2186 3089 2276 3130 quod
2298 3090 2402 3131 ipsam
2425 3090 2518 3123 adae-

1455 3142 1567 3176 quaret
1595 3135 1733 3166 infinitas
1763 3136 1858 3166 etiam
1887 3134 2067 3167 secundum
2097 3134 2176 3175 quid
2203 3139 2292 3165 actus
2321 3134 2455 3166 caritatis
2484 3135 2517 3166 in

1455 3181 1573 3216 Deum,
1597 3181 1623 3210 si
1645 3179 1822 3210 satisfactor
1844 3179 1959 3220 aliquis
1981 3189 2020 3210 ex
2041 3178 2178 3218 propriis
2199 3178 2320 3208 viribus
2340 3184 2450 3218 posset
2471 3184 2517 3209 ta-

1455 3225 1519 3255 lem
1531 3230 1639 3255 actum
1652 3224 1798 3255 exhibere
1811 3224 1882 3255 Deo
1899 3223 2039 3254 offenso:
2056 3238 2080 3245 -
2090 3221 2145 3253 sed
2161 3222 2316 3262 quoniam
2326 3231 2396 3253 non
2410 3222 2517 3254 solum

1455 3278 1554 3309 purus
1577 3269 1692 3304 homo,
1717 3267 1772 3299 sed
1794 3277 1855 3299 nec
1876 3274 2102 3308 quaecumque
2124 3274 2206 3306 pura
2227 3270 2370 3297 creatura
2391 3265 2431 3297 ad
2453 3266 2516 3297 hoc

1455 3323 1489 3343 se
1512 3318 1618 3353 potest
1641 3311 1828 3348 extendere,
1855 3311 1930 3342 ideo
1953 3314 2082 3350 oportet
2103 3308 2331 3341 satisfactorem
2355 3319 2423 3342 esse
2445 3309 2517 3342 infi—

1456 3357 1560 3388 nitum
1587 3357 1789 3397 simpliciter,
1819 3355 1877 3396 qui
1899 3354 2020 3386 scilicet
2048 3362 2087 3384 ex
2113 3353 2250 3394 propriis
2272 3353 2391 3385 viribus
2417 3355 2517 3394 possit

1457 3406 1564 3431 actum
1587 3400 1749 3431 infinitum
1775 3397 1952 3430 secundum
1975 3396 2070 3438 quid,
2101 3396 2333 3437 adaequantem
2362 3397 2516 3429 offensam

1457 3444 1615 3475 infinitam
1637 3443 1816 3475 secundum
1839 3441 1927 3482 quid,
1951 3441 2098 3472 exhibere
2121 3441 2203 3472 Deo.
2234 3441 2275 3472 Et
2297 3440 2371 3472 ideo
2394 3442 2517 3482 optime

1458 3493 1489 3518 et
1512 3487 1681 3519 efficaciter
1709 3489 1744 3518 in
1766 3487 1868 3518 littera
1897 3494 1935 3516 ex
1957 3484 2113 3516 infinitate
2136 3483 2275 3516 offensae
2298 3484 2358 3516 Dei
2385 3485 2517 3517 infertur

1459 3531 1549 3572 quod
1572 3537 1700 3572 oportet
1721 3529 1947 3562 satisfactorem
1963 3528 2148 3569 simpliciter
2170 3537 2238 3559 esse
2254 3538 2320 3560 non
2337 3529 2442 3560 solum
2458 3530 2517 3561 ho-

2567 452 2638 477 Num.
2653 461 2687 477 ιιι.

2570 1028 2636 1051 Vers.
2652 1035 2675 1058 9.

2571 1511 2641 1534 Num.
2656 1517 2689 1534 ix.

2548 2393 2559 2404 ⁸
2570 2393 2641 2416 Num.
2655 2400 2686 2416 xv.

2546 2702 2556 2712 ·
2569 2700 2639 2723 Num.
2649 2706 2699 2730 seq.

2567 497 2638 521 Num.
2653 505 2702 522 vm.

2570 2569 2641 2592 Num.
2656 2575 2704 2593 mx.

2867 2817 2872 2886 i

2867 2908 2872 2932 l

2865 2950 2872 3030 l

2864 3047 2872 3059 ,
