2872 3970
235 1482 243 1487 =
260 1478 296 1499 De
317 1477 389 1503 ride,
412 1477 446 1498 aa
492 1470 496 1473 '

233 1505 335 1526 Gratian

232 1538 281 1557 cap.
302 1537 323 1557 v,
345 1531 372 1551 al.
393 1536 443 1557 cap.

232 1563 282 1583 χιιι,
300 1563 363 1578 num.
380 1558 416 1583 84.

338 1521 343 1525 .
366 1504 406 1524 nb.
426 1504 444 1529 ι,

234 1701 241 1710 “
262 1699 348 1720 Homil.
369 1698 445 1720 XXVI

234 1727 256 1747 in
272 1725 363 1753 Evang.

240 2753 247 2760 “
261 2751 321 2772 Tull.
339 2751 425 2780 Topico

240 2781 422 2826 tii-stitis?
439 2789 447 2793 '

243 2958 334 2979 ·‹Jf.Ar'1
338 2957 411 2979 sirm

239 2985 335 3031 ‘nimm
357 2984 395 3004 m>
414 2964 450 3009 ιι,

241 3017 335 3058 xiiiia?
329 3037 450 3062 lblcp

309 3044 352 3085 res

241 3063 440 3111 Rhn=tr12A

242 3122 289 3136 xxm
293 3117 324 3141 d,
341 3122 389 3142 cap.
408 3122 438 3136 vn

244 3149 264 3163 n.
283 3150 299 3164 ι.

337 3182 352 3207 Υ

468 277 542 313 520
1174 272 1437 321 QUAESTIO
1466 272 1554 314 LV,

465 355 560 385 landa
585 360 649 384 erat
672 354 857 384 hominibus
884 352 1063 383 secundum
1093 351 1229 382 modum
1253 361 1319 391 quo
1351 352 1394 381 eis
1425 350 1530 381 divina

466 399 655 429 revelantur.
681 398 743 428 Sed
760 397 865 428 divina
889 395 1099 427 diversimode
1116 395 1234 426 affectis
1251 393 1462 426 diversimode
1482 403 1531 424 re-

466 443 627 473 velantur:
659 442 734 482 quia
757 442 839 472 bene
863 441 1007 481 dispositi
1039 440 1220 480 percipiunt
1250 438 1428 469 secundum
1451 437 1531 467 veri-

466 492 581 523 tatem;
607 492 638 516 et
660 495 728 516 non
751 487 834 516 bene
857 485 1002 525 dispositi
1024 484 1205 524 percipiunt
1228 482 1407 513 secundum
1431 491 1532 522 quan·

468 530 541 561 dam
565 529 792 560 confusionem
816 528 984 560 dubietatis
1008 538 1064 558 seu
1088 527 1211 557 erroris.
1235 526 1332 566 Ergo.

524 575 631 604 Minor
653 574 816 614 probatur.
848 573 933 611 Quia
955 572 1106 603 animalis
1128 571 1224 601 homo
1249 580 1313 600 non
1332 569 1473 610 percipit
1494 578 1533 600 ea

467 627 550 659 quae
582 618 645 648 Dei
676 623 760 648 sunt.
784 634 808 639 —
830 616 1033 656 indispositio
1067 614 1270 655 quorundam
1302 613 1533 653 discipulorum

468 663 623 702 probatur
645 671 684 692 ex
701 661 896 700 Evangelio.
919 658 990 691 Nos
1005 665 1127 691 autem
1134 658 1353 699 sperabamus,
1370 663 1475 690 em,-
1454 657 1550 688 -Et

469 705 677 737 confirmatur
700 706 779 736 ratio
804 705 991 734 auctoritate
1015 702 1171 744 Gregorii.

526 750 562 781 II.
583 750 618 780 In
641 749 851 790 responsione
869 747 908 778 ad
923 747 1112 783 secundum,
1130 746 1257 777 adverte
1281 745 1371 800 quod
1387 745 1468 776 duae
1488 754 1536 775 ra-

468 793 574 824 tiones
596 794 751 824 hactenus
775 792 885 822 allatae
909 797 984 822 sunt
1006 792 1039 821 in
1062 788 1166 822 littera
1189 791 1272 820 circa
1288 794 1466 820 erroneam
1489 789 1535 819 vi-

470 839 594 868 sionem
619 846 683 877 qua
699 835 844 867 Christus
868 835 1026 876 corporali
1041 835 1112 865 visu
1134 842 1203 865 non
1226 833 1497 874 cognoscebatur
1502 833 1536 863 in

469 882 607 922 propria,
626 890 723 921 quam
739 880 903 915 retinebat,
920 879 1033 919 effigie.
1057 879 1165 910 Altera
1181 877 1308 910 affertur
1322 878 1374 908 hic
1391 887 1429 908 ex
1447 882 1538 917 parte

468 925 620 961 videntis,
645 934 729 965 quae
758 924 897 964 tangitur
920 924 959 956 ab
983 923 1202 962 Evangelista·
1235 921 1330 953 Oculi
1353 926 1459 953 autem
1482 930 1535 952 eo-

1588 271 1880 310 ARTICULUS
1907 272 1944 310 V

1585 360 1657 381 rum
1681 350 1880 392 tenebantur,
1898 361 1937 381 ne
1956 360 2028 381 eum
2051 356 2276 392 agnoscerent.
2307 352 2348 382 Et
2369 352 2449 383 haec
2473 353 2651 384 attribuitur

1586 389 1783 434 operationi·
1794 393 1914 425 diaboli
1945 395 1983 424 ab
2008 394 2201 434 Augustino.
2224 414 2248 418 —
2270 396 2378 426 Altera
2408 401 2455 427 est
2486 397 2591 436 posita
2616 398 2650 428 in

1586 437 1782 478 quaestione
1802 437 2022 478 praecedente,
2047 444 2103 468 art.
2124 447 2151 475 1,
2169 439 2208 469 ad
2225 439 2255 475 3,
2281 445 2312 469 et
2334 445 2422 470 tenet
2444 449 2478 470 se
2501 450 2539 470 ex
2561 447 2651 482 parte

1587 482 1720 512 actionis
1744 482 1878 513 obiecti:
1897 483 1981 522 ’quia
2001 482 2122 513 seilicet
2145 492 2263 523 corpus
2283 483 2473 523 gloriosum,
2498 493 2537 515 eo
2562 485 2652 525 quod

1587 525 1748 566 spirituale
1773 531 1837 562 est,
1861 526 1894 557 in
1917 531 2074 566 potestate
2097 536 2155 557 sua
2177 527 2272 557 habet
2305 537 2396 567 agere
2419 528 2453 558 in
2475 529 2580 559 visum
2603 538 2652 560 se-

1587 569 1732 600 eundum
1755 569 1876 610 aliquid
1899 571 1958 606 sui,
1983 576 2015 600 et
2037 570 2215 601 secundum
2239 571 2360 611 aliquid
2382 581 2467 608 non;
2491 578 2569 612 puta
2591 573 2652 604 im-

1587 619 1711 644 mutare
1734 614 1838 644 visum
1862 613 2040 644 secundum
2065 614 2223 654 quaedam
2246 615 2438 646 lineamenta
2460 613 2527 653 sua,
2549 622 2581 647 et
2603 626 2653 648 se-

1589 657 1732 690 eundum
1762 657 1923 698 quaedam
1943 667 2029 694 nom
2058 664 2090 688 et
2111 658 2255 691 similiter
2281 659 2494 704 secundum
2536 649 2653 708 endam

1589 701 1742 737 colorem,
1768 707 1799 732 et
1821 700 2001 733 secundum
2024 701 2186 753 quendam
2208 712 2295 740 non;
2318 708 2358 734 et
2371 704 2418 734 sic
2436 703 2479 746 Γ
2564 737 2568 741 ,

1588 751 1635 776 ret
1658 746 1740 776 visui
1764 739 1823 775 alia
1847 743 1965 785 effigies
1990 747 2148 787 corporis,
2171 746 2205 776 in
2229 756 2262 777 se
2284 751 2392 778 tamen
2418 747 2429 778 i
2469 743 2480 754 '

1588 790 1672 819 hanc
1695 796 1824 820 causam
1855 789 2041 820 rationabile
2065 795 2112 820 est
2134 789 2232 821 fuisse
2257 791 2290 821 in
2314 793 2419 822 errore
2446 762 2653 835 Magddeffle

1590 833 1796 864 existimantis
1822 833 2048 870 hortulanum,
2076 832 2117 864 de
2147 843 2210 874 qua
2239 842 2308 866 non
2338 840 2384 866 est
2412 835 2529 876 scripta
2557 837 2654 867 ,8511511

1590 886 1644 907 ex
1635 882 1743 917 parte
1764 877 1947 908 oculorum.

1659 988 1695 1005 vk-

1158 1105 1160 1110 s
1259 1004 1578 1106 Amemus
1608 1056 1866 1111 Quintus

607 1154 764 1186 UTRUM
789 1152 1003 1184 CHRISTUS
1026 1149 1285 1183 VERITATEM
1307 1146 1683 1182 RESURRECTIONIS
1706 1150 1926 1184 DEBUERIT
1942 1132 2236 1199 'ARGUMENTIS
2259 1150 2523 1185 DECLARARE

1018 1212 1021 1215 Δ
1049 1230 1082 1255 111
1101 1231 1185 1260 Sem„
1204 1230 1264 1274 dist.
1282 1237 1332 1260 xxi,
1351 1237 1396 1262 qu.
1415 1237 1443 1259 u.
1462 1234 1510 1254 art.
1530 1229 1559 1260 33
1582 1229 1726 1261 Compend.
1750 1229 1847 1258 771801,
1867 1237 1922 1262 cap.
1942 1236 2079 1255 ccxxxvm.

1115 1499 1122 1506 .
1168 1469 1272 1506 Tolle
1312 1473 1539 1519 argumenta

472 1492 536 1563 ubi
541 1525 643 1574 fides
662 1526 863 1574 quaeritur.
885 1523 962 1561 Sed
982 1523 1081 1560 circa
1096 1521 1415 1571 resurrectionem
1431 1520 1540 1559 Chri-

473 1578 517 1615 sti
546 1577 743 1627 quaeritur
760 1577 868 1614 fides.
898 1577 991 1613 Non
1011 1587 1101 1624 ergo
1122 1575 1266 1613 habent
1285 1579 1302 1596 ⁸
1330 1576 1461 1612 locum
1480 1586 1539 1611 ar-

471 1638 665 1680 gumenta.

527 1697 561 1721 2.
592 1685 824 1727 PRAETEREA,
846 1681 1053 1731 Gregorius
1072 1679 1162 1719 dicit
1179 1681 1218 1718 *.
1248 1682 1358 1719 Fides
1380 1693 1454 1719 non
1474 1682 1539 1718 ha-

472 1741 529 1775 bet
556 1739 728 1774 meritum
748 1749 806 1774 cuz
826 1737 993 1773 humana
1022 1738 1116 1773 ratio
1130 1711 1287 1784 praebet
1305 1736 1539 1793 experimen-

472 1798 560 1828 tum.
601 1790 677 1827 Sed
706 1791 754 1826 ad
785 1790 982 1826 Christum
1011 1801 1091 1825 non
1116 1788 1330 1838 pertinebat
1358 1787 1539 1824 meritum

472 1843 564 1880 fidei
592 1854 791 1880 evacuare.
822 1843 924 1890 Ergo
944 1842 993 1878 ad
1023 1853 1114 1878 eum
1143 1852 1223 1878 non
1250 1839 1464 1890 pertinebat
1482 1852 1539 1876 re-

474 1895 750 1933 surrectionem
772 1907 848 1944 ·per
875 1901 1101 1942 argumenta
1129 1893 1372 1930 confirmare.

530 1949 563 1985 3.
594 1949 829 1994 PRAETEREA,
861 1947 1034 1984 Christus
1067 1946 1106 1983 in
1139 1945 1332 1984 mundum
1361 1944 1467 1982 venit
1498 1953 1540 1982 ut

474 2014 543 2051 per
562 2013 653 2038 eum
673 2000 852 2038 homines
871 1999 1148 2037 beatitudinem
1176 1997 1452 2048 adipiscantur:
1483 2010 1539 2035 se-

474 2055 649 2092 cundum
677 2054 770 2090 illud
798 2055 901 2090 Ioan.
927 2065 950 2090 x
969 2053 1008 2089 *τ
1044 2053 1130 2102 Ego
1158 2054 1245 2090 veni
1271 2057 1310 2088 ut
1336 2053 1449 2089 vitam
1477 2053 1540 2088 ha

474 2110 594 2153 beant,
615 2113 647 2144 et
666 2107 912 2144 abundantius
931 2107 1100 2143 habeant.
1132 2105 1209 2142 Sed
1227 2117 1297 2154 per
1315 2103 1540 2141 huiusmodi

476 2160 713 2198 ostensiones
732 2166 1050 2208 argumentorum
1070 2157 1222 2195 Videtur
1241 2159 1436 2194 humanae
1452 2157 1540 2194 bea-

474 2212 625 2250 titudini
662 2211 986 2262 impedimentum
1022 2210 1222 2260 praestari:
1259 2209 1400 2247 dicitur
1436 2209 1541 2247 enim

475 2268 578 2303 Ioan.
599 2278 646 2302 xx
659 2265 691 2313 ²¹²,
713 2277 759 2302 ex
778 2277 845 2302 ore
873 2264 992 2314 ipsius
1015 2262 1175 2301 Domini
1195 2262 1227 2300 βε
1257 2265 1367 2300 Beati
1385 2265 1448 2314 qui
1466 2275 1540 2301 non

475 2319 652 2363 viderunt,
676 2325 708 2355 et
729 2318 972 2355 crediderunt.
1004 2317 1105 2366 Ergo
1124 2316 1277 2354 videtur
1300 2317 1407 2367 quod
1433 2316 1541 2353 Chri-

476 2380 555 2409 stus
582 2385 661 2409 non
687 2371 862 2408 debuerit
880 2382 950 2420 per
972 2370 1100 2419 aliqua
1125 2377 1352 2418 argumenta
1375 2381 1541 2406 resurre-

477 2425 644 2462 ctionem
673 2436 785 2461 suam
813 2424 1065 2461 manifestare.
1151 2460 1153 2462 r

530 2478 603 2515 SED
634 2489 777 2515 CONTRA
796 2489 863 2516 EST
881 2477 988 2527 quod
1008 2475 1147 2513 dicitur
1164 2476 1245 2513 Act.
1265 2475 1319 2522 1⁸²,
1340 2475 1457 2524 quod
1477 2488 1542 2525 ap-

470 2533 599 2581 paruit
627 2531 812 2580 discipulis
843 2531 1008 2567 Christus
1020 2540 1093 2580 per
1120 2529 1196 2566 dies
1225 2529 1475 2578 quadraginta
1504 2530 1541 2566 in

475 2585 597 2625 multis
625 2586 867 2634 argumentis,
897 2583 1049 2632 loquens
1077 2582 1122 2619 de
1150 2593 1270 2632 regno
1299 2583 1382 2619 Dei.

529 2638 754 2674 Resposnsso
778 2647 959 2673 01815ΝοοΜ
986 2636 1092 2684 quod
1125 2642 1396 2683 argumentum
1421 2634 1542 2684 dupli-

476 2689 568 2726 citer
604 2689 751 2726 dicitur.
800 2688 1050 2738 Quandoque
1092 2687 1230 2725 dicitur
1270 2695 1542 2736 argumentum

428 2757 448 2772 r·
477 2754 748 2792 quaecumque
791 2744 884 2779 ratio
927 2743 983 2778 rei
1022 2741 1156 2778 dubiae
1185 2742 1338 2789 faciens
1362 2741 1484 2789 fidem
1509 2740 1540 2777 ³¹⁶.

478 2795 727 2845 Quandoque
756 2803 887 2832 autem
915 2793 1052 2832 dicitur
1080 2802 1352 2842 argumentum
1385 2793 1541 2843 aliquod

478 2848 653 2885 sensibile
683 2848 835 2896 signum
864 2848 971 2897 quod
1000 2846 1193 2884 inducitur
1214 2847 1262 2884 ad
1291 2845 1450 2884 alicuius
1478 2859 1542 2883 ve-

478 2901 593 2938 ritatis
613 2901 976 2938 manifestationem:
998 2899 1094 2937 sicut
1113 2898 1229 2937 etiam
1243 2899 1462 2937 Aristoteles
1482 2899 1543 2937 ali-

478 2954 636 3003 quando
666 2954 704 2991 in
733 2954 835 2991 libris
855 2954 933 2991 suis
953 2952 1071 2990 utitur
1098 2952 1256 2990 nomine
1277 2952 1491 3001 argumenti
1510 2952 1540 2989 *.

479 3006 609 3044 Primo
626 3006 737 3055 igit-ur
755 3007 875 3044 modo
896 3003 1119 3056 accipiendo
1135 3013 1418 3054 argumentum,
1437 3005 1543 3043 Chri-

439 3067 558 3104 5stus
578 3072 657 3096 non
677 3059 853 3109 probavit
872 3059 1066 3109 discipulis
1093 3070 1204 3096 suam
1224 3057 1542 3096 resurrectionem

446 3132 452 3141 ν
479 3125 548 3162 per
576 3121 810 3160 argumenta.
851 3113 953 3160 Quia
981 3112 1062 3150 talis
1089 3111 1266 3162 probatio
1301 3119 1543 3160 argumenta-

479 3165 556 3202 tiva
592 3165 764 3214 procedit
782 3170 798 3193 Υ
826 3178 872 3203 ex
900 3165 1091 3214 aliquibus
1125 3163 1339 3214 principiis:
1378 3176 1477 3214 quae
1513 3165 1543 3202 si

481 3230 560 3254 non
590 3226 715 3254 essent
743 3226 833 3255 nota
861 3217 1066 3268 discipulis,
1087 3218 1183 3255 nihil
1209 3230 1279 3267 per
1305 3230 1351 3254 ea
1379 3217 1433 3254 eis
1462 3229 1542 3255 rna-

481 3270 732 3318 nifestaretur,
762 3270 853 3320 quia
881 3283 927 3308 ex
955 3270 1091 3319 ignotis
1119 3282 1199 3308 non
1233 3277 1358 3320 potest
1385 3270 1542 3320 aliquod

481 3322 563 3359 fieri
592 3331 750 3369 notum3
781 3323 811 3360 si
839 3332 968 3360 autem
989 3331 1114 3360 essent
1140 3323 1193 3360 eis
1213 3331 1315 3370 nota,
1336 3335 1417 3360 non
1444 3331 1541 3361 tran·

535 3432 562 3465 α)
582 3433 684 3459 habent.
703 3447 721 3452 -
741 3434 776 3458 ibi
798 3434 894 3458 addunt
913 3434 921 3458 1
941 3439 966 3458 et
984 3434 1117 3459 editiones.

536 3467 560 3499 β)
580 3475 617 3492 ex
635 3476 681 3494 ore
699 3468 782 3500 ipsius
802 3469 919 3494 Domini.
938 3483 956 3488 -
975 3469 1036 3495 Om.
1057 3469 1127 3494 tertia
1148 3475 1248 3501 praeter
1267 3470 1284 3495 1.

535 3503 561 3546 γ)
578 3503 746 3534 ρνσεεάίεμ-
727 3504 933 3535 -proeessisser
950 3503 1032 3529 tertia

535 3537 560 3570 ὅ)
580 3538 785 3564 evidenti-mma.
803 3553 822 3558 -
840 3538 973 3564 evidentia
991 3539 1063 3564 tertia
1082 3544 1183 3570 praeter
1201 3540 1219 3565 1.

535 3581 558 3607 ι)
578 3573 741 3599 taekmerium.
758 3588 778 3593 -
795 3574 929 3599 eklinln‘um
943 3575 974 3603 Α,
988 3574 1133 3599 selein-tium
1152 3575 1345 3607 13,peka·m11·um
1365 3575 1394 3606 C,
1407 3581 1472 3608 spat.
1486 3583 1540 3602 vac.

1593 1309 1820 1346 scenderent
1847 1308 2037 1349 rationem
2063 1296 2290 1357 humanam,
2311 1318 2348 1348 et
2374 1309 2463 1348 ideo
2490 1316 2590 1348 non
2587 1310 2656 1350 es-

1593 1369 1676 1399 sent
1703 1361 1872 1399 efficacia
1907 1362 1956 1399 ad
1983 1362 2103 1400 fidem
2139 1363 2425 1400 resurrectionis
2459 1363 2656 1412 adstruen-

1592 1415 1695 1462 dam,
1725 1427 1831 1475 quae
1853 1414 2042 1452 rationem
2070 1416 2286 1453 humanam
2313 1415 2477 1463 excedit3
2490 1427 2532 1475 ⁰:

1593 1468 1698 1505 enirn
1712 1466 1900 1517 principia
1914 1475 1960 1505 ex
1980 1467 2121 1506 eodem
2131 1480 2274 1516 genere
2293 1469 2509 1529 assumi3ut
2547 1467 2658 1512 icitur

1593 1519 1632 1558 in
1652 1521 1665 1558 Ι
1684 1523 1937 1558 Posteriorum
1957 1520 1988 1558 ⁸⁸.
2008 1520 2240 1558 -Probavit
2267 1529 2398 1559 autem
2417 1522 2471 1559 eis
2490 1523 2656 1570 resurre-

1593 1573 1762 1611 ctionem
1781 1585 1894 1611 suam
1912 1585 1982 1623 per
2000 1573 2264 1611 auctoritatem
2283 1587 2412 1612 sacrae
2427 1573 2656 1625 Scripturae,

1594 1639 1694 1676 quae
1721 1634 1776 1663 est
1800 1626 1893 1666 fidei
1918 1626 2227 1674 fundamentum,
2248 1639 2340 1664 cum
2366 1626 2477 1665 dixit:
2509 1628 2660 1678 Oportet

1593 1680 1742 1730 impleri
1757 1681 1887 1717 omnia
1906 1691 2002 1729 quae
2023 1682 2160 1730 scripta
2178 1686 2262 1717 sunt
2280 1682 2318 1717 in
2346 1680 2434 1731 lege
2448 1685 2483 1718 et
2498 1682 2659 1739 psalmis

1594 1739 1627 1770 et
1645 1733 1837 1783 prophetis
1861 1733 1907 1769 de
1932 1745 2004 1780 me,
2024 1740 2066 1770 ut
2084 1733 2247 1770 habetur
2264 1733 2359 1770 Luc.
2372 1734 2446 1771 ult.
2464 1733 2488 1756 ⁴²

1648 1785 1688 1823 Si
1716 1793 1847 1823 autern
1875 1785 2082 1836 accipiatur
2108 1786 2281 1823 secundo
2309 1787 2442 1824 modo
2454 1787 2659 1840 5131101818

1593 1845 1695 1885 tum,
1725 1838 1779 1876 sic
1815 1839 1988 1876 Christus
2023 1839 2161 1884 dicitur
2194 1850 2306 1876 suam
2340 1831 2659 1879 resurrectionem

1593 1891 1827 1939 argumentis
1855 1882 2082 1939 declarasse,
2111 1891 2339 1941 inquantum
2369 1904 2440 1942 per
2466 1892 2659 1949 (1118888111
2693 1923 2697 1926 .

1594 1942 1911 1981 evidentissima⁶
1911 1979 1914 1981 ,
1939 1942 2044 1992 signa
2072 1956 2112 1981 se
2139 1956 2230 1981 vere
2258 1943 2514 1982 resurrexisse
2526 1940 2659 1983 851811·-

1595 1996 1658 2033 dit.
1698 1996 1809 2034 Unde
1829 2004 1866 2034 et
1884 1995 1922 2033 in
1941 2008 2090 2045 graeco,
2110 1996 2178 2034 ubi
2196 2009 2268 2034 nos
2287 1997 2502 2034 habemus
2501 1999 2546 2036 in
2552 1998 2658 2042 vnd-

1594 2052 1637 2086 tis
1665 2050 1896 2099 argumentis
1914 2049 1952 2096 *,
1981 2051 2068 2086 1080
2103 2051 2318 2100 argumenti
2343 2050 2514 2099 ponitur
2509 2047 2658 2089 mea

1596 2103 1693 2139 rium
1708 2107 1719 2123 ε
1724 2102 1866 2152 ‚quod
1894 2079 1952 2139 est⁷
1974 2104 2124 2152 signum
2153 2102 2300 2140 evidens
2331 2103 2383 2140 ad
2406 2102 2660 2152 probandam

1650 2155 1762 2202 Quae
1804 2154 1964 2204 quidem
2010 2155 2116 2203 signa
2161 2154 2448 2193 resurrectionis
2484 2154 2660 2201 ‚Christus

1596 2208 1762 2246 ostendit
1789 2207 1984 2257 discipulis
2012 2215 2170 2258 propter
2195 2208 2288 2245 duo.
2327 2208 2474 2246 Primo
2486 2209 2661 2263 quidem,

1596 2261 1687 2311 quia
1714 2273 1795 2298 non
1823 2269 1931 2298 erant
1965 2261 2083 2299 corda
2117 2271 2255 2299 eorum
2291 2260 2475 2321 disposita
2500 2261 2573 2300 ad
2570 2258 2660 2325 1108

1596 2315 1703 2364 quod
1738 2314 1786 2351 de
1815 2313 1919 2351 facili
1953 2313 2074 2351 fidem
2108 2314 2394 2352 resurrectionis
2431 2313 2519 2353 acci

1596 2368 1707 2405 Unde
1736 2367 1817 2417 ipse
1846 2367 1935 2404 dicit
1962 2367 2027 2414 eis,
2047 2368 2151 2404 Luc.
2172 2369 2238 2404 ult.
2257 2367 2294 2404 *τ
2327 2367 2360 2405 Ο
2384 2368 2493 2415 stulti,
2513 2368 2555 2406 ei
2562 2368 2663 2412 tardi

1596 2421 1709 2458 corde
1727 2421 1778 2458 ad
1794 2420 2031 2458 credendum.
2061 2421 2111 2457 Et
2135 2420 2258 2458 Marci
2277 2397 2342 2457 ult.
2358 2420 2389 2467 ²¹⁸,
2419 2409 2660 2471 exprobravit

1596 2474 1886 2511 incredulitatem
1902 2473 2032 2511 eorum
2047 2479 2080 2510 et
2093 2473 2267 2511 duritiam
2281 2474 2413 2511 cordis.
2425 2495 2451 2500 -
2465 2473 2659 2523 Secundo,

1596 2535 1639 2564 ut
1664 2539 1735 2576 per
1753 2526 1978 2564 huiusmodi
2004 2526 2123 2574 signa
2131 2525 2185 2563 eis
2204 2533 2357 2570 ostensa
2384 2526 2598 2564 efficacius
2594 2537 2659 2565 eo*

1596 2588 1685 2618 rum
1721 2578 1987 2622 testimonium
2022 2579 2265 2616 redderetur.
2298 2578 2525 2619 secundum
2552 2579 2659 2626 illud

1596 2635 1610 2670 I
1638 2631 1827 2671 Ioan.1²¹‘:
1862 2633 1973 2675 Quod
1997 2632 2155 2671 vidimus
2173 2638 2207 2669 et
2225 2632 2444 2679 audivimus,
2465 2638 2499 2670 et
2523 2635 2660 2705 mantes

1596 2693 1745 2724 nostrae
1771 2691 2105 2732 contractaverunt,
2134 2686 2206 2729 hoc
2232 2691 2418 2723 testamur.

1649 2741 1706 2777 An
1726 2751 1861 2777 ptumum
1889 2740 1987 2776 eRGo
2015 2750 2196 2776 DICENDUM
2225 2739 2332 2788 quod
2351 2738 2587 2777 Ambrosius
2592 2707 2660 2777 ibi

1596 2792 1768 2842 loquitur
1793 2792 1842 2829 de
1869 2791 2103 2840 argumentis
2131 2791 2347 2829 secundum
2375 2791 2564 2830 rationem
2585 2792 2659 2839 hu-

1597 2857 1755 2884 manam
1774 2844 2090 2901 procedentibus.
2119 2857 2219 2894 quae
2239 2844 2406 2882 invalida
2424 2851 2515 2890 sunt
2541 2834 2590 2883 ed
2611 2847 2659 2891 ’88

1597 2911 1696 2949 quae
1726 2898 1814 2936 sunt
1832 2897 1924 2935 fidei
1943 2898 2192 2945 ostendenda,
2213 2897 2309 2935 sicut
2328 2900 2527 2936 ostensum
2545 2902 2603 2935 est
2623 2897 2658 2936 ⁸.
2685 2898 2696 2910 ⁸

1650 2953 1707 2989 An
1727 2959 1917 2989 SECUNDUM
1935 2963 2116 2989 0185ΝοοΜ
2145 2951 2252 3001 quod
2280 2950 2462 2988 meritum
2489 2949 2582 2996 fidei
2603 2948 2660 2988 est

1597 3018 1644 3043 ex
1671 3006 1748 3042 hoc
1774 3003 1881 3053 quod
1905 3004 2026 3046 homo
2047 3016 2094 3041 ex
2112 3004 2295 3041 mandato
2315 3003 2388 3041 Dei
2406 3003 2525 3041 credit
2551 3003 2659 3054 quod

1597 3070 1677 3095 non
1705 3057 1819 3095 videt.
1848 3057 1960 3094 Unde
1980 3056 2042 3094 illa
2061 3058 2141 3094 sola
2169 3056 2264 3094 ratio
2287 3056 2467 3094 meritum
2495 3056 2660 3094 excludit

1597 3123 1697 3161 quae
1725 3109 1811 3147 facit
1838 3109 1959 3147 videri
1987 3122 2056 3159 per
2083 3109 2280 3148 scientiam
2308 3109 2348 3147 id
2365 3110 2474 3159 quod
2501 3109 2659 3147 creden-

1597 3162 1725 3202 dumt
1752 3163 1992 3213 proponitur.
2031 3163 2080 3200 Et
2106 3163 2188 3200 talis
2216 3170 2272 3200 est
2299 3162 2394 3200 ratio
2422 3163 2659 3205 demonstra-

1596 3216 1684 3254 tiva.
1715 3215 1950 3254 Huiusmodi
1970 3223 2101 3253 autem
2119 3214 2285 3253 rationes
2304 3212 2478 3253 Christus
2495 3227 2577 3253 non
2602 3214 2658 3252 in-

1595 3269 1704 3307 duxit
1731 3269 1780 3306 ad
1809 3268 2128 3307 resurrectionem
2156 3280 2268 3307 suam
2295 3268 2576 3306 declarandam.

1649 3323 1706 3360 An
1734 3334 1892 3360 TERTmM
1920 3334 2101 3360 mot-:rmum
2129 3321 2248 3371 quod,
2268 3320 2364 3359 sicut
2388 3318 2535 3358 dictum
2551 3328 2608 3357 est
2625 3320 2656 3367 ¹¹⁸,
2686 3323 2695 3334 ⁸

1597 3435 1628 3466 D,
1643 3435 1776 3467 peculium
1796 3434 1824 3464 Ε,
1840 3434 1987 3467 peleilnium
2008 3434 2036 3463 F,
2054 3434 2204 3460 rekmt'lium
2223 3434 2256 3463 G.
2274 3433 2419 3459 teli-milium
2439 3433 2480 3465 pl,
2498 3433 2656 3459 cekinulium

1597 3471 1629 3512 H:
1649 3470 1799 3495 tekmirium
1819 3470 1852 3502 sl,
1871 3470 2019 3495 cekimlium
2045 3470 2085 3495 ed.
2108 3476 2138 3500 a,
2153 3469 2290 3501 peIeInium
2310 3469 2340 3499 b,
2363 3468 2492 3494 tekmiriis
2515 3476 2542 3497 c,
2567 3469 2656 3494 tecmi-

1595 3505 1862 3574 nozperedaendum.
1880 3553 1899 3559 —
1917 3539 2077 3566 credendum
2097 3546 2152 3565 esse
2170 3539 2200 3570 F,
2217 3538 2350 3564 credendo
2368 3538 2391 3563 H
2412 3544 2438 3563 er
2454 3539 2588 3566 editiones.

2684 1530 2697 1544 r
2702 1531 2762 1560 (Ἆρ’.
2772 1518 2795 1539 *³4*
2846 1532 2847 1535 ¹

2683 1559 2737 1581 lect.
2778 1558 2793 1590 ,ζ
2832 1578 2833 1582 ,

2685 1740 2695 1750 ·
2709 1738 2776 1763 Vero.
2785 1724 2793 1746 'V'
2846 1768 2848 1777 ι

2687 2061 2696 2071 ·
2717 2059 2752 2083 ct
2792 2046 2793 2050 ’

2685 2089 2796 2114 contra-1

2686 2359 2788 2397 ον’
2844 2346 2849 2389 ι’

2686 2431 2697 2441 ι
2711 2422 2793 2458 νὴ,
2847 2421 2849 2444 ἶ

2687 2637 2796 2665 'Vetus
2835 2627 2850 2663 ’ὲ
