2872 3970
12 2900 29 2922 Γ·
64 2899 98 2943 ’ξ
128 2912 191 2930 num.
204 2913 254 2935 vm,

13 3011 15 3014 ,
63 2978 99 3021 ¹*
113 2988 255 3018 ‚uduop

996 245 1258 291 QUAESTIO
1286 245 1352 292 IV,

281 326 349 356 Nec
371 325 523 365 probatur
545 334 601 365 per
623 325 686 355 hoc
709 325 783 364 quia
805 324 984 354 terminatio
1003 323 1056 353 illa
1076 333 1142 353 non
1163 329 1208 353 est
1226 324 1336 354 homo.

282 370 365 407 Quia
380 379 447 399 non
464 374 590 409 oportet
613 367 702 408 quod
719 369 899 398 terminatio
915 367 968 397 illa
983 368 1022 397 sit
1037 368 1154 397 homo:
1179 367 1234 397 sed
1250 367 1338 407 quod

282 413 491 443 constitutum
512 422 570 452 per
591 412 847 442 terminationem
870 411 955 441 illam
979 412 1017 441 sit
1039 411 1150 441 homo.
1174 411 1273 448 Quod
1292 416 1339 441 est

280 465 408 486 verum:
439 457 514 496 quia
536 465 672 495 persona
693 456 849 490 humana,
873 464 955 494 quae
979 456 1180 485 constituitur
1202 455 1255 485 illa
1277 459 1337 485 ter-

280 501 464 535 minatione,
482 504 528 529 est
542 500 653 529 homo.
676 499 717 528 Et
730 504 817 538 patet
831 498 957 528 nullitas
973 499 1067 528 huius
1082 498 1171 528 modi
1186 498 1338 538 arguendi

282 553 319 573 ex
335 543 532 573 differentiis:
557 552 595 572 ex
617 543 680 572 hoc
697 542 782 572 enim
805 542 895 582 quod
912 542 1103 572 rationalitas
1125 551 1194 572 non
1209 547 1256 572 est
1271 543 1337 572 ani-

280 587 360 623 mal,
383 596 451 617 non
473 587 632 626 sequitur,
662 586 748 625 Ergo
775 586 983 616 constitutum
1013 595 1070 626 per
1096 586 1337 616 rationalitatem

280 640 348 661 non
371 635 418 660 est
440 630 566 660 animal.

334 673 386 704 Ad
400 674 528 704 tertium
542 674 780 709 inconveniens,
792 678 924 713 negatur
939 673 1080 703 similiter
1091 673 1228 713 sequela.
1246 673 1336 710 Quo-

279 718 367 748 niam
388 718 422 747 in
437 717 565 757 angelis,
589 717 647 747 etsi
661 727 728 747 non
745 716 945 757 distinguitur
960 723 1071 747 natura
1086 718 1124 747 ab
1141 718 1200 747 hac
1215 722 1334 752 natura,

280 761 434 801 quoniam
463 761 566 801 seipsa
593 766 640 791 est
667 761 745 790 haec
777 761 822 800 (et
848 761 912 790 hoc
934 761 1069 791 intendit
1091 760 1335 800 Philosophus):

280 804 482 844 distinguitur
502 810 610 834 tamen
632 809 743 835 natura
766 814 784 834 a
806 814 952 844 persona.
976 805 1025 835 De
1049 814 1112 844 qua
1134 804 1336 834 distinctione

279 848 330 878 vel
345 848 581 878 indistinctione
595 848 809 888 Philosophus
824 849 903 878 nihil
918 848 1004 878 dixit.
1020 848 1234 888 Philosophus
1250 848 1335 878 enim

279 891 459 922 indistincte
481 893 579 922 utitur
601 893 734 922 nomine
756 892 911 922 individui
927 898 958 922 et
972 892 1159 932 hypostasis,
1184 897 1215 921 et
1230 892 1335 921 solum

278 941 446 976 pertractat
468 935 508 966 de
530 935 733 966 distinctione
756 935 937 976 quidditatis
961 941 992 966 et
1015 936 1082 966 eius
1106 936 1196 965 cuius
1215 941 1271 970 est,
1287 944 1335 965 se-

279 979 422 1010 cundum
444 980 600 1019 principia
621 985 752 1010 naturae
775 985 806 1010 et
822 979 1091 1010 individuationis.
1115 979 1183 1009 Nec
1201 979 1334 1008 mirum:

279 1032 354 1054 cum
377 1024 472 1054 etiam
489 1024 622 1060 Auctor,
638 1024 671 1054 in
686 1024 791 1054 Prima
805 1024 906 1060 Parte,
930 1033 984 1064 qu.
1001 1034 1035 1053 111
1050 1024 1076 1060 *,
1099 1024 1143 1053 ita
1157 1022 1335 1053 indistincte

279 1072 311 1097 et
332 1070 443 1098 tractet
471 1071 503 1097 et
525 1066 648 1097 decidat
669 1068 890 1107 quaestionem
921 1067 960 1098 de
983 1067 1184 1098 distinctione
1206 1071 1336 1097 naturae

280 1116 311 1141 et
332 1111 499 1152 suppositi.
522 1111 606 1141 Puto
621 1116 728 1142 autem
747 1112 781 1142 in
796 1121 890 1142 causa
905 1112 1001 1142 fuisse
1017 1110 1107 1151 quod
1121 1120 1224 1150 usque
1239 1110 1335 1141 hodie

278 1164 346 1185 non
364 1154 497 1186 fuissent
511 1155 644 1185 excitata
657 1156 784 1195 ingenia
798 1156 938 1186 humana
954 1155 994 1185 ad
1008 1154 1247 1195 perscrutandas
1262 1155 1336 1184 sub-

278 1198 404 1229 tilitates
426 1199 507 1229 inter
529 1207 700 1238 personam
722 1204 753 1229 et
774 1199 971 1229 individuam
993 1204 1154 1234 naturam,
1182 1199 1243 1228 nisi
1265 1207 1335 1239 my-

278 1243 409 1273 sterium
438 1242 599 1272 Trinitatis
627 1248 659 1273 et
680 1243 904 1273 incarnationis
933 1242 1107 1273 revelatum
1136 1241 1176 1272 ad
1197 1242 1260 1272 hoc
1287 1243 1335 1272 in-

277 1286 413 1316 vitasset.

332 1329 384 1360 Ad
405 1335 555 1369 quartum
578 1329 706 1360 dicitur
722 1329 914 1370 exponendo
938 1339 1067 1360 sensum
1089 1330 1335 1369 propositionis,

278 1373 462 1404 Substantia
471 1373 582 1414 prima
599 1378 648 1404 est
657 1374 768 1414 prima
782 1374 960 1404 substantia
969 1383 1032 1414 per
1046 1373 1224 1404 essentiam.
1244 1373 1335 1411 Quo-

277 1418 364 1448 niam
386 1422 492 1457 potest
509 1417 678 1457 dupliciter
691 1417 833 1457 intelligi.
857 1418 975 1453 Primo,
991 1427 1048 1458 per
1063 1418 1231 1448 essentiam
1247 1427 1335 1447 com-

277 1461 406 1501 pletam.
430 1461 471 1491 Et
492 1461 537 1491 sic
560 1467 607 1491 est
627 1462 806 1492 verissima:
831 1467 862 1492 et
880 1462 1022 1502 sequitur
1045 1471 1083 1491 ex
1101 1462 1261 1501 positione
1276 1471 1335 1491 no-

278 1510 349 1535 stra.
371 1523 395 1527 —
416 1505 490 1535 Alio
513 1504 624 1540 modo,
647 1514 704 1545 per
719 1506 887 1536 essentiam
906 1506 1026 1546 absque
1041 1506 1177 1535 termino
1193 1506 1334 1545 proprio.

278 1549 320 1579 Et
341 1549 387 1579 sic
409 1554 456 1579 est
477 1548 571 1578 falsa:
596 1549 671 1588 quia
688 1559 756 1579 non
771 1549 886 1580 sufficit
902 1549 941 1580 ad
954 1550 1111 1580 rationem
1126 1549 1247 1589 primae
1262 1550 1335 1579 sub-

278 1593 409 1622 stantiae
433 1602 500 1622 esse
534 1592 602 1622 sine
623 1593 770 1623 termino.
804 1593 872 1623 Nec
903 1599 949 1623 est
975 1602 1086 1623 verum
1116 1592 1205 1632 quod
1234 1593 1336 1632 prima

278 1636 451 1666 substantia
472 1645 540 1666 non
563 1637 602 1666 sit
624 1637 797 1667 substantia
817 1637 1008 1677 inquantum
1031 1637 1142 1677 prima,
1165 1637 1247 1667 sicut
1268 1646 1336 1667 non

279 1685 327 1710 est
347 1689 460 1710 verum
483 1679 572 1720 quod
593 1680 694 1710 homo
717 1681 910 1720 inquantum
932 1681 1032 1711 homo
1055 1690 1123 1710 non
1139 1685 1185 1710 est
1203 1681 1335 1711 animal:

279 1724 424 1763 quamvis
453 1733 514 1753 nec
536 1724 728 1754 rationalitas
757 1725 798 1755 sit
819 1725 952 1760 animal,
982 1733 1043 1754 nec
1069 1724 1275 1764 personalitas
1298 1725 1337 1754 sit

277 1768 347 1807 ipsa
368 1767 549 1797 substantia.

332 1810 384 1841 Ad
407 1811 565 1850 quintum,
589 1817 721 1852 negatur
736 1811 881 1851 sequela:
906 1812 1060 1851 quoniam
1075 1811 1247 1841 substantia
1262 1810 1337 1841 dicit

278 1855 445 1884 subsistere
467 1864 525 1894 per
547 1864 590 1890 se,
614 1855 690 1894 quia
711 1865 768 1895 per
783 1865 873 1885 suam
889 1855 1055 1885 essentiam
1068 1855 1265 1894 completam
1280 1864 1337 1885 seu

278 1898 478 1928 terminatam
500 1898 648 1928 subsisfit.
683 1898 745 1929 Sed
767 1909 879 1929 verum
903 1904 950 1929 est
973 1898 1062 1938 quod
1084 1899 1226 1938 sequitur
1249 1898 1338 1938 quod

278 1942 451 1972 substantia
473 1942 673 1972 interminata
688 1952 745 1973 seu
759 1943 956 1983 incompleta
977 1952 1045 1973 non
1060 1951 1117 1982 per
1132 1951 1165 1972 se
1181 1943 1337 1978 subsistat,

278 1985 335 2016 sed
357 1990 484 2026 oportet
507 1986 596 2025 quod
618 1987 657 2016 sit
675 1987 840 2017 terminata
862 1987 993 2027 proprio
1009 1987 1157 2016 termino.
1180 1986 1248 2016 Nec
1264 1987 1338 2016 sub-

278 2030 387 2060 sistere
397 2039 455 2069 per
464 2030 631 2070 proprium
646 2031 818 2061 terminum
830 2030 1030 2071 distinguitur
1045 2035 1155 2060 contra
1170 2031 1337 2060 subsistere

278 2083 335 2114 per
357 2083 407 2104 se:
432 2074 586 2113 quoniam
608 2075 756 2114 proprius
778 2074 932 2105 terminus
955 2073 1076 2114 aliquid
1097 2074 1146 2104 sui
1170 2079 1232 2109 est;
1257 2075 1338 2104 sicut

278 2117 396 2148 lineam
418 2118 578 2147 terminari
599 2127 657 2157 per
679 2123 847 2158 punctum,
864 2123 895 2148 et
915 2127 1031 2158 corpus
1053 2127 1111 2158 per
1125 2117 1335 2157 superficiem,

282 2158 374 2203 [non]
401 2160 602 2200 distinguitur
624 2167 734 2192 contra
755 2163 916 2192 terminari
934 2172 991 2202 per
1011 2171 1054 2192 se.
1083 2161 1247 2199 Quoniam
1269 2171 1337 2192 non

279 2205 324 2235 sic
347 2210 394 2235 est
416 2204 502 2235 aliud
523 2206 677 2236 terminus
699 2206 858 2245 proprius,
881 2207 960 2246 quin
975 2206 1014 2236 sit
1029 2205 1148 2245 aliquid
1162 2206 1336 2235 terminati:

280 2258 397 2289 corpus
420 2249 516 2284 enim,
540 2248 580 2278 de
602 2258 718 2288 genere
742 2250 937 2289 quantitatis,
961 2259 1029 2280 non
1052 2255 1099 2279 est
1121 2249 1209 2279 aliter
1231 2250 1338 2280 termi-

278 2292 383 2323 nabile
406 2301 503 2332 quam
525 2301 582 2332 per
605 2292 806 2333 superficiem
828 2294 999 2333 propriam.

333 2335 386 2366 Ad
407 2341 542 2372 sextum,
566 2342 699 2376 negatur
721 2337 860 2377 sequela.
895 2337 936 2367 Et
957 2337 1104 2377 probatio
1128 2338 1259 2367 assumit
1280 2337 1337 2367 fal-

279 2389 368 2411 sum:
393 2380 547 2419 quoniam
566 2381 771 2411 terminatum
789 2391 857 2411 non
873 2381 992 2411 substat
1009 2382 1156 2411 termino.
1179 2380 1277 2411 Aliud
1292 2387 1338 2411 est

280 2424 366 2454 enim
388 2424 517 2454 subesse
539 2424 650 2454 alicui:
682 2430 714 2454 et
736 2424 822 2455 aliud
843 2425 1003 2455 terminari
1025 2434 1082 2465 per
1102 2424 1190 2455 illud.
1219 2425 1338 2455 Natura

280 2473 388 2498 autem
405 2468 590 2498 terminatur
604 2477 661 2508 per
675 2469 942 2508 personalitatem,
959 2470 1040 2499 sicut
1055 2469 1139 2499 linea
1153 2469 1339 2499 terminatur

279 2516 413 2551 puncto.

335 2554 386 2586 Ad
401 2555 583 2594 septimum,
598 2561 740 2595 negatur,
755 2556 886 2596 proprie
899 2555 1075 2596 loquendo,
1091 2556 1236 2596 sequela:
1257 2567 1338 2597 quo-

280 2599 367 2629 niam
388 2599 542 2629 terminus
571 2608 639 2629 non
661 2601 829 2639 componit
858 2610 933 2630 cum
959 2601 1137 2630 terminato.
1173 2600 1236 2631 Sed
1258 2602 1339 2631 bene

281 2643 424 2682 sequitur
447 2642 546 2682 quod,
569 2643 651 2673 ultra
672 2644 878 2674 substantiam
900 2654 959 2684 pro
976 2645 1119 2679 essentia,
1144 2654 1226 2684 quae
1241 2645 1339 2675 resol-

281 2687 364 2716 vitur
386 2687 420 2716 in
441 2686 606 2716 materiam
629 2692 659 2716 et
682 2686 828 2723 formam,
853 2693 883 2718 et
905 2688 998 2728 ponit
1020 2689 1227 2718 substantiam
1250 2698 1339 2719 corn-

281 2730 419 2770 positam
442 2731 537 2760 etiam
559 2730 766 2769 singularem,
789 2732 948 2762 invenitur
971 2732 1059 2762 aliter
1081 2732 1253 2762 substantia
1280 2742 1338 2772 pro

281 2774 454 2814 hypostasi,
478 2773 612 2813 simplex
633 2774 684 2804 vel
708 2775 902 2815 composita:
933 2785 1032 2815 quae,
1057 2777 1132 2815 quia
1153 2776 1232 2806 nihil
1255 2776 1340 2806 addit

282 2827 377 2857 supra
399 2817 591 2857 singularem
613 2818 781 2848 essentiam
803 2819 864 2848 nisi
885 2820 1074 2855 terminum,
1102 2829 1169 2850 non
1192 2821 1284 2859 ponit
1306 2821 1340 2850 in

281 2870 453 2892 numerum
476 2871 551 2891 cum
573 2861 626 2891 1113
648 2866 680 2891 et
697 2862 762 2892 suis
777 2863 927 2901 partibus.
951 2863 992 2893 Et
1006 2863 1088 2893 113110
1104 2863 1340 2894 distinctionem

281 2905 345 2935 iam
367 2905 549 2945 accepimus
564 2905 642 2934 *ab
665 2905 844 2942 Aristotele,
867 2907 901 2936 in
923 2907 952 2936 V
967 2907 1148 2947 Metaphys.

335 2949 433 2979 XXII.
456 2949 564 2979 Restat
589 2958 676 2978 nunc
699 2949 876 2979 satisfacere
899 2950 1072 2980 obiectioni
1097 2951 1131 2980 in
1154 2952 1340 2990 oppositum

281 2993 315 3023 in
336 2993 493 3033 principio
517 2992 626 3022 allatae
641 2993 658 3009 θ
682 3002 720 3022 ex
742 2993 844 3023 verbis
859 2993 1007 3023 Auctoris
1030 2994 1063 3024 in
1078 2996 1285 3034 responsione
1301 2995 1340 3026 ad

281 3036 459 3067 secundum
483 3035 624 3066 eiusdem
640 3036 772 3066 articuli.
796 3036 838 3066 Et
859 3036 1031 3067 dicendum
1047 3043 1094 3067 est
1108 3038 1208 3077 quod,
1224 3039 1250 3068 si
1265 3039 1339 3069 sub-

281 3080 376 3111 tiliter
397 3081 612 3120 inspiciantur,
636 3079 738 3109 littera
760 3081 914 3119 supponit
932 3079 1092 3111 defectum
1106 3082 1254 3121 propriae
1269 3092 1340 3122 per-

282 3124 454 3154 sonalitatis
476 3124 511 3153 in
532 3124 728 3153 humanitate
751 3129 922 3163 assumpta.
946 3124 987 3154 Et
1002 3133 1130 3154 causam
1145 3124 1256 3161 reddit,
1272 3135 1339 3156 non

283 3167 443 3198 defectum
466 3168 598 3198 alicuius
627 3166 716 3207 quod
737 3168 873 3207 pertinet
896 3166 935 3197 ad
957 3167 1187 3207 perfectionem
1209 3174 1340 3200 naturae

282 3216 319 3242 ut
341 3210 542 3251 distinguitur
564 3217 675 3241 contra
696 3220 882 3250 personam,
913 3210 968 3241 sed
990 3210 1184 3242 additionem
1207 3212 1339 3243 alicuius

283 3254 373 3295 quod
395 3260 442 3285 est
460 3264 554 3295 supra
569 3260 724 3290 naturam,
741 3255 859 3285 scilicet
874 3254 1104 3294 personalitatis
1119 3254 1253 3285 divinae.
1278 3256 1339 3286 Ubi

284 3298 367 3329 clare
387 3303 483 3339 patet,
506 3298 684 3329 secundum
707 3299 839 3338 planum
862 3298 982 3328 litterae
1004 3307 1149 3334 sensum,
1173 3298 1262 3338 quod
1285 3298 1339 3329 de-

284 3341 385 3372 fectus
407 3342 637 3382 personalitatis
664 3343 872 3382 supponitur,
904 3347 935 3372 et
963 3351 1057 3372 causa
1085 3342 1168 3372 illius
1198 3341 1339 3373 defectus

227 3386 230 3390 '
283 3384 439 3416 redditur:
463 3391 495 3416 et
515 3395 584 3416 non
607 3385 720 3416 dicitur
735 3386 918 3425 simpliciter
935 3386 1014 3416 nihil
1029 3385 1174 3421 deficere,
1191 3385 1246 3416 sed
1260 3387 1339 3416 nihil

285 3427 420 3459 deficere
442 3435 586 3469 spectans
609 3429 649 3459 ad
670 3429 900 3469 perfectionem
923 3434 1062 3459 naturae.
1087 3429 1188 3459 Cuius
1209 3430 1340 3469 opposi—

251 3489 257 3501 2
285 3477 355 3502 tum
367 3481 440 3503 non
451 3472 603 3503 diximus:
623 3473 679 3503 sed
693 3474 756 3503 hoc
777 3474 981 3512 exposuimus
993 3474 1009 3489 ⁴*
1026 3482 1063 3503 ex
1087 3474 1233 3512 ipsomet,
1251 3473 1339 3513 quod

285 3515 468 3555 intelligitur
489 3515 529 3546 de
549 3522 662 3547 natura
677 3522 712 3546 ut
727 3517 928 3556 distinguitur
943 3522 1052 3547 contra
1067 3516 1272 3556 hypostasim.
1297 3518 1340 3548 Ut

287 3558 398 3589 clarius
429 3560 524 3590 etiam
546 3565 633 3600 patet
655 3561 706 3591 hic
735 3561 769 3590 in
791 3561 998 3600 responsione
1025 3559 1064 3590 ad
1090 3561 1233 3597 tertium,
1264 3571 1338 3592 cum

1387 244 1676 282 ART1CULUS
1705 246 1735 282 11
2400 256 2449 292 79

1393 323 1507 354 dicitur
1539 323 1627 364 quod
1657 329 1767 354 natura
1798 333 1879 364 quae
1911 325 2094 360 assumitur,
2126 324 2297 364 impeditur
2327 334 2344 355 a
2374 333 2450 364 pro-

1391 368 1459 407 pria
1481 368 1713 407 personalitate.
1737 368 1869 408 Aliquid
1892 378 1966 408 ergo
1990 369 2034 398 illi
2058 367 2172 403 deficit,
2197 379 2264 399 non
2287 369 2448 408 pertinens

1391 411 1431 441 ad
1453 410 1684 451 perfectionem
1706 418 1853 448 naturae,
1884 411 1939 442 sed
1962 411 2001 442 ad
2024 421 2210 452 personam,
2242 422 2324 452 quae
2347 414 2448 452 impe-

1392 454 1484 485 ditur.

1445 499 1556 529 XXIII.
1582 499 1616 529 In
1641 499 1755 530 eodem
1778 500 1929 535 articulo,
1953 500 1986 529 in
2009 500 2217 539 responsione
2240 499 2279 529 ad
2302 501 2447 536 tertium,

1392 543 1473 572 circa
1495 543 1589 578 illud,
1612 543 1756 574 Persona
1779 543 1888 574 divina
1917 553 1976 574 sua
2001 543 2119 573 unione
2143 543 2303 583 impedivit
2329 553 2368 574 ne
2390 545 2448 574 hu-

1391 596 1487 616 mana
1511 592 1629 617 natura
1653 588 1823 627 propriam
1846 587 2113 627 personalitatem
2139 587 2284 623 haberet,
2315 587 2448 618 dubium

1390 631 1494 669 primo
1519 631 1671 666 occurrit,
1701 641 1740 660 an
1770 631 1908 661 humana
1937 636 2047 661 natura
2069 632 2103 661 in
2127 631 2252 661 Christo
2281 631 2449 662 inclinetur

1390 673 1429 703 ad
1452 675 1614 714 propriam
1636 675 1902 714 personalitatem.
1932 675 1972 705 Et
1991 681 2037 705 est
2055 675 2134 705 ratio
2154 674 2241 705 dubii
2266 676 2340 714 quia
2359 675 2448 715 quod

1389 717 1574 754 inclinetur,
1606 724 1736 758 apparet
1759 728 1796 748 ex
1819 719 1882 748 hoc
1906 718 1995 758 quod
2018 718 2189 758 impeditur
2211 719 2249 749 ab
2272 719 2340 748 illa:
2369 719 2448 749 nihil

1390 762 1476 791 enim
1498 762 1670 801 impeditur
1695 763 1755 792 nisi
1778 763 1816 792 ab
1841 772 1880 792 eo
1903 763 1937 792 in
1961 762 2049 802 quod
2072 762 2181 792 tendit.
2205 781 2228 785 —
2250 762 2349 800 Quod
2370 772 2446 793 vero

1389 814 1456 834 non
1479 806 1658 842 inclinetur,
1681 811 1811 846 apparet
1835 816 1872 836 ex
1895 806 1958 836 hoc
1982 807 2066 846 quia,
2090 807 2117 836 si
2132 807 2333 836 inclinaretur
2355 811 2447 836 natu-

1388 849 1492 878 raliter
1514 850 1547 879 in
1570 850 1731 889 propriam
1753 850 2026 889 personalitatem,
2051 851 2226 889 quiesceret
2247 850 2386 880 violente
2413 851 2447 880 in

1389 893 1489 922 aliena
1505 902 1651 932 persona,
1668 893 1768 933 qualis
1785 899 1831 923 est
1854 903 1990 934 persona
2005 894 2111 924 divina
2125 895 2152 924 11.
2182 894 2317 924 Nullum
2340 899 2446 924 autem
2473 901 2484 913 ¹·

1389 937 1562 966 violentum
1579 943 1770 977 perpetuum
1786 939 1812 967 *.

1444 980 1587 1010 Dubium
1610 981 1751 1011 secundo
1768 982 1906 1011 occurrit
1921 982 1947 1017 ἥ,
1971 991 2037 1021 quo
2054 987 2147 1021 pacto
2164 981 2342 1012 verificatur
2358 981 2447 1021 quod

1388 1033 1525 1063 persona
1540 1023 1645 1054 divina
1660 1024 1838 1064 impedierit
1853 1030 1997 1055 naturam
2012 1026 2184 1056 humanam
2200 1036 2217 1055 a
2232 1026 2360 1065 propria
2374 1035 2446 1065 per-

1389 1067 1563 1097 sonalitate.
1588 1067 1770 1098 Obscurum
1794 1069 1914 1109 quippe
1936 1069 2027 1099 valde
2051 1075 2112 1100 est:
2138 1070 2213 1109 quia
2230 1079 2297 1099 non
2317 1075 2484 1109 apparet

1389 1111 1557 1150 quomodo
1580 1113 1785 1151 personalitas
1808 1113 1948 1142 humana
1969 1118 2042 1142 nata
2058 1118 2104 1142 est
2127 1114 2281 1153 consequi
2301 1113 2339 1143 ad
2354 1119 2446 1144 natu-

1389 1165 1456 1185 ram
1478 1155 1669 1191 humanam,
1701 1162 1755 1186 aut
1777 1155 1877 1186 fluere
1900 1157 1938 1185 ab
1961 1156 2030 1192 illa;
2061 1166 2135 1186 cum
2163 1166 2231 1186 non
2254 1162 2391 1196 ponatur
2413 1158 2446 1187 in

1389 1204 1500 1229 natura
1522 1199 1661 1229 humana
1684 1199 1846 1230 causalitas
1870 1200 1975 1239 aliqua
1997 1206 2142 1239 respectu
2163 1200 2401 1239 personalitatis.

1443 1242 1556 1273 XXIV.
1579 1242 1631 1272 Ad
1646 1244 1786 1282 primum
1802 1243 1935 1273 dubium
1951 1243 2060 1273 dicunt
2076 1243 2205 1283 quidam
2229 1243 2317 1284 quod
2334 1245 2447 1274 huma-

1388 1287 1468 1317 nitas
1492 1286 1610 1316 Christi
1639 1287 1734 1316 habet
1755 1287 1932 1317 naturalem
1955 1287 2193 1318 inclinationem
2224 1288 2263 1317 ad
2285 1289 2447 1327 propriam

1388 1340 1568 1370 personam.
1592 1331 1796 1370 Probantque
1819 1331 1882 1360 hoc
1905 1336 2042 1370 quatuor
2061 1331 2173 1361 mediis
2188 1333 2214 1361 ’ἢ
2238 1332 2355 1367 Ρ111110,
2372 1333 2447 1371 quia

1388 1380 1499 1405 natura
1522 1384 1631 1405 carens
1654 1375 1763 1414 aliquo
1787 1375 1845 1404 sibi
1869 1374 1975 1404 debito
1995 1375 2065 1405 solo
2085 1375 2193 1405 divino
2209 1376 2374 1411 miraculo,
2390 1385 2446 1406 na-

1388 1419 1528 1449 turaliter
1550 1419 1719 1448 inclinatur
1741 1419 1774 1448 in
1797 1418 1893 1448 illud:
1924 1419 2005 1448 sicut
2026 1419 2107 1458 ignis
2131 1428 2238 1449 carens
2261 1424 2334 1449 actu
2357 1429 2446 1450 com-

1389 1462 1522 1493 burendi
1542 1472 1670 1502 pueros,
1695 1463 1775 1492 Dan.
1792 1472 1826 1491 111
1841 1464 1867 1498 *‚
1883 1462 2064 1492 naturaliter
2078 1463 2286 1493 inclinabatur
2301 1463 2340 1493 ad
2356 1473 2445 1494 com-

1388 1506 1567 1537 burendum
1583 1507 1609 1536 ⁴⁹.

1444 1550 1604 1587 Secundo,
1628 1551 1703 1590 quia
1725 1551 1903 1580 humanitas
1927 1550 2043 1581 Christi
2066 1556 2112 1581 est
2131 1549 2273 1581 eiusdem
2289 1550 2446 1581 conditio-

1388 1595 1452 1630 nis,
1484 1600 1640 1634 quantum
1670 1594 1709 1624 ad
1738 1594 1894 1624 naturales
1923 1596 2080 1634 potentias
2105 1600 2135 1624 et
2157 1595 2346 1631 habilitates,
2371 1604 2445 1625 cum

1390 1638 1500 1668 ceteris
1522 1638 1780 1668 humanitatibus.
1805 1638 1867 1668 Sed
1890 1638 2030 1678 reliquae
2052 1639 2233 1668 naturaliter
2255 1639 2446 1668 inclinantur

1388 1683 1422 1712 in
1444 1683 1588 1721 proprias
1611 1682 1806 1722 hypostases.
1830 1682 1925 1721 Ergo.

1444 1726 1565 1761 Tertio,
1585 1726 1660 1764 quia
1675 1726 1756 1755 sicut
1771 1725 1925 1761 accidens,
1943 1731 2239 1765 quantumcumque
2256 1731 2444 1765 separatum,

1389 1769 1484 1799 habet
1506 1778 1632 1808 semper
1654 1768 1864 1808 aptitudinem
1885 1769 2061 1799 naturalem
2085 1769 2124 1799 ad
2142 1769 2380 1805 inhaerendum,
2404 1770 2447 1800 ita

1391 1813 1525 1843 essentia
1547 1813 1738 1842 substantiae
1768 1813 1861 1842 habet
1892 1822 2017 1852 semper
2039 1813 2249 1853 aptitudinem
2271 1813 2446 1843 naturalem

1390 1856 1429 1886 ad
1449 1866 1506 1896 per
1524 1866 1557 1886 se
1581 1856 1788 1886 existendum.
1813 1857 1854 1886 Et
1871 1861 1958 1886 tenet
1973 1857 2117 1896 sequela:
2142 1857 2216 1896 quia
2232 1858 2276 1887 sic
2300 1856 2448 1887 definitur

1390 1901 1572 1936 substantia,
1597 1900 1686 1940 quod
1709 1905 1755 1930 est
1779 1909 1830 1930 res
1847 1910 1910 1940 per
1931 1910 1966 1930 se
1988 1901 2136 1931 existens.
2393 1921 2399 1925 -

1445 1944 1578 1982 Quarto,
1603 1945 1677 1984 quia
1696 1944 1796 1983 magis
1811 1945 2058 1984 inseparabiliter
2074 1950 2105 1975 et
2120 1954 2177 1985 per
2192 1954 2225 1975 se
2241 1945 2447 1985 consequitur

1389 1994 1534 2018 naturam
1557 1988 1748 2018 substantiae
1770 1989 1899 2028 propria
1921 1989 2142 2028 suppositatio,
2167 1998 2231 2028 qua
2252 1999 2319 2021 non
2342 1994 2447 2029 potest

1389 2033 1450 2062 nisi
1471 2032 1661 2062 miraculose
1685 2041 1806 2067 carere,
1831 2041 1928 2072 quarn
1950 2033 2127 2072 potentiam
2150 2033 2341 2069 naturalem,
2370 2038 2448 2073 puta

1389 2075 1596 2111 intellectum,
1620 2076 1768 2115 proprius
1792 2081 1889 2106 actus.
1914 2075 1976 2106 Sed
1998 2077 2141 2116 potentia
2164 2077 2322 2112 naturalis,
2347 2086 2447 2116 quan-

1389 2125 1600 2159 tumcumque
1623 2125 1726 2149 careat
1748 2125 1837 2155 actu,
1868 2129 1993 2160 semper
2014 2121 2196 2150 naturaliter
2224 2121 2392 2151 inclinatur
2414 2121 2447 2151 in

1390 2168 1507 2193 actum.
1531 2164 1626 2202 Ergo.

1443 2207 1542 2237 XXV.
1567 2206 1629 2237 Sed
1651 2207 1729 2237 haec
1753 2207 1882 2246 opinio,
1913 2203 2072 2237 intellecta
2094 2213 2130 2237 ut
2152 2213 2260 2243 sonat,
2284 2207 2361 2238 falsa
2384 2213 2446 2238 est:

1391 2256 1422 2281 et
1437 2251 1524 2281 aliter
1536 2250 1707 2281 dicendum
1723 2256 1778 2286 est,
1792 2250 2015 2291 distinguendo
2032 2251 2121 2291 quod
2136 2252 2314 2282 humanitas
2332 2251 2448 2282 Christi

1389 2300 1496 2334 potest
1511 2294 1701 2325 considerari
1717 2300 1748 2325 et
1762 2294 1893 2325 iudicari
1909 2294 2075 2334 dupliciter
2089 2296 2116 2325 ἦ
2135 2295 2253 2331 Primo,
2270 2295 2484 2326 secundum·

1390 2348 1439 2368 se:
1463 2339 1527 2368 hoc
1550 2344 1606 2374 est,
1630 2338 1837 2368 abstrahendo
1861 2348 1879 2368 a
1901 2339 2123 2378 personalitate
2147 2338 2268 2375 divina,
2300 2340 2351 2369 cui
2374 2345 2448 2370 actu

1389 2383 1498 2413 iuncta
1521 2387 1576 2412 est.
1601 2382 1641 2412 Et
1664 2383 1708 2412 sic
1730 2392 1840 2412 verum
1865 2387 1911 2412 est
1934 2382 2023 2422 quod
2045 2383 2138 2412 habet
2160 2383 2335 2413 naturalem
2357 2383 2447 2413 incli-

1390 2427 1553 2456 nationem
1577 2425 1616 2456 ad
1638 2427 1800 2466 propriam
1822 2426 2093 2466 personalitatem,
2122 2427 2202 2456 sicut
2224 2426 2364 2466 reliquae
2387 2427 2447 2457 hu-

1390 2471 1555 2500 manitates
1571 2470 1748 2500 secundum
1764 2479 1797 2500 se
1812 2475 1972 2510 sumptae:
1991 2479 2064 2500 cum
2081 2471 2142 2500 sint
2154 2470 2295 2500 eiusdem
2307 2471 2445 2501 rationis.

1391 2515 1432 2544 Et
1453 2514 1527 2544 hinc
1550 2514 1697 2554 provenit
1720 2513 1819 2554 quod,
1843 2514 1868 2544 si
1887 2519 2081 2553 separaretur
2096 2524 2114 2543 a
2128 2514 2245 2550 Verbo,
2270 2513 2358 2553 quod
2372 2524 2447 2554 pro-

1390 2558 1492 2598 priam
1515 2558 1772 2597 personalitatem
1794 2558 1939 2588 haberet:
1970 2558 2123 2597 quoniam
2146 2559 2214 2598 ipsa
2237 2558 2390 2598 separatio
2413 2559 2447 2588 in

1391 2611 1424 2632 re
1447 2601 1605 2632 conferret
1627 2601 1660 2631 id
1682 2601 1771 2641 quod
1793 2602 1852 2631 sibi
1874 2602 1908 2631 in
1924 2602 2131 2632 abstractione
2155 2601 2368 2632 consideratae
2391 2611 2447 2631 na-

1391 2651 1460 2675 tum
1484 2651 1530 2675 est
1553 2646 1734 2675 convenire.
1757 2646 1825 2675 Nec
1841 2651 1888 2675 est
1903 2655 1985 2685 opus
2000 2646 2134 2685 probare
2158 2645 2246 2685 quod
2269 2646 2446 2675 humanitas

1392 2689 1569 2720 secundum
1584 2699 1617 2719 se
1641 2689 1822 2719 naturaliter
1839 2689 2007 2719 inclinatur
2030 2689 2069 2719 ad
2091 2690 2252 2728 propriam
2275 2689 2447 2728 personali-

1392 2739 1505 2763 tatem:
1535 2733 1689 2772 quoniam
1711 2733 1774 2763 hoc
1798 2738 1844 2762 est
1866 2742 1923 2772 per
1945 2742 1978 2763 se
2001 2738 2132 2768 notum,
2157 2742 2194 2762 ex
2218 2742 2257 2762 eo
2281 2732 2370 2772 quod
2391 2743 2447 2762 na-

1392 2777 1531 2807 turaliter
1543 2777 1703 2816 quaelibet
1717 2777 1894 2806 humanitas
1910 2777 2068 2806 invenitur
2082 2777 2210 2815 propria
2225 2776 2446 2815 personalitate

1392 2826 1575 2860 personata,
1600 2826 1731 2859 excepta
1755 2820 1871 2850 Christi
1899 2821 2093 2850 humanitate
2121 2829 2157 2849 ex
2184 2821 2323 2850 maximo
2354 2821 2447 2850 mira-

1393 2865 1484 2901 culo;
1509 2870 1632 2894 constat
1655 2869 1760 2893 autern
1784 2873 1821 2894 ex
1841 2864 1866 2893 11
1882 2864 2008 2904 Physic.
2028 2865 2044 2880 ⁴*
2068 2863 2156 2903 quod
2184 2864 2445 2904 unumquodque,

1391 2909 1475 2938 sicut
1496 2908 1689 2938 naturaliter
1711 2907 1831 2948 agitur,
1857 2907 1900 2937 ita
1924 2912 2031 2947 aptum
2055 2912 2165 2937 natum
2188 2911 2235 2937 est
2257 2908 2323 2949 agi.

1447 2952 1488 2982 Et
1511 2961 1548 2982 ex
1571 2952 1631 2981 hac
1654 2951 1860 2981 conclusione
1883 2960 1939 2990 per
1954 2960 1987 2980 se
2002 2956 2088 2986 nota,
2106 2951 2233 2987 scilicet,
2249 2951 2447 2990 Humanitas

1392 2995 1549 3036 quaelibet
1570 2995 1741 3025 secundum
1759 3004 1793 3024 se
1813 2994 1988 3025 inclinatur
2011 2995 2204 3024 naturaliter
2227 2995 2258 3025 in
2276 2996 2447 3035 propriam

1386 3039 1660 3079 personalitatem,
1684 3043 1777 3078 potes
1793 3047 1922 3077 arguere
1938 3038 2027 3078 quod
2042 3039 2247 3078 personalitas
2263 3049 2330 3069 non
2346 3039 2447 3070 solam

1392 3083 1604 3122 negationem,
1628 3081 1683 3111 sed
1697 3082 1870 3121 positivum
1886 3081 1978 3112 addat
1993 3087 2133 3118 naturae,
2158 3082 2197 3112 ad
2217 3082 2306 3122 quod
2329 3092 2447 3113 conco-

1392 3127 1520 3156 mitatur
1542 3126 1679 3165 negatio.
1703 3125 1866 3162 Quoniam
1889 3126 1976 3155 nulla
1991 3126 2139 3156 naturalis
2157 3126 2299 3156 habilitas
2323 3132 2369 3156 est
2391 3137 2448 3167 per

1393 3180 1426 3200 se
1449 3170 1552 3209 primo
1577 3169 1615 3199 ad
1630 3170 1851 3208 negationem,
1875 3169 1931 3199 sed
1954 3169 1993 3200 ad
2016 3171 2198 3209 positivum,
2224 3170 2276 3200 cui
2303 3171 2447 3210 quando-

1393 3223 1456 3253 que
1479 3213 1655 3243 annectitur
1677 3213 1820 3252 negatio:
1853 3213 1928 3252 quia
1957 3213 2105 3243 naturalis
2132 3213 2294 3243 inclinatio
2319 3219 2365 3244 est
2390 3224 2448 3254 per

1392 3266 1425 3287 se
1448 3257 1551 3296 primo
1575 3256 1615 3286 ad
1638 3255 1774 3296 aliquid,
1799 3262 1830 3286 et
1852 3266 1919 3287 non
1943 3257 1981 3287 ad
2003 3257 2081 3287 nihil
2104 3257 2291 3294 formaliter;
2320 3259 2446 3297 negatio

1392 3305 1499 3330 autem
1522 3300 1600 3330 nihil
1623 3299 1796 3330 formaliter
1818 3306 1874 3330 est.

1446 3343 1514 3373 Nec
1537 3349 1583 3374 est
1605 3353 1679 3374 vera
1700 3345 1866 3383 responsio
1891 3354 2003 3375 eorum
2026 3345 2065 3375 ad
2087 3345 2166 3380 hoc,
2198 3344 2333 3375 dicendo
2357 3345 2447 3385 quod

1392 3396 1527 3426 corpora
1549 3388 1714 3423 naturalia,
1739 3389 1813 3428 quia
1834 3388 2015 3418 naturaliter
2038 3393 2171 3428 possunt
2193 3398 2260 3418 non
2284 3398 2368 3425 esse,
2392 3390 2447 3419 ha-

1391 3431 1468 3461 bent
1490 3431 1728 3462 inclinationem
1751 3431 1791 3462 ad
1813 3442 1880 3462 non
1897 3441 1980 3462 esse:
2006 3438 2037 3462 et
2060 3432 2148 3472 quod
2170 3442 2231 3467 aer,
2256 3441 2294 3462 ex
2309 3442 2366 3463 sua
2381 3432 2446 3463 dia-

1391 3475 1580 3514 phaneitate,
1605 3481 1651 3505 est
1672 3476 1853 3506 naturaliter
1876 3476 1985 3506 habilis
2009 3481 2044 3505 ut
2067 3476 2106 3506 sit
2128 3476 2323 3506 tenebrosus
2355 3476 2446 3514 Quo-

1391 3519 1477 3548 niam
1500 3528 1635 3558 corpora
1656 3519 1808 3550 naturalia
1831 3519 1903 3549 ideo
1928 3525 2061 3559 possunt
2083 3529 2150 3550 non
2174 3529 2257 3555 esse,
2282 3520 2356 3559 quia
2379 3529 2446 3550 ma-

1391 3563 1467 3592 teria
1491 3572 1603 3593 eorum
1626 3564 1746 3603 appetit
1768 3572 1825 3602 per
1847 3573 1879 3593 se
1902 3564 2005 3603 primo
2030 3563 2115 3594 aliud
2138 3573 2220 3599 esse,
2250 3564 2302 3594 cui
2325 3573 2447 3594 annexa

2473 928 2511 949 fin.

2498 902 2534 924 Cf.
2545 909 2607 924 num.
2622 909 2687 930 xxvi,

2473 955 2561 976 'Arist
2568 955 2603 976 De
2611 955 2684 977 Caelo

2472 981 2512 1002 lib.
2531 981 2560 1007 11,
2583 987 2632 1008 cap.
2647 987 2682 1007 111,

2472 1013 2495 1029 n.
2519 1014 2542 1032 1·

2472 1033 2570 1055 11..1-5.

2564 1013 2590 1028 ca
2635 1014 2684 1035 xiv,

2598 1023 2684 1055 h.1ect.

2472 1066 2502 1085 iv,
2517 1066 2577 1081 xxvi.

2473 1086 2683 1108 ⁸Cf.num.xxv1u.

2474 1339 2484 1349 ⁸
2494 1339 2530 1360 Cf.
2541 1345 2604 1361 num.
2613 1345 2682 1361 xxvn.

2472 1468 2483 1480 ⁸
2491 1468 2556 1490 vers.
2571 1474 2598 1490 20
2613 1474 2664 1496 sqq.

2471 1507 2482 1519 ·
2490 1507 2524 1529 Cf.
2532 1513 2590 1529 vers.
2596 1514 2632 1535 47,
2641 1508 2681 1534 48.

2498 2299 2534 2321 Cf.
2549 2306 2611 2322 num.
2621 2306 2670 2328 seq.

2472 2866 2548 2915 ’SCR-

2557 2872 2605 2893 vm,
2614 2873 2684 2893 ι1.4.-

2568 2893 2619 2915 lect.
2634 2899 2683 2914 xin.
