2872 3970
334 730 339 737 ι
354 731 362 737 .

247 813 273 828 ,
298 766 542 827 ‘Christi
578 779 753 817 nativitas
775 780 806 816 ²⁸⁸.
848 781 983 827 Angeli
1019 779 1124 817 enim
1160 787 1249 817 sunt

183 843 186 845 ’
230 869 233 871 .
254 831 262 840 ’
331 830 346 858 3
375 832 612 882 spirituales
640 832 887 869 substantiae:
918 833 1133 869 secundum
1157 833 1249 869 illud

141 881 144 890 ⁴
324 884 331 892 “
359 885 398 922 *ε
436 886 511 928 Qui
534 885 633 933 facit
668 885 823 934 angelos
853 897 938 922 suos
972 887 1129 934 spiritus.
1173 885 1249 922 Sed

194 937 334 979 §ihr-isti
354 937 528 975 nativitas
552 945 630 974 erat
648 937 860 974 secundum
882 949 1055 974 carnem:
1085 949 1164 974 non
1183 949 1250 974 au-

124 982 153 1034 ³}
181 990 504 1031 *teszecundum
523 989 756 1038 spiritualem
771 989 853 1026 eius
867 989 1127 1027 substantiam.
1148 991 1250 1038 Ergo

194 1048 278 1085 mn·
301 1042 432 1079 debuit
457 1053 527 1091 per
553 1043 708 1090 angelos
735 1042 975 1079 manifestari.

201 1113 206 1126 2
248 1106 283 1132 2.
312 1095 542 1140 PRAETEREA,
571 1093 695 1131 maior
722 1102 777 1130 est
804 1094 966 1131 affinitas
993 1094 1183 1131 iustorum
1201 1095 1250 1131 ad

194 1147 347 1197 &plns
365 1159 493 1196 quam
520 1147 570 1183 ad
597 1158 866 1196 quoscumque
894 1146 1005 1184 alios:
1035 1147 1251 1184 secundum

193 1197 287 1242 'stad
303 1198 445 1238 Psalmi
463 1199 500 1236 *ι
528 1201 702 1236 Imminet
721 1205 738 1220 α
770 1200 926 1249 angelus
943 1201 1098 1236 Domini
1122 1202 1158 1236 in
1183 1201 1251 1236 cir-

194 1253 299 1295 ὠήθη
315 1253 520 1289 timentium
547 1263 653 1298 eum,
682 1257 716 1288 et
742 1253 870 1301 eripiet
897 1263 969 1288 eos.
1013 1252 1090 1288 Sed
1125 1251 1250 1298 iustis,

149 1314 175 1323 ”
194 1302 332 1346 scilieet
365 1303 537 1342 Simeoni
568 1311 606 1340 et
632 1305 787 1350 Annae,
816 1315 896 1340 non
928 1311 984 1340 est
1014 1304 1252 1341 manifestata

194 1354 332 1395 Christi
349 1356 523 1393 nativitas
541 1368 611 1405 per
627 1357 792 1404 angelos.
822 1357 923 1404 Ergo
942 1368 1015 1393 nec
1033 1356 1252 1394 Pastoribus

191 1419 263 1459 ‚per
286 1410 442 1456 angelos
469 1408 699 1446 manifestari
726 1409 869 1446 debuit.

115 1477 163 1511 γῇς-
203 1461 282 1498 .·.3
311 1462 405 1498 Item
423 1459 449 1507 β,
477 1461 630 1498 videtur
656 1461 763 1510 quod
789 1473 860 1498 nec
877 1461 1001 1510 Magis
1019 1461 1152 1498 debuit
1170 1474 1251 1499 ma-

193 1512 356 1553 nifestari
388 1525 458 1562 per
489 1515 634 1550 stellam
652 1513 683 1550 ³¹⁶.
720 1514 807 1550 Hoc
843 1513 947 1550 enim
982 1513 1134 1551 videtur
1169 1526 1251 1551 esse

126 1565 330 1612 questoris
357 1565 507 1603 occasio
535 1574 725 1614 quantum
752 1567 802 1603 ad
828 1566 911 1603 illos
939 1566 1006 1615 qui
1038 1566 1252 1603 existimant

193 1617 316 1661 sidera
342 1618 598 1656 nativitatibus
625 1618 832 1656 hominum
853 1619 1054 1656 dominari.
1085 1620 1160 1656 Sed
1189 1631 1251 1656 oc-

192 1670 364 1711 usiones
399 1671 584 1720 peccandi
621 1678 710 1708 sunt
745 1671 968 1708 hominibus
1009 1672 1249 1709 auferendae.

193 1722 285 1774 Non
303 1734 394 1772 ergo
412 1723 481 1760 fuit
499 1724 733 1760 conveniens
753 1724 861 1772 quod
879 1735 949 1773 per
967 1725 1112 1761 stellam
1142 1723 1251 1761 Chri-

136 1781 167 1815 35*
193 1771 438 1833 ξῗίζηεῑίνίϊειε
465 1775 778 1813 manifestaretur.

149 1824 177 1829 ”
196 1822 285 1876 2214.
310 1824 541 1874 PRAETEREA,
570 1828 734 1876 signum-
748 1836 899 1877 oportet
918 1840 1000 1865 esse
1021 1836 1182 1873 certum,
1202 1829 1252 1865 ad

124 1886 171 1932 7535.
192 1870 272 1921 hm
295 1880 404 1930 quod
430 1892 500 1930 per
526 1880 655 1929 ipsum
676 1881 819 1930 aliquid
838 1880 1099 1917 manifestetur
1116 1887 1143 1917 Υ.
1173 1881 1250 1918 Sed

191 1934 297 1973 nella
323 1944 404 1970 non
430 1933 582 1970 videtur
609 1945 690 1970 esse
712 1933 864 1981 signum
884 1940 1028 1970 certum
1049 1932 1251 1970 nativitatis

138 2016 165 2035 (ᾗ,
195 1984 343 2039 Εζῂῑίεῐί.
372 1986 474 2033 Ergo
497 1985 811 2023 inconvenienter
828 1985 897 2023 fuit
919 1985 1058 2023 Christi
1076 1985 1251 2023 nativitas

138 2039 177 2087 Ῐῇῖῂ
191 2030 263 2089 fi&
287 2038 433 2076 stellam
460 2038 706 2076 manifestata.

228 2089 229 2094 ’
246 2090 320 2128 SED
339 2102 483 2128 CONTRA
503 2103 569 2128 Es’r
596 2091 703 2139 quod
725 2090 862 2127 dicitur
879 2092 1097 2127 Deut.xxxi1
1116 2091 1151 2127 *ε
1180 2092 1254 2128 Dei

133 2158 158 2193 ἦ,
189 2143 356 2195 perfecta
386 2149 469 2180 sunt
502 2155 628 2192 opera.
672 2143 748 2180 Sed
782 2143 864 2179 talis
896 2142 1146 2180 manifestatio
1183 2143 1252 2180 fuit

194 2196 293 2245 'opus
320 2195 508 2233 divinum.
538 2197 640 2244 Ergo
667 2207 737 2245 per
763 2195 1031 2232 convenientia
1049 2195 1156 2243 signa
1183 2195 1252 2233 fuit

127 2249 156 2291 31v
194 2248 339 2286 effecta.

196 2296 210 2306 ”
246 2301 470 2339 ΒΕΞΡοΝοΕο
497 2313 678 2338 DICENDUM
710 2301 836 2350 quod,
872 2299 968 2338 sicut
1000 2300 1252 2338 manifestatio

195 2353 418 2403 syllogistica
447 2353 491 2390 fit
522 2365 591 2402 per
618 2365 664 2390 ea
699 2365 798 2402 quae
834 2361 922 2390 sunt
949 2353 1069 2401 magis
1100 2361 1191 2390 nota
1219 2353 1253 2390 ei

122 2417 143 2451 ᾗ
196 2405 267 2443 οιιῖ
284 2413 340 2443 est
373 2406 516 2455 aliquid
543 2405 885 2451 manifestandum,
918 2405 969 2442 ita
1002 2405 1253 2442 manifestatio

124 2455 171 2506 ῄ ,
196 2469 295 2508 quae
322 2458 364 2495 fit
390 2470 460 2507 per
487 2458 602 2506 signa,
632 2458 744 2495 debet
771 2458 855 2495 fieri
882 2470 952 2506 per
969 2470 1015 2494 ea
1037 2470 1138 2507 quae
1165 2466 1253 2495 sunt

127 2508 153 2551 ³]
194 2509 390 2548 familiaria
417 2510 485 2548 illis
520 2510 662 2559 quibus
693 2511 963 2547 manifestatur.
1007 2510 1252 2548 Manifestum

197 2570 252 2600 est
278 2570 408 2600 autem
435 2563 542 2612 quod
564 2562 655 2600 viris
673 2562 779 2600 iustis
807 2570 862 2600 est
889 2562 1071 2600 familiare
1099 2571 1135 2600 et
1162 2575 1252 2600 con-

197 2623 350 2653 suetum
376 2615 544 2652 interiori
564 2615 725 2664 Spiritus
745 2615 872 2653 Sancti
892 2615 1042 2652 edoceri
1062 2615 1250 2663 instinctu,

48 2708 56 2721 ε
122 2680 138 2711 ,J
155 2668 158 2670 ’
197 2667 342 2717 ‘absque
360 2667 558 2718 signorum
572 2667 808 2706 sensibilium
828 2668 1163 2715 demonstratione,
1185 2668 1253 2705 sci-

56 2723 63 2730 “
132 2719 171 2766 ζ’·
197 2719 282 2758 Licet
307 2732 376 2770 per
402 2720 577 2770 spiritum
603 2720 839 2770 prophetiae.
878 2720 950 2757 Alii
978 2733 1088 2767 vero,
1118 2733 1253 2770 corpo-

197 2772 338 2810 ralibus
356 2773 471 2810 rebus
497 2772 625 2820 dediti,
645 2785 715 2822 per
733 2772 924 2810 sensibilia
943 2773 991 2810 ad
1010 2773 1253 2821 intelligibilia

198 2825 441 2862 adducuntur
458 2823 483 2862 δ.
513 2825 642 2863 Iudaei
660 2834 789 2862 tamen
808 2826 980 2862 consueti
999 2833 1105 2863 erant
1123 2826 1252 2863 divina

198 2884 380 2927 responsa
407 2890 476 2927 per
503 2880 657 2926 angelos
683 2878 874 2927 accipere:
912 2890 982 2926 per
1008 2891 1106 2927 quos
1139 2878 1253 2915 etiam

198 2929 320 2979 hgem
346 2938 581 2979 acceperant,
601 2931 817 2967 secundum
839 2930 931 2967 illud
953 2931 1034 2967 Act.
1055 2943 1100 2967 vn
1118 2930 1154 2967 *z
1182 2932 1252 2967 Ac-

198 2983 338 3032 &pisus
363 2983 485 3032 legem
512 2985 550 3020 in
571 2983 803 3032 dispositione
823 2983 1056 3032 angelorum.
1087 2983 1253 3020 Gentiles

197 3045 307 3081 vero,
336 3043 381 3071 et·
400 3034 567 3072 maxime
594 3035 790 3082 astrologi,
820 3035 992 3071 consueti
1020 3043 1108 3072 sunt
1135 3037 1254 3072 stella-

137 3099 173 3134 ζχ
199 3098 288 3127 mm
313 3099 447 3124 cursus
475 3087 642 3136 aspicere
661 3092 684 3123 ⁸.
714 3088 762 3124 Et
789 3086 876 3124 ideo
904 3087 1020 3133 iustis,
1042 3087 1179 3124 scilicet
1199 3087 1254 3124 Si-

198 3139 331 3180 moni
356 3147 393 3176 et
419 3140 566 3185 Annae,
585 3139 821 3180 manifestata
839 3146 894 3175 est
922 3139 1058 3176 Christi
1082 3139 1254 3176 nativitas

131 3202 162 3243 ’ςζ
199 3193 269 3241 pei·
286 3191 506 3229 interiorem
524 3191 744 3228 instinctum
764 3191 924 3239 Spiritus
945 3191 1090 3228 Sancti:
1121 3203 1255 3228 secun-

201 3242 295 3281 dum
321 3243 414 3281 illud
441 3244 535 3280 Luc.
557 3255 578 3280 11
596 3243 616 3265 '¹‘
643 3245 874 3293 Responsum
902 3245 1041 3292 accepit
1068 3256 1091 3280 a
1119 3245 1254 3293 Spiritu

166 3294 181 3314 ‘⁶
201 3296 333 3347 &ricto
361 3309 436 3334 non
458 3298 624 3334 visurum
650 3308 689 3332 se
715 3302 871 3332 mortem
900 3297 971 3332 nisi
990 3297 1097 3344 prius
1119 3296 1255 3333 uideret

205 3348 386 3389 &rustum
418 3349 582 3386 Domini.
625 3347 843 3385 Pastoribus
880 3355 1008 3384 autem
1043 3355 1079 3384 et
1113 3347 1254 3396 Magis,

210 3421 227 3437 „3
262 3428 263 3433 i

256 3477 283 3511 α)
302 3479 437 3504 Immittet.
453 3493 472 3498 -
490 3479 576 3503 Tertia
595 3484 695 3512 praeter
714 3479 736 3503 G
743 3486 750 3509 ;
772 3479 902 3504 Immittit.

256 3511 282 3547 β)
301 3514 374 3539 Item.
390 3528 410 3533 -
429 3514 470 3539 Ita
489 3514 506 3545 1,
526 3514 669 3539 Prasterea
686 3514 724 3538 Fa
744 3519 769 3538 et
787 3514 920 3539 editiones.

255 3548 282 3583 γ)
301 3549 491 3583 manifestetur.
507 3563 528 3567 -
545 3549 635 3574 PGIsF
655 3554 680 3573 et
697 3556 730 3574 ac
736 3556 745 3578 ,²
764 3549 989 3582 manifestaretur.

342 3602 451 3627 Smnuss
462 3602 564 3627 Timor..
581 3602 614 3627 D.
634 3602 748 3627 Tuomst
766 3602 799 3627 Τ.
817 3602 882 3627 vm.

845 274 1107 321 QUAESTIO
1136 274 1311 320 XXXVI,
1345 273 1636 311 ARTICULUS
1664 274 1699 310 V

2282 274 2356 322 369

974 427 1289 469 ARTICULUS
1319 427 1574 478 QUINTUS

374 520 531 555 UTRUM
552 520 787 552 NAT1V1TAs
810 520 983 551 CHRISTl
1007 520 1226 551 DEBUERIT
1249 520 1332 550 PER
1354 520 1558 551 ANGELos
1580 521 1638 551 ET
1662 521 1864 551 STELLAM
1889 521 2179 552 MANIFESTARl

1137 598 1167 622 In
1186 597 1293 627 Matth„
1313 605 1368 630 cap.
1387 605 1415 624 11.

218 672 254 722 ᾗ,
272 696 380 740 320⁶<
401 689 424 714 n
442 686 603 718 QUINTUM
622 687 675 712 sic
693 687 927 713 Pnocnmrun.
957 675 1117 716 Videtur
1140 676 1246 724 quod
1300 684 1486 724 tanquam
1514 676 1628 712 rebus
1655 675 1917 724 corporalibus
1946 675 2096 723 deditis,
2125 677 2360 714 manifestata

195 754 208 763 .
245 731 268 769 ,“
288 758 297 772 ,
326 733 373 771 ’34
401 740 483 766 non
518 727 692 764 debuerit
726 727 958 764 manifestari
973 740 1061 786 ,per
1093 729 1247 776 angelos
1302 736 1356 765 est
1385 728 1523 765 Christi
1546 727 1719 765 nativitas
1746 740 1815 777 per
1833 728 2088 776 apparitiones
2106 729 2282 766 visibiles.
2312 731 2360 766 Et

1302 780 1393 829 quia
1420 780 1593 818 nativitas
1627 792 1707 817 non
1734 787 1812 817 erat
1844 793 1939 829 pure
1967 789 2135 828 terrena,
2165 782 2231 819 sed
2264 794 2360 831 quo-

1303 833 1515 870 dammodo
1543 833 1722 879 caelestis,
1743 832 1830 869 ideo
1849 845 1918 881 per
1937 833 2042 881 signa
2061 834 2233 871 caelestia
2251 835 2360 871 utris-

1303 897 1379 934 que
1407 885 1581 922 nativitas
1610 885 1749 922 Christi
1781 887 1988 922 revelatur:
2025 894 2068 923 ut
2095 887 2199 923 enim
2230 888 2360 935 Augu-

1304 937 1423 974 stinus
1456 937 1562 985 dicit,
1590 937 1630 974 in
1659 938 1846 974 Sermone
1874 939 1919 975 de
1944 940 2156 988 Epiphania
2173 939 2211 985 ²¹³,
2241 941 2361 976 caelos

1303 991 1432 1039 angeli
1463 991 1645 1035 habitant,
1673 996 1707 1026 et
1732 991 1854 1027 sidera
1886 997 2040 1028 ornant:
2077 993 2237 1041 utrisque
2259 1002 2360 1042 ‘ergo

1307 1057 1325 1075 «
1347 1043 1442 1079 caeli
1467 1048 1646 1079 enarrant
1672 1043 1836 1092 gloriam
1863 1044 1936 1079 Dei
1955 1059 1988 1080 ».

1357 1094 1643 1131 Rationabiliter
1670 1102 1799 1131 autem
1827 1096 2061 1142 Pastoribus,
2090 1104 2275 1145 tanquam
2302 1098 2361 1133 Iu-

1305 1147 1420 1193 daeis,
1450 1147 1554 1195 apud
1582 1159 1681 1195 quos
1709 1147 1925 1195 frequenter
1951 1148 2068 1184 factae
2097 1157 2185 1185 sunt
2212 1149 2360 1198 appari-

1304 1199 1426 1236 tiones
1460 1201 1704 1246 angelorum,
1734 1201 1898 1236 revelata
1931 1208 1986 1236 est
2019 1201 2190 1237 nativitas
2224 1201 2362 1238 Christi

1304 1263 1374 1300 per
1401 1253 1574 1300 angelos:
1610 1251 1733 1299 Magis
1761 1259 1907 1298 autem,
1938 1253 2095 1289 assuetis
2123 1253 2162 1289 in
2190 1254 2362 1290 conside-

1305 1303 1451 1340 ratione
1479 1303 1698 1340 caelestium
1716 1316 1936 1352 corporum,
1957 1305 2193 1342 manifestata
2213 1314 2267 1342 est
2294 1318 2363 1355 per

1305 1356 1458 1404 signum
1477 1358 1615 1393 stellae.
1636 1356 1750 1403 Quia,
1770 1364 1812 1393 ut
1832 1357 2131 1406 Chrysostomus
2150 1358 2238 1394 dicit
2251 1358 2281 1405 ²¹²,
2292 1371 2364 1407 per

1305 1415 1478 1446 consueta
1503 1421 1564 1445 eos
1582 1410 1765 1446 Dominus
1782 1421 1919 1447 vocare
1935 1411 2059 1456 voluit,
2080 1412 2130 1447 eis
2148 1411 2362 1448 condescen-

1305 1462 1404 1498 dens.
1433 1484 1458 1488 -
1487 1462 1554 1498 Est
1581 1469 1710 1498 autem
1739 1469 1775 1498 et
1801 1462 1873 1498 alia
1900 1462 2006 1499 ratio.
2044 1462 2166 1509 Quia,
2196 1470 2237 1499 ut
2270 1463 2362 1500 Gre-

1304 1514 1433 1562 gorius
1460 1513 1549 1550 dicit
1566 1513 1596 1558 ²¹³,
1625 1514 1784 1560 Iudaeis,
1813 1519 1989 1563 tanquam
2014 1517 2156 1552 ratione
2173 1517 2361 1562 utentibus,
2391 1521 2424 1568 ’ν

1305 1567 1486 1604 rationale
1512 1567 1664 1612 animal,
1694 1567 1782 1603 idest
1800 1567 1966 1616 angelus,
1990 1568 2213 1616 praedicare
2231 1568 2361 1605 debuit.

1309 1619 1467 1656 Gentiles
1493 1631 1594 1664 vero,
1624 1622 1686 1668 qui
1704 1621 1756 1655 uti
1773 1621 1915 1656 ratione
1934 1621 2141 1656 nesciebant
2159 1621 2209 1657 ad
2225 1632 2362 1670 cogno-

1304 1672 1478 1708 scendum
1506 1672 1646 1717 Deum,
1676 1683 1749 1708 non
1779 1684 1852 1720 per
1882 1684 2028 1718 vocem,
2056 1672 2122 1709 sed
2148 1685 2220 1721 per
2252 1675 2363 1722 signa

1299 1724 1564 1773 perducuntur.
1606 1725 1653 1760 Et
1685 1725 1776 1760 sicut
1809 1725 2013 1760 Dominum
2048 1726 2123 1761 iam
2157 1725 2363 1774 loquentem

1305 1778 1616 1814 annuntiaverunt
1647 1778 1816 1825 gentihus
1851 1777 2128 1825 praedicatores
2160 1778 2362 1826 loquentes,

1304 1830 1354 1865 ita
1372 1840 1456 1864 eum
1477 1828 1640 1865 nondum
1668 1828 1873 1877 loquentem
1901 1829 2078 1865 elementa
2097 1836 2198 1866 muta
2218 1831 2364 1878 praedi-

1304 1886 1491 1918 caverunt.
1512 1903 1538 1907 —
1558 1881 1625 1917 Est
1652 1887 1781 1916 autem
1801 1888 1836 1917 et
1855 1880 1927 1917 alia
1954 1881 2060 1917 ratio.
2090 1882 2205 1928 Quia,
2225 1890 2268 1918 ut
2287 1884 2364 1918 Au-

1304 1931 1477 1982 gustinus
1490 1933 1510 1955 '³‘
1537 1932 1637 1979 dicit,
1658 1933 1697 1969 in
1718 1933 1904 1970 Sermone
1926 1935 2169 1983 Epiphaniae,
2189 1935 2366 1971 Abrahae

1305 1985 1584 2023 innumerabilis
1611 1991 1690 2022 erat
1711 1987 1898 2034 promissa
1931 1987 2109 2023 successio
2139 1999 2213 2023 non
2242 1989 2365 2024 carnis

1304 2040 1454 2084 semine,
1481 2038 1547 2075 sed
1568 2038 1667 2085 fidei
1690 2039 1920 2085 fecunditate
1945 2039 2175 2088 generanda.
2213 2041 2260 2076 Et
2284 2040 2365 2077 ideo

1303 2091 1492 2127 stellarum
1526 2091 1748 2126 multitudini
1779 2097 1830 2127 est
1863 2097 2100 2140 comparata:
2134 2098 2172 2128 ut
2205 2093 2366 2129 caelestis

1299 2145 1501 2192 progenies
1517 2149 1739 2191 speraretur.
1770 2144 1817 2179 Et
1835 2142 1922 2179 ideo
1946 2143 2111 2191 gentiles,
2132 2146 2169 2180 in
2188 2145 2367 2182 sideribus

1305 2196 1506 2245 designati,
1536 2201 1618 2232 ortu
1654 2196 1742 2232 novi
1765 2195 1893 2232 sideris
1921 2197 2128 2233 excitantur
2158 2204 2201 2233 ut
2231 2209 2366 2245 perve-

1304 2247 1411 2285 niant
1438 2247 1488 2284 ad
1516 2246 1724 2295 Christum,
1753 2259 1822 2296 per
1841 2259 1960 2296 quem
1988 2247 2206 2286 efficiuntur
2233 2261 2366 2286 semen

1305 2301 1494 2337 Abrahae.

1358 2354 1415 2390 AD
1444 2365 1578 2389 PRIMUM
1606 2364 1704 2389 ERGO
1731 2365 1912 2390 DICENDUM
1947 2353 2052 2401 quod
2081 2353 2173 2389 illud
2207 2354 2365 2391 manife-

1305 2405 1465 2442 statione
1493 2405 1635 2452 indiget
1672 2405 1779 2453 quod
1807 2405 1855 2441 de
1883 2417 1923 2441 se
1952 2413 2006 2441 est
2035 2407 2245 2442 occultum:
2285 2418 2366 2443 non

1305 2466 1436 2495 autem
1472 2457 1564 2494 illud
1592 2458 1699 2506 quod
1734 2458 1781 2494 de
1810 2470 1849 2493 se
1883 2466 1938 2494 est
1965 2458 2220 2502 manifestum.
2264 2459 2364 2496 Caro

1306 2518 1435 2548 autem
1463 2510 1545 2547 eius
1578 2510 1644 2558 qui
1677 2510 1903 2547 nascebatur
1937 2518 2014 2546 erat
2042 2510 2259 2547 manifesta:
2298 2511 2366 2547 sed

1306 2562 1482 2600 divinitas
1510 2570 1588 2599 erat
1617 2564 1775 2599 occulta.
1805 2563 1853 2599 Et
1881 2562 1967 2599 ideo
1990 2563 2262 2599 convenienter
2285 2575 2365 2600 ma-

1306 2615 1477 2652 nifestata
1504 2623 1559 2652 est
1594 2614 1656 2652 illa
1683 2615 1857 2652 nativitas
1884 2627 1964 2664 per-
1980 2617 2154 2663 angelos,
2184 2615 2249 2664 qui
2278 2624 2366 2657 sunt

1305 2668 1378 2705 Dei
1405 2667 1578 2705 ministri.
1608 2668 1719 2704 Unde
1747 2675 1783 2704 et
1811 2680 1902 2704 cum
1930 2667 2093 2704 claritate
2121 2669 2276 2715 angelus
2299 2680 2365 2717 ap-

1306 2720 1447 2770 paruit:
1477 2728 1519 2757 ut
1547 2721 1811 2757 ostenderetur
1838 2721 1944 2769 quod
1971 2720 2031 2757 ille
2055 2720 2122 2769 qui
2141 2720 2366 2757 nascebatur

1306 2781 1384 2810 erat
1410 2773 1584 2823 splendor
1604 2778 1788 2822 paternae
1813 2773 1961 2822 gloriae
1978 2772 2008 2808 ³⁸.
2298 2812 2301 2817 Ι

1359 2827 1416 2862 An
1444 2837 1633 2862 sECUNDUM
1659 2837 1840 2862 DICENDUM
1868 2825 1975 2873 quod
2002 2824 2088 2861 iusti
2116 2836 2195 2861 non
2224 2824 2366 2873 indige-

1306 2879 1398 2915 bant
1424 2877 1562 2914 visibili
1589 2876 1824 2926 apparitione
1846 2878 2081 2925 angelorum,
2103 2877 2169 2913 sed
2189 2876 2242 2913 eis
2261 2877 2365 2914 suffi-

1306 2931 1428 2967 ciebat
1455 2929 1609 2966 interior
1635 2929 1831 2966 instinctus
1860 2929 2020 2978 Spiritus
2050 2929 2187 2975 Sancti,
2211 2937 2367 2978 propter

1307 2994 1444 3020 eorum
1471 2981 1755 3030 perfectionem.

1360 3036 1417 3071 AD
1444 3046 1602 3071 TERTIUM
1629 3045 1810 3070 DICENDUM
1838 3033 1945 3082 quod
1973 3035 2077 3070 stella
2105 3045 2203 3082 quae
2232 3033 2365 3071 nativi-

1307 3094 1424 3124 tatem
1453 3085 1591 3123 Christi
1618 3085 1870 3122 manifestavit
1889 3085 1912 3132 t,
1942 3098 2100 3122 omnem
2122 3086 2366 3123 occasionem

1308 3136 1446 3176 erroris
1465 3137 1657 3174 subtraxit.
1678 3139 1727 3175 Ut
1746 3138 1849 3174 enim
1863 3138 2098 3186 Augustinus
2117 3138 2215 3185 dicit,
2236 3145 2366 3176 contra

1308 3193 1483 3228 Faustum
1502 3190 1533 3237 ²⁸,
1563 3190 1656 3227 nulli
1672 3191 1852 3240 astrologi
1868 3193 2129 3228 constituerunt
2148 3193 2197 3228 ita
2217 3204 2365 3228 nascen-

1308 3245 1398 3280 tium
1427 3244 1617 3280 hominum
1635 3243 1723 3290 fata
1749 3245 1816 3280 sub
1842 3243 1965 3289 stellis,
1995 3250 2033 3280 ut
2060 3244 2223 3293 aliquam
2249 3244 2365 3281 stella-

1310 3308 1412 3341 rum,
1441 3296 1589 3332 homine
1622 3295 1745 3344 aliquo
1780 3301 1884 3342 nato,
1913 3297 2084 3333 circuitus
2109 3298 2167 3332 sui
2197 3296 2364 3334 ordinem

1311 3348 1506 3397 reliquisse,
1536 3353 1568 3383 et
1596 3348 1646 3384 ad
1671 3360 1755 3384 eum
1783 3350 1846 3397 qui
1872 3354 1978 3385 natus
2005 3355 2055 3385 est
2076 3350 2288 3398 perrexisse
2310 3361 2365 3386 as-

1363 3477 1388 3511 δ)
1408 3478 1586 3503 adducuntur.
1604 3492 1623 3497 -
1641 3478 1808 3503 deducuntur
1826 3479 1939 3504 BCDFa.
1957 3493 1976 3497 -
1995 3479 2044 3503 Pro
2064 3482 2159 3507 tamen,
2179 3482 2268 3503 autem
2288 3479 2316 3503 Ρ.

1363 3513 1385 3546 ε)
1409 3514 1533 3545 aspicere.
1551 3527 1570 3532 —
1588 3513 1716 3545 inspicere
1734 3514 1806 3538 tertia
1825 3519 1925 3546 praeter
1943 3514 1992 3546 pG.

1361 3549 1387 3583 ζ)
1406 3549 1482 3573 stella
1497 3556 1588 3581 quae...
1604 3549 1816 3582 manifestavit.—-
1828 3550 1931 3575 stella...
1947 3549 2120 3582 manifestans
2134 3548 2207 3573 tertia
2220 3554 2320 3581 praeter
2332 3550 2364 3574 H.

2190 3610 2223 3634 47

2389 944 2397 953 ⁸
2418 943 2492 965 Serm.
2517 943 2599 968 CCIV,

2388 970 2416 990 al.
2427 975 2455 990 ex
2465 969 2598 998 Vignerinn.

2388 995 2439 1048 xil)
2452 995 2491 1022 {In
2514 995 2598 1023 Epiph.

2391 1364 2400 1372 ⁸
2421 1363 2507 1384 Homil.
2524 1362 2556 1383 VI
2575 1363 2600 1384 in

2389 1389 2472 1410 Matth.

2394 1935 2602 1963 ’LeoPapa,Serm.

2392 1962 2489 1983 XXXIII
2499 1978 2505 1988 ,
2538 1963 2603 1983 aliter

2393 1988 2477 2010 xxxii
2486 1988 2603 2016 (lnEpiph.

2392 2015 2446 2041 111),
2461 2020 2510 2042 cap.
2526 2021 2549 2036 n.

2393 2767 2403 2778 ⁸
2415 2766 2454 2788 Aa
2468 2766 2535 2794 Hei„
2552 2772 2604 2794 cap.

2393 2799 2409 2819 1,
2424 2799 2481 2814 vers.
2496 2799 2516 2822 3.

2393 3197 2404 3208 ⁸
2417 3197 2467 3219 Lib.
2482 3197 2510 3224 11,
2522 3203 2572 3225 cap.
2581 3205 2603 3219 v.
