2872 3970
185 379 195 388 ⁸
210 376 246 398 ef.
265 381 329 398 num.
348 381 396 402 xxi⁸

185 422 195 431 ⁵
219 420 255 442 Cs.
284 420 313 441 de
341 419 398 440 Fide

186 447 263 472 Orth„
287 447 326 467 nb.
350 446 397 472 111,

184 479 234 501 cap.
251 479 297 498 xiv,
312 478 376 494 xvni.

183 2042 192 2052 ⁸
206 2042 302 2062 Aristot.
315 2040 391 2062 Meta-

181 2068 250 2095 phys.
279 2067 318 2088 lib.
347 2067 390 2094 Vl,

182 2100 337 2142 {5²3⁹†1{“1e'c¹i.
347 2101 391 2142 ¹2.ss

193 3099 202 3109 ⁸
212 3099 332 3126 Quamv,
339 3103 400 3128 art5.

426 295 500 331 226

479 373 567 402 Tum
582 373 599 388 ²
623 372 698 411 quia
720 372 753 401 in
779 371 906 401 Christo
940 377 1014 402 sunt
1045 371 1126 401 duae
1152 370 1333 400 voluntates
1364 374 1395 399 et
1422 368 1487 399 duo

424 417 513 452 velle,
538 415 715 446 secundum
739 415 982 451 Damascenmn,
1007 425 1075 455 cap.
1099 424 1161 444 an
1181 415 1207 444 *ἦ
1240 413 1302 444 Sed
1325 422 1392 443 esse
1415 413 1488 442 inti-

423 462 506 492 mius
526 470 583 490 seu
603 459 815 490 immediatius
835 469 868 490 se
889 461 983 490 habet
999 459 1038 489 ad
1054 458 1221 489 essentiam
1238 466 1334 497 quam
1350 456 1432 487 velle
1448 455 1488 486 ad

424 505 631 535 voluntatem.
666 504 751 543 Ergo
774 504 873 543 magis
896 513 1025 534 necesse
1042 509 1088 533 est
1103 501 1274 542 plurificari
1290 510 1357 531 esse
1374 510 1486 530 secun-

425 549 503 580 dum
526 548 737 588 pluralitatem
759 553 953 578 naturarum.
977 565 1000 570 -
1023 547 1082 577 Vel
1107 546 1262 576 formetur
1278 546 1331 575 sic.
1356 545 1486 580 Natura,

424 598 460 623 ut
476 592 677 632 distinguitur
692 592 803 622 ‘contra
819 592 1033 632 suppositum,
1050 595 1096 620 est
1112 590 1305 630 principium
1321 588 1485 628 operandi.

425 637 510 677 Ergo
535 642 581 666 est
605 636 699 666 etiam
723 636 916 675 principium
940 634 1063 665 essendi
1086 634 1119 664 in
1139 639 1225 663 actu:
1251 634 1326 673 quia
1343 642 1410 663 esse
1426 633 1486 662 im-

425 680 593 711 mediatius
616 689 649 710 se
672 679 776 715 habet,
794 685 852 709 etc.

479 724 560 754 Xlll.
584 723 635 754 Ad
658 722 848 753 evidentiam
871 723 997 759 horum,
1022 731 1089 753 non
1113 727 1187 751 sunt
1203 721 1262 751 alia
1278 719 1485 750 fundamenta

425 767 576 803 iacienda,
601 767 656 797 sed
679 776 773 806 supra
789 767 930 806 positum
952 768 984 796 in
1002 767 1102 796 littera
1122 765 1367 795 fundamentum
1383 763 1484 794 solide

425 811 652 842 fabricandum.
677 811 830 848 Quamvis
854 811 949 846 enim,
975 810 1051 840 dum
1073 819 1139 839 non
1156 817 1303 838 curamus
1319 807 1359 838 de
1375 807 1484 838 distin-

426 857 531 887 ctione
554 856 635 885 inter
657 863 826 894 personam
851 860 881 884 et
903 861 1064 889 naturam,
1099 853 1240 883 dicamus
1264 860 1331 882 esse
1354 851 1484 882 actualis

425 900 623 934 existentiae,
649 898 687 928 de
711 907 777 937 quo
802 903 848 927 est
871 907 992 934 sermo,
1025 907 1091 927 esse
1119 896 1331 926 actualitatem
1354 901 1484 925 naturae

425 944 580 982 cuiusque
604 947 741 972 creatae:
774 951 848 971 cum
871 947 978 971 tamen
1002 946 1110 971 exacte
1134 940 1322 970 discernitur
1348 948 1484 980 persona

424 998 442 1018 a
464 993 585 1021 natura,
610 985 754 1021 dicimus,
778 991 814 1015 ut
832 986 865 1015 in
882 986 941 1015 hac
956 985 1058 1015 littera
1080 985 1224 1020 habetur,
1248 983 1338 1023 quod
1354 993 1421 1014 esse
1437 989 1484 1014 est

424 1036 511 1062 actus
534 1036 663 1060 naturae
686 1035 722 1059 ut
744 1030 891 1069 principii
915 1039 992 1069 quo,
1016 1038 1170 1069 personae
1194 1033 1301 1058 autem
1325 1033 1361 1058 ut
1379 1028 1484 1058 subie-

424 1076 475 1111 cti,
499 1084 555 1104 seu
579 1073 668 1113 quod
691 1073 784 1103 habet
807 1074 913 1113 ipsum
937 1083 1015 1103 esse.
1040 1073 1084 1103 Ita
1101 1071 1190 1112 quod
1205 1077 1316 1102 natura
1332 1077 1379 1102 est
1397 1072 1484 1112 prin-

423 1119 543 1159 cipium
567 1127 633 1157 quo
657 1117 876 1147 immediatum
899 1118 997 1157 ipsius
1021 1126 1106 1147 esse:
1131 1115 1186 1146 sed
1204 1125 1272 1146 non
1289 1121 1335 1146 est
1350 1116 1484 1156 recepti-

422 1173 499 1193 vum
522 1161 742 1192 immediatum
766 1162 864 1201 ipsius
889 1171 970 1197 esse,
995 1160 1051 1191 sed
1074 1160 1233 1191 mediante
1256 1169 1403 1200 persona.
1438 1160 1484 1190 Ita

423 1206 512 1247 quod
540 1211 667 1246 oportet
697 1211 842 1236 naturam
865 1206 1028 1245 personari
1061 1204 1100 1235 ad
1123 1205 1186 1234 hoc
1216 1209 1253 1234 ut
1275 1204 1314 1234 ab
1337 1213 1374 1234 ea
1396 1204 1483 1244 prin-

423 1252 557 1291 cipietur
587 1249 749 1280 actualiter
778 1250 884 1289 ipsum
917 1259 1002 1280 esse:
1033 1258 1100 1279 non
1132 1258 1170 1278 ex
1196 1247 1324 1279 defectu
1352 1253 1483 1278 naturae

422 1294 639 1335 principiantis
662 1299 698 1324 ut
721 1303 804 1333 quo3
829 1293 884 1324 sed
908 1294 982 1334 quia
1006 1292 1155 1323 deficeret
1178 1293 1395 1332 susceptivum
1418 1292 1482 1332 pri-

422 1349 512 1370 mum
535 1339 633 1378 ipsius
657 1347 740 1374 esse,
772 1338 798 1367 si
820 1347 887 1367 non
911 1343 991 1368 esset
1013 1342 1198 1377 personata;
1232 1345 1369 1376 persona
1395 1337 1483 1366 enim

423 1389 470 1413 est
494 1383 545 1412 cui
568 1382 672 1422 primo
697 1383 847 1412 convenit
870 1391 938 1412 esse
962 1387 997 1412 ut
1020 1381 1174 1417 subiecto,
1199 1390 1257 1411 seu
1281 1379 1371 1420 quod
1389 1380 1484 1411 habet

422 1436 500 1460 esse.
524 1436 580 1456 seu
604 1425 692 1466 quod
716 1431 771 1456 est.

477 1471 517 1501 Et
533 1471 557 1500 si
573 1471 620 1500 his
637 1469 814 1500 adiunxeris
831 1469 920 1509 quod
935 1475 1046 1500 natura
1062 1478 1229 1509 nunquam
1253 1473 1299 1499 est
1315 1467 1405 1509 quod
1425 1473 1481 1506 est,

421 1514 476 1544 sed
503 1523 628 1554 semper
654 1519 700 1543 est
730 1523 796 1554 quo
825 1519 886 1544 est:
918 1514 1078 1544 invenitur
1101 1513 1260 1553 siquidem
1282 1518 1394 1543 natura
1417 1513 1481 1543 exi-

421 1564 504 1588 stens
534 1568 601 1588 non
624 1563 660 1587 ut
684 1567 765 1597 quae
797 1558 916 1594 existit,
945 1557 1001 1588 sed
1023 1563 1059 1588 ut
1082 1567 1146 1597 qua
1171 1557 1285 1597 aliquis
1316 1557 1436 1587 existit:
1459 1575 1484 1579 —

420 1602 590 1642 perspicies
614 1601 689 1631 duo.
714 1602 873 1638 Primum,
899 1602 988 1642 quod
1016 1601 1055 1632 ad
1083 1602 1146 1632 hoc
1170 1600 1259 1641 quod
1282 1607 1394 1631 natura
1418 1601 1482 1631 exi—

419 1651 494 1681 stat,
519 1655 586 1676 non
619 1646 752 1685 exigitur
775 1645 864 1686 quod
886 1646 955 1686 ipsa
977 1651 1122 1676 actuetur
1143 1655 1201 1686 per
1225 1645 1423 1675 existentiam
1446 1650 1483 1675 ut

419 1690 596 1720 subiectum
621 1695 764 1720 actuatur
787 1699 843 1730 per
863 1690 1000 1720 formam
1023 1691 1056 1720 in
1080 1699 1137 1726 eo;
1169 1689 1224 1720 sed
1247 1689 1363 1719 sufficit
1393 1688 1482 1729 quod

418 1735 486 1774 ipsa
501 1734 539 1764 sit
556 1743 619 1773 qua
642 1734 755 1773 aliquis
772 1735 883 1764 existit.
917 1734 984 1764 Nec
1001 1735 1119 1764 mirum
1135 1739 1182 1764 est
1204 1733 1376 1764 scientibus
1393 1732 1482 1773 quod

418 1788 485 1808 non
502 1778 610 1808 omnia
633 1787 700 1808 uno
725 1777 906 1818 eodemque
929 1778 1029 1809 modo
1046 1783 1129 1814 sunt,
1146 1777 1202 1808 sed
1224 1783 1271 1807 sat
1287 1782 1334 1808 est
1356 1777 1481 1808 unicui-

419 1832 481 1862 que
505 1823 627 1852 entium
651 1831 718 1852 esse
741 1821 842 1852 modo
863 1823 922 1852 sibi
938 1823 1152 1852 convenienti.
1177 1821 1258 1852 Sunt
1279 1822 1365 1852 enim
1388 1821 1481 1852 multi

419 1866 541 1896 essendi
554 1865 652 1896 modi.
670 1866 711 1895 Et
726 1867 844 1896 naturis
857 1865 988 1906 quidem
1001 1875 1037 1896 ac
1053 1866 1164 1896 formis
1180 1875 1344 1896 consonus
1357 1865 1481 1896 essendi

418 1910 533 1940 modus
567 1916 631 1946 est,
655 1919 723 1940 non
753 1916 789 1940 ut
815 1910 876 1940 sint
906 1915 1059 1950 tanquam
1082 1909 1172 1950 quod
1195 1915 1258 1946 est,
1283 1909 1339 1939 sed
1362 1914 1398 1940 ut
1419 1909 1482 1939 sint

418 1960 570 1994 tanquam
593 1963 660 1994 quo
685 1959 744 1984 est:
769 1964 830 1984 nec
852 1954 924 1994 plus
941 1955 985 1984 eis
1005 1953 1147 1984 debetur.
1172 1954 1271 1990 Sicut,
1288 1953 1374 1993 apud
1396 1953 1481 1983 Peri—

418 1999 589 2038 pateticos,
614 1998 808 2038 principium
832 2004 878 2028 est
901 1998 1116 2029 indubitatum
1140 1997 1229 2038 quod
1247 1997 1385 2039 formae
1407 2002 1483 2028 sunt

418 2048 449 2073 et
471 2052 534 2072 non
558 2047 635 2073 sunt
656 2042 773 2082 absque
795 2042 847 2072 sui
868 2043 1080 2084 generatione
1103 2047 1135 2073 et
1156 2042 1365 2082 corruptione
1379 2042 1406 2072 ⁴.

472 2086 570 2117 Aliud
594 2092 640 2117 est
657 2085 756 2126 quod,
774 2087 848 2126 quia
864 2087 951 2126 prius
966 2092 1078 2117 natura
1093 2091 1283 2127 personatur
1299 2095 1397 2126 quam
1416 2086 1481 2116 exi-

418 2131 564 2161 stentiam
587 2131 749 2170 propriam
773 2132 962 2167 constituat,
987 2131 1130 2161 intimior
1153 2135 1200 2160 est
1222 2139 1359 2170 persona
1389 2135 1481 2160 natu-

418 2185 470 2205 rae
494 2184 591 2214 quam
614 2175 787 2205 existentia.
815 2175 863 2205 Ac
886 2184 944 2215 per
966 2175 1040 2210 hoc,
1064 2175 1090 2205 si
1113 2179 1219 2215 potest
1241 2174 1418 2214 praeveniri
1439 2183 1481 2204 ne

420 2219 591 2249 constituat
612 2219 774 2259 propriam
797 2228 984 2259 personam,
1013 2219 1116 2249 multo
1140 2218 1240 2258 magis
1262 2223 1369 2258 potest
1391 2227 1482 2258 prae-

418 2263 518 2293 veniri
541 2273 581 2293 ne
605 2264 776 2293 constituat
793 2263 1007 2293 existentiam:
1033 2263 1144 2294 ordine
1164 2262 1323 2303 siquidem
1339 2261 1482 2302 quodam

419 2307 624 2347 personalitas
647 2307 744 2347 prius,
770 2313 801 2337 et
824 2308 987 2337 existentia
1011 2307 1125 2338 deinde
1149 2317 1167 2337 a
1181 2312 1294 2338 natura
1317 2307 1482 2337 constitui-

419 2357 480 2387 tur,
505 2357 634 2391 propter
657 2356 728 2381 ante
752 2351 869 2381 dictam
891 2352 1058 2382 rationem.

475 2396 516 2425 Et
538 2405 575 2425 ex
592 2396 639 2425 his
663 2396 805 2435 sequitur
827 2396 972 2426 tertium:
997 2395 1087 2436 quod
1101 2401 1214 2426 natura
1230 2405 1338 2426 carens
1354 2395 1483 2436 propria

420 2439 642 2480 personalitate
673 2440 748 2479 quia
770 2440 971 2479 praevenitur
997 2441 1035 2470 ab
1060 2440 1178 2475 aliena,
1211 2445 1340 2480 oportet
1370 2449 1482 2470 conse-

421 2489 554 2524 quenter
577 2483 665 2523 quod
689 2484 941 2524 careat'propria
966 2485 1139 2514 existentia.
1164 2483 1197 2514 Si
1213 2484 1299 2514 enim
1319 2484 1482 2514 existentia

420 2528 548 2568 propria
577 2537 644 2557 non
670 2527 818 2567 provenit
844 2528 883 2557 ab
913 2528 982 2567 ipsa
1011 2528 1174 2558 actualiter
1203 2528 1264 2558 nisi
1294 2528 1328 2558 in
1354 2528 1483 2568 propria

421 2581 566 2612 persona,
591 2581 629 2601 ex
652 2572 715 2601 hoc
737 2572 809 2611 ipso
833 2571 922 2611 quod
938 2571 977 2602 ad
996 2572 1131 2602 alienam
1147 2573 1279 2602 trahitur
1301 2581 1482 2612 personam,

422 2617 563 2655 sequitur
579 2615 667 2655 quod
684 2615 723 2645 ad
738 2615 873 2645 alienam
889 2616 1022 2646 trahitur
1040 2617 1247 2652 existentiam,
1264 2615 1348 2646 illius
1363 2616 1484 2646 scilicet

422 2669 576 2699 personae
599 2659 830 2699 praevenientis
853 2660 964 2699 ipsam.
989 2660 1030 2690 Et
1052 2670 1168 2696 rursus,
1193 2661 1218 2690 si
1235 2660 1397 2691 existentia
1415 2669 1484 2691 non

423 2703 554 2734 debetur
576 2709 706 2733 naturae
737 2708 772 2733 ut
796 2702 885 2743 quod
908 2709 971 2739 est,
1000 2704 1054 2734 sed
1081 2710 1117 2734 ut
1144 2714 1210 2744 quo
1235 2710 1296 2740 est,
1328 2714 1484 2744 personae

423 2753 529 2777 autem
552 2753 587 2777 ut
611 2746 717 2787 quod;
743 2757 780 2778 ex
803 2748 865 2777 hoc
880 2748 950 2787 ipso
968 2748 1056 2788 quod
1080 2754 1191 2779 natura
1207 2749 1339 2779 trahitur
1354 2748 1394 2779 ad
1409 2749 1484 2779 alie-

423 2801 497 2821 nam
520 2801 689 2831 personam
712 2797 748 2821 ut
771 2791 810 2821 sit
833 2800 899 2831 quo
924 2797 986 2828 est,
1015 2793 1157 2832 sequitur
1181 2792 1270 2832 quod
1293 2792 1485 2823 sufficienter

424 2841 595 2865 consecuta
618 2841 664 2865 est
688 2836 900 2866 existentiam:
927 2837 1002 2876 quia
1026 2842 1197 2867 consecuta
1217 2842 1264 2867 est
1287 2837 1485 2867 existentiam

424 2878 507 2909 illius
530 2888 683 2918 personae
706 2879 806 2910 modo
830 2881 1033 2911 convenienti
1056 2882 1116 2921 ipsi
1139 2886 1283 2916 naturae,
1307 2881 1427 2911 scilicet
1449 2886 1485 2911 ut

426 2932 502 2962 quo.
537 2923 609 2953 Hoc
637 2925 722 2954 enim
748 2925 853 2964 ipsum
886 2925 974 2965 quod
1002 2931 1048 2955 est
1079 2930 1223 2955 naturam
1250 2925 1390 2965 aliquam
1417 2934 1484 2955 esse

425 2972 568 2997 naturam
592 2967 724 2998 alicuius
747 2978 902 3008 personae
926 2975 999 3000 actu
1023 2970 1192 3005 existentis,
1217 2974 1264 2999 est
1286 2974 1432 2999 naturam
1448 2969 1485 2999 il-

426 3010 488 3040 lam
512 3011 658 3041 existere:
683 3013 748 3043 sive
771 3022 908 3053 persona
926 3014 978 3044 illa
1002 3014 1041 3043 sit
1062 3014 1232 3043 constituta
1255 3022 1312 3053 per
1327 3013 1413 3043 illam
1429 3022 1485 3043 na-

426 3059 538 3089 turam,
562 3055 627 3085 sive
650 3065 726 3086 non.

481 3098 562 3128 XIV.
587 3099 675 3129 Sicut
690 3100 783 3139 igitur
798 3101 831 3130 in
849 3100 986 3137 Christo,
1003 3106 1039 3131 ut
1055 3101 1185 3131 inferius
1201 3102 1218 3118 ⁴*
1241 3101 1370 3141 patebit,
1386 3110 1485 3132 unam

427 3147 549 3171 tantum
572 3141 758 3173 filiationem
781 3144 966 3175 relationem
990 3145 1106 3175 realem
1130 3146 1280 3185 ponimus
1305 3154 1342 3175 ex
1359 3144 1485 3176 defectu

427 3186 569 3221 subiecti,
593 3186 635 3215 ita
657 3187 691 3215 in
715 3186 856 3223 Christo,
882 3198 919 3217 ex
943 3187 1069 3218 defectu
1093 3189 1225 3219 subiecti
1248 3189 1358 3229 primi,
1383 3198 1484 3220 unum

428 3234 550 3259 tantum
563 3239 630 3259 esse
646 3230 805 3268 ponimus.
822 3231 964 3261 Primum
981 3233 1065 3261 enim
1082 3233 1292 3263 substantialis
1304 3233 1486 3264 existentiae

429 3273 606 3302 subiectum
631 3278 676 3302 est
699 3282 843 3312 persona.
867 3275 1035 3314 Repugnat
1057 3281 1164 3305 autem
1188 3276 1311 3306 divinae
1331 3286 1485 3316 personae

430 3316 591 3346 existentia
615 3321 726 3351 creata,
751 3316 869 3356 duplici
893 3318 1023 3348 ratione.
1047 3319 1150 3348 Prima
1174 3325 1220 3350 est
1244 3330 1281 3350 ex
1305 3319 1484 3351 divinitate:

432 3360 506 3398 quia
532 3359 636 3389 divina
663 3369 798 3399 persona
828 3369 895 3390 non
922 3366 1026 3399 potest
1056 3363 1195 3401 recipere
1225 3363 1257 3393 in
1280 3374 1313 3394 se
1345 3370 1485 3395 creatum

432 3402 559 3441 aliquid.
584 3402 728 3433 Secunda
753 3408 799 3433 est
821 3413 858 3433 ex
882 3405 1046 3434 communi
1071 3406 1191 3435 ratione
1214 3415 1386 3445 personae:
1411 3409 1486 3447 quia

432 3454 585 3484 personae
608 3447 703 3476 unius
733 3456 799 3476 non
824 3452 870 3476 est
900 3447 959 3476 nisi
983 3457 1084 3477 unum
1108 3458 1175 3478 esse
1199 3450 1410 3481 substantiale.
1446 3452 1486 3481 Et

432 3489 509 3518 haec
533 3490 610 3519 ratio
638 3490 670 3519 in
694 3490 794 3520 littera
821 3491 960 3530 ponitur.
995 3491 1171 3528 Quocirca,
1204 3494 1278 3531 quia
1307 3493 1486 3525 humanitas

434 3532 548 3562 Christi
572 3539 738 3571 praeventa
754 3539 800 3563 est
815 3534 846 3563 in
863 3534 1013 3574 mysterio
1029 3534 1252 3565 incarnationis
1268 3542 1303 3566 ut
1325 3538 1486 3578 propriam

434 3584 499 3605 non
524 3576 684 3606 sortiretur
707 3577 971 3616 personalitatem,
995 3576 1050 3607 sed
1066 3577 1105 3606 ad
1121 3579 1375 3616 personalitatem
1390 3580 1487 3611 Verbi

434 3624 593 3659 assumpta
618 3625 676 3654 est;
700 3620 773 3650 ideo
797 3621 886 3660 quasi
909 3619 1060 3660 impedita
1085 3626 1130 3650 est
1154 3631 1170 3650 a
1194 3622 1324 3661 proprio
1348 3632 1432 3659 esse,
1457 3629 1488 3654 et

1113 291 1376 339 QUAESTIO
1405 289 1525 337 XVII,
1559 290 1852 329 ARTICULUS
1880 292 1911 329 11

1543 374 1589 398 est
1611 369 1720 399 sortita
1751 379 1818 400 esse
1841 379 1996 410 personae
2020 370 2161 407 divinae,
2193 380 2231 400 ex
2260 371 2323 401 hoc
2345 372 2416 412 ipso
2445 371 2534 412 quod
2557 377 2604 403 est

1542 412 1666 443 divinae
1689 422 1845 453 personae
1867 420 1988 451 natura,
2013 414 2096 445 dicta
2115 414 2154 444 de
2170 414 2222 444 illa
2239 415 2270 445 in
2287 415 2373 455 quid.
2397 415 2502 446 Habet
2517 417 2604 447 enim

1542 465 1580 486 ex
1602 457 1666 487 hoc
1689 466 1784 488 suum
1807 458 1931 489 essendi
1959 458 2112 495 modurn,
2136 459 2256 489 scilicet
2283 468 2350 490 esse
2373 465 2409 489 ut
2431 460 2604 500 quonya-

1540 505 1611 530 tura
1634 501 1720 531 enim
1742 511 1898 542 personae
1922 508 1968 533 est
1990 508 2026 533 ut
2050 512 2132 542 quo:
2156 512 2216 533 nec
2239 502 2312 543 plus
2335 503 2394 533 sibi
2417 502 2558 534 debetur.

1594 544 1664 575 XV.
1687 544 1740 576 Ad
1761 546 1867 586 primo
1890 555 1966 586 ergo
1986 547 2111 577 obiecta
2127 552 2238 577 contra
2261 546 2505 578 fundamentum
2529 557 2602 588 pro·

1541 597 1657 624 cessus,
1681 589 1756 629 quia
1778 589 1864 620 idem
1887 595 1935 620 est
1957 599 2024 621 esse
2043 595 2173 621 naturae
2197 595 2228 622 et
2250 599 2406 631 personae
2421 591 2448 627 θ,
2471 600 2604 632 respon—

1541 631 1648 662 detur:
1679 633 1912 672 praemittendo
1940 639 2048 664 tamen
2072 634 2161 674 quod
2184 633 2430 666 fundamentum
2452 635 2603 666 Auctoris

1541 681 1587 705 est
1611 676 1742 716 quidem
1765 677 1912 708 identitas
1934 678 2034 718 ipsius
2057 687 2125 709 esse
2151 684 2297 719 respectu
2319 684 2451 709 naturae
2477 683 2510 710 et
2531 688 2604 719 per-

1540 728 1648 756 sonae,
1672 720 1728 751 sed
1750 730 1818 752 non
1841 722 1909 752 sola
1931 721 2096 758 identitas3
2123 722 2193 758 sed,
2218 721 2366 753 adiuncta
2388 722 2478 753 modi
2501 722 2603 754 diver-

1539 763 1629 794 sitate
1651 770 1799 804 respectu
1822 766 1998 805 utriusque,
2023 766 2098 807 quia
2120 766 2239 797 scilicet
2261 766 2340 797 illud
2362 766 2448 797 idem
2465 775 2533 797 esse
2556 770 2604 798 est

1538 812 1669 838 naturae
1685 813 1721 838 ut
1736 817 1814 849 quo,
1833 818 1990 849 personae
2004 815 2040 840 ut
2056 809 2154 850 quod.
2179 810 2227 841 Ex
2242 810 2405 841 identitate
2421 811 2507 841 enim
2522 819 2601 847 esse,

1539 861 1614 882 curn
1637 852 1697 882 hac
1719 851 1809 883 modi
1833 852 2020 890 diversitate,
2044 853 2190 893 procedit
2211 854 2324 891 littera,
2348 859 2385 885 ut
2406 859 2503 895 patet.
2539 854 2602 886 Sed

1539 895 1664 932 Scottis,
1689 902 1810 932 contra,
1834 897 1936 927 solam
1959 897 2156 928 identitatem
2172 897 2261 928 affert
2278 906 2338 939 pro
2354 907 2458 929 causa.
2482 898 2524 929 Et
2538 898 2602 929 hoc

1539 945 1586 970 est
1600 940 1741 980 primum
1753 941 1786 971 in
1806 949 1873 981 quo
1886 946 2109 981 argumentum
2125 940 2240 972 deficit.
2251 959 2276 965 -
2285 941 2514 978 Veruntamen,
2526 943 2603 983 quia

1538 983 1684 1014 identitas
1708 993 1841 1025 quoque
1864 993 1958 1015 causa
1978 990 2041 1021 est,
2071 985 2283 1025 respondetur
2309 985 2399 1026 quod
2421 985 2498 1016 falsa
2520 987 2601 1017 ratio

1537 1027 1678 1058 redditur
1701 1038 1798 1068 quare
1822 1038 1890 1059 esse
1913 1034 1960 1059 est
1981 1038 2084 1060 unum
2107 1029 2284 1069 utriusque,
2309 1030 2385 1070 quia
2399 1029 2519 1060 scilicet
2533 1039 2602 1061 non

1538 1071 1688 1102 differunt
1710 1082 1744 1103 re
1768 1072 1883 1113 aliqua.
1911 1072 2086 1111 Quoniam,
2109 1078 2147 1103 ut
2167 1078 2255 1114 patet
2278 1082 2315 1104 ex
2339 1073 2484 1113 superius
2499 1074 2517 1091 ⁸
2540 1073 2602 1104 dis-

1538 1116 1654 1152 cussis,
1681 1125 1819 1156 persona
1841 1115 1927 1147 addit
1949 1125 2017 1147 rem
2041 1117 2180 1157 aliquam
2202 1126 2298 1157 supra
2319 1122 2485 1148 naturam:
2516 1116 2604 1148 addit

1537 1160 1623 1190 enim
1646 1161 1904 1191 terminationem
1927 1161 2036 1201 ipsius.
2072 1160 2165 1192 Unde
2195 1166 2419 1202 argumentum
2442 1161 2531 1192 Scoti
2553 1170 2603 1192 as·

1537 1205 1635 1234 sumit
1657 1209 1688 1235 et
1710 1214 1923 1235 non-causam
1945 1214 2005 1245 pro
2029 1214 2133 1242 causa,
2150 1210 2182 1235 et
2198 1205 2322 1236 falsum.
2337 1223 2361 1228 —
2382 1205 2465 1236 Vera
2494 1210 2603 1236 autem

1538 1257 1632 1279 causa
1655 1254 1702 1279 est
1725 1249 1800 1289 quia
1823 1258 1892 1280 esse
1914 1250 2091 1289 unicuique
2113 1249 2159 1280 rei
2181 1249 2298 1280 sufficit
2312 1258 2372 1279 suo
2388 1249 2500 1280 modo.
2523 1249 2603 1281 Pro-

1536 1297 1645 1332 pterea
1657 1293 1743 1323 enim
1754 1302 1911 1333 personae
1923 1298 1955 1323 et
1969 1293 2189 1333 personalibus
2201 1294 2352 1324 omnibus
2367 1292 2484 1324 sufficit
2497 1295 2602 1325 unum

1537 1346 1615 1373 esse,
1641 1337 1716 1376 quia
1739 1337 1855 1368 eodem
1875 1346 1943 1368 esse
1964 1346 2101 1378 persona
2120 1342 2167 1368 est
2189 1343 2225 1368 ut
2248 1337 2348 1378 quod,
2371 1337 2551 1378 personalia
2565 1341 2603 1368 ut

1538 1389 1615 1421 quo,
1638 1381 1690 1411 vel
1713 1381 1891 1412 secundum
1915 1381 2014 1422 quod,
2038 1381 2089 1412 vel
2112 1381 2176 1412 alio
2198 1381 2292 1412 simili
2315 1381 2426 1412 modo.

1593 1425 1634 1455 Et
1656 1434 1713 1465 per
1735 1425 1821 1456 idem
1844 1430 1930 1466 patet
1952 1426 2119 1466 responsio
2142 1425 2182 1456 ad
2205 1424 2494 1456 confirmationem.
2525 1425 2602 1456 Non

1537 1474 1667 1509 oportet
1682 1469 1768 1499 enim
1791 1478 1962 1510 personam
1985 1469 2134 1510 supplere
2153 1468 2351 1500 identitatem
2375 1479 2450 1500 curn
2471 1474 2600 1500 natm-az

1536 1513 1593 1543 sed
1622 1512 1738 1543 sufficit
1766 1513 1856 1554 quod
1885 1513 2032 1554 suppleat
2061 1513 2318 1554 personalitatem
2345 1513 2430 1544 illius
2458 1518 2600 1544 naturae.

1536 1557 1584 1587 Ex
1600 1557 1663 1587 hoc
1680 1557 1765 1587 enim
1789 1557 1879 1598 quod
1897 1558 2039 1588 Verbum
2055 1557 2183 1598 supplet
2198 1557 2402 1588 humanitatis
2418 1560 2600 1597 personam,

1536 1601 1665 1641 supplet
1687 1602 1783 1632 etiam
1805 1601 1890 1632 illius
1913 1610 1998 1632 esse:
2023 1602 2099 1642 quia
2122 1601 2158 1632 fit
2179 1602 2287 1641 ipsum
2307 1601 2396 1642 quod
2418 1606 2466 1632 est
2488 1601 2603 1632 huma·

1536 1645 1652 1681 nitatis,
1676 1655 1713 1675 ac
1728 1654 1786 1685 per
1801 1645 1864 1676 hoc
1887 1645 2067 1676 humanitas
2089 1646 2192 1676 existit
2214 1650 2251 1676 ut
2273 1654 2340 1685 quo
2365 1650 2412 1675 est
2433 1653 2600 1686 personae,

1537 1698 1620 1729 quae
1644 1694 1690 1719 est
1712 1689 1916 1720 humanitatis
1941 1689 2031 1730 quod
2054 1694 2110 1720 est.

1590 1732 1642 1763 Ad
1665 1733 1791 1764 obiecta
1813 1743 1890 1764 vero
1914 1733 2058 1764 eiusdem
2088 1739 2199 1765 contra
2225 1742 2327 1764 unum
2357 1742 2425 1764 esse
2450 1732 2547 1773 partis
2569 1737 2603 1764 et

1535 1786 1691 1817 personae
1706 1778 1733 1814 ’ξ
1758 1777 1969 1818 respondetur
1991 1777 2098 1818 quod,
2122 1778 2148 1808 si
2169 1778 2217 1808 vis
2239 1777 2294 1808 fiat
2316 1778 2350 1808 in
2371 1777 2489 1814 verbis,
2513 1785 2602 1808 aasu—

1534 1822 1632 1851 mitur
1654 1831 1833 1852 non-causa
1856 1827 1892 1852 ut
1915 1831 2019 1852 causa.
2051 1822 2127 1852 Non
2150 1822 2236 1852 enim
2259 1821 2334 1852 ideo
2357 1830 2428 1862 pars
2452 1826 2500 1852 eet
2521 1828 2600 1852 con-

1534 1870 1621 1895 tenta
1644 1865 1715 1905 ipso
1739 1875 1807 1896 esse
1833 1866 1933 1896 totius
1957 1866 2032 1906 quia
2054 1865 2216 1906 perficitur
2238 1875 2296 1906 per
2323 1865 2461 1896 formam
2483 1865 2599 1896 totius:

1534 1908 1591 1939 sed
1614 1910 1690 1949 quia
1712 1915 1834 1949 spectat
1857 1909 1896 1940 ad
1919 1910 2131 1950 integritatem
2153 1910 2261 1940 totius.
2296 1910 2345 1940 Ex
2367 1909 2431 1940 hoc
2453 1909 2541 1940 enim
2562 1908 2600 1940 fit

1534 1958 1571 1983 ut
1592 1953 1632 1983 sit
1655 1958 1807 1984 contenta
1828 1953 1929 1984 modo
1953 1953 2078 1984 essendi
2101 1963 2247 1994 congruo
2263 1963 2300 1984 ac
2316 1953 2424 1984 debito
2439 1954 2600 1994 integran-

1534 1997 1619 2028 tibus
1641 2006 1831 2037 personam:
1856 1998 1985 2034 scilicet,
2009 2003 2046 2028 ut
2061 1998 2195 2028 existant
2216 2006 2274 2038 per
2289 1997 2420 2028 existere
2435 1997 2544 2034 totius,
2561 2006 2600 2028 ex

1534 2041 1598 2071 hoc
1621 2041 1692 2081 ipso
1717 2041 1806 2082 quod
1828 2042 1927 2072 totius
1949 2042 2134 2082 integrativa
2149 2047 2232 2072 sunt.
2256 2042 2298 2072 Et
2319 2041 2601 2082 proportionaliter

1534 2085 1567 2115 in
1590 2086 1759 2125 proposito
1783 2085 1897 2116 dicitur
1920 2085 2019 2126 quod,
2042 2086 2118 2126 quia
2136 2086 2315 2116 humanitas
2331 2085 2449 2116 Christi
2463 2085 2601 2126 pertinet

1535 2128 1575 2159 ad
1597 2129 1854 2169 personalitatem
1878 2129 1995 2160 Christi
2025 2130 2101 2170 quia
2124 2135 2171 2160 est
2193 2134 2355 2170 assumpta
2377 2129 2469 2170 quasi
2491 2128 2532 2160 ad
2549 2129 2599 2160 in-

1534 2174 1712 2213 tegritatem
1735 2183 1892 2214 personae
1915 2173 2052 2211 Christi;
2076 2183 2144 2204 non
2167 2174 2258 2214 quasi
2276 2173 2424 2214 suppleat
2439 2172 2600 2205 defectum

1535 2217 1676 2258 aliquem
1699 2218 1733 2248 in
1755 2227 1892 2258 persona
1916 2217 2043 2254 Christi,
2067 2217 2123 2248 sed
2138 2223 2175 2248 ut
2189 2218 2229 2248 sit
2243 2227 2380 2258 persona
2396 2216 2514 2248 Christi
2527 2226 2601 2259 per-

1534 2271 1614 2292 sona
1635 2261 1720 2292 illius
1742 2262 1964 2292 humanitatis:
1996 2261 2070 2293 ideo
2100 2262 2280 2292 humanitas
2306 2261 2423 2292 Christi
2453 2270 2522 2292 non
2547 2261 2602 2293 dat

1534 2315 1658 2336 novum
1682 2315 1750 2336 esse
1773 2306 1920 2343 Christo,
1955 2306 2011 2337 sed
2038 2311 2188 2336 contenta
2214 2311 2262 2336 est
2289 2315 2435 2336 consono
2461 2305 2522 2336 sibi
2551 2314 2601 2336 ee·—

1535 2349 1625 2380 sendi
1647 2349 1763 2386 modo,
1786 2355 1823 2381 ut
1845 2350 1966 2381 scilicet
1988 2351 2098 2381 existat
2121 2359 2159 2380 ex
2181 2350 2246 2380 hoc
2267 2350 2339 2390 ipso
2363 2349 2453 2390 quod
2475 2354 2523 2380 est
2542 2358 2601 2381 na-

1535 2399 1606 2424 tura
1629 2393 1756 2424 Christi.
1772 2413 1796 2417 -
1817 2394 1870 2425 Ad
1892 2395 2116 2435 probationem
2139 2399 2256 2430 autem,
2281 2394 2366 2434 quia,
2390 2394 2414 2424 si
2437 2402 2510 2434 pars
2531 2402 2601 2425 mo-

1535 2443 1625 2468 neret
1641 2438 1787 2469 distincta
1805 2449 1823 2469 a
1845 2444 1916 2469 toto
1932 2444 1968 2469 ut
1989 2439 2087 2479 prius,
2105 2443 2181 2469 etc.:
2213 2437 2328 2468 dicitur
2343 2436 2433 2478 quod
2446 2438 2506 2468 ista
2521 2439 2600 2469 con*-

1537 2482 1696 2513 ditionalis
1725 2492 1794 2513 non
1823 2483 1939 2523 probat
1969 2482 2190 2523 probandum;
2215 2482 2371 2522 quoniam
2402 2490 2479 2512 cum
2499 2481 2600 2522 ipsius

1536 2527 1667 2557 veritate
1690 2532 1750 2557 stat
1779 2526 1897 2557 falsitas
1926 2526 2060 2557 causalis
2083 2530 2277 2567 assumptae,
2302 2534 2385 2566 quae
2407 2530 2521 2566 negata
2542 2530 2600 2556 eat.

1591 2571 1820 2607 Veruntamen,
1836 2570 1876 2601 ad
1898 2580 1966 2601 rem
1982 2569 2129 2607 dicendo,
2145 2579 2213 2600 non
2236 2569 2384 2600 faciendo
2395 2570 2462 2600 vim
2477 2570 2512 2600 in
2529 2577 2602 2601 vet·

1537 2615 1595 2651 bis,
1611 2615 1822 2655 respondetur
1837 2614 1936 2655 quod,
1949 2615 1975 2644 si
1990 2623 2062 2654 pars
2073 2618 2250 2645 remaneret
2261 2613 2407 2644 distincta
2418 2619 2450 2644 et
2465 2614 2600 2645 omnino

1538 2659 1659 2690 diversa
1675 2669 1693 2690 a
1707 2664 1789 2695 toto,
1802 2658 1880 2689 dum
1895 2663 2003 2689 tamen
2019 2664 2101 2689 esset
2115 2659 2175 2689 toti
2191 2659 2280 2688 unita
2295 2667 2367 2698 pars
2382 2657 2600 2699 personaliter,

1537 2713 1606 2734 non
1629 2702 1752 2733 afferret
1773 2712 1897 2733 novum
1921 2711 1999 2739 esse,
2016 2702 2072 2733 sed
2095 2703 2240 2733 existeret
2255 2712 2312 2742 per
2335 2712 2403 2733 esse
2419 2702 2469 2733 sui
2490 2702 2600 2734 totius.

1538 2748 1579 2778 Et
1594 2748 1627 2778 in
1642 2747 1810 2788 proposito
1826 2747 2005 2777 humanitas
2022 2746 2139 2777 Christi
2154 2756 2223 2777 non
2238 2747 2283 2777 sic
2299 2746 2426 2777 advenit
2445 2743 2602 2787 personae

1538 2791 1663 2822 divinae
1678 2797 1715 2822 ut
1730 2791 1770 2821 sit
1792 2790 1938 2821 distincta
1953 2791 1992 2821 ab
2010 2791 2064 2821 illa
2087 2791 2170 2821 sicut
2187 2791 2285 2831 prius,
2301 2789 2358 2821 sed
2373 2795 2421 2821 est
2434 2790 2569 2821 indivisa
2581 2799 2602 2821 a

1537 2845 1674 2876 persona
1697 2834 1876 2866 secundum
1892 2844 1960 2865 esse
1983 2835 2167 2875 personale:
2198 2835 2241 2865 ita
2260 2834 2350 2875 quod
2367 2843 2435 2865 non
2450 2839 2498 2865 est
2519 2834 2602 2866 sieut

1538 2889 1609 2920 pars
1632 2885 1783 2919 separata,
1807 2878 1863 2909 sed
1886 2884 1933 2909 est
1955 2879 2036 2909 sicut
2059 2888 2130 2919 pars
2153 2879 2326 2910 coniuncta
2340 2878 2518 2910 secundum
2532 2884 2602 2910 eane

1538 2923 1760 2960 substantiale;
1785 2929 1832 2953 est
1854 2923 1941 2953 enim
1965 2929 2126 2964 assumpta
2149 2922 2189 2954 ad
2211 2923 2469 2964 personalitatem
2490 2922 2603 2963 positi-

1537 2977 1610 2998 vam
1633 2968 1730 2998 Verbi
1753 2967 1823 2998 Dei.
1847 2967 1888 2998 Et
1911 2976 1949 2998 ex
1973 2967 2032 2998 hac
2051 2967 2274 3008 personalitate
2290 2967 2527 2998 communicata
2540 2965 2602 2998 hu·-

1538 3012 1682 3042 manitati
1713 3011 1846 3048 Christi,
1877 3010 2018 3052 perfecta
2047 3017 2095 3042 est
2124 3011 2304 3042 humanitas
2326 3011 2380 3042 illa
2401 3010 2506 3041 multo
2526 3009 2602 3051 plue

1539 3065 1636 3096 quam
1661 3065 1885 3096 quaecumque
1908 3065 1980 3096 pars
2002 3055 2184 3096 perficiatur
2206 3065 2263 3096 per
2277 3056 2341 3086 hoc
2367 3053 2457 3095 quod
2474 3053 2602 3085 advenit

1539 3110 1598 3130 suo
1622 3100 1698 3130 toti:
1734 3100 1901 3140 acquisivit
1923 3100 2009 3130 enim
2043 3099 2274 3140 perfectionem
2296 3097 2467 3135 infinitam,
2491 3098 2601 3139 acqui-

1538 3143 1638 3174 rendo
1661 3144 1919 3184 personalitatem
1948 3143 2115 3174 infinitam.
2150 3143 2227 3182 Quo
2250 3142 2286 3174 fit
2309 3148 2361 3180 ut,
2385 3143 2461 3183 quia
2487 3142 2600 3173 huma-

1538 3189 1620 3219 nitas
1651 3188 1768 3219 Christi
1797 3197 1865 3218 non
1894 3193 2038 3219 remanet
2067 3187 2229 3224 distincta,
2260 3186 2315 3218 sed
2346 3186 2527 3218 indistincta
2551 3195 2601 3217 se-

1540 3232 1683 3263 cundum
1707 3242 1774 3263 esse
1790 3233 1994 3263 substantiale
2017 3242 2036 3263 a
2050 3232 2168 3269 Verbo,
2191 3240 2392 3272 consequens
2417 3231 2458 3262 sit
2478 3235 2516 3262 ut
2533 3239 2601 3261 non

1540 3276 1593 3307 det
1614 3276 1722 3307 Verbo
1751 3285 1875 3307 novum
1899 3285 1984 3313 esse,
2008 3275 2064 3307 sed
2086 3277 2155 3317 ipsa
2186 3276 2226 3307 sit
2254 3284 2312 3316 per
2341 3283 2410 3306 esse
2439 3273 2601 3306 infinitum

1539 3321 1637 3361 ipsius
1659 3321 1766 3351 Verbi.

1594 3365 1676 3395 XVI.
1701 3364 1752 3395 Ad
1768 3364 1892 3395 obiecta
1908 3363 2022 3395 deinde
2039 3363 2181 3395 eiusdem
2197 3363 2285 3395 Scoti
2301 3367 2411 3394 contra
2426 3361 2562 3394 modum
2573 3362 2600 3399 ⁸,
2628 3360 2638 3371 ’

1539 3408 1749 3448 respondetur
1772 3407 1861 3448 quod
1885 3417 1923 3438 ex
1943 3408 2029 3438 malo
2044 3407 2207 3438 intellectu
2229 3407 2350 3438 litterae
2372 3406 2526 3448 procedit.
2550 3406 2602 3437 In-

1539 3458 1727 3492 terpretatur
1749 3451 1908 3492 siquidem
1931 3461 2065 3492 arguens
2088 3452 2264 3482 Auctorem
2292 3450 2396 3482 dicere
2419 3451 2501 3481 inter
2522 3450 2601 3481 Ver-

1539 3497 1617 3526 bum
1641 3501 1673 3525 et
1694 3501 1839 3526 naturam
1862 3496 2036 3526 humanam
2067 3505 2135 3525 non
2159 3504 2226 3526 esse
2249 3495 2512 3526 coniunctionem
2540 3494 2601 3525 nisi

1540 3539 1701 3569 relativam
1724 3539 1876 3569 relatione
1899 3539 2029 3570 rationis
2052 3548 2090 3569 ex
2109 3544 2197 3579 parte
2212 3539 2326 3569 Verbi:
2352 3544 2383 3569 et
2398 3538 2472 3569 ideo
2488 3538 2599 3579 arguit,

1541 3582 1576 3611 Si
1599 3587 1723 3612 tantum
1745 3582 1839 3612 habet
1861 3582 2059 3618 re1at1'onem,
2077 3587 2136 3612 etc.
2160 3582 2223 3612 Hic
2241 3587 2349 3612 autem
2371 3591 2482 3612 sensus
2505 3582 2600 3621 longe

1541 3630 1587 3654 est
1611 3634 1628 3654 a
1650 3626 1743 3655 nobis
1766 3625 1839 3665 plus
1862 3634 1960 3666 quam
1977 3630 2059 3655 terra
2077 3634 2094 3655 a
2111 3625 2210 3655 caelo.
2234 3625 2399 3663 Quoniam
2422 3624 2600 3655 secundum

2631 593 2640 604 ⁸
2654 592 2724 616 Num.
2739 598 2789 616 vm.

2627 1777 2761 1801 ‘Numam
2803 1788 2805 1792 .

2625 1807 2666 1827 tra
2684 1793 2848 1828 temdum.
