2872 3970
214 473 233 506 ’.
260 473 262 476 ’
363 483 377 505 s
392 473 504 504 clarus.
524 490 548 495 -
571 472 606 503 In
622 481 757 512 corpore
780 472 875 502 unica
899 472 1084 502 conclusio:
1109 471 1270 503 Nativitas

9 551 12 555 ,
51 530 58 547 ;
210 485 393 559 xciv-isti
422 526 486 550 non
517 516 624 547 debuit
652 525 720 547 esse
749 516 962 546 communiter
991 516 1137 549 omnibus
1166 515 1269 545 mani—

11 589 15 600 ,
46 563 47 566 ’
104 557 140 590 ³⁴2.
173 587 181 596 .
333 561 488 592 Probatur
509 559 698 600 tripliciter.
715 559 839 595 Primo,
865 569 903 590 ex
932 560 1083 600 mysterio
1113 559 1268 599 passionis

29 618 34 625 ⁷
154 614 180 637 ιι»
202 563 386 657 'mendo-
409 603 578 640 Secundo,
602 613 641 634 ex
663 602 738 634 fidei
759 604 884 634 merito.
908 603 1038 639 Tertio,
1062 613 1099 633 ex
1122 603 1268 633 humani-

210 647 282 688 ‘flau's
303 651 482 689 assumptae
504 645 700 678 testificanda
722 648 861 677 veritate.

208 693 257 717 1³³
252 692 424 737 Elaia-que
438 690 512 722 sunt
527 691 649 722 omnia:
671 691 732 721 nisi
748 690 837 731 quod
853 690 992 724 secunda
1006 691 1085 721 ratio
1101 700 1169 721 non
1185 695 1269 721 caret

167 736 384 786 Jtfluupulo
384 734 480 773 Quia
502 740 559 767 aut
580 739 629 765 est
650 743 754 766 sermo
778 734 818 765 de
837 734 954 766 Christi
975 734 1144 766 nativitatis
1166 734 1267 765 mani-

149 795 180 818 n
207 778 378 813 famaene
397 788 456 820 per
477 779 650 810 visionem.
679 784 734 808 aut
762 788 819 819 per
848 779 1091 810 attestau‘onem.
1126 779 1159 809 Si
1182 779 1267 808 enim

273 832 379 857 sermo
399 822 439 856 de
452 821 707 854 manifestatione
722 831 780 862 per
794 823 961 858 visionem,
977 822 1140 853 tolleretur
1154 822 1267 862 procul

130 828 324 909 fiffbio
336 867 487 901 meritum
515 865 606 897 fidei:
638 866 714 908 quia
740 866 904 897 tolleretur
931 867 999 907 ipsa
1021 865 1099 898 fides
1122 871 1267 916 respectu

206 903 284 949 visk
307 906 404 942 118180
428 910 513 948 8111111
537 909 636 940 credit
658 909 747 950 quod
769 909 863 940 videt.
897 910 960 940 Sed
982 910 1057 940 huic
1080 910 1186 940 sensui
1209 910 1266 940 ob-

126 971 168 997 ²..
206 957 286 993 ffit,
310 955 385 996 quia
406 944 618 984 manifestatio
639 959 754 993 negata
776 954 926 984 omnibus
957 959 1003 984 est
1025 953 1107 984 sacta
1136 954 1267 1004 quibus-

125 1025 130 1037 ,
208 998 294 1035 rhm,
316 1003 396 1039 puta
416 998 597 1029 pastoribus
621 1003 652 1028 et
674 997 785 1037 Magis,
809 998 926 1038 quibus
945 1007 1012 1028 non
1027 1007 1084 1038 per
1098 998 1265 1033 visionem,

123 1037 143 1063 3¹·
208 1042 266 1084 ffid
287 1051 344 1083 per
358 1042 591 1073 attestationem
614 1041 802 1081 angelorum
826 1047 857 1073 et
879 1042 986 1072 stellae
1008 1041 1207 1072 manifestata
1221 1046 1268 1072 est

151 1086 154 1087 ⁷
208 1085 329 1135 91111511
349 1086 503 1130 nativitas.

264 1130 299 1163 Si
319 1139 395 1161 vero
419 1135 466 1160 est
488 1138 593 1160 sermo
617 1128 657 1159 de
674 1128 928 1160 manifestatione
950 1139 1009 1170 per
1023 1130 1266 1165 attestationem,

162 1155 277 1212 1111338
299 1172 442 1215 sequitur
464 1172 553 1213 quod
575 1172 704 1202 tollatur
725 1174 875 1203 meritum
897 1173 987 1204 fidei:
1013 1178 1045 1203 et
1067 1172 1145 1203 falso
1168 1174 1202 1203 in
1217 1173 1266 1203 lit-

141 1254 144 1258 ,
206 1218 277 1250 &a
303 1217 474 1248 diceretur:
503 1216 540 1247 Si
568 1216 748 1257 manifestis
777 1217 920 1253 indiciis,
948 1217 1076 1247 Christo
1108 1222 1265 1252 nascente,

202 1261 278 1295 uus
299 1261 452 1293 nativitas
474 1260 621 1292 omnibus
642 1266 822 1301 appareret,
848 1261 912 1292 iam
936 1261 1105 1292 tolleretur
1127 1261 1211 1292 ratio
1220 1261 1267 1302 fi-

205 1300 286 1346 Api.
304 1305 397 1338 Unde
420 1310 452 1336 et
482 1305 584 1344 Magis
619 1304 793 1335 manifestis
823 1304 947 1335 indiciis
976 1305 1120 1336 nativitas
1150 1305 1267 1335 Christi

332 1350 367 1380 'tt
399 1354 431 1380 et
445 1354 553 1380 tamen
575 1357 644 1379 non
659 1353 706 1379 est
728 1349 808 1379 ratio
831 1348 906 1379 fidei
922 1349 1024 1379 ablata
1045 1349 1192 1389 respectu
1211 1358 1267 1380 na-

138 1388 178 1437 ³311*
204 1383 336 1427 irritatis
359 1393 475 1424 Christi

126 1474 132 1479 ,
161 1435 375 1475 ,⁹11.Ad
397 1437 460 1467 hoc
483 1436 597 1467 dicitur
619 1434 709 1476 quod
731 1444 835 1466 sermo
858 1436 979 1467 litterae
1003 1441 1050 1466 est
1072 1435 1111 1466 de
1134 1436 1267 1467 manife-

124 1473 156 1489 “
203 1481 343 1515 Ratione
364 1480 419 1511 tali
442 1480 543 1521 qualis
566 1479 648 1510 facta
671 1485 717 1510 est
739 1479 930 1517 Pastoribus,
950 1481 1060 1520 Magis,
1077 1480 1221 1511 Simeoni
1237 1486 1268 1511 et

149 1519 165 1538 ‘⁴
208 1523 320 1557 Annae
335 1526 362 1556 *.
396 1525 438 1555 Et
459 1523 640 1554 Pastoribus
664 1523 794 1563 quidem
818 1529 850 1554 et
872 1524 972 1564 Magis
999 1524 1121 1555 nullam
1144 1530 1268 1555 constat

206 1548 496 1620 manifestationem
525 1567 642 1606 factam
669 1567 731 1598 nisi
762 1569 1014 1599 attestationem:
1048 1569 1151 1608 angeli
1181 1569 1267 1598 enim

127 1645 156 1653 ,Δ
303 1613 364 1645 cati
386 1617 460 1643 sunt
483 1611 523 1643 ad
544 1611 708 1647 Pastores,
732 1617 764 1642 et
786 1612 875 1642 stella
905 1612 945 1643 ad
968 1613 1089 1652 Magos.
1124 1612 1267 1643 Simeoni

128 1660 149 1675 '⁴
207 1658 315 1689 autem
338 1662 370 1688 et
390 1657 503 1687 Annae
535 1655 637 1696 qualis
666 1655 761 1686 fuerit
789 1656 939 1686 revelatio
964 1656 1061 1693 facta,
1085 1666 1126 1687 an
1149 1656 1268 1687 scilicet

170 1690 403 1738 110511118811118
424 1705 559 1735 tantum,
583 1709 624 1729 an
646 1699 856 1730 illuminativa
875 1699 915 1730 ad
929 1700 1267 1737 videndum31icet1n

158 1744 382 1786 Ev'angelio
403 1754 472 1775 non
495 1743 661 1779 scribatur,
685 1753 723 1774 ex
745 1744 816 1784 ipso
839 1750 947 1774 tamen
969 1745 1122 1774 insinuari
1142 1744 1267 1775 videtur

200 1787 299 1831 quod
317 1788 515 1820 testificativa
536 1792 662 1818 tantum
684 1787 788 1818 fuerit.
823 1788 1004 1826 Quoniam,
1028 1789 1110 1818 ultra
1131 1789 1267 1828 promis-

203 1833 332 1909 aionem
364 1832 484 1863 Christi
512 1831 662 1867 Domini,
690 1832 854 1882 inspiratio
884 1831 1070 1882 describitur
1099 1833 1268 1883 impulsiva

110 1961 162 1980 w·
206 1955 302 1997 ¹Anna
323 1964 453 1996 dicitur·
481 1969 518 1994 ut
538 1969 625 2003 patet
648 1964 681 1993 in
704 1968 791 1993 textu
821 1963 995 2004 Evangelii.
1030 1964 1071 1994 Et
1099 1969 1268 2004 propterea

177 2009 242 2040 18
267 2009 474 2040 conclusione
497 2008 585 2038 istius
608 2007 731 2037 articuli
753 2016 858 2038 sermo
882 2013 930 2038 est
952 2007 991 2038 de
1014 2007 1268 2038 manifestatione

286 2053 519 2084 attestationem
541 2052 638 2082 talem
662 2051 763 2092 qualis
793 2051 875 2082 facta
905 2051 1041 2082 creditur
1069 2052 1267 2088 Pastor-ibus,

284 2097 322 2134 's,
346 2096 490 2128 Simeoni
513 2101 543 2126 et
565 2094 688 2126 Annae.
719 2095 921 2135 Intenditque
943 2095 1067 2126 Auctor
1089 2095 1179 2136 quod
1201 2105 1268 2126 non

209 2139 319 2172 debuit
341 2141 458 2172 Christi
479 2140 624 2170 nativitas
646 2139 839 2169 manifestari
862 2140 906 2169 sic
930 2140 1090 2170 omnibus.

262 2185 304 2216 Et
325 2183 465 2216 secunda
487 2185 566 2214 ratio
594 2193 662 2214 non
684 2182 785 2213 tendit
808 2183 847 2213 ad
870 2184 934 2214 hoc
957 2183 1047 2223 quod
1075 2184 1144 2214 talis
1167 2184 1267 2214 mani-

147 2226 154 2238 ³
207 2227 331 2266 festatio
355 2228 531 2259 abstulisset
553 2227 668 2258 fidem:
700 2226 756 2257 sed
779 2227 818 2257 ad
841 2227 904 2257 hoc
931 2227 1020 2267 quod
1043 2227 1112 2258 talis
1134 2227 1268 2258 manife-

203 2272 300 2304 dtatio
322 2273 489 2303 minuisset
510 2272 660 2302 meritum
683 2270 776 2308 fidei;
800 2271 845 2301 sic
861 2272 947 2302 enim
970 2272 1004 2301 in
1019 2271 1121 2302 littera
1137 2271 1266 2302 dicitur:

209 2317 284 2359 plia
313 2317 374 2347 hoc
403 2316 602 2347 diminuisset
630 2315 778 2346 meritum
798 2315 892 2356 fidei.
926 2315 1082 2346 Probatur
1104 2321 1212 2346 autem
1235 2316 1268 2346 in

207 2360 310 2392 attera
332 2360 422 2402 quod
443 2360 512 2391 talis
535 2359 758 2395 manifestatio,
782 2359 864 2390 facta
887 2360 1047 2395 omnibus,
1071 2359 1270 2390 diminuisset

136 2401 153 2430 “³
203 2405 359 2437 neritum
373 2404 458 2441 fidei,
474 2414 513 2436 ex
528 2405 591 2434 hoc
610 2403 701 2444 quod
715 2403 928 2434 manifestatio
944 2402 1063 2434 faciens
1079 2403 1269 2434 evidentiam

330 2734 405 2787 223(
420 2731 442 2756 n
461 2731 650 2756 SECUNDUM
669 2731 721 2756 518
740 2731 974 2757 Paocanrrua.
990 2718 1150 2756 Videtur
1164 2720 1271 2768 quod

238 2751 400 2867 (ᾗ
421 2771 594 2809 nativitas
623 2771 762 2808 Christi
789 2771 884 2808 nulli
912 2772 1086 2809 debuerit
1113 2772 1271 2809 manife-

233 2826 265 2874 τ’
286 2840 347 2869 *r
363 2817 519 2861 stari.
557 2824 677 2871 Quia,
706 2832 748 2861 ut
776 2824 922 2862 dictum
951 2832 1005 2862 est
1023 2825 1059 2872 ²¹⁶,
1089 2825 1165 2862 hoc
1193 2833 1272 2862 erat

233 2845 388 2912 14²²*
378 2870 639 2924 congruum
666 2878 861 2914 humanae
890 2877 1017 2924 saluti,
1047 2885 1090 2914 ut
1123 2877 1271 2926 primus

135 2964 149 2969 ,
215 2929 353 2967 Christi
380 2929 567 2966 adventus
591 2937 688 2966 esset
706 2931 888 2967 occultus.
919 2930 996 2967 Sed
1016 2930 1188 2967 Christus
1207 2943 1271 2967 ve-

206 2987 320 3020 iterat
332 2989 375 3019 ut
388 2994 524 3019 omnes
539 2983 714 3019 salvaret:
731 2983 947 3020 secundum
961 2982 1055 3019 illud
1069 2984 1082 3019 Ι
1097 2984 1190 3020 Tim.
1198 2983 1270 3020 1v*:

140 3070 145 3073 7,
211 3035 295 3078 Qui
318 3041 369 3072 est
395 3035 566 3072 Salvator
592 3036 758 3071 omnium
786 3037 996 3082 hominum,
1032 3037 1199 3072 maxime
1219 3037 1272 3084 fi-

211 3087 360 3125 aetium.
397 3088 499 3135 Ergo
531 3087 705 3124 nativitas
734 3087 873 3124 Christi
909 3087 1002 3124 nulli
1029 3087 1161 3125 debuit
1191 3100 1272 3125 ma-

170 3133 179 3143 *
207 3136 390 3178 infestari.

243 3186 304 3230 ³2.
333 3193 563 3237 Pramum,
593 3199 678 3229 ante
707 3191 941 3229 nativitatem
970 3192 1121 3240 Christi,
1150 3192 1272 3230 mani-

215 3242 345 3284 testata
372 3252 451 3282 erat
478 3245 616 3282 Beatae
634 3243 780 3293 Virgini
799 3252 835 3281 et
853 3245 991 3294 Ioseph
1018 3245 1145 3282 futura
1164 3245 1272 3282 Chri-

184 3296 271 3335 isti
279 3297 452 3335 nativitas
464 3297 496 3334 ⁹⁸.
515 3298 608 3334 Non
626 3309 716 3345 ergo
736 3305 815 3334 erat
833 3297 1103 3344 necessarium,
1121 3297 1272 3334 Christo

173 3359 194 3379 ¹·
209 3343 318 3418 nito,
345 3351 510 3389 eandem
538 3349 617 3387 aliis
645 3349 884 3387 manifestari.

262 3401 318 3440 3
336 3404 566 3449 Pau-masi,
588 3403 716 3439 nullus
743 3402 893 3451 sapiens
921 3402 1133 3439 manifestat
1160 3401 1199 3439 id
1226 3415 1273 3439 ex

210 3450 299 3503 [quo
333 3455 498 3494 turbatio
533 3455 700 3492 nascitur
733 3463 770 3492 et
797 3455 1068 3492 detrimentum
1097 3455 1271 3492 aliorum.

221 3505 308 3555 Sed,
336 3508 570 3546 manifestata
599 3507 734 3544 Christi
764 3507 966 3556 nativitate,
994 3508 1196 3545 subsecuta
1219 3515 1274 3544 est

219 3559 400 3598 turbatio:
431 3560 565 3598 dicitur
593 3560 696 3597 enim
720 3561 854 3598 Matth.
876 3573 896 3597 11
921 3560 941 3582 ²¹⁵
973 3561 1092 3610 quod,
1121 3561 1273 3598 audiens

874 280 1136 327 QUAESTIO
1165 281 1340 327 XXXVI,
1369 280 1660 318 ARTICULUS
1688 281 1718 317 II

2304 280 2378 317 365

882 384 1214 417 Commentario.
1237 383 1486 417 Cardinalis
1509 384 1708 417 Caietam

1321 472 1404 502 tollit
1426 473 1563 503 totaliter
1585 472 1691 503 fidem.
1724 473 1894 512 Tanquam
1917 474 1942 503 si
1966 473 2109 504 dixisset:
2134 474 2267 514 Signum
2291 473 2380 514 quod

1321 516 1390 546 talis
1413 516 1624 546 manifestatio
1646 518 1805 547 minueret
1827 517 1933 553 fidem,
1955 522 2001 547 est
2025 518 2108 557 quia,
2126 519 2152 547 si
2167 517 2379 549 manifestatio

1322 561 1468 590 crevisset
1490 570 1593 600 usque
1612 560 1651 591 ad
1667 560 1867 596 evidentiam,
1883 561 2008 591 tolleret
2023 562 2160 592 totaliter
2175 561 2281 592 fidem.
2306 562 2380 592 Hoc

1321 605 1407 634 enim
1423 604 1560 634 ostendit
1582 604 1870 635 manifestationem
1886 605 1982 635 talem
1999 615 2065 635 esse
2081 605 2297 645 propinquam
2312 616 2380 636 ma-

1320 647 1514 678 nifestationi
1536 647 1727 678 evidentiae:
1752 658 1788 679 ac
1811 658 1868 688 per
1885 649 1958 684 hoc,
1983 649 2215 679 diminuentem
2229 650 2380 680 meritum

1320 691 1404 728 fidei,
1428 697 1541 731 utpote
1563 693 1780 732 propinquam
1802 692 1927 723 tollenti
1949 693 2087 723 totaliter
2109 692 2223 729 fidem;
2248 694 2379 734 propin-

1321 745 1422 775 quum
1446 736 1531 766 enim
1556 735 1658 766 calido
1683 741 1729 766 est
1751 735 1906 776 tepidum.
1930 736 2023 767 Unde
2044 737 2077 767 in
2092 737 2146 767 illa
2161 737 2378 773 conditionali,

1320 779 1355 809 Si
1371 779 1549 821 manufestis
1565 779 1700 816 indiciis,
1715 780 1842 810 Christo
1859 786 2016 817 nascente,
2030 781 2098 812 eius
2110 781 2262 812 nativitas
2277 781 2380 812 omni-

1319 823 1377 854 bus
1399 829 1579 864 appareret,
1604 824 1668 854 iam
1691 824 1860 854 tolleretur
1882 824 1967 855 ratio
1980 825 2078 866 fidei,
2103 825 2247 865 loquitur
2269 825 2308 855 de
2331 826 2380 855 in-

1320 866 1408 897 diciis
1431 868 1474 898 ita
1497 867 1669 898 manifestis
1693 873 1728 898 ut
1750 869 1944 899 nativitatem
1961 868 2077 899 Christi
2100 868 2267 900 redderent
2282 878 2380 910 appa-

1320 916 1452 946 rentem,
1476 912 1539 942 hoc
1563 916 1618 947 est,
1643 911 1838 942 evidentem:
1863 913 1907 943 sic
1928 913 2014 943 enim
2026 912 2114 954 fides
2137 917 2184 943 est
2205 922 2379 954 argumen-

1320 959 1386 985 tum
1410 965 1474 985 non
1498 955 1731 996 apparentium,
1755 957 1818 986 hoc
1841 962 1897 992 est,
1921 967 1988 986 non
2012 955 2217 987 evidentium.

1375 999 1426 1029 III.
1442 999 1591 1039 Duplicia
1603 999 1760 1039 siquidem
1771 1006 1907 1039 possunt
1919 1010 1985 1031 esse
1996 1000 2166 1031 indicantia
2178 1009 2255 1031 rem.
2272 1001 2380 1039 Quae·

1321 1042 1394 1073 dam
1416 1042 1579 1073 reddentia
1601 1053 1669 1074 rem
1683 1044 1771 1074 illam
1791 1043 1982 1074 credibilem.
2006 1045 2048 1075 Et
2062 1045 2143 1075 inter
2157 1045 2235 1075 haec
2252 1049 2298 1075 est
2313 1053 2380 1076 ma-

1319 1096 1382 1126 gna
1404 1086 1549 1117 latitudo.
1573 1087 1614 1117 Et
1636 1088 1670 1117 in
1685 1088 1748 1117 hoc
1763 1097 1878 1127 genere
1894 1094 1968 1118 sunt
1984 1089 2092 1119 omnia
2114 1089 2295 1119 testimonia
2314 1089 2380 1119 sive

1320 1129 1508 1170 angelorum
1524 1131 1589 1160 sive
1601 1130 1828 1161 miraculorum
1845 1132 1909 1162 sive
1926 1132 2109 1162 hominum:
2126 1141 2186 1162 nec
2198 1142 2265 1162 non
2281 1133 2380 1172 ipsius

1320 1174 1390 1210 Dei,
1415 1175 1441 1204 si
1463 1174 1545 1204 ultra
1568 1175 1801 1205 attestationem
1819 1185 1886 1205 non
1902 1175 2094 1215 proceditur.
2118 1175 2160 1206 Et
2175 1177 2219 1206 sic
2235 1175 2295 1206 fuit
2312 1185 2380 1207 ma-

1319 1217 1464 1248 nifestata
1480 1217 1597 1248 Christi
1612 1219 1757 1248 nativitas
1773 1228 1867 1258 supra
1879 1219 1979 1249 dictis.
1991 1237 2014 1241 —
2032 1219 2199 1257 Quaedam
2215 1229 2290 1250 vero
2307 1226 2381 1250 sunt

1319 1262 1492 1292 indicantia
1513 1271 1581 1292 rem
1611 1262 1655 1291 sic
1679 1262 1768 1301 quod
1796 1262 1928 1292 reddant
1951 1263 2038 1293 illam
2061 1263 2257 1294 evidentem:
2288 1269 2325 1294 ut
2347 1265 2380 1294 in

1320 1305 1573 1337 demonstrativis
1597 1305 1727 1336 effectus
1750 1315 1807 1345 per
1830 1306 2007 1337 discursum
2027 1307 2310 1338 demonstrativum
2332 1308 2381 1338 in-

1321 1350 1404 1381 dicat
1427 1359 1572 1385 causam,
1605 1349 1707 1380 reddit
1731 1351 1816 1380 enim
1839 1351 1926 1381 illam
1954 1349 2115 1381 evidenter
2137 1356 2263 1387 notam;
2295 1357 2326 1382 et
2348 1352 2381 1382 in

1320 1393 1433 1424 divinis
1460 1394 1570 1424 lumen
1594 1394 1714 1424 clarum
1737 1395 1837 1424 menti
1860 1395 2019 1434 angelicae
2042 1394 2093 1426 vel
2116 1395 2273 1426 humanae
2297 1395 2381 1426 infu-

1320 1448 1402 1474 sum,
1426 1437 1509 1468 tollit
1531 1437 1628 1468 fidem
1651 1443 1798 1477 respectu
1820 1438 1914 1468 illius.

1375 1482 1479 1511 Prima
1503 1487 1610 1512 autem
1633 1481 1764 1517 indicia,
1796 1482 1926 1521 quando
1956 1488 2030 1512 sunt
2060 1482 2242 1519 manifesta,
2266 1489 2302 1514 ut
2325 1493 2382 1523 per

1319 1525 1472 1556 miracula
1495 1531 1525 1555 et
1548 1525 1687 1565 angelos,
1705 1530 1775 1561 etc„
1798 1526 1873 1556 licet
1887 1535 1955 1556 non
1970 1526 2093 1562 tollant,
2110 1528 2260 1557 minuunt
2274 1533 2381 1558 tamen

1319 1571 1470 1600 meritum
1500 1568 1594 1606 fidei,
1622 1575 1753 1609 propter
1782 1570 2054 1610 propinquitatem
2084 1570 2124 1601 ad
2153 1573 2380 1611 apparentiam.

1320 1613 1419 1652 Quod
1443 1623 1481 1644 ex
1505 1623 1545 1644 eo
1568 1619 1660 1653 potes
1683 1614 1846 1654 percipere
1870 1614 1959 1654 quod
1982 1615 2142 1645 Dominus
2165 1615 2311 1646 Thomae
2335 1615 2382 1646 di-

1320 1659 1364 1688 xit
1379 1659 1405 1694 *,
1422 1663 1575 1697 tanquam
1599 1667 1732 1697 arguens
1755 1658 1861 1697 ipsum
1877 1658 1915 1688 de
1939 1658 2053 1688 talibus
2075 1659 2199 1690 indiciis
2222 1660 2380 1699 quaesitis,

1323 1701 1408 1738 Quia
1425 1701 1539 1736 vidisti,
1557 1702 1676 1731 scilicet
1697 1701 1813 1731 indicia
1832 1701 1997 1733 manifesta
2013 1703 2046 1732 in
2069 1712 2131 1738 me,
2148 1703 2311 1734 credidisti
2333 1713 2382 1734 me

1319 1746 1434 1780 Deum,
1452 1751 1527 1776 etc.:
1553 1750 1584 1774 et
1607 1745 1864 1775 commendando
1889 1746 1927 1775 ab
1944 1747 2095 1786 opposito
2119 1747 2254 1777 aliorum
2273 1747 2380 1784 fidem,

1321 1789 1474 1825 subdidit,
1502 1789 1598 1819 Beati
1626 1789 1681 1829 qui
1711 1799 1776 1819 non
1801 1789 1950 1819 viderunt
1980 1795 2010 1820 et
2039 1790 2253 1821 crediderunt.
2291 1791 2381 1821 Nun-

1321 1843 1419 1873 quam
1442 1833 1528 1863 enim
1552 1833 1711 1863 Dominus
1727 1842 1765 1863 ex
1781 1834 1932 1873 opposito
1950 1834 2204 1864 commendasset
2220 1834 2382 1865 credentes

1322 1878 1378 1917 qui
1404 1886 1473 1907 non
1502 1876 1667 1912 viderunt,
1694 1877 1754 1906 nisi
1783 1878 1889 1917 ipsum
1916 1877 2023 1908 videre
2053 1878 2211 1908 minueret
2233 1879 2383 1910 meritum

1322 1920 1480 1951 credendi.

1377 1965 1429 1994 IV.
1454 1965 1495 1994 Et
1516 1965 1541 1994 si
1559 1965 1701 2000 instetur,
1724 1964 1818 2005 Ergo
1842 1965 1938 2006 Magi
1960 1970 1991 1995 et
2009 1966 2169 2002 Pastores,
2187 1971 2254 2001 etc„
2278 1966 2384 1996 minus

1321 2013 1510 2039 meruerunt
1531 2008 1710 2039 credendo:
1735 2008 1946 2048 respondetur
1969 2009 2068 2049 quod,
2093 2015 2249 2050 quantum
2273 2016 2319 2041 est
2346 2020 2383 2041 ex

1321 2058 1409 2092 parte
1432 2052 1704 2088 manifestationis,
1721 2053 1827 2082 minus
1849 2058 2035 2083 meruerunt
2045 2051 2226 2090 'credend0;
2246 2055 2310 2085 hoc
2326 2059 2382 2090 est,

1321 2098 1479 2126 minorem
1503 2097 1707 2126 occasionem
1725 2095 1869 2127 merendi
1883 2097 1917 2127 in
1933 2096 2091 2128 credendo
2107 2098 2296 2129 habuerunt.
2321 2098 2384 2128 Sed

1322 2150 1397 2170 cum
1417 2140 1482 2180 hoc
1506 2145 1565 2170 stat
1588 2139 1677 2180 quod
1705 2141 1806 2179 magis
1835 2146 2021 2170 meruerunt
2048 2141 2207 2172 credendo
2235 2151 2272 2172 ex
2294 2147 2383 2182 parte

1321 2185 1465 2224 ipsorum
1484 2183 1691 2214 credentium.
1715 2184 1756 2214 Et
1778 2184 1842 2214 hoc
1864 2184 2113 2224 praeponderat:
2139 2187 2214 2225 quia
2233 2187 2383 2216 meritum

2409 1667 2418 1677 ¹
2432 1666 2496 1688 ioan.
2515 1672 2565 1694 cap.
2580 1672 2621 1693 xx,

2408 1699 2466 1714 vers.
2482 1698 2518 1721 ²9·

1322 2238 1360 2258 ex
1371 2234 1459 2268 parte
1474 2228 1623 2258 merentis
1639 2229 1775 2258 maxime
1791 2234 1950 2267 pensatur.
1962 2246 1983 2251 —
1996 2228 2082 2259 Cum
2097 2230 2162 2259 hoc
2177 2239 2308 2270 quoque
2325 2235 2384 2260 stat
2431 2246 2433 2249 ·

1322 2271 1427 2312 quod,
1451 2272 1525 2302 licet
1557 2272 1651 2302 etiam
1675 2272 1753 2302 nihil
1775 2277 1972 2302 mererentur
2001 2273 2159 2303 credendo
2187 2274 2383 2304 nativitatem

1323 2315 1440 2346 Christi
1464 2316 1563 2356 (puta,
1580 2316 1606 2345 si
1627 2315 1802 2355 vidissent),
1820 2321 1958 2347 attamen
1980 2317 2083 2347 multo
2099 2317 2171 2356 plus
2194 2318 2384 2348 meruissent

1322 2359 1458 2390 amando
1483 2369 1581 2399 quam
1604 2360 1655 2390 alii
1679 2359 1838 2390 credendo
1863 2365 1894 2390 et
1909 2360 2057 2396 amando,
2082 2366 2212 2400 propter
2227 2362 2383 2392 maiorem

1323 2403 1528 2435 dilectionem
1551 2413 1589 2434 ex
1611 2405 1681 2434 visu
1705 2413 1802 2444 quam
1826 2414 1864 2434 ex
1887 2403 1950 2434 fide
1967 2404 2168 2444 productam.

974 2547 1291 2591 ARTICULUS
1321 2547 1620 2591 SECUNDUS

584 2633 741 2664 UTRUM
764 2632 998 2663 NATIVITAS
1023 2632 1195 2663 CHRISTI
1218 2633 1450 2671 ALIQUIBUS
1474 2633 1692 2663 DEBUEmT
1716 2632 2008 2663 MANIFESTARI

1324 2732 1394 2757 rex
1421 2720 1594 2757 Herodes
1623 2719 1761 2756 Christi
1789 2719 2033 2766 nativitatem,
2062 2723 2226 2758 turbatus
2253 2728 2320 2768 est,
2351 2729 2383 2759 et

1324 2776 1444 2809 omnis
1470 2773 1706 2821 lerosolyma
1734 2785 1818 2809 cum
1847 2773 1920 2809 illo.
1952 2772 2071 2809 Cessit
2099 2773 2212 2810 etiam
2240 2775 2316 2819 hoc
2343 2774 2382 2811 in

1325 2825 1597 2862 detrimentum
1634 2825 1817 2862 aliorum:
1861 2825 1952 2874 quia
1989 2837 2035 2861 ex
2071 2826 2144 2862 hac
2181 2827 2381 2864 occasione

1324 2878 1499 2914 Herodes
1528 2878 1658 2915 occidit
1678 2889 1817 2926 pueros
1845 2879 1881 2914 in
1901 2878 2112 2914 Bethlehem
2136 2884 2170 2915 et
2190 2881 2226 2915 in
2238 2881 2383 2927 finibus

1325 2932 1401 2967 eius
1424 2943 1447 2967 α
1466 2932 1605 2967 bimatu
1626 2936 1658 2966 et
1683 2931 1784 2978 infra
1802 2929 1832 2965 ²⁸.
1862 2931 1963 2978 Ergo
1991 2930 2142 2967 videtur
2169 2932 2275 2980 quod
2303 2944 2382 2969 non

1324 2982 1435 3020 fuerit
1472 2982 1706 3019 conveniens
1743 2982 1882 3019 Christi
1918 2982 2152 3020 nativitatem
2193 2984 2383 3034 aliquibus

1325 3034 1567 3072 manifestari.

1379 3088 1452 3125 SED
1491 3099 1634 3124 CONTRA
1668 3099 1733 3124 Ε5τ
1769 3087 1876 3137 quod
1911 3087 2049 3125 Christi
2081 3088 2255 3126 nativitas
2289 3090 2383 3127 nulli

1324 3139 1454 3176 fuisset
1488 3139 1663 3188 proficua
1698 3139 1728 3176 si
1763 3140 1945 3179 omnibus
1978 3148 2075 3178 esset
2109 3143 2267 3180 occulta.
2307 3143 2384 3180 Sed

1326 3192 1526 3251 oportebat
1541 3191 1679 3229 Christi
1694 3192 1928 3230 nativitatem
1942 3205 2023 3230 esse
2037 3194 2271 3244 proficuam:
2293 3195 2383 3233 alio-

1325 3245 1420 3294 quin
1455 3245 1593 3282 frustra
1629 3253 1739 3283 natus
1773 3244 1913 3282 fuisset.
1956 3247 2057 3295 Ergo
2092 3247 2243 3284 videtur
2264 3248 2384 3307 quod

1325 3297 1516 3346 aliquibus
1550 3297 1780 3336 manifestari
1815 3298 1988 3337 debuerit
2025 3299 2163 3337 Christi
2197 3300 2382 3338 nativitas.

1379 3351 1602 3388 Respowmzo
1617 3362 1798 3388 met-:unum
1817 3352 1935 3401 quod,
1951 3351 2047 3390 sicut
2061 3353 2267 3401 Apostolus
2284 3353 2383 3400 dicit,

1325 3404 1435 3439 Rom.
1455 3415 1512 3440 xm
1529 3403 1561 3450 ²⁸,
1592 3416 1686 3453 quae
1712 3417 1736 3440 a
1758 3405 1839 3441 Deo
1861 3410 1955 3451 sunt,
1985 3405 2156 3442 ordinata
2173 3411 2266 3444 sunt.
2295 3407 2385 3443 Per—

1325 3455 1418 3492 tinet
1440 3463 1570 3492 autem
1593 3456 1642 3493 ad
1662 3456 1813 3493 divinae
1833 3456 2038 3506 sapientiae
2058 3457 2233 3495 ordinem
2252 3466 2294 3495 ut
2312 3458 2386 3496 Dei

1326 3508 1446 3555 dona,
1477 3515 1513 3545 et
1540 3516 1683 3546 secreta
1710 3509 1915 3559 sapientiae
1943 3510 2046 3557 eius,
2073 3522 2152 3547 non
2180 3510 2387 3560 aequaliter

1326 3561 1375 3598 ad
1408 3573 1563 3609 omnes,
1593 3562 1660 3598 sed
1692 3561 1911 3599 immediate
1944 3563 1992 3599 ad
2025 3563 2215 3612 quosdam
2251 3574 2385 3613 perve-

2410 2940 2419 2951 ·
2432 2939 2493 2961 Ibid.
2509 2945 2570 2961 vers.
2586 2940 2622 2962 ¹6.

2413 3409 2423 3419 ⁸
2437 3407 2504 3430 Vm.
2520 3414 2538 3429 1.
