2872 3970
142 1902 151 1910 ·
166 1900 199 1921 Ct.
216 1906 280 1921 num.
296 1905 324 1920 νι.

145 2118 154 2125 ·
178 2116 267 2137 Concil.
293 2117 356 2138 Con-

145 2143 299 2190 stantinapol.
319 2143 355 2170 11,

145 2170 221 2190 collat.
256 2170 355 2197 lll,can.

144 2202 166 2215 V-

141 2997 153 3005 ⁴
168 2996 202 3017 (λ’,
219 3001 282 3017 num.
298 3001 336 3016 vn.

373 243 422 280 32

374 321 456 350 circa
479 318 715 349 distinctionem
738 317 771 347 in
795 317 895 346 littera
918 316 1066 355 positam.
1100 315 1182 345 Nam
1214 323 1280 344 non
1304 316 1434 351 apparet

373 373 484 394 sensus
507 362 600 392 illius.
630 362 717 392 Tum
741 361 816 400 quia
838 360 981 390 membra
1003 359 1213 389 distinctionis
1237 355 1433 387 coincidunt.

375 407 538 445 Quoniam
568 415 704 445 persona
732 404 848 435 Christi
878 403 1056 434 secundum
1078 402 1111 432 id
1135 400 1224 442 quod
1254 401 1287 430 in
1310 409 1343 429 se
1372 404 1433 435 est,

374 451 468 481 habet
483 450 639 480 rationem
662 458 833 488 personae:
858 447 999 487 implicat
1015 447 1101 476 enim
1117 445 1221 476 dicere
1237 443 1434 483 oppositum.

374 494 416 525 Et
438 502 545 524 rursus
572 502 708 533 persona
732 492 849 522 Christi
875 490 1053 521 secundum
1083 490 1240 519 rationem
1263 496 1435 527 personae,

375 543 422 568 est
443 537 523 568 illud
546 536 636 577 quod
657 537 691 566 in
714 546 747 566 se
771 541 834 566 est:
867 544 941 565 cum
964 533 1184 574 personaliter,
1210 531 1382 562 formaliter
1406 535 1437 560 et

375 582 499 612 realiter
521 582 560 611 sit
582 589 686 611 unum
708 580 851 610 Verbum
874 579 944 608 Dei.

430 625 518 656 Tum
542 625 617 664 quia
645 625 679 654 in
706 624 808 663 prima
837 622 1040 653 distinctione
1069 620 1271 660 distinguitur
1294 618 1437 649 Verbum

375 670 436 700 Dei
460 674 515 700 aut
535 674 645 699 contra
660 677 750 697 suam
766 666 1040 706 personalitatem;
1065 670 1119 695 aut
1134 669 1245 694 contra
1260 671 1351 692 suam
1366 670 1438 701 per-

376 713 575 744 sonalitatem
598 717 633 742 ut
652 712 742 741 unita
757 715 803 740 est
825 711 984 740 humanae
999 714 1147 744 naturae;
1171 713 1225 737 aut
1241 711 1351 736 contra
1367 714 1437 745 per-

376 757 575 787 sonalitatem
597 756 631 785 in
655 755 831 784 communi.
866 754 940 783 Non
964 758 1071 792 potest
1094 751 1155 782 dici
1179 752 1337 790 primum:
1362 749 1438 789 quia

376 810 478 840 aeque
508 799 641 839 simplex
671 803 717 828 est
740 798 883 828 Verbum
906 797 966 827 Dei
996 802 1032 826 ut
1062 806 1119 826 sua
1146 794 1370 835 personalitas,
1403 798 1439 823 ut

375 850 471 885 patet.
495 861 516 866 —
539 843 608 873 Nec
634 841 828 872 secundum:
860 841 935 880 quia
964 841 1016 870 hic
1045 849 1156 870 sensus
1186 848 1254 868 non
1282 842 1439 868 consonat

374 889 478 918 verbis
502 888 618 927 quibus
641 885 851 916 distinctionis
874 885 1017 914 membra
1040 882 1258 923 significantur
1272 882 1307 912 in
1326 882 1437 912 littera.

375 932 458 962 Nam
481 930 659 961 secundum
681 929 863 959 membrum
886 928 1060 968 explicatur
1082 928 1116 957 in
1139 926 1242 956 littera
1264 935 1321 966 per
1344 926 1439 956 ratio-

375 984 450 1006 nem
474 974 651 1015 hypostasis
674 972 859 1012 simpliciter
883 978 913 1002 et
936 971 1095 1007 absolute,
1120 976 1151 1001 et
1174 980 1241 1000 non
1265 979 1322 1010 per
1344 970 1439 1000 ratio-

375 1029 450 1049 nem
473 1018 651 1058 hypostasis
675 1021 836 1047 contracte
861 1025 918 1046 seu
941 1015 1165 1050 determinate,
1188 1019 1345 1054 quatenus
1366 1014 1439 1044 sub-

375 1063 454 1092 sistit
483 1063 516 1092 in
544 1066 655 1091 natura
684 1061 840 1095 humana,
870 1065 906 1090 ut
928 1065 1015 1100 patet
1037 1061 1070 1090 in
1094 1060 1205 1089 littera.
1241 1058 1330 1088 quta
1353 1059 1440 1088 hunc

375 1111 482 1137 autem
506 1114 645 1140 sensum,
670 1110 799 1144 oportet
821 1103 926 1134 dicere
950 1103 1040 1144 quod
1063 1102 1243 1134 secundum
1258 1103 1440 1133 membrum

376 1156 422 1180 est
445 1159 581 1189 persona
597 1149 714 1179 Christi
733 1154 890 1188 quatenus
909 1148 1088 1188 hypostasis
1106 1148 1256 1177 humana.
1281 1165 1302 1169 —
1325 1146 1440 1187 Neque

374 1195 519 1225 tertium:
552 1194 627 1233 quia
656 1193 701 1222 sic
731 1193 826 1222 etiarn
856 1191 1034 1222 secundum
1063 1193 1096 1222 in
1127 1192 1229 1222 littera
1258 1191 1440 1221 membrum

375 1237 574 1269 clauderetur
596 1237 629 1266 in
654 1237 775 1276 primm
806 1242 836 1266 et
859 1236 982 1266 afferret
1005 1236 1258 1276 implicationem
1282 1234 1440 1265 contradi-

376 1282 561 1313 ctoriorum.
593 1281 676 1310 Nam
700 1280 789 1320 quod
813 1280 852 1310 de
876 1280 960 1310 facto
984 1281 1018 1310 in
1040 1289 1074 1310 re
1098 1280 1249 1310 convenit
1272 1279 1366 1309 alicui
1392 1287 1441 1309 se-

376 1325 518 1357 cundum
534 1325 690 1355 rationem
714 1324 885 1364 praedicati
901 1325 1082 1364 superioris,
1100 1325 1252 1354 convenit
1266 1324 1311 1353 illi
1327 1332 1441 1353 secun-

376 1370 454 1401 dum
469 1370 502 1400 id
526 1368 615 1409 quod
638 1369 672 1398 in
688 1377 720 1398 se
738 1374 793 1403 est,
818 1374 853 1398 ut
872 1374 959 1408 patet
974 1367 1152 1398 inductive:
1179 1367 1336 1408 quidquid
1355 1366 1441 1397 enim

376 1414 415 1445 de
439 1414 523 1444 facto
547 1414 579 1443 in
603 1422 636 1442 re
664 1413 815 1442 convenit
839 1412 961 1442 Socrati
991 1411 1171 1442 secundum
1194 1413 1350 1442 rationem
1375 1412 1441 1441 ani-

375 1458 483 1493 malis,
514 1457 666 1487 convenit
689 1456 810 1486 Socrati
834 1455 1013 1486 secundum
1035 1455 1068 1486 id
1092 1454 1182 1496 quod
1204 1456 1238 1485 in
1261 1465 1294 1485 se
1319 1461 1382 1491 est,
1406 1461 1442 1485 ut

374 1502 507 1537 sentire,
531 1501 654 1531 moveri
682 1506 712 1530 et
735 1499 938 1535 huiusmodi;
971 1500 1116 1530 Socrates
1147 1500 1233 1529 enim
1263 1498 1441 1529 secundum

375 1545 455 1577 illud
479 1545 568 1586 quod
590 1545 624 1574 in
643 1554 677 1574 se
699 1549 754 1580 est,
779 1550 928 1574 movetur
944 1549 975 1574 et
990 1544 1094 1574 sentit.
1119 1543 1167 1574 Ac
1185 1553 1243 1583 per
1257 1543 1331 1578 hoc,
1349 1542 1442 1582 quid—

377 1589 455 1631 quid
479 1589 629 1620 convenit
651 1597 807 1628 personae
832 1587 950 1618 Christi
965 1597 1023 1618 seu
1038 1588 1135 1618 Verbi
1159 1587 1337 1618 secundum
1353 1596 1443 1617 com-

375 1643 509 1665 munem
533 1633 690 1662 rationem
713 1641 868 1672 personae
893 1631 931 1662 de
955 1631 1040 1662 facto
1065 1638 1096 1662 et
1112 1632 1146 1662 in
1162 1641 1205 1667 re,
1231 1631 1383 1661 convenit
1397 1630 1443 1661 illi

376 1677 555 1708 secundum
579 1675 669 1716 quod
691 1677 724 1706 in
748 1685 781 1706 se
805 1681 860 1706 est.
885 1675 1025 1706 Persona
1041 1676 1127 1706 enim
1143 1685 1200 1706 seu
1216 1675 1394 1716 hypostasis
1409 1675 1442 1704 in

378 1722 544 1753 communi
574 1719 792 1760 praedicatum
823 1720 968 1759 superius
996 1725 1042 1750 est
1071 1725 1218 1760 respectu
1242 1719 1359 1750 Christi
1387 1728 1444 1749 seu

376 1766 490 1801 Verbi,
514 1770 550 1795 ut
572 1769 669 1804 patet.
705 1764 746 1793 Et
767 1764 843 1794 hinc
866 1764 998 1794 ulterius
1021 1763 1201 1794 inferuntur
1229 1762 1294 1793 duo
1319 1768 1444 1793 contra—

379 1810 528 1841 dictoria:
560 1808 681 1838 scilicet
707 1806 797 1847 quod
819 1817 957 1847 persona
980 1807 1114 1843 Christi,
1146 1807 1324 1837 secundum
1355 1806 1445 1846 quod

378 1855 412 1885 in
435 1863 479 1889 se,
505 1858 551 1883 est
574 1852 708 1882 omnino
732 1852 883 1891 simplex;
909 1857 940 1881 et
963 1857 1010 1881 est
1033 1852 1222 1891 composita.

435 1896 487 1927 111.
511 1895 696 1927 Secundum
720 1895 854 1925 dubium
871 1896 887 1911 ᾖ
911 1900 957 1925 est
985 1896 1067 1925 circa
1089 1895 1157 1925 illas
1180 1895 1300 1926 litterae
1324 1904 1445 1934 propo-

379 1942 520 1976 sitiones,
545 1940 679 1970 scilicet:
704 1939 764 1969 Est
786 1939 837 1973 ibi,
861 1940 924 1969 hoc
949 1945 995 1969 est
1017 1940 1050 1969 in
1074 1947 1210 1980 persona
1226 1939 1353 1974 Christi,
1377 1938 1445 1968 alia

380 1991 411 2017 et
433 1986 500 2015 alia
524 1985 608 2014 ratio
632 1983 822 2014 subsistendi
830 1990 842 2020 ,·
865 1988 896 2013 et
919 1983 1077 2013 similiter:
1106 1984 1211 2013 Unum
1228 1982 1351 2013 duobus
1373 1982 1446 2012 sub-

380 2030 472 2061 sistit.
507 2028 665 2059 Videntur
688 2028 773 2057 enim
797 2027 909 2057 ambae
933 2026 1044 2063 falsae,
1075 2033 1107 2057 et
1134 2033 1245 2058 contra
1268 2027 1444 2057 doctrinam

380 2073 541 2105 Auctoris.
565 2072 675 2102 Falsae
695 2071 843 2111 quidem,
868 2072 943 2110 quia
965 2072 999 2101 in
1018 2081 1155 2111 persona
1172 2071 1289 2102 Christi
1305 2080 1372 2101 non
1389 2076 1444 2106 est,

381 2116 558 2149 secundum
582 2115 680 2146 fidem
696 2115 895 2146 Catholicam
911 2114 937 2151 *,
957 2115 1018 2145 nisi
1041 2125 1106 2145 una
1128 2115 1338 2151 subsistentia,
1363 2124 1445 2154 quae

381 2162 501 2193 scilicet
525 2165 571 2190 est
594 2170 631 2190 ex
654 2164 766 2189 natura
789 2158 904 2195 divina,
929 2159 968 2189 ad
985 2169 1082 2199 quam
1098 2159 1230 2189 trahitur
1252 2168 1309 2198 per
1325 2168 1445 2188 assum-

381 2207 527 2247 ptionem
550 2209 661 2234 natura
684 2204 833 2233 humana.
858 2203 933 2234 Sola
949 2213 1024 2243 ergo
1049 2202 1155 2233 divina
1170 2209 1282 2233 natura
1305 2208 1352 2233 est
1374 2211 1446 2243 per-

382 2258 480 2281 sonae
504 2248 620 2278 Christi
650 2248 728 2277 ratio
759 2247 959 2277 subsistendi.
994 2247 1042 2277 Ac
1069 2256 1126 2286 per
1152 2247 1231 2283 hoc,
1260 2246 1375 2278 falsum
1401 2253 1447 2277 est

383 2293 472 2334 quod
502 2293 614 2322 habeat
644 2291 738 2321 aliam
769 2297 799 2321 et
826 2291 919 2321 aliam
949 2292 1106 2321 rationem
1136 2291 1337 2322 subsistendi.
1360 2308 1382 2313 —
1405 2291 1447 2321 Et

383 2338 494 2369 eadem
517 2337 639 2366 ratione
670 2335 785 2366 falsum
810 2341 856 2365 est
886 2335 976 2375 quod
998 2345 1102 2366 unum
1130 2336 1278 2366 subsistat
1301 2335 1445 2372 duobus,

382 2382 457 2422 quia
480 2381 512 2421 ly
528 2380 651 2410 duobus
675 2379 806 2409 denotat
821 2379 898 2409 duas
914 2380 1052 2410 rationes
1068 2379 1275 2410 subsistendi:
1301 2381 1446 2420 quamvis

380 2434 492 2457 verum
516 2425 555 2454 sit
578 2422 667 2464 quod
691 2433 794 2453 unum
817 2424 964 2453 subsistat
988 2424 1020 2453 in
1045 2423 1178 2454 duobus.

437 2469 557 2499 Contra
569 2467 744 2498 Auctorem
755 2477 843 2503 vero,
854 2468 928 2507 quia
940 2468 973 2498 in
984 2467 1026 2498 IV
1038 2468 1163 2498 Contra
1173 2468 1274 2504 Gent„
1285 2477 1354 2508 cap.
1365 2478 1446 2505 xmx,

379 2515 413 2545 in
435 2513 596 2543 solutione
618 2512 727 2542 tertiae
750 2512 949 2548 obiectionis‚
963 2511 1051 2542 dicit:
1081 2511 1215 2543 Verbum
1230 2512 1293 2543 Dei
1308 2522 1373 2543 non
1390 2513 1447 2543 ha-

379 2559 430 2589 bet
450 2556 684 2588 subsistentiam
707 2565 749 2586 ex
772 2561 890 2586 natura
913 2556 1065 2592 humana,
1088 2556 1144 2587 sed
1165 2557 1272 2598 magis
1295 2561 1446 2587 naturam

380 2603 554 2633 humanam
570 2600 612 2630 ad
622 2610 715 2630 suam
725 2600 959 2631 subsistentiam
972 2601 1087 2631 trahit:
1103 2610 1168 2631 non
1181 2601 1265 2631 enim
1271 2610 1334 2641 per
1345 2601 1445 2637 illam,

380 2646 436 2677 sed
452 2646 483 2676 in
501 2645 558 2675 illa
573 2644 723 2675 subsistit.
748 2645 837 2675 Haec
852 2645 906 2674 ibi.
938 2644 1030 2682 Quae
1051 2645 1109 2675 sub
1126 2645 1193 2675 aliis
1209 2645 1312 2676 verbis
1331 2646 1446 2685 repetit

380 2690 499 2720 ibidem
514 2690 547 2719 in
564 2689 725 2718 solutione
742 2689 872 2728 quintae
889 2689 1089 2719 obiectionis.
1113 2689 1189 2719 Non
1208 2695 1343 2729 possunt
1359 2690 1445 2720 enim

380 2735 458 2764 haec
482 2733 576 2763 simul
600 2738 691 2762 stare.
722 2733 805 2762 Nam
828 2733 854 2762 si
876 2739 988 2763 natura
1011 2733 1161 2769 humana,
1186 2738 1222 2764 ut
1245 2734 1297 2764 hic
1320 2733 1444 2770 dicitur,

381 2784 427 2809 est
449 2778 527 2808 ratio
551 2776 741 2807 subsistendi
765 2786 920 2816 personae
945 2777 1071 2814 Christi,
1096 2778 1239 2818 sequitur
1262 2777 1351 2818 quod
1374 2787 1446 2818 per-

381 2832 459 2852 sona
483 2822 598 2851 Christi
622 2830 679 2860 per
701 2827 846 2851 naturam
869 2821 1043 2851 humanam
1068 2826 1099 2852 et
1122 2831 1160 2852 ex
1175 2827 1287 2852 natura
1305 2822 1447 2852 humana

381 2866 542 2896 subsistat:
568 2870 598 2895 et
621 2865 646 2894 si
662 2874 729 2895 non
745 2866 886 2895 subsistit
908 2875 965 2905 per
980 2871 1125 2896 naturam
1141 2866 1315 2896 humanam
1339 2876 1445 2907 neque

382 2920 419 2940 ex
442 2914 553 2939 natura
575 2909 724 2943 humana,
749 2910 893 2949 sequitur
916 2909 1006 2949 quod
1028 2915 1141 2940 natura
1158 2911 1300 2941 humana
1322 2920 1390 2941 non
1407 2911 1446 2940 sit

381 2954 426 2984 illi
450 2954 528 2983 ratio
552 2953 752 2983 subsistendi.

436 2997 488 3027 1v.
513 2997 658 3027 Tertium
682 2997 815 3027 dubium
831 2998 848 3014 ⁴*
873 3002 928 3034 est,
945 3008 985 3028 an
1005 2999 1043 3028 sit
1066 2998 1251 3039 simpliciter
1275 3004 1306 3029 et
1328 2997 1446 3029 forma-

381 3042 451 3072 liter
469 3051 580 3072 verum
599 3050 769 3080 personam
787 3041 903 3072 Christi
920 3052 987 3072 esse
1004 3044 1228 3083 compositam.
1253 3043 1294 3073 Et
1314 3043 1446 3083 quidem

383 3085 471 3126 quod
492 3086 531 3115 sit
553 3084 727 3115 formaliter
741 3095 863 3122 verum,
888 3092 1018 3126 apparet
1034 3097 1071 3117 ex
1088 3097 1127 3117 eo
1145 3087 1235 3127 quod
1251 3088 1445 3128 compositio

383 3129 533 3160 convenit
556 3137 711 3168 personae
728 3128 844 3159 Christi
867 3130 1045 3160 secundum
1068 3132 1170 3171 ipsam
1194 3132 1351 3162 rationem
1374 3141 1446 3172 per-

383 3183 490 3209 sonae,
507 3178 542 3203 ut
558 3173 591 3202 in
606 3172 707 3202 littera
722 3172 782 3202 hac
798 3172 926 3203 dicitur:
953 3174 1041 3213 quod
1060 3180 1167 3206 autem
1184 3177 1336 3206 convenit
1351 3176 1446 3207 alicui

383 3216 560 3247 secundum
585 3216 723 3256 aliquam
747 3217 903 3246 rationem
926 3216 1108 3255 formalem,
1140 3221 1291 3250 convenit
1313 3220 1358 3250 illi
1385 3221 1444 3251 sub

384 3262 516 3291 nomine
539 3260 622 3290 illius
646 3261 775 3290 rationis
799 3260 980 3291 formaliter.
1005 3262 1101 3293 Verbi
1123 3264 1237 3303 gratia,
1268 3265 1343 3304 quia
1367 3274 1446 3295 con-

385 3314 513 3344 gregare
542 3304 646 3334 visum
677 3305 828 3334 convenit
857 3305 1049 3335 substantiae
1081 3307 1258 3338 secundum
1288 3309 1445 3339 rationem

385 3349 481 3387 nigri,
506 3349 531 3378 si
555 3348 727 3378 substantia
750 3348 808 3378 sub
831 3349 964 3378 nomine
987 3350 1068 3388 nigri
1091 3351 1300 3390 significetur,
1325 3362 1445 3393 propo-

386 3392 457 3422 sitio
483 3393 650 3423 enuntians
674 3401 865 3431 congregarc
888 3392 992 3422 visum
1016 3392 1055 3423 de
1079 3393 1130 3423 illa
1154 3396 1210 3425 erit
1233 3406 1306 3426 vera
1329 3396 1446 3427 forma-

386 3435 470 3471 liter,
503 3436 647 3476 quamvis
674 3435 926 3466 denominative:
959 3441 994 3466 ut
1017 3437 1043 3466 si
1066 3436 1203 3473 dicatur,
1227 3440 1377 3480 Aethiops
1400 3446 1448 3472 est

386 3479 636 3520 congregativus
660 3479 754 3510 visus.
790 3479 845 3510 Est
869 3490 944 3520 ergo
974 3479 1146 3510 formaliter
1168 3492 1242 3512 vcra
1264 3484 1321 3513 ista
1345 3494 1446 3514 enun-

387 3523 489 3559 tiatio,
515 3524 656 3554 Persona
683 3524 802 3554 Christi
825 3529 872 3554 est
894 3525 1091 3564 composita:
1115 3534 1151 3555 ex
1175 3535 1241 3565 quo
1266 3536 1333 3557 esse
1357 3537 1446 3558 com-

387 3567 528 3606 positum
545 3568 722 3597 attribuitur
739 3567 865 3598 Christo
882 3568 1003 3598 ratione
1019 3578 1184 3608 personae,
1202 3575 1236 3599 ut
1253 3569 1373 3601 dictum
1390 3577 1445 3602 est.

1091 235 1354 284 QUAESTIO
1383 234 1432 276 ΙΙ,
1461 233 1754 271 ARTICULUS
1782 234 1833 270 IV

1542 311 1583 341 Et
1607 321 1645 342 ex
1668 313 1732 342 hoc
1754 312 1886 342 ulterius
1909 312 2053 351 sequitur
2080 311 2170 352 quod
2193 312 2232 342 sit
2255 311 2440 352 simpliciter
2462 319 2553 348 vera,

1487 361 1608 385 retenta
1630 355 1794 386 identitate
1817 356 1960 386 subiecti.

1543 399 1583 429 V.
1606 399 1659 429 Ad
1690 399 1832 439 primum
1865 398 1999 430 dubium
2023 400 2040 416 ὓ
2072 398 2188 430 dicitur
2220 398 2310 439 quod
2342 398 2554 429 distinctionis

1489 443 1632 473 membra
1663 448 1773 473 contra
1796 453 1830 473 se
1858 443 1997 474 invicem
2028 442 2266 483 distinguuntur
2295 451 2352 483 per
2374 443 2448 479 hoc,
2465 442 2555 483 quod

1490 486 1522 526 ly
1546 487 1578 516 in
1602 496 1637 516 se
1659 491 1706 517 est
1738 486 1870 517 denotat
1891 487 2036 517 Verbum
2058 487 2119 517 Dei
2149 486 2329 518 secundum
2357 486 2439 517 illud
2466 485 2555 526 quod

1491 531 1642 560 convenit
1665 530 1724 560 sibi
1747 530 1787 561 ad
1809 531 1906 561 intra:
1931 531 1989 561 sub
2007 540 2074 571 quo
2094 536 2219 561 constat
2241 529 2472 571 comprehendi
2488 539 2555 560 esse

1491 574 1608 610 Deum,
1633 583 1701 604 esse
1724 574 1843 605 Filium
1866 575 1943 611 Dei,
1969 584 2036 606 esse
2059 575 2278 611 substantiam,
2302 574 2502 614 sapientiam,
2526 579 2557 604 et

1491 617 1613 657 reliqua
1635 627 1718 658 quae
1743 619 1940 650 conveniunt
1963 619 1992 649 ei
2015 629 2053 649 ex
2069 624 2181 650 natura
2202 619 2254 649 vel
2277 618 2470 659 proprietate
2485 626 2556 658 per-

1491 661 1603 692 sonali.
1628 661 1673 692 Ita
1695 661 1786 702 quod
1808 662 1900 703 loqui
1923 662 1962 693 de
1984 672 2123 703 persona
2139 663 2256 694 Christi
2279 661 2458 694 secundum
2477 661 2557 692 illud

1492 705 1582 745 quod
1603 705 1637 735 in
1661 715 1694 736 se
1719 712 1781 742 est,
1813 712 1861 737 est
1883 706 1975 747 loqui
2004 706 2044 738 de
2071 716 2208 747 persona
2231 706 2349 738 Christi
2378 705 2557 737 secundum

1491 749 1572 779 illud
1595 749 1684 789 quod
1708 751 1859 781 convenit
1881 751 1941 781 sibi
1964 750 2003 781 ad
2025 751 2116 781 intra.
2141 751 2250 791 Loqui
2264 759 2341 782 vero
2365 750 2405 781 de
2420 759 2559 790 persona

1493 792 1610 823 Christi
1634 794 1812 824 secundum
1835 795 1993 825 rationem
2015 795 2211 835 hypostasis,
2240 801 2287 826 est
2309 794 2402 835 loqui
2424 793 2464 825 de
2486 803 2558 834 per-

1492 846 1572 867 sona
1596 837 1714 868 Christi
1736 837 1911 874 indefinite,
1935 838 2114 869 secundum
2133 839 2213 870 illud
2236 837 2326 879 quod
2346 838 2498 871 convenit
2512 837 2558 868 illi

1493 880 1533 911 ad
1555 881 1645 918 intra,
1671 887 1702 912 et
1717 881 1896 912 secundum
1911 882 1991 913 illud
2007 882 2096 922 quod
2112 884 2264 914 convenit
2279 882 2384 913 eidem
2399 881 2440 913 ad
2455 889 2557 912 extra:

1493 934 1567 955 nam
1591 935 1727 965 persona
1752 925 1870 956 Christi
1900 932 1947 956 est
1969 935 2106 966 persona
2128 932 2259 957 naturae
2282 926 2423 963 divinae,
2454 931 2486 956 et
2511 931 2559 956 est

1493 978 1631 1008 persona
1649 975 1780 1000 naturae
1796 970 1965 1000 humanae.
1990 970 2035 1000 Ita
2050 970 2150 1011 quod,
2169 971 2226 1001 ubi
2241 971 2275 1001 in
2290 970 2395 1011 primo
2411 970 2559 1003 membro

1493 1013 1674 1044 indistincte
1698 1014 1904 1044 continentur
1919 1023 2145 1054 quaecumque
2162 1015 2360 1045 conveniunt
2373 1014 2481 1045 Verbo
2498 1013 2560 1044 Dei

1494 1057 1534 1087 ad
1555 1058 1655 1094 intra,
1679 1058 1713 1088 in
1737 1058 1880 1088 secundo
1904 1059 2050 1089 membro
2075 1058 2222 1089 distincte
2244 1067 2347 1089 unum
2371 1067 2484 1088 eorum
2507 1067 2560 1087 su-

1494 1102 1600 1137 mitur,
1625 1102 1745 1132 scilicet
1766 1111 1834 1133 esse
1849 1111 2021 1142 personam
2037 1112 2094 1133 seu
2109 1103 2317 1143 hypostasim.
2341 1102 2382 1132 Et
2405 1101 2560 1142 quoniam

1495 1155 1562 1176 esse
1586 1147 1783 1187 hypostasim
1806 1156 1863 1177 seu
1886 1156 2058 1186 personam
2082 1146 2120 1177 de
2137 1146 2222 1177 facto
2247 1144 2491 1186 comprehendit
2512 1145 2561 1175 in-

1495 1189 1642 1220 distincte
1665 1196 1696 1221 et
1719 1199 1787 1221 esse
1810 1191 2008 1231 hypostasim
2031 1190 2071 1221 ad
2093 1191 2175 1221 intra
2197 1196 2344 1231 respectu
2365 1189 2490 1221 divinae
2505 1198 2563 1219 na-

1494 1239 1593 1270 turae,
1618 1240 1649 1265 et
1673 1244 1740 1265 esse
1764 1234 1962 1275 hypostasim
1985 1234 2024 1265 ad
2046 1240 2131 1265 extra
2154 1240 2301 1275 respectu
2324 1235 2483 1265 humanae
2506 1243 2561 1264 na-

1494 1283 1596 1314 turae,
1621 1277 1696 1309 ideo
1720 1278 1880 1309 distinctio
1905 1288 1981 1309 cum
2005 1279 2069 1309 suis
2093 1279 2244 1309 membris
2267 1278 2368 1309 solida
2389 1278 2560 1313 invenitur,

1494 1332 1555 1353 nec
1579 1332 1682 1353 unum
1699 1323 1880 1353 membrum
1904 1322 2039 1354 includit
2055 1322 2200 1354 distincte
2217 1322 2312 1353 aliud.
2337 1322 2378 1353 Et
2396 1322 2499 1352 simile
2515 1327 2562 1352 est

1495 1376 1532 1397 ac
1555 1367 1580 1397 si
1603 1366 1849 1407 distingueretur
1871 1366 1977 1397 divina
2000 1368 2154 1407 sapientia
2176 1367 2359 1407 dupliciter,
2383 1365 2562 1397 secundum

1495 1411 1586 1451 quod
1609 1417 1655 1441 est
1678 1412 1711 1441 in
1735 1421 1783 1446 se,
1808 1416 1839 1441 et
1862 1411 2040 1442 secundum
2064 1412 2221 1442 rationem
2244 1411 2434 1451 sapientiam
2467 1415 2499 1440 et
2521 1410 2562 1440 si-

1495 1454 1611 1485 militer
1634 1454 1740 1485 divina
1762 1454 1932 1495 paternitas
1955 1454 2134 1486 secundum
2158 1454 2247 1495 quod
2269 1455 2303 1485 in
2323 1463 2356 1485 se
2379 1460 2436 1491 est,
2460 1459 2492 1485 et
2513 1463 2562 1484 se-

1496 1497 1639 1529 cundum
1663 1500 1819 1529 rationem
1843 1500 2053 1539 paternitatis3
2079 1504 2111 1529 et
2132 1499 2177 1529 sic
2201 1498 2240 1529 de
2263 1499 2429 1530 similibus.
2460 1498 2564 1529 Mani—

1496 1542 1574 1573 feste
1590 1552 1731 1582 namque
1747 1548 1878 1583 apparet
1893 1552 1931 1573 ex
1947 1543 1996 1573 his
2011 1542 2102 1583 quod
2117 1543 2260 1574 membra
2274 1552 2342 1573 non
2359 1541 2562 1577 coincidunt:

1496 1587 1571 1626 quia
1595 1587 1669 1617 licet
1692 1596 1760 1617 esse
1783 1587 1972 1626 sapientiam
1995 1588 2166 1617 conveniat
2188 1587 2362 1627 sapientiae
2385 1584 2564 1617 seeundum

1497 1629 1587 1670 quod
1610 1637 1656 1661 est
1678 1631 1712 1661 in
1735 1640 1779 1667 se,
1803 1630 1864 1661 alia
1886 1636 1995 1661 tamen
2019 1636 2065 1661 est
2088 1629 2301 1661 consideratio
2320 1631 2493 1670 sapientiae
2516 1639 2564 1660 se-

1497 1674 1641 1705 cundum
1672 1675 1829 1705 rationem
1860 1675 2033 1715 sapientiae
2057 1680 2093 1705 ut
2116 1674 2179 1710 sic,
2211 1679 2242 1705 et
2269 1675 2329 1705 alia
2351 1673 2564 1705 consideratio

1497 1720 1566 1749 eius
1582 1718 1761 1749 secundum
1777 1717 1867 1759 quod
1883 1724 1930 1749 est
1945 1718 1978 1749 in
1995 1728 2039 1755 se,
2056 1723 2092 1750 ut
2111 1724 2158 1749 est
2175 1719 2244 1759 ipsa
2260 1717 2368 1755 deitas,
2387 1723 2446 1749 etc.
2462 1716 2506 1748 Et
2519 1717 2565 1748 sic

1498 1769 1544 1793 est
1564 1764 1598 1793 in
1614 1764 1799 1803 proposito:
1825 1762 1914 1802 quod
1934 1763 2008 1793 licet
2025 1771 2092 1794 esse
2107 1771 2279 1803 personam
2295 1772 2352 1793 seu
2367 1762 2566 1803 hypostasim

1497 1807 1668 1837 conveniat
1690 1807 1798 1837 Verbo
1823 1807 1884 1837 Dei
1907 1806 2086 1837 secundum
2108 1806 2189 1837 illud
2212 1806 2303 1847 quod
2324 1807 2359 1837 in
2374 1816 2408 1837 se
2424 1812 2481 1843 est,
2505 1806 2566 1837 alia

1497 1856 1604 1880 tamen
1628 1856 1675 1880 est
1698 1850 1910 1881 consideratio
1935 1851 2003 1881 eius
2026 1860 2102 1882 cum
2125 1851 2159 1881 in
2183 1860 2222 1881 eo
2246 1850 2464 1881 consideratur
2486 1849 2566 1881 illud

1498 1894 1588 1935 quod
1612 1900 1658 1925 est
1681 1894 1720 1925 ad
1743 1895 1834 1930 intra,
1859 1900 1890 1925 et
1913 1894 1973 1925 alia
1996 1894 2208 1925 consideratio
2234 1895 2301 1925 eius
2325 1904 2400 1925 cum
2419 1892 2566 1925 conside-

1497 1944 1582 1969 ratur
1604 1939 1638 1968 in
1662 1947 1702 1968 eo
1726 1939 1805 1968 ratio
1829 1938 2018 1979 hypostasis,
2044 1947 2108 1979 qua
2131 1947 2199 1969 non
2215 1938 2322 1969 solum
2340 1937 2380 1968 ad
2394 1939 2485 1975 intra,
2510 1938 2566 1969 sed

1498 1982 1538 2013 ad
1554 1988 1639 2013 extra
1655 1981 1795 2013 extendit
1811 1991 1853 2013 se.
1875 1982 1951 2013 Non
1968 1988 2015 2013 est
2030 1991 2106 2023 ergo
2123 1982 2284 2013 distinctio
2300 1983 2359 2013 ista
2373 1982 2407 2012 in
2422 1983 2566 2013 membra

1498 2027 1636 2057 totaliter
1659 2032 1817 2066 separata:
1842 2026 1898 2057 sed
1913 2027 1946 2057 in
1962 2027 2068 2067 primo
2084 2026 2258 2057 includitur
2281 2026 2402 2067 aliquid
2421 2025 2565 2062 secundi,

1498 2077 1530 2101 et
1545 2072 1579 2101 in
1594 2070 1738 2101 secundo
1763 2070 1884 2110 aliquid
1906 2071 2012 2111 primi,
2028 2076 2065 2101 ut
2087 2076 2174 2111 patet
2190 2080 2228 2101 ex
2244 2070 2345 2107 dictis,
2363 2077 2394 2102 et
2408 2071 2442 2101 in
2459 2080 2566 2102 exem·

1499 2115 1559 2155 plis
1582 2115 1692 2145 allatis.
2520 2144 2523 2147 .

1554 2158 1647 2190 Unde
1663 2157 1703 2189 ad
1722 2159 1902 2199 quaesitum
1921 2157 2080 2190 secundae
2096 2159 2287 2191 obiectionis
2298 2159 2315 2176 ⁴*
2331 2157 2505 2190 dicendum
2521 2164 2568 2190 est

1497 2204 1643 2234 tertium:
1669 2203 1789 2233 scilicet
1812 2202 1902 2243 quod
1916 2203 1950 2233 in
1966 2203 2026 2233 hac
2042 2203 2245 2234 distinetione
2268 2203 2412 2233 Verbum
2428 2202 2489 2234 Dei
2505 2202 2567 2234 dis-

1498 2247 1653 2287 tinguitur
1677 2252 1788 2277 contra
1810 2247 2068 2287 personalitatem
2091 2247 2125 2278 in
2149 2247 2332 2283 communi,
2357 2247 2420 2278 hoc
2444 2252 2491 2278 est
2513 2246 2582 2278 ab-·

1499 2293 1604 2322 solute
1634 2297 1813 2331 sumptam;
1843 2296 1880 2321 ut
1902 2292 1972 2331 ipsa
1998 2297 2102 2322 textus
2125 2292 2221 2322 verba
2247 2296 2380 2328 sonant,
2411 2290 2566 2328 diceudo,

1498 2337 1573 2366 Alio
1596 2335 1692 2366 modo
1723 2335 1898 2366 secundum
1922 2336 2083 2366 rationem
2099 2345 2265 2376 personae
2293 2335 2344 2367 vel
2365 2335 2566 2377 mosmis,

1498 2380 1541 2411 ad
1563 2390 1660 2421 quam
1680 2380 1823 2420 pertinet
1845 2379 2016 2411 subsistere
2039 2380 2072 2410 in
2095 2380 2207 2421 aliqua
2230 2385 2350 2411 natura
2356 2386 2370 2417 ,·
2400 2380 2457 2411 ubi
2484 2379 2567 2411 clare

1498 2425 1678 2465 perspicere
1699 2429 1792 2464 potes
1815 2423 1994 2454 secundum
2009 2423 2191 2455 membrum
2207 2424 2380 2455 consistere
2394 2422 2567 2460 inratione

1499 2469 1679 2510 hypostasis
1702 2469 1770 2498 sine
1793 2467 1956 2499 additione
1979 2468 2054 2499 ulla.

1555 2513 1596 2543 Et
1620 2522 1695 2543 cum
1722 2518 1833 2543 contra
1856 2512 1919 2543 hoc
1950 2512 2100 2543 obiicitur
2128 2512 2251 2552 primo,
2282 2513 2358 2553 quia
2387 2510 2567 2543 secundum

1499 2559 1532 2588 in
1562 2557 1664 2588 littera
1694 2557 1878 2587 membrum
1909 2555 2109 2587 clauderetur
2130 2557 2164 2587 in
2194 2557 2319 2597 primo:
2355 2555 2568 2596 respondetur

1499 2601 1590 2642 quod
1612 2602 1675 2632 hoc
1698 2611 1766 2631 non
1782 2606 1830 2632 est
1851 2610 1963 2631 verum
1986 2601 2181 2641 simpliciter,
2205 2601 2269 2631 hoc
2285 2605 2332 2631 est
2346 2601 2494 2637 totaliter,
2510 2599 2565 2633 sed

1498 2645 1677 2676 secundum
1700 2644 1831 2685 aliquid,
1855 2650 1892 2675 ut
1913 2650 2000 2685 patet
2023 2654 2061 2675 ex
2085 2645 2185 2676 dictis.
2213 2645 2313 2683 Quod
2335 2654 2404 2676 non
2427 2654 2497 2676 esse
2517 2645 2568 2676 in-
2596 2649 2598 2651 '

1500 2690 1695 2721 conveniens
1718 2694 1932 2719 monstratum
1955 2695 2011 2720 est.

1554 2735 1596 2765 Et
1607 2743 1682 2764 curn
1705 2733 1854 2764 obiicitur
1875 2733 2030 2770 secundo,
2043 2734 2119 2774 quia
2141 2734 2193 2775 hic
2209 2732 2390 2764 inferuntur
2404 2731 2471 2764 duo
2487 2740 2566 2765 con-

1499 2778 1679 2809 tradictoria
1702 2777 1808 2813 simul,
1833 2777 1952 2808 scilicet
1968 2777 2057 2817 quod
2080 2787 2218 2818 persona
2233 2777 2362 2814 Christi,
2386 2777 2567 2809 secundum

1499 2822 1578 2853 illud
1602 2821 1692 2862 quod
1714 2822 1747 2852 in
1764 2831 1797 2851 se
1821 2826 1876 2857 est,
1900 2831 1969 2852 non
1993 2827 2039 2852 est
2063 2822 2243 2862 composita
2259 2827 2290 2852 et
2306 2827 2352 2852 est
2375 2822 2564 2863 composita,

1499 2867 1575 2907 quia
1599 2865 1689 2907 quod
1712 2865 1751 2896 de
1767 2865 1851 2896 facto
1876 2871 1907 2896 et
1930 2867 1963 2896 in
1979 2875 2012 2896 re
2029 2867 2181 2898 convenit
2203 2866 2299 2897 alicui
2320 2865 2499 2903 secundum
2516 2876 2567 2898 ra·

1498 2911 1622 2941 tionem
1645 2909 1816 2951 praedicati
1839 2909 2022 2950 superioris,
2042 2911 2194 2941 convenit
2216 2910 2262 2941 illi
2284 2908 2463 2941 secundum
2484 2909 2565 2941 illud

1500 2954 1590 2995 quod
1612 2955 1646 2985 in
1669 2964 1702 2984 se
1727 2959 1782 2990 est,
1809 2959 1885 2985 etc.:
1903 2972 1923 2977 —
1947 2954 2159 2995 respondetur
2175 2953 2265 2996 quod
2288 2954 2379 2995 quasi
2399 2953 2434 2986 in
2454 2954 2565 2995 aequi-

1498 3009 1582 3030 voco
1599 2999 1790 3029 laboramus.
1814 2998 1914 3029 Aliud
1936 2998 2095 3039 siquidem
2111 3005 2158 3030 est
2174 2999 2346 3031 convenire
2368 2995 2489 3038 aliquid
2504 2996 2564 3030 So·

1500 3044 1576 3074 crati
1599 3042 1778 3073 secundum
1801 3042 1880 3073 illud
1904 3043 1994 3083 quod
2016 3044 2050 3073 in
2074 3053 2108 3074 se
2131 3048 2194 3080 est,
2218 3042 2282 3073 hoc
2305 3047 2367 3079 est,
2391 3041 2563 3074 convenire

1498 3088 1545 3118 illi
1575 3087 1665 3128 quod
1686 3088 1721 3118 in
1744 3097 1776 3118 se
1801 3093 1847 3118 est
1871 3087 2032 3118 Socrates:
2065 3093 2096 3118 et
2119 3087 2206 3119 aliud
2228 3092 2275 3118 est
2297 3085 2416 3127 aliquid
2445 3095 2566 3117 conve-

1498 3132 1566 3162 nire
1590 3131 1712 3162 Socrati
1735 3130 1914 3162 secundum
1936 3131 2017 3162 illud
2039 3131 2131 3175 quod
2151 3132 2186 3162 in
2207 3140 2242 3163 se
2258 3135 2314 3167 est,
2336 3130 2402 3161 hoc
2422 3135 2478 3166 est,
2495 3139 2563 3162 esse

1499 3176 1538 3207 de
1554 3186 1691 3207 numero
1704 3185 1818 3207 eorum
1831 3185 1912 3216 quae
1928 3176 2126 3207 conveniunt
2141 3174 2263 3207 Socrati
2278 3173 2456 3206 secundum
2471 3183 2563 3206 suam

1498 3221 1715 3251 substantiam.
1733 3220 1868 3251 Currere
1885 3220 1971 3251 enim
1988 3220 2139 3251 convenit
2153 3218 2275 3251 Socrati
2290 3217 2468 3249 secundum
2483 3218 2564 3250 illud

1499 3264 1589 3305 quod
1611 3265 1644 3295 in
1668 3275 1701 3295 se
1726 3269 1772 3295 est
1794 3265 1828 3295 in
1850 3265 1955 3305 primo
1980 3273 2092 3300 sensu,
2116 3269 2148 3294 et
2169 3272 2237 3294 non
2260 3262 2411 3294 convenit
2441 3261 2562 3293 Socrati

1499 3308 1678 3340 secundum
1706 3308 1786 3340 illud
1810 3308 1900 3349 quod
1926 3309 1960 3339 in
1983 3317 2017 3339 se
2041 3313 2088 3339 est
2109 3307 2143 3338 in
2167 3305 2310 3339 secundo
2339 3315 2451 3337 sensu:
2487 3307 2563 3347 quia

1500 3363 1624 3384 currere
1648 3353 1799 3384 convenit
1822 3353 1868 3384 illi
1889 3352 1935 3383 rei
1959 3361 2042 3393 quae
2057 3357 2104 3383 est
2119 3351 2274 3387 Socrates,
2298 3349 2354 3383 sed
2375 3359 2443 3381 non
2460 3356 2507 3381 est
2522 3350 2562 3382 de

1498 3407 1635 3428 numero
1659 3397 1905 3428 intrinsecorum
1927 3395 2058 3427 Socrati.
2083 3395 2193 3427 Simile
2209 3394 2287 3436 quid
2309 3393 2424 3426 accidit
2438 3394 2472 3425 in
2487 3404 2562 3435 pro-

1499 3442 1616 3482 posito.
1652 3441 1818 3479 Quoniam
1842 3450 1909 3472 esse
1932 3450 2117 3481 personam,
2141 3445 2207 3471 tam
2229 3438 2269 3470 ad
2297 3438 2379 3470 intra
2401 3447 2500 3479 quam
2523 3439 2562 3469 ad

1501 3490 1594 3521 extra,
1612 3486 1764 3516 convenit
1778 3485 1886 3516 Verbo
1902 3484 1963 3516 Dei
1986 3483 2165 3516 secundum
2187 3482 2267 3515 illud
2290 3481 2379 3524 quod
2398 3483 2432 3513 in
2455 3492 2488 3514 se
2505 3489 2561 3519 est,

1500 3529 1562 3559 hoc
1579 3534 1634 3565 est,
1652 3529 1696 3560 illi
1713 3530 1757 3560 rei
1780 3539 1863 3570 quae
1878 3538 1951 3560 vere
1969 3534 2015 3560 est
2030 3529 2063 3560 in
2079 3538 2112 3559 re
2127 3527 2271 3559 Verbum
2285 3527 2363 3558 Dei:
2386 3527 2455 3568 ipsa
2475 3527 2562 3558 enim

1500 3582 1635 3612 persona
1658 3573 1730 3604 Filii
1753 3574 1824 3610 Dei,
1848 3573 1936 3604 Deus
1952 3583 2054 3610 verus,
2079 3578 2126 3604 est
2148 3581 2285 3613 persona
2300 3570 2425 3602 divinae
2449 3576 2480 3602 et
2501 3571 2563 3602 hu-

2584 399 2592 409 ·
2606 398 2676 421 Num.
2692 404 2719 420 n.

2594 2159 2604 2170 ⁸
2617 2157 2690 2181 Num.
2705 2164 2735 2185 n,
2747 2158 2811 2181 Tune

2593 2185 2650 2213 quta
2659 2185 2685 2207 in
2695 2185 2784 2214 pm.

2865 2431 2872 2453 m
2860 2366 2872 2420 ..η-ι’..
2864 2318 2872 2355 am.-
2855 2162 2872 2308 ...ἠὺ-εα-
2856 1536 2872 2157 mama—mm
2863 1293 2872 1530 Q—u——ss
2867 1257 2872 1286 ,,..
2867 1187 2872 1245 ..ῳ-Δ
2868 1138 2872 1179 -ῌ
