2872 3970
975 239 1236 286 QUAESTIO
1265 239 1332 286 VI,
1362 238 1653 276 ARTICULUS
1681 239 1695 274 I
2377 231 2427 281 93

969 481 1379 558 QUAESTIO
1418 482 1701 537 SEXTA

919 600 1003 640 DE
1037 599 1267 640 ORDINE
1300 599 1743 641 ASSUMPTIONIS

1075 713 1108 737 IN
1137 713 1203 738 SEX
1230 713 1429 738 ARTICULOS
1456 713 1568 738 DIVISA

35 813 54 846 ἶ
329 829 434 855 amon
467 816 792 854 considerandum
826 822 881 852 est
912 816 960 852 de
995 815 1129 852 ordine
1161 827 1307 852 assum-

31 862 51 876 ”
83 883 160 908 ιιι-π
181 877 219 900 1¹²-
247 827 469 919 Dptionis
495 869 711 919 praedictae
730 868 761 905 ²¹².

246 923 295 959 Et
322 922 420 959 circa
448 923 524 959 hoc
551 929 790 981 quaeruntur
818 933 894 958 sex.

299 975 451 1012 Primo:
482 982 613 1012 utrum
641 969 758 1011 Filius
785 973 858 1011 Dei
877 973 1124 1024 assumpserit
1151 985 1306 1010 carnem

351 1027 544 1064 mediante
572 1027 712 1064 anima.

300 1080 501 1118 Secundo:
527 1088 659 1117 utrum
678 1079 926 1129 assumpserit
945 1079 1115 1116 animam
1134 1078 1305 1115 median-

353 1140 389 1169 te
417 1132 562 1182 spiritu,
591 1132 671 1169 sive
699 1140 838 1170 mente.

1415 815 1566 852 Tertio:
1603 823 1734 852 utrum
1761 814 1890 852 anima
1919 815 2057 853 Christi
2084 817 2195 854 fuerit
2221 817 2328 867 prius
2362 831 2421 856 as-

1468 875 1620 916 sumpta
1648 881 1670 904 a
1697 868 1825 905 Verbo
1855 881 1973 917 quam
2002 881 2102 906 caro.

1415 920 1584 967 Quarto:
1614 928 1745 957 utrum
1773 933 1862 957 caro
1890 921 2001 958 fuerit
2027 922 2133 970 prius
2161 936 2184 960 a
2205 923 2333 960 Verbo
2362 937 2420 961 as-

1462 981 1620 1022 sumpta
1649 985 1768 1022 quam
1796 973 1946 1010 animae
1975 974 2092 1011 unita.

1415 1025 1581 1071 Quinto:
1611 1033 1742 1062 utrum
1761 1033 1839 1063 tota
1858 1027 2030 1064 humana
2054 1035 2188 1065 natura
2208 1029 2254 1065 sit
2272 1040 2420 1067 assum-

1466 1085 1531 1126 pta
1559 1078 1816 1115 mediantibus
1843 1079 2024 1127 partibus.

1413 1130 1548 1167 Sexto:
1578 1138 1707 1167 utrum
1729 1130 1775 1167 sit
1793 1140 1990 1180 assumpta
2017 1132 2209 1171 mediante
2228 1135 2363 1182 gratia:

1055 1220 1374 1299 ARTICULUS
1405 1257 1611 1298 PRIMUS

656 1360 813 1391 UTRUM
837 1359 974 1390 FILIUS
996 1359 1068 1389 DEI
1091 1358 1385 1390 ASSUMPSERIT
1410 1358 1593 1389 CARNEM
1617 1359 1846 1390 MEDIANTE
1869 1360 2009 1391 ANIMA

439 1447 513 1478 Infra,
533 1453 579 1474 art.
598 1455 623 1479 4,
643 1448 675 1472 ad
695 1447 724 1478 3;
744 1455 788 1480 qu.
807 1455 830 1478 L,
851 1452 897 1472 art.
917 1454 942 1476 α,
961 1447 992 1472 ad
1013 1454 1040 1477 23
1059 1447 1091 1471 111
1110 1447 1197 1476 Seni„
1218 1446 1276 1471 dist.
1295 1454 1323 1476 ιι,
1343 1453 1387 1478 qu.
1406 1453 1432 1475 ιι,
1453 1450 1498 1471 art.
1518 1452 1542 1476 1,
1561 1445 1611 1478 qu*
1632 1452 1659 1476 1;
1679 1446 1737 1471 dist.
1756 1454 1805 1476 xxx,
1824 1454 1868 1479 qu.
1887 1454 1905 1477 1,
1924 1453 1970 1472 art.
1990 1454 2014 1478 ι,
2033 1448 2082 1480 qu'²
2102 1455 2124 1477 1.
2145 1449 2177 1473 ad
2197 1455 2226 1480 1;

882 1483 916 1507 1v
931 1483 1008 1508 Cont.
1029 1483 1115 1512 Germ,
1135 1490 1190 1515 cap.
1209 1489 1281 1512 xL1v5
1302 1482 1344 1506 De
1363 1481 1458 1513 Spirit.
1480 1481 1578 1510 Creat„
1598 1486 1644 1506 art.
1666 1481 1688 1511 3,
1708 1482 1740 1506 ad
1761 1481 1783 1507 5.

430 1639 435 1644 »
415 1622 576 1660 Filius
590 1622 663 1659 Dei
683 1635 763 1659 non
783 1622 1031 1672 assumpserit
1049 1634 1205 1659 carnem
1225 1634 1304 1658 me-

429 1674 444 1710 .“
458 1675 585 1712 diante
614 1675 753 1712 anima.
783 1675 988 1712 Perfectior
1015 1675 1120 1712 enim
1147 1682 1202 1712 est
1223 1687 1306 1711 mo—

246 1787 354 1817 turae
374 1787 411 1816 et
376 1737 600 1829 'partibus
625 1780 718 1827 eius,
739 1793 858 1830 quarn
884 1793 963 1830 quo
992 1788 1047 1817 est
1066 1781 1105 1817 in
1125 1780 1306 1817 omnibus

245 1832 439 1869 creaturis.
470 1833 546 1870 Sed
575 1833 614 1869 in
633 1834 813 1870 creaturis
841 1841 896 1870 est
920 1833 1139 1870 immediate
1162 1845 1232 1882 per
1250 1845 1306 1869 es—

40 1927 42 1929 ,
246 1884 419 1931 sentiam,
447 1885 704 1935 praesentiam
732 1894 768 1922 et
794 1886 1016 1935 potentiam.
1053 1887 1154 1933 Ergo
1183 1887 1306 1922 multo

50 1953 53 1981 ζ
105 1949 123 1966 0⁸
245 1937 367 1986 magis
385 1937 503 1975 Filius
522 1938 594 1976 Dei
612 1938 743 1976 unitur
770 1938 875 1976 carni
899 1944 926 1987 ²,
947 1946 984 1975 et
1006 1950 1087 1975 non
1112 1938 1306 1976 mediante

46 1991 48 1995 ’
246 1989 386 2028 anima.

301 2055 336 2080 2.
365 2044 603 2091 PRAETEREA,
633 2044 762 2081 anima
790 2051 826 2080 et
853 2056 942 2081 caro
977 2043 1084 2081 unita
1118 2052 1207 2080 sunt
1234 2043 1307 2080 Dei

245 2096 375 2133 Verbo
403 2096 443 2133 in
470 2096 613 2134 unitate
650 2096 865 2156 hypostasis
894 2109 962 2134 seu
990 2109 1189 2156 personae.
1230 2097 1306 2133 Sed

246 2159 388 2197 corpus
415 2148 635 2186 immediate
654 2149 816 2199 pertinet
835 2150 884 2186 ad
911 2162 1119 2209 personam
1138 2149 1217 2186 sive
1238 2150 1307 2198 hy-

245 2200 432 2260 postasim
468 2201 657 2249 hominis,
691 2202 787 2239 sicut
823 2210 860 2239 et
896 2202 1036 2240 anima.
1075 2201 1306 2249 Quinimmo

246 2253 368 2302 magis
394 2253 546 2291 videtur
564 2267 604 2291 se
623 2255 671 2291 de
699 2254 920 2304 propinquo
940 2255 1081 2292 habere
1110 2256 1159 2292 ad
1185 2256 1307 2304 hypo-

246 2306 379 2343 stasim
405 2307 575 2344 hominis
602 2319 754 2356 corpus,
777 2309 884 2367 quod
913 2315 968 2344 est
994 2308 1163 2367 materia,
1188 2320 1308 2356 quam

247 2358 389 2407 anima,
410 2371 510 2408 quae
538 2368 594 2396 est
620 2361 762 2397 forma:
793 2360 884 2410 quia
910 2360 1144 2410 principium
1171 2360 1308 2397 indivi-

246 2411 451 2460 duationis,
472 2425 572 2462 quae
591 2412 820 2472 importatur
842 2413 881 2450 in
901 2413 1059 2450 nomine
1079 2413 1306 2463 hypostasis,

245 2464 399 2502 videtur
417 2477 498 2502 esse
517 2465 686 2503 materia.
708 2467 813 2526 Ergo
829 2466 947 2504 Filius
966 2466 1038 2503 Dei
1057 2479 1138 2503 non
1161 2479 1308 2503 assum-

246 2516 322 2566 psit
348 2529 502 2554 carnem
531 2518 725 2556 mediante
753 2519 894 2557 anima.

303 2569 337 2606 3.
367 2571 608 2619 PRAETEREA,
637 2580 786 2609 remoto
824 2572 974 2619 medio,
1003 2580 1228 2621 separantur
1264 2584 1309 2609 ea

247 2634 348 2671 quae
375 2633 446 2671 per
471 2623 647 2661 medium
674 2624 977 2672 coniunguntur:
1018 2625 1132 2672 sicut,
1162 2633 1309 2662 remota

248 2675 472 2724 superficie,
501 2684 664 2713 cessaret
700 2679 807 2714 color
842 2691 865 2715 a
902 2690 1080 2727 corpore,
1110 2678 1177 2727 qui
1214 2678 1310 2715 inest

247 2736 401 2776 corpon
427 2740 498 2777 per
525 2729 780 2778 superficiem.
811 2731 898 2778 Sed,
919 2738 1092 2790 separata
1119 2743 1188 2780 per
1206 2743 1309 2768 mor-

9 2781 17 2807 ἓ
57 2807 67 2815 «
247 2787 327 2817 tem
355 2780 504 2828 anima,
533 2782 662 2819 adhuc
689 2791 860 2820 remanet
887 2784 981 2821 unio
1009 2784 1126 2821 Verbi
1154 2785 1202 2821 ad
1230 2796 1309 2821 car-

0 2806 16 2881 i.
143 2843 219 2862 nrt-²
247 2845 360 2870 nem:
400 2810 507 2883 quod
542 2834 675 2871 infra*
701 2835 854 2884 patebit.
891 2837 992 2884 Ergo
1020 2837 1194 2874 Verbum
1229 2849 1310 2876 non

1 2884 12 2910 ‘v
248 2886 493 2934 coniungitur
519 2887 623 2924 carni
651 2888 843 2925 mediante
871 2889 1011 2926 anima.

303 2939 376 2977 SED
406 2952 550 2977 CONTRA
574 2952 639 2977 Esr
658 2940 765 2989 quod
784 2941 1021 2989 Augustinus
1040 2942 1139 2989 dicit,
1161 2943 1200 2979 in
1220 2943 1310 2992 Epi-

15 2988 22 3014 's
63 2996 221 3027 cxxxvn
249 2993 345 3029 stola
372 2993 423 3030 ad
456 2993 695 3030 Volusianum
714 2993 752 3030 *ε
788 2995 876 3043 Ipsa
911 2995 1130 3045 magnitudo
1165 2996 1312 3034 divinae

87 3058 89 3060 ·
248 3047 390 3083 virtutis
426 3047 592 3083 animam
628 3047 698 3083 sibi
723 3046 964 3093 rationalem,
994 3053 1027 3084 et
1048 3060 1121 3097 per
1155 3049 1310 3086 eandem

58 3134 61 3135 ⁷
249 3110 386 3147 corpus
411 3099 630 3145 humanum,
658 3105 844 3148 totumque
870 3101 1022 3137 omnino
1050 3102 1250 3147 hominem,
1272 3103 1309 3137 in

27 3153 31 3172 ²
76 3151 86 3159 ”
110 3154 126 3188 β
249 3152 382 3188 melius
407 3152 626 3189 mutandum
646 3150 671 3199 β,
701 3153 893 3201 coaptavit.

68 3199 78 3203 ⁷
303 3205 527 3242 REsronnEo
554 3181 735 3242 DlCENbUM
763 3205 869 3254 quod
894 3204 1067 3242 medium
1093 3205 1230 3242 dicitur
1254 3218 1310 3243 re-

252 3264 384 3307 spectu
411 3257 587 3307 principii
615 3265 651 3294 et
677 3257 776 3294 finis.
814 3258 936 3304 Unde,
957 3257 1053 3295 sicut
1079 3257 1311 3307 principium

252 3317 290 3346 et
315 3309 404 3347 finis
431 3310 639 3365 important
671 3310 859 3357 ordinem,
888 3309 938 3347 ita
966 3318 1002 3347 et
1029 3309 1215 3347 medium.
1245 3312 1313 3348 Est

305 3429 334 3499 αξ
354 3431 446 3456 unitur
463 3431 548 3456 carni.
559 3445 579 3450 —-
597 3432 749 3456 immediate
767 3432 836 3456 addit
853 3438 878 3461 a,
899 3430 1041 3464 praefigunt
1059 3431 1079 3455 F
1098 3437 1123 3456 et
1140 3432 1221 3458 tertia.

307 3464 322 3498 β
351 3467 518 3492 mutandum.
530 3481 549 3485 -
567 3467 587 3491 F
606 3472 632 3491 et
649 3466 723 3491 tertia
730 3474 738 3497 ;
757 3467 894 3492 mutando.

305 3502 334 3535 γ)
352 3501 463 3526 dicimus
481 3502 595 3527 mediam
614 3509 730 3528 causam.
742 3517 762 3522 —
775 3502 874 3527 dicitur
893 3502 1007 3527 mediam
1025 3509 1133 3527 causam
1148 3503 1197 3535 pG,
1211 3503 1310 3528 dicitur

254 3535 342 3561 media
359 3543 440 3561 causa
459 3542 541 3562 cetera
559 3538 640 3563 tertia.

455 1583 478 1607 D
506 1582 642 1608 PRtMUM
670 1582 722 1607 5ιο
749 1582 984 1607 PRocssnrrUR.
1014 1570 1175 1607 Videtur
1199 1569 1305 1618 quod
1360 1575 1492 1605 autem
1511 1568 1653 1617 duplex
1673 1569 1788 1605 ordo:
1810 1581 1912 1606 unus
1927 1570 2085 1619 quidem
2104 1572 2302 1621 temporis;
2325 1574 2421 1611 alius

1361 1628 1490 1658 autem
1518 1629 1687 1657 naturae.
1719 1622 1943 1659 Secundum
1972 1631 2102 1660 autem
2121 1624 2298 1662 ordinem
2326 1634 2420 1663 tem-

1359 1673 1474 1722 poris,
1490 1685 1571 1710 non
1585 1673 1744 1710 dicitur'
1735 1686 1774 1710 ιιι
1789 1675 1970 1724 mysterio
1990 1676 2258 1714 incarnationis
2278 1678 2422 1728 aliquid

1360 1726 1553 1763 medium:
1593 1726 1684 1774 quia
1710 1734 1830 1763 totam
1858 1735 2036 1765 naturam
2064 1730 2279 1767 humanam
2307 1731 2421 1768 simul

1360 1778 1432 1814 sibi
1459 1778 1532 1814 Dei
1559 1778 1733 1815 Verbum
1761 1779 1894 1826 univit,
1923 1788 1965 1816 ut
1993 1780 2126 1818 infra*
2153 1783 2306 1831 patebit.

1415 1831 1523 1868 Ordo
1561 1838 1690 1867 autem
1727 1839 1886 1869 naturae
1923 1832 2020 1870 inter
2053 1834 2181 1883 aliqua
2216 1844 2341 1885 potest
2369 1844 2421 1873 at-

1359 1883 1464 1920 tendi
1484 1883 1702 1933 dupliciter:
1733 1897 1813 1921 uno
1838 1886 1969 1932 modo,
1991 1888 2204 1924 secundum
2235 1889 2422 1936 dignitatis

1359 1937 1533 1983 gradum,
1555 1936 1651 1973 sicut
1678 1936 1841 1974 dicimus
1869 1940 2023 1986 angelos
2048 1952 2129 1976 esse
2158 1941 2307 1978 medios
2326 1941 2423 1979 inter

1361 1989 1539 2026 homines
1563 1997 1600 2025 et
1627 1990 1776 2035 Deum;
1806 1990 1880 2027 alio
1909 1992 2041 2039 modo,
2066 1994 2282 2031 secundum
2310 1994 2422 2032 ratio-

1361 2054 1452 2078 nem
1480 2041 1717 2089 causalitatiS,
1737 2042 1834 2080 sicut
1852 2043 2015 2081 dicimus
2036 2046 2207 2083 mediam
2230 2058 2388 2084 causam
2407 2053 2422 2076 Υ

1361 2094 1518 2132 existere
1554 2094 1650 2131 inter
1675 2095 1843 2144 primam
1870 2108 2027 2134 causam
2056 2106 2092 2135 et
2123 2099 2304 2136 ultimum
2332 2100 2422 2137 effe-

1361 2154 1478 2183 ctum
1509 2147 1557 2183 Et
1575 2146 1637 2183 hic
1656 2149 1849 2189 secundus
1869 2150 1965 2186 ordo
1992 2150 2122 2200 aliquo
2148 2153 2268 2189 modo
2288 2165 2422 2190 conse-

1361 2199 1491 2249 quitur
1517 2199 1708 2248 primum:
1739 2201 1835 2238 sicut
1863 2201 1967 2238 enirn
1995 2202 2084 2240 dicit
2111 2203 2336 2254 Dionysius,
2365 2217 2422 2242 xm

1361 2264 1444 2311 cap.
1469 2253 1569 2290 Cael.
1590 2254 1713 2299 Hi.er,
1734 2254 1841 2290 Deus
1859 2266 1929 2303 per
1948 2255 2176 2293 substantias
2195 2257 2315 2305 magis
2333 2270 2422 2307 pro-

1361 2304 1526 2354 pinquas
1545 2303 1558 2327 δ
1586 2305 1661 2352 agit
1688 2305 1727 2342 in
1756 2318 1800 2343 ea
1819 2319 1918 2355 quae
1947 2316 2035 2344 sunt
2061 2309 2182 2356 magis
2202 2318 2360 2347 remota.

1416 2358 1456 2395 Si
1482 2369 1571 2405 ergo
1591 2363 1603 2379 θ
1631 2359 1872 2395 attendamus
1890 2360 2054 2407 gradum
2073 2361 2271 2410 dignitatis,
2292 2363 2422 2401 anima

1362 2410 1490 2448 media
1515 2410 1708 2447 invenitur
1735 2411 1832 2448 inter
1858 2412 1987 2449 Deum
2016 2421 2052 2450 et
2079 2425 2246 2451 carnem.
2290 2416 2338 2452 Et
2365 2429 2422 2453 se-

1362 2464 1536 2500 cundum
1564 2464 1650 2511 hoc,
1671 2471 1795 2513 potest
1822 2464 1896 2501 dici
1923 2466 2031 2514 quod
2054 2465 2172 2503 Filius
2199 2467 2272 2503 Dei
2299 2468 2423 2506 univit

1362 2516 1433 2553 sibi
1461 2528 1617 2553 carnem
1654 2516 1846 2554 mediante
1879 2518 2019 2555 anima.
2040 2541 2066 2545 —
2095 2520 2171 2556 Sed
2206 2521 2421 2558 secundum

1362 2569 1537 2606 ordinem
1575 2569 1818 2617 causalitatis,
1848 2569 1931 2619 ipsa
1968 2571 2096 2608 anima
2124 2579 2179 2608 est
2213 2572 2422 2621 aliqualiter

1362 2634 1478 2659 causa
1498 2622 1622 2658 carnis
1640 2622 1832 2659 uniendae
1852 2622 1948 2660 Filio
1968 2623 2051 2660 Dei.
2080 2625 2173 2661 Non
2193 2625 2296 2661 enim
2325 2634 2422 2663 esset

1363 2674 1636 2723 assumptibilis
1663 2674 1735 2711 nisi
1769 2687 1839 2724 per
1866 2675 2042 2713 ordinem
2078 2689 2193 2725 quem
2224 2678 2338 2714 habet
2372 2679 2421 2715 ad

1363 2727 1534 2765 animam
1549 2727 1784 2775 rationalem,
1796 2729 2009 2765 secundum
2026 2741 2145 2788 quarn
2160 2729 2171 2754 ἶ
2186 2730 2300 2767 habet
2315 2732 2421 2779 quod

1364 2780 1409 2817 sit
1427 2792 1516 2817 caro
1546 2781 1736 2817 humana:
1767 2780 1913 2817 dictum
1932 2789 1987 2818 est
2012 2781 2116 2818 enim
2145 2783 2294 2830 supra*
2314 2784 2459 2831 quod

1364 2841 1499 2870 natura
1527 2834 1700 2870 humana
1726 2845 1818 2882 prae
1847 2833 1978 2870 ceteris
2006 2842 2061 2870 est
2086 2834 2367 2883 assumptibilis.

1416 2887 1474 2922 An
1489 2898 1623 2923 PRtMUM
1639 2897 1736 2922 ERGO
1750 2898 1930 2923 DICENDUM
1945 2887 2052 2934 quod
2066 2887 2207 2935 duplex
2222 2888 2318 2925 ordo
2333 2900 2422 2925 con-

1364 2938 1519 2975 siderari
1552 2945 1676 2987 potest
1708 2938 1804 2974 inter
1835 2946 2047 2975 creaturam
2075 2947 2111 2975 et
2138 2939 2277 2976 Deum.
2313 2942 2422 2978 Unus

1364 2990 1539 3039 quidem,
1569 2990 1784 3027 secundum
1812 2991 1919 3049 quod
1947 2999 2139 3028 creaturae
2167 3001 2374 3030 causantur
2400 3006 2423 3031 a

1364 3044 1449 3080 Deo
1477 3051 1514 3079 et
1541 3043 1759 3101 dependent
1787 3042 1835 3078 ab
1864 3042 1947 3091 ipso
1976 3043 2071 3080 sicut
2099 3057 2122 3081 a
2147 3044 2335 3104 principio
2364 3046 2423 3083 sui

1365 3108 1458 3132 esse.
1498 3096 1546 3132 Et
1583 3095 1655 3141 sic,
1685 3102 1841 3143 propter
1877 3095 2103 3133 infinitatem
2137 3109 2228 3134 suae
2256 3097 2421 3146 virtutis,

1366 3149 1471 3185 Deus
1509 3147 1728 3183 immediate
1765 3147 1908 3196 attingit
1943 3149 2154 3198 quamlibet
2189 3162 2295 3198 rem,
2333 3163 2422 3188 cau-

1366 3200 1487 3237 sando
1516 3208 1552 3236 et
1579 3201 1857 3237 conservando.
1888 3202 1936 3238 Et
1963 3202 2011 3238 ad
2031 3203 2106 3239 hoc
2133 3203 2294 3251 pertinet
2316 3204 2423 3253 quod

1365 3254 1471 3289 Deus
1499 3251 1719 3289 immediate
1748 3261 1803 3290 est
1830 3253 1869 3290 in
1898 3254 2080 3291 omnibus
2111 3267 2181 3304 per
2208 3256 2421 3304 essentiam,

1366 3304 1573 3354 potentiam
1604 3312 1640 3341 et
1666 3306 1930 3354 praesentiam.

1417 3432 1442 3502 ’ὀζ
1456 3434 1665 3466 μνορίηᾳιιαεβ
1681 3434 1732 3459 sibi
1746 3435 1912 3468 propinquas
1931 3437 2010 3461 tertia.

1418 3477 1428 3493 ε
1460 3469 1491 3494 Si
1509 3476 1582 3502 ergo.
1594 3483 1614 3489 -
1632 3469 1678 3495 Sic
1695 3477 1760 3503 ergo
1778 3471 1803 3495 si
1820 3471 1900 3496 tertia.

1416 3503 1442 3539 ζ)
1461 3511 1580 3536 quam.-
1597 3512 1674 3538 quem
1693 3505 1786 3538 PFpH,
1806 3513 1881 3538 quem
1900 3506 1979 3531 etiam
2000 3507 2037 3532 bc.

2449 1788 2523 1810 ‘An-t.
2538 1794 2559 1816 3,
2573 1794 2596 1814 4.

2475 2786 2522 2812 Qu.
2538 2791 2570 2813 tv,
2584 2789 2627 2807 art.
2642 2793 2661 2807 ι.
