2872 3970
257 738 264 748 ¹
276 738 325 764 Qu.
336 743 382 762 κω,
393 739 436 757 art.
449 743 468 762 ι,

256 764 284 784 ad
301 771 323 789 ¹;
345 769 384 790 qu.
405 768 467 789 xuv,

255 794 297 811 art.
314 797 332 815 ι,
350 789 379 810 ad
393 794 413 810 2.

257 869 265 878 ⁸
282 867 318 889 cf.
333 873 396 888 num.
412 873 442 888 vr.

263 2666 274 2677 ⁸
289 2665 357 2687 Num.
374 2671 388 2686 1.

275 3371 347 3392 ’1,υο,
360 3376 409 3398 cap⁴
422 3377 483 3396 xxiv,

274 3404 332 3419 vers.
348 3403 380 3418 αι,

274 3453 327 3475 'Ad
337 3453 425 3480 Galat„
435 3459 483 3480 cap.

274 3485 289 3503 ι,
306 3485 362 3501 vers.
381 3486 414 3505 Μ.

275 3508 283 3516 ⁸
299 3506 347 3527 Act.
363 3512 412 3533 capr
429 3511 485 3530 xxu,

274 3538 332 3554 vers.
347 3538 366 3560 3.

279 3569 287 3578 ⁸
307 3568 356 3589 Act.
381 3573 430 3595 cnp.
458 3573 487 3592 ux,

275 3600 332 3616 vers.
349 3600 381 3615 22.

497 303 575 350 460

496 392 575 417 non
603 386 758 416 excusat
785 391 807 415 a
834 380 958 428 culpa,
982 379 1049 415 sed
1077 378 1197 426 magis
1224 377 1376 414 videtur
1403 377 1558 425 culpam

495 444 719 480 aggravare:
749 431 913 468 ostendit
932 430 1035 468 enirn
1055 430 1255 468 hominem
1279 429 1332 466 sic
1349 427 1558 466 vehemen-

495 493 552 521 ter
571 496 652 521 esse
681 484 863 521 affectum
882 483 931 520 ad
958 483 1200 532 peccandum
1219 481 1324 531 quod
1352 482 1435 517 vult
1453 480 1559 528 igno·

1171 594 1506 628 Commentaria
1528 589 1781 626 Cardinalis
1803 591 2004 626 Caietam

555 704 662 725 trimus
686 693 787 724 clarus
810 698 846 723 ut
868 698 976 724 sonat:
1003 692 1042 723 de
1065 692 1250 722 hominibus
1270 695 1394 726 tamen,
1421 689 1497 729 quia
1519 687 1559 718 de

556 737 765 768 daemonibus
789 737 852 766 iam
868 736 884 753 ³*
908 735 1030 767 dictum
1054 741 1110 766 est.

550 777 585 812 In
609 790 744 821 corpore
767 789 831 810 una
855 785 902 810 est
924 779 1084 810 distinctio
1108 778 1302 814 bimembris,
1327 785 1402 808 cum
1426 776 1559 807 conclu-

494 826 637 856 sionibus
653 824 806 865 appositis
828 825 915 854 iuxta
929 825 1082 854 membra.
1107 822 1276 853 Distinctio
1293 826 1340 852 est
1363 820 1453 861 quod
1474 819 1560 860 apud

495 869 628 899 ludaeos
653 868 783 908 quidam
799 874 887 898 erant
909 868 1056 903 maiores,
1074 866 1204 907 quidam
1220 866 1361 896 minores
1376 866 1403 895 ‘'.

552 914 599 944 De
630 912 803 942 maioribus
827 917 889 942 tres
913 911 1136 941 conclusiones
1164 915 1340 950 ponuntur.
1378 909 1485 939 Prima
1513 913 1560 938 est

496 956 584 997 quod
600 961 824 998 cognoverunt
847 955 949 996 ipsum
972 964 1039 985 esse
1062 954 1225 985 Messiam.
1247 971 1271 976 -—
1294 952 1452 988 Secunda,
1470 951 1560 993 quod

495 1004 560 1031 ‘non
577 1005 803 1042 cognoverunt
825 999 928 1039 ipsum
953 1008 1019 1029 esse
1041 998 1157 1029 Deum.
1173 1016 1195 1020 -
1214 997 1332 1033 Tertia,
1353 992 1443 1037 quod
1466 996 1561 1038 igno-

496 1045 603 1075 rantia
624 1045 685 1075 ista
709 1051 774 1074 non
799 1042 966 1073 excusavit
981 1046 1150 1083 peccatum
1174 1045 1297 1072 eorum.

550 1089 655 1118 Prima
676 1087 843 1118 conclusio
867 1087 1020 1127 probatur
1048 1086 1235 1116 auctoritate
1258 1090 1290 1116 et
1312 1085 1452 1116 ratione:
1485 1085 1561 1125 quia

494 1132 644 1163 videbant
667 1132 777 1162 omnia
800 1131 888 1171 signa
911 1130 993 1161 dicta
1017 1129 1056 1160 de
1080 1130 1205 1160 Messia.
1238 1129 1386 1160 Secunda
1407 1129 1561 1169 probatur

496 1177 681 1207 auctoritate
705 1175 826 1211 eadem,
851 1174 1002 1205 adiuncto
1025 1175 1123 1205 verbo
1146 1174 1307 1214 Apostoli,
1331 1173 1367 1204 Si
1390 1173 1560 1214 cognovit-

495 1226 574 1251 sent.
598 1220 639 1250 Et
662 1220 720 1250 hae
744 1219 977 1255 conclusiones,
995 1228 1070 1249 cum
1089 1218 1153 1248 suis
1168 1217 1422 1269 probationibus,
1438 1217 1477 1248 ab
1493 1217 1560 1248 Au-

497 1270 583 1295 ctore
606 1264 765 1294 recitative
788 1262 978 1293 afferuntur:
1004 1269 1039 1293 ut
1061 1268 1148 1303 patet
1170 1271 1203 1293 m
1227 1256 1339 1293 littera.

552 1307 660 1338 Tertia
675 1313 782 1338 autem
799 1307 964 1337 conclusio
980 1307 1079 1347 ipsius
1095 1306 1245 1337 Auctoris
1261 1311 1317 1336 est.
1341 1305 1383 1336 Et
1397 1305 1560 1346 probatur.

497 1353 582 1391 Quia
606 1361 719 1383 eorum
742 1351 919 1392 ignorantia
943 1356 1008 1380 erat
1031 1349 1189 1380 affectata:
1215 1351 1290 1390 quia
1305 1349 1454 1380 videbant
1475 1349 1561 1380 testi-

497 1397 606 1427 monia
630 1395 752 1426 deitatis
777 1395 893 1426 Christi
916 1394 1118 1430 sufficientia,
1142 1393 1198 1424 sed
1220 1394 1281 1434 ipsi
1303 1402 1342 1424 ex
1364 1399 1463 1434 'pravo
1487 1393 1562 1424 affe·

498 1447 552 1471 ctu
581 1440 802 1480 pervertebant
831 1439 884 1469 illa
914 1444 945 1469 et
974 1438 1152 1469 doctrinam
1182 1438 1391 1474 abiiciebant‚
1414 1437 1562 1468 nolentes

498 1484 635 1515 credere.
659 1484 814 1514 Probatur
838 1483 925 1513 Ioan.
942 1493 991 1518 xv,
1010 1489 1068 1513 etc.

553 1526 590 1558 11.
614 1527 751 1558 Adverte
775 1527 827 1557 hic
851 1526 957 1567 quod,
981 1527 1055 1557 licet
1083 1527 1265 1557 testimonia
1295 1526 1418 1557 deitatis
1445 1524 1562 1556 Christi

499 1578 603 1602 essent
625 1571 804 1602 secundum
827 1581 860 1601 se
884 1570 1072 1601 sufficientia
1096 1571 1135 1601 ad
1159 1569 1350 1601 causandam
1373 1569 1482 1606 fidem,
1505 1578 1563 1600 vo-

498 1616 666 1646 luntariam
687 1615 738 1645 vel
762 1620 916 1650 coactam,
940 1615 1125 1645 hominibus
1150 1614 1206 1654 qui
1229 1617 1410 1655 praesentes
1434 1613 1563 1644 fuerunt

498 1660 688 1691 testimoniis
711 1659 781 1695 illis,
801 1659 920 1689 scilicet
943 1659 1171 1690 miraculorum
1194 1659 1239 1689 sic
1254 1658 1413 1689 factorum
1429 1657 1469 1688 ad
1485 1665 1563 1688 con-

498 1704 712 1735 firmationem
737 1703 900 1734 doctrinae
924 1713 988 1743 qua
1005 1703 1130 1734 dicebat
1146 1713 1178 1733 se
1195 1703 1318 1733 Deum:
1342 1707 1450 1733 tamen
1465 1702 1563 1742 gratia

499 1749 628 1779 unionis
650 1747 825 1788 personalis
854 1757 923 1778 non
946 1753 1012 1778 erat
1033 1755 1268 1787 usquequaque
1291 1746 1392 1782 clara,
1416 1751 1481 1776 tam
1504 1746 1564 1776 ho-

500 1793 640 1822 minibus
653 1801 750 1832 quam
762 1791 983 1826 daemonibus,
996 1796 1168 1831 antequam
1179 1791 1367 1832 mysterium
1378 1790 1442 1821 hoc
1453 1789 1564 1820 fuisset

501 1842 656 1876 apertum.
691 1835 775 1866 Nam
799 1835 856 1865 etsi
880 1835 1036 1865 sciebatur
1067 1834 1156 1875 quod
1180 1834 1311 1864 Messias
1334 1838 1399 1864 erat
1422 1833 1510 1864 Deus
1534 1839 1565 1864 et

501 1879 600 1910 Filius
623 1879 694 1915 Dei,
717 1889 785 1909 non
808 1884 915 1909 tamen
938 1878 1172 1918 intelligebatur
1193 1878 1227 1908 in
1251 1887 1317 1918 quo
1341 1886 1436 1908 sensu
1458 1877 1563 1907 verifi-

502 1929 625 1954 caretur
655 1923 743 1963 quod
767 1928 847 1953 esset
871 1923 958 1952 Deus
987 1928 1041 1952 aut
1063 1922 1124 1952 Dei
1147 1921 1263 1952 Filius:
1292 1931 1332 1951 an
1355 1930 1413 1962 per
1435 1922 1564 1952 unionis

501 1967 674 2008 personalis
697 1967 847 2006 gratiam3
878 1976 918 1996 an
941 1975 998 2006 per
1021 1966 1160 2006 aliquam
1185 1965 1403 1996 excellentiam
1426 1965 1564 2005 singula-

500 2012 665 2042 rissimam.
691 2011 782 2048 Quae
806 2010 961 2041 dubitatio
984 2011 1107 2040 sublata
1124 2010 1249 2040 videtur
1271 2015 1345 2049 post
1361 2009 1478 2040 Christi
1493 2018 1564 2049 pas-

501 2056 624 2086 sionem
648 2054 756 2095 quoad
776 2054 965 2091 daemones3
991 2060 1021 2085 et
1036 2055 1312 2089 resurrectionem,
1329 2052 1437 2094 quoad
1459 2053 1564 2083 homi—

499 2109 566 2134 nes,
584 2098 713 2139 quando
730 2098 857 2138 aperuit
871 2098 1036 2139 discipulis
1050 2107 1178 2128 sensum
1195 2102 1230 2128 ut
1245 2095 1463 2138 intelligerent
1478 2096 1565 2127 Scri-

259 2145 334 2166 ·Luc-
350 2151 472 2172 cap-xxm
494 2149 613 2184 pturas
630 2144 663 2179 ἢ
689 2148 719 2172 et
746 2142 882 2182 amplius
912 2151 970 2182 per
999 2142 1133 2182 Spiritus
1157 2141 1264 2172 Sancti
1291 2140 1483 2176 adventum,
1509 2141 1564 2180 qui

258 2178 350 2220 Ϊεῖῗέι-ἒ.
363 2187 408 2224 '17.
429 2198 471 2223 ,ω
499 2188 674 2228 promissus
689 2187 749 2217 fuit
765 2186 878 2216 doctor
897 2186 1001 2217 omnis
1017 2186 1170 2222 veritatis,
1184 2186 1270 2216 Ioan.
1287 2194 1339 2215 xiv
1351 2186 1378 2215 ὓ.
1401 2185 1564 2225 Principes

257 2230 471 2252 ⁶³¹³·¹V¹’V“'³‘*3·
500 2238 606 2262 autem
624 2230 814 2261 Iudaeorum
832 2228 911 2272 [non
927 2228 1070 2272 propter]
1089 2230 1301 2270 ignorantiam
1321 2237 1422 2265 suam,
1439 2238 1508 2259 non
1526 2236 1564 2259 ex

499 2276 704 2316 ambiguitate
726 2273 816 2304 modi
837 2274 996 2314 possibilis
1019 2274 1058 2304 ad
1077 2273 1303 2304 verificandam
1326 2273 1444 2303 Christi
1466 2272 1564 2303 deita-

499 2326 574 2356 tem,
592 2319 647 2350 sed
663 2329 700 2349 ex
716 2319 868 2359 pravitate
885 2318 1026 2354 affectus,
1043 2319 1279 2349 insurrexerunt
1299 2318 1332 2348 in
1348 2317 1464 2353 Iesum,
1482 2326 1564 2357 quo-

501 2373 639 2403 cumque
656 2362 756 2393 modo
774 2362 868 2392 fuerit
884 2363 981 2393 Deus.
1006 2362 1046 2393 Et
1066 2362 1140 2393 ideo
1164 2371 1236 2392 reos
1251 2362 1374 2402 seipsos
1391 2361 1565 2392 constitue-

499 2414 573 2438 runt
596 2407 700 2437 omnis
725 2406 927 2436 excellentiae
951 2416 1034 2447 quae
1057 2407 1090 2436 in
1109 2406 1165 2437 illo
1188 2406 1321 2436 homine
1343 2411 1424 2436 erat:
1448 2414 1484 2435 ac
1506 2414 1564 2445 per

499 2453 572 2488 hoc,
589 2451 720 2481 deitatis
757 2451 803 2480 Ex
820 2460 859 2480 eo
877 2452 962 2481 enim
979 2450 1069 2491 quod
1083 2460 1151 2481 non
1175 2455 1325 2480 curarunt
1341 2448 1502 2480 attendere
1517 2454 1564 2479 te-

500 2496 656 2526 stimoniis
680 2504 816 2534 operum
833 2501 864 2525 et
879 2496 1050 2526 verborum
1079 2495 1206 2531 Christi,
1223 2494 1279 2525 sed
1300 2494 1451 2534 persequi
1473 2493 1564 2524 illum

502 2541 682 2580 elegerunt,
705 2539 918 2578 ignorantiam
947 2549 1006 2579 pro
1031 2540 1235 2569 excusatione
1258 2538 1392 2578 allegare
1413 2547 1482 2568 non
1504 2547 1564 2578 po-

500 2590 638 2614 tuerunt.
662 2583 703 2613 Et
725 2583 788 2613 hoc
805 2589 851 2613 est
875 2583 963 2623 quod
987 2583 1147 2614 Dominus
1163 2582 1247 2618 dicit,
1265 2582 1351 2613 Ioan.
1367 2592 1422 2612 xv:
1447 2582 1483 2612 Si
1498 2591 1563 2612 non

502 2629 665 2663 venissem,
684 2633 754 2662 etc.,
779 2632 814 2656 ut
837 2627 870 2656 in
893 2627 995 2658 littera
1019 2627 1155 2657 affertur.

557 2672 607 2702 111.
632 2671 695 2702 Sed
719 2671 857 2701 occurrit
873 2671 975 2701 simile
991 2670 1126 2702 dubium
1143 2670 1182 2701 de
1198 2671 1300 2711 prima
1317 2670 1525 2700 conclusione
1536 2671 1563 2706 ⁹,

501 2716 621 2746 scilicet
651 2714 740 2755 quod
763 2715 899 2745 maiores
923 2721 1145 2755 cognoverunt
1172 2715 1277 2745 Iesum
1300 2723 1368 2745 esse
1390 2713 1563 2745 Christum.

501 2761 585 2791 Nam
601 2760 689 2799 signa
712 2764 743 2789 et
758 2759 938 2790 testimonia
955 2760 1138 2799 apparentia
1161 2758 1251 2799 quod
1274 2759 1360 2789 Iesus
1377 2763 1457 2789 esset
1473 2758 1565 2789 Chri-

503 2810 584 2839 stus,
610 2804 682 2834 licet
706 2804 739 2832 in
762 2812 795 2833 se
818 2802 935 2833 fuerint
958 2803 1146 2834 sufficientia
1169 2803 1209 2834 ad
1231 2804 1295 2833 hoc
1318 2802 1564 2839 testificandum,

504 2854 534 2878 et
566 2847 708 2878 videntes
740 2846 792 2877 illa
825 2847 864 2877 ad
897 2847 1175 2878 confirmationem
1208 2846 1416 2887 professionis
1449 2847 1566 2877 Christi

504 2891 660 2922 debebant
693 2890 819 2921 credere
849 2891 940 2921 illum
971 2901 1039 2922 esse
1071 2891 1251 2927 Christum;
1285 2891 1359 2931 quia
1388 2896 1495 2921 tamen
1525 2891 1564 2922 de

505 2935 631 2965 Christo
655 2935 754 2965 multa
779 2935 963 2965 excellentia
982 2941 1013 2966 et
1028 2936 1165 2966 maxima
1182 2935 1348 2975 ‘praedicta
1372 2940 1459 2965 erant
1483 2944 1565 2975 quae

504 2980 536 3009 in
554 2979 624 3009 Iesu
640 2988 706 3008 non
723 2979 925 3018 apparebant,
943 2980 1019 3019 quia
1034 2980 1067 3009 in
1083 2979 1226 3010 secundo
1249 2978 1388 3010 adventu
1403 2979 1566 3019 implenda

505 3029 592 3059 sunt;
607 3028 637 3053 et
648 3023 784 3052 maiores
800 3024 987 3062 ignorabant
1001 3024 1079 3054 istos
1095 3023 1177 3054 duos
1193 3023 1357 3059 adventus,
1370 3028 1402 3053 et
1412 3024 1566 3063 putabant

507 3067 669 3097 Christum
692 3066 726 3096 in
749 3067 853 3106 primo
877 3067 1015 3098 adventu
1043 3073 1248 3107 regnaturum
1271 3073 1302 3098 et
1325 3066 1566 3107 redempturum

506 3111 721 3150 temporaliter
744 3110 852 3141 Israel:
885 3111 958 3142 ideo
981 3111 1127 3142 videntur
1151 3112 1245 3142 etiam
1275 3112 1436 3151 ignorasse
1459 3112 1566 3152 ipsum

508 3164 574 3184 esse
598 3154 771 3189 Christum,
795 3155 972 3194 ignorantia
995 3161 1101 3186 tamen
1125 3155 1277 3186 affectata.

563 3197 602 3227 Et
625 3196 830 3228 confirmatur
861 3199 938 3229 haec
969 3199 1155 3238 ignorantia.
1186 3199 1271 3237 Quia
1295 3200 1389 3230 etiam
1420 3199 1567 3241 discipuli

508 3242 650 3277 Domini,
674 3242 712 3271 ab
736 3242 806 3281 ipso
831 3242 954 3278 eruditi,
979 3242 1142 3273 credentes
1171 3243 1277 3283 ipsum
1301 3253 1368 3274 esse
1393 3243 1566 3281 Christum,

509 3286 661 3324 putabant
694 3286 783 3324 quod
810 3286 843 3316 in
866 3286 970 3326 primo
1001 3286 1138 3317 adventu
1169 3292 1250 3317 esset
1280 3288 1497 3327 temporaliter
1519 3298 1567 3319 re—

510 3328 696 3368 dempturus
727 3329 835 3360 Israel:
867 3329 977 3360 dicunt
1008 3331 1104 3366 enirn,
1128 3331 1198 3361 Nos
1225 3336 1331 3361 autem
1361 3332 1568 3372 sperabamus

511 3372 595 3411 quod
625 3373 690 3412 ipse
720 3378 800 3403 esset
830 3372 1050 3413 redempturus
1074 3374 1178 3405 Israel
1193 3375 1219 3404 *.
1243 3392 1266 3397 -
1287 3374 1404 3406 Paulus
1435 3385 1567 3417 quoque

511 3415 685 3454 Apostolus
709 3414 783 3446 dicit
806 3426 839 3446 se
862 3417 1042 3456 ignoranter
1065 3427 1211 3457 peccasse
1256 3423 1444 3449 aternarum
1468 3421 1568 3451 tradi-

513 3459 633 3489 tionum
657 3460 871 3490 aemulatione
886 3461 919 3490 ἐ
944 3460 1123 3499 significans
1146 3470 1212 3500 quo
1258 3463 1403 3498 maiores,
1421 3465 1567 3503 quicum

513 3502 685 3533 docuerant
697 3502 723 3537 ’ᾗ
740 3503 926 3543 ignorabant
942 3502 1046 3534 lesum
1063 3513 1129 3534 esse
1146 3504 1318 3535 Christum.
1342 3505 1435 3538 Unde
1452 3508 1567 3544 statim,

513 3546 670 3585 ingressus
698 3544 729 3576 in
757 3556 949 3587 synagogas,
978 3547 1192 3587 praedicabat,
1217 3548 1388 3589 affirmans
1416 3551 1568 3591 quoniam

512 3589 564 3619 hic
587 3595 632 3620 est
658 3590 803 3621 Christus
818 3591 844 3620 ’κ

1169 293 1433 346 QUAESTIO
1462 293 1616 345 XLVII,
1650 292 1942 336 ARTICULUS
1970 298 2006 335 V

1612 869 1681 892 rere
1701 860 1871 901 quomodo
1886 861 1939 892 hic-
1954 862 2114 893 secundus
2137 861 2292 894 adventus
2314 863 2441 896 futurus
2463 867 2546 897 &set

1609 2402 1763 2444 fecissem
1786 2411 1869 2443 quae
1892 2412 1984 2433 nemo
2008 2404 2094 2435 alins
2106 2401 2202 2446 fecit,
2226 2410 2298 2442 etc„
2319 2402 2428 2447 quoad
2458 2408 2497 2434 nl*

1613 375 1775 412 rantiam
1793 374 1987 412 incurrere
2006 386 2055 412 ne
2082 382 2284 424 peccatum
2303 375 2405 413 vitet.
2434 376 2483 413 Et
2505 375 2597 414 ideo

1613 426 1699 464 daei
1717 434 1984 477 peccaverunt,
2004 438 2085 464 non
2104 429 2231 464 solum
2250 426 2419 465 hominis
2438 427 2588 475 Christi,

1613 488 1800 529 tanquam
1827 479 1900 517 Dei
1927 479 2183 518 crucifixores.

1670 685 1741 726 lpse
1757 695 1891 727 quoque
1906 686 2068 719 Dominus
2079 688 2108 724 *,
2123 693 2197 718 ante
2212 689 2375 730 principes
2386 689 2503 723 luda·
2524 722 2552 730 ,ἡ

1613 729 1751 766 stitutus,
1769 733 1854 767 curu,
1873 729 2044 767 adiuratus,
2068 726 2234 764 confessus
2256 738 2339 764 esset
2361 742 2395 766 sc
2417 735 2558 773 esserum*

1613 772 1754 803 subdidit
1782 773 1822 804 de
1852 773 1995 805 secundo
2027 773 2165 806 adventu
2193 775 2346 816 gloriesd,
2369 780 2407 808 ‘ut
2433 776 2471 808 ei

1614 817 1658 847 eis
1682 818 1920 848 excusationem
1943 823 2018 848 suae
2041 818 2248 858 ignorantiae.
2271 817 2440 852 Debebunt
2468 833 2505 849 :m

1614 904 1655 935 de
1668 914 1769 944 regno
1786 904 1905 936 Christi
1926 905 2066 936 fuissent>
2083 906 2200 943 edocti,
2217 913 2277 938 etc.
2301 907 2365 939 Sed
2379 908 2453 949 ipsi,
2467 918 2504 941 n
2553 927 2556 933 ‹

1615 948 1762 990 telligere
1779 949 1806 985 *‚
1830 948 1992 981 dixerunt:
2018 949 2272 991 Blasphemavit,
2291 951 2380 984 Reus
2400 958 2450 984 est
2468 953 2593 991 mnis,

1614 991 1677 1023 Ubi
1701 998 1832 1034 apparet
1854 1002 1968 1024 eorum
1990 993 2134 1025 affectata
2156 992 2299 1027 caecitas.
2323 995 2358 1027 Si
2371 996 2460 1030 enim
2481 997 2571 1039 blasp

1615 1041 1662 1067 est
1684 1036 1852 1067 hominem
1875 1045 1944 1068 esse
1967 1035 2132 1068 Christum
2154 1036 2273 1070 Filium
2296 1038 2367 1076 Dei,
2391 1049 2448 1071 cur
2467 1045 2505 1072 cr
2526 1050 2558 1082 o,

1615 1079 1731 1111 ctando
1754 1080 1852 1111 talem
1878 1079 2024 1112 futurum
2046 1080 2207 1119 Messinm,
2230 1092 2249 1113 a
2271 1081 2343 1114 lesu
2365 1083 2455 1125 inqu·
2474 1085 2482 1092 '
2538 1086 2539 1089 ’

1614 1121 1674 1155 sit?
1696 1123 1852 1164 Nunquid
1876 1123 2022 1156 Christus
2051 1125 2256 1166 blasphemus
2285 1134 2354 1158 esse
2377 1126 2495 1160 debet?
2513 1119 2562 1160 ss·

1614 1177 1682 1199 non
1706 1173 1753 1198 est
1775 1169 1973 1209 blasphemia
1994 1168 2134 1207 Christo,
2150 1169 2206 1201 sed
2226 1170 2303 1203 huie
2325 1172 2459 1213 pauperi
2481 1173 2563 1210 letus

1616 1212 1745 1243 audistis
1767 1218 1842 1253 post
1864 1218 1912 1243 tot
1933 1213 2087 1244 miracula
2109 1215 2277 1247 suscitasse
2304 1215 2461 1248 Lazarum
2477 1217 2559 1254 ’ὅςεί

1616 1255 1706 1297 quod
1727 1257 1780 1287 hic
1795 1265 1919 1297 pauper
1937 1257 2043 1288 veniet
2056 1257 2216 1298 gloriosus
2235 1267 2308 1291 cum
2323 1264 2484 1300 potestate
2495 1261 2531 1299 ⁴„
2563 1279 2566 1283 ·

1616 1300 1726 1331 discite
1742 1300 1831 1340 quod
1846 1306 2016 1341 paupertas
2031 1304 2064 1333 et
2079 1302 2220 1340 ‚abiectio
2243 1305 2312 1334 iton
2328 1298 2402 1334 facit
2419 1300 2512 1343 illum

1615 1353 1717 1380 mum,
1734 1344 1790 1375 sed
1812 1348 1926 1375 testem
1948 1344 2096 1376 veritatis.
2126 1345 2189 1377 Sed
2211 1344 2399 1387 depravatus
2428 1343 2475 1380 aff
2484 1341 2489 1349 '

1615 1389 1702 1419 navit
1724 1388 1764 1419 ad
1787 1388 2000 1420 execrandum
2022 1390 2199 1421 hominem.
2464 1392 2494 1411 ’Ὗ

1671 1432 1724 1463 Ν.
1747 1432 1800 1463 Ad
1813 1433 1878 1464 hoc
1892 1438 2000 1473 potest
2015 1433 2079 1464 dici
2091 1434 2183 1475 quod
2197 1435 2280 1466 inter
2293 1435 2435 1468 maiores-
2445 1441 2513 1468 ern

1616 1482 1648 1507 et
1664 1476 1755 1517 quod
1777 1477 1821 1507 illi
1844 1478 1982 1508 maiores
2006 1478 2063 1518 qui
2084 1479 2300 1519 perspicacius
2314 1479 2497 1521 Seriphum<

1617 1526 1648 1551 et
1663 1521 1815 1551 miracula
1838 1520 2083 1562 doctrinamque
2099 1521 2217 1554 Christi
2242 1522 2396 1561 viderant,
2410 1529 2567 1564 noveram
2589 1525 2598 1533 “
2609 1530 2622 1545 “”

1617 1573 1685 1595 esse
1709 1564 1883 1602 Christum,
1903 1565 1989 1606 quia,
2005 1571 2042 1596 ut
2057 1565 2172 1597 dicitur
2195 1566 2307 1599 Matth.
2323 1566 2419 1604 ω’,
2447 1567 2472 1594 ·⁴
2510 1562 2521 1570 ”
2546 1563 2555 1575 ³
2588 1567 2594 1572 ”
2620 1567 2622 1570 ’

1617 1607 1667 1639 est'
1677 1609 1771 1640 heres
1777 1615 1790 1646 ;
1805 1609 1857 1639 alii
1873 1608 1987 1640 autem*
1995 1610 2142 1647 maiores,
2155 1608 2212 1652 qui
2225 1612 2294 1642 n'on
2309 1606 2451 1644 sciebant
2464 1618 2500 1645 to

1616 1658 1803 1693 potuerunt.
1826 1653 1915 1684 Nulli
1937 1659 2045 1684 tamen
2068 1655 2208 1685 excusati
2231 1655 2274 1685 ob
2296 1650 2510 1696 ignorantiam

1617 1698 1695 1737 quia
1707 1697 1743 1728 in
1757 1703 1912 1738 promptu
1934 1697 2094 1730 habebant
2107 1699 2195 1731 unde
2213 1704 2364 1740 poterant
2377 1706 2469 1741 ‘cogn

1617 1741 1728 1773 monia
1752 1741 1881 1778 Christi,
1897 1746 1930 1772 et
1952 1742 2119 1774 certificari
2136 1742 2178 1774 de
2197 1743 2302 1774 dubiis
2318 1743 2427 1784 quoad
2441 1769 2444 1770 γ
2457 1758 2473 1771 :⁴
2489 1765 2507 1783 ,χ

1618 1786 1656 1815 ab
1679 1786 1751 1826 ipso
1775 1794 1874 1826 quem
1897 1786 1970 1822 vita,
1995 1785 2150 1824 doctrina,
2174 1787 2364 1828 Scripturae,
2387 1788 2459 1827 mir
2474 1803 2488 1813 υ

1618 1830 1898 1860 commendabant.
1921 1848 1945 1852 -
1972 1829 2004 1861 Si
2035 1831 2106 1871 quIs
2138 1836 2247 1863 autem
2277 1837 2370 1872 putat
2401 1828 2515 1870 omnes

1618 1873 1808 1913 cognovisse
1829 1873 1937 1914 ipsum
1961 1882 2029 1904 esse
2053 1872 2232 1906 Christum:
2257 1875 2362 1907 dicere
2384 1870 2494 1917 potest
2545 1864 2595 1904 ’Ἓὲ

1618 1922 1800 1956 gnoverunt
1821 1917 1929 1958 ipsum
1953 1924 2020 1948 esse
2037 1917 2210 1956 Christum,
2227 1920 2373 1960 quamvis
2389 1919 2507 1953 nbn'&
2566 1936 2574 1947 ·
2664 1918 2674 1921 ⁰

1618 1961 1754 2002 qualiter
1777 1961 1895 1992 Christi
1917 1961 2063 1993 officium
2085 1969 2370 1995 consummaturus-
2389 1969 2493 1996 m*
2509 1980 2518 1993 J
2675 1964 2677 1967 “

1673 2006 1711 2035 V.
1729 2005 1809 2035 Mihi
1823 2004 1958 2042 videtur,
1970 2006 2058 2037 salvo
2073 2007 2200 2038 meliori
2214 2007 2346 2045 iudicio,
2358 2006 2623 2049 diminuam
2677 2041 2680 2042 γ

1618 2054 1664 2080 ter
1679 2049 1759 2079 illud
1774 2049 1864 2089 quod
1879 2049 2072 2081 Iudaeorum
2085 2051 2246 2092 principes
2261 2058 2438 2093 potuerunt
2450 2062 2490 2089 aa.
2677 2050 2680 2054 ’

1618 2101 1824 2133 cognoscere,
1842 2098 1873 2123 et
1888 2093 1921 2124 id
1937 2094 2027 2134 quod
2042 2092 2082 2125 de
2098 2094 2182 2126 facto
2199 2102 2430 2137 cognoverunt.
2453 2092 2505 2136 Et

1619 2136 1709 2178 quod
1723 2141 1900 2178 potuerunt
1915 2146 1952 2168 ac
1968 2136 2147 2169 debuerunt
2170 2138 2365 2181 cognoscere
2385 2135 2434 2172 Ie‘s
2470 2140 2473 2142 ’
2493 2138 2497 2146 ³

1618 2186 1720 2212 stum:
1753 2186 1785 2212 et
1817 2181 1907 2221 quod
1938 2181 1978 2212 de
2009 2181 2095 2213 facto
2125 2192 2195 2214 non
2225 2186 2446 2225 cognorerunt
2473 2202 2512 2210 »

1618 2225 1792 2256 Christum.
1817 2226 1859 2256 Et
1873 2226 2015 2266 primum
2030 2227 2104 2258 satis
2118 2233 2227 2268 patere
2241 2234 2348 2269 potest
2363 2238 2402 2260 ex
2425 2243 2431 2255 ι
2453 2238 2502 2257 --m

1617 2269 1802 2300 raculorum
1825 2275 1862 2306 et⁴
1879 2269 2060 2302 doctrinae:
2084 2271 2163 2303 haec
2184 2273 2271 2303 enim
2293 2273 2359 2305 duo
2388 2277 2401 2300 ὓ
2416 2287 2425 2300 ι
2440 2274 2490 2300 ··‘=
2540 2295 2541 2298 =
2562 2285 2564 2289 ’

1617 2313 1710 2354 legat,
1727 2313 1814 2345 Ioan.
1832 2323 1872 2344 xv
1888 2314 1921 2344 *z
1949 2313 1986 2344 Si
2008 2324 2073 2346 non
2089 2315 2255 2354 venissem,
2271 2322 2303 2349 et
2316 2318 2444 2350 locutus
2457 2318 2517 2361 εἰς
2549 2333 2555 2341 ⁶

1617 2366 1692 2394 sem,
1710 2357 1819 2398 quoad
1835 2357 2014 2390 doctrinam
2028 2358 2252 2392 testificantem
2267 2361 2307 2392 de
2322 2371 2373 2399 se;
2396 2367 2438 2399 et,
2453 2360 2483 2398 εἰ
2512 2360 2532 2367 ““

1673 2446 1859 2477 Secundum
1882 2452 1991 2478 autem
2014 2448 2166 2479 suadetur
2189 2455 2228 2480 ex
2249 2458 2290 2481 eo
2312 2444 2528 2491 quoderat&

1619 2490 1748 2521 Christo
1776 2500 1846 2522 non
1876 2498 2101 2531 cognoverunt
2125 2493 2253 2534 impleri
2267 2494 2313 2525 ⁴in
2334 2494 2422 2535 ipso.
2461 2499 2468 2510 ¹
2499 2509 2506 2521 e

1619 2536 1705 2565 enim
1729 2541 1795 2566 erat
1821 2535 1861 2566 de
1886 2536 1958 2576 ipso
1989 2536 2080 2577 quod
2102 2542 2174 2568 erat
2188 2537 2318 2569 futurus
2346 2539 2416 2570 Rex
2444 2538 2489 2577 1⁸5

1618 2577 1805 2619 dempturus
1829 2589 1867 2610 ex
1891 2580 2071 2623 captivitate
2094 2581 2198 2619 Israel,
2215 2588 2275 2614 etc.
2299 2582 2393 2614 Unde
2409 2582 2503 2624 Magi,

1622 2623 1683 2654 Ubi
1698 2628 1745 2654 est
1758 2624 1814 2664 qui
1829 2629 1925 2655 natus
1940 2629 1988 2656 est
1999 2625 2072 2656 Rex
2086 2624 2310 2658 Iudaeorum?
2323 2627 2340 2644 ⁴*
2359 2624 2400 2658 Et
2413 2622 2494 2666 hoc,

1619 2674 1832 2708 cognoscatur
1855 2667 1945 2708 quod
1968 2668 2007 2700 de
2031 2667 2159 2701 Christo
2181 2670 2216 2701 in
2239 2668 2382 2702 secundo
2405 2666 2547 2705 advent&

1618 2713 1703 2752 gitur
1724 2713 1952 2752 temporaliter,
1975 2713 2010 2744 in
2032 2714 2138 2754 primo
2169 2720 2277 2746 autem
2307 2706 2527 2756 spirituali&

1619 2762 1691 2786 ante
1708 2756 1826 2787 Christi
1848 2763 1956 2788 tamen
1978 2758 2245 2790 resurrectionem
2263 2767 2331 2790 non
2346 2764 2412 2790 erat
2427 2760 2507 2791 haec

1619 2801 1761 2840 cognita:
1786 2807 1822 2832 ut
1836 2807 1924 2842 patet
1939 2811 1977 2832 ex
1993 2811 2035 2833 eo
2050 2803 2140 2843 quod
2162 2813 2223 2834 nec
2245 2804 2306 2844 ipsi
2327 2804 2502 2845 Apostoli&

1620 2844 1735 2880 edocti,
1753 2846 1991 2885 cognoscebant
2006 2847 2088 2884 hoc;
2111 2847 2226 2879 dicitur
2242 2849 2340 2885 enim,
2355 2848 2435 2880 Luc-
2446 2857 2533 2886 itm,

1620 2899 1694 2919 curn
1707 2889 1867 2920 Dominus
1881 2890 2087 2930 praedixisset
2102 2897 2241 2928 mortem
2257 2897 2288 2923 et
2298 2892 2481 2932 resurrecti·
2497 2907 2503 2919 v

1619 2933 1680 2974 ipSi
1703 2933 1783 2964 nihil
1805 2934 1921 2965 horum
1946 2934 2183 2966 intellexerunt.
2208 2935 2250 2967 Et
2268 2935 2485 2968 loannes-Ex*

1619 2978 1725 3018 seipso
1755 2978 1851 3008 etiam
1873 2983 2005 3009 testatur
2027 2979 2117 3019 quod
2139 2980 2173 3010 in
2196 2980 2247 3011 die
2269 2978 2510 3015 resurrectionis

1620 3027 1651 3052 et
1667 3021 1757 3062 quod
1773 3022 1916 3053 nondum
1930 3023 2050 3054 sciebat
2063 3023 2266 3065 Scripturam
2281 3023 2322 3055 de
2343 3025 2579 3056 resurrectione

1620 3066 1658 3096 sti
1670 3067 1696 3096 ἦ
1713 3066 1871 3107 Discipuli
1894 3076 2028 3107 quoque
2050 3073 2162 3099 euntes
2183 3069 2218 3099 in
2240 3063 2394 3100 Emmaus
2416 3068 2566 3105 dixemm

1619 3110 1842 3151 sperabamus,
1866 3111 1982 3153 procul
2004 3111 2103 3143 dubio
2127 3112 2197 3144 Iesu
2227 3113 2370 3149 vivente,
2397 3113 2485 3154 quod
2506 3113 2574 3154 ipsa

1621 3153 1843 3195 redempturus
1858 3155 1964 3186 Israel
1978 3156 2005 3191 ⁹,
2023 3155 2112 3197 quod
2134 3162 2256 3199 spectat
2271 3156 2311 3188 ad
2325 3166 2460 3198 regnum
2479 3157 2558 3195 eius,-

1620 3199 1684 3229 hoc
1699 3205 1843 3239 spectant
1858 3199 1918 3230 alia
1933 3198 2109 3231 dubitando
2124 3200 2255 3232 inducta
2270 3202 2297 3232 “.
2325 3199 2410 3240 Quia
2426 3207 2501 3243 ergo
2527 3216 2535 3227 ·
2558 3223 2563 3227 -

1620 3243 1679 3274 ista
1697 3242 1836 3274 duorum
1860 3243 2056 3275 adventuum
2079 3244 2196 3276 Christi
2219 3246 2285 3276 erat
2306 3244 2425 3286 ignota,
2448 3245 2566 3286 princi*

1621 3286 1785 3323 dacorum,
1802 3288 1921 3318 malitia
1937 3288 2067 3319 affectus
2082 3289 2203 3330 proprii
2216 3290 2251 3320 in
2262 3289 2426 3320 Christum
2441 3289 2546 3326 velati,

1621 3342 1659 3362 ex
1690 3331 1851 3372 Scriptura
1883 3338 1914 3363 et
1945 3332 2042 3372 signis
2075 3338 2107 3363 et
2137 3333 2282 3365 doctrina
2314 3334 2496 3366 testimonia
2536 3348 2551 3359 κ

1621 3375 1844 3406 insufficientia
1859 3377 2059 3407 abiecerunt:
2073 3387 2148 3408 cum
2164 3383 2271 3408 tamen
2287 3383 2391 3408 essent
2406 3377 2567 3409 sufficien

1622 3425 1652 3450 et
1676 3419 1855 3450 secundum
1878 3419 2051 3451 adventum
2078 3421 2266 3462 explicantia
2289 3427 2320 3452 et
2342 3421 2568 3464 promittentia.

1622 3464 1740 3503 potius,
1764 3464 1839 3504 quia
1863 3463 2007 3495 Christus
2034 3474 2088 3495 rex
2111 3470 2176 3495 erat
2206 3465 2342 3501 futurus,
2365 3469 2519 3506 tanquam
2576 3479 2589 3490 -·
2608 3470 2621 3506 ζἦ

1622 3508 1710 3538 tione
1734 3508 1816 3538 tituli
1839 3508 1933 3548 regii,
1957 3517 1995 3539 ex
2018 3508 2081 3540 hoc
2104 3509 2175 3549 ipso
2199 3508 2289 3549 quod
2315 3508 2480 3541 Christum
2501 3518 2535 3541 se
2557 3506 2616 3546 di,

1624 3551 1719 3587 Iesus,
1744 3557 1933 3582 accusarunt
1956 3560 2031 3582 eum
2054 3561 2163 3583 coram
2186 3552 2288 3583 Pilato
2304 3553 2335 3583 *τ
2358 3557 2390 3583 et
2405 3563 2443 3584 ex
2465 3552 2530 3584 hoc
2551 3558 2604 3584 tan

1623 3594 1831 3625 obtinuerunt
1862 3595 2051 3626 sententiam
2080 3596 2190 3626 mortis
2219 3595 2303 3626 illius
2317 3596 2344 3626 '-
2368 3595 2408 3628 Et
2436 3597 2511 3628 licet
2535 3600 2622 3628 non
