2872 3970
437 285 513 333 234

433 366 492 402 nis,
509 371 541 396 et
556 375 670 396 eorum
689 374 772 405 quae
796 370 870 396 sunt
885 364 925 395 ad
940 364 1049 400 finem,
1066 364 1129 394 alio
1146 369 1177 394 et
1193 364 1255 394 alio
1271 363 1382 394 modo.
1407 363 1492 402 Ergo

433 409 559 440 alterius
581 409 710 439 rationis
733 414 781 439 est
803 414 891 439 actus
913 408 1086 439 voluntatis
1108 409 1142 438 in
1165 407 1280 443 finem,
1312 412 1344 437 et
1365 407 1492 437 alterius

432 453 562 484 rationis
584 458 673 484 actus
695 453 868 483 voluntatis
894 453 928 482 in
951 451 983 482 id
1013 451 1102 492 quod
1126 456 1172 481 est
1202 450 1241 481 ad
1263 450 1372 481 finem.
1406 450 1491 490 Ergo

431 498 466 527 in
482 496 608 527 Christo
625 502 699 527 sunt
720 496 801 527 duae
820 497 1008 531 voluntates,
1025 494 1114 531 idest,
1128 494 1209 525 duae
1227 494 1349 534 species
1361 499 1492 525 actuum

432 541 615 571 voluntatis.
631 549 634 553 ’

486 584 704 620 Antecedens,
728 593 788 624 pro
811 584 913 624 prima
935 589 1040 623 parte,
1065 592 1103 613 ex
1131 581 1347 622 superioribus
1370 590 1492 632 suppo-

431 629 526 659 nitur.
542 647 566 651 —
587 629 649 658 Pro
666 627 815 663 secunda,
831 628 994 667 probatur.
1019 627 1103 676 Quia
1125 626 1159 656 in
1181 625 1279 656 finem
1295 625 1394 655 fertur
1417 626 1492 655 sim-

432 673 555 712 pliciter
578 678 609 702 et
631 672 785 707 absolute,
803 672 878 711 quia
901 671 999 701 fertur
1021 676 1057 701 ut
1084 670 1117 700 in
1140 669 1173 699 id
1196 668 1285 709 quod
1309 674 1356 699 est
1378 678 1492 699 secun-

433 716 511 746 dum
526 725 559 746 se
575 717 708 751 bonum,
725 721 760 746 ut
775 716 808 745 in
824 715 1006 745 sanitatem:
1030 715 1063 744 in
1079 713 1112 744 id
1127 722 1203 743 vero
1228 712 1317 763 quod
1338 718 1385 743 est
1400 711 1439 743 ad
1454 712 1492 743 fi-

431 769 517 796 nem,
534 759 632 790 fertur
655 768 729 789 cum
753 759 891 798 quadam
915 758 1163 798 comparatione,
1184 757 1259 796 quia
1282 756 1380 787 fertur
1402 757 1436 786 in
1458 756 1492 786 id

432 803 610 834 secundum
629 802 718 843 quod
733 803 827 832 habet
842 802 1018 832 bonitatem
1032 811 1069 832 ex
1086 800 1196 831 ordine
1209 800 1249 831 ad
1264 800 1359 836 aliud,
1373 800 1493 830 scilicet

431 846 545 883 finem,
571 853 606 877 ut
628 851 715 886 patet
738 845 777 876 de
801 847 985 886 sumptione
1015 845 1193 876 medicinae
1215 849 1347 885 propter
1376 845 1491 874 sanita-

1107 284 1370 331 QUAESTIO
1398 285 1535 332 XVIII,
1568 284 1861 323 ARTICULUS
1889 286 1940 323 IV

1548 367 1624 393 tem.
1639 380 1663 385 -
1685 362 1928 404 Consequentia
1950 364 2141 405 relinquitur
2162 374 2222 405 pro
2246 365 2395 403 evidenti,
2418 367 2517 407 gratia
2541 377 2610 399 ma-

1547 407 1663 437 teriae:
1687 416 1763 437 nam
1784 407 1854 438 talis
1876 407 2051 438 modorum
2073 408 2244 446 diversitas,
2265 410 2367 450 qualis
2390 411 2510 442 scilicet
2532 421 2610 442 con-

1548 450 1648 490 surgit
1662 459 1701 480 ex
1715 451 1852 491 propriis
1866 452 2042 482 rationibus
2057 451 2130 482 finis
2146 458 2178 483 et
2193 453 2261 484 eius
2278 453 2368 493 quod
2382 459 2430 485 est
2444 454 2485 486 ad
2498 454 2608 492 finem,

1548 493 1704 524 diversam
1726 495 1823 525 habet
1844 495 2003 526 rationem
2024 497 2059 526 in
2081 497 2274 536 appetitibus
2297 498 2443 538 propriis.

1603 537 1655 568 111.
1671 538 1826 569 Probatur
1842 538 1958 569 deinde
1973 539 2076 579 prima
2091 540 2258 571 conclusio
2274 542 2301 572 *.
2323 541 2408 579 Quia
2422 541 2492 573 talis
2507 542 2609 574 diver-

1547 582 1621 611 sitas
1637 587 1768 613 actuum
1783 591 1851 613 non
1867 582 2056 614 diversificat
2066 585 2254 623 potentiam.
2269 585 2435 616 Probatur.
2450 586 2520 617 Stat
2533 595 2610 617 cum

1547 634 1613 655 una
1628 626 1796 656 communi
1811 626 1934 657 ratione
1956 627 2044 664 boni,
2061 636 2145 667 quae
2168 633 2216 658 est
2238 629 2404 660 obiectum
2425 630 2609 661 voluntatis.

1548 669 1656 700 Stante
1672 670 1759 700 enim
1774 670 1895 700 unitate
1916 671 2033 701 obiecti
2048 672 2170 712 proprii
2184 672 2367 710 voluntatis,
2385 673 2474 714 quod
2489 679 2537 705 est
2551 675 2610 705 bo-

1546 722 1627 743 num
1649 713 1683 743 in
1707 714 1891 750 communi,
1915 724 1983 745 non
2006 714 2232 746 diversificatur
2254 718 2399 768 potenu'a
2420 717 2608 749 voluntatis:

1547 757 1692 796 quamvis
1716 757 1966 789 diversificentur
1981 768 2097 799 genera
2120 765 2251 790 actuum
2274 761 2340 791 eius
2364 770 2403 792 ex
2418 761 2540 792 diversa
2561 771 2610 793 ra-

1545 801 1633 831 tione
1655 801 1795 841 generali
1817 807 1948 832 actuum
1972 803 2050 839 eius,
2075 803 2257 835 cuiusmodi
2279 810 2354 836 sunt
2368 810 2476 836 motus
2496 805 2536 836 ad
2551 806 2611 837 bo-

1545 854 1625 875 num
1648 845 1682 875 in
1705 855 1749 882 se,
1774 850 1806 876 et
1826 851 1936 877 motus
1959 846 2000 877 ad
2022 847 2147 878 bonum
2167 854 2300 889 propter
2323 849 2419 880 aliud.

1209 1014 1526 1057 ARTICULUS
1557 1015 1831 1065 QUARTUS

968 1117 1125 1148 UTRUM
1149 1117 1192 1147 IN
1216 1116 1407 1149 cnms‘ro
1430 1117 1591 1149 Funmr
1614 1117 1807 1150 LIBERUM
1830 1118 2072 1151 ARBITRIUM

800 1205 831 1230 111
851 1205 934 1234 sent„
955 1204 1013 1230 dist.
1032 1211 1092 1234 xvn,
1111 1209 1159 1230 nrt.
1179 1211 1202 1236 1,
1222 1204 1272 1237 qu·
1293 1204 1317 1236 3,
1336 1205 1369 1230 ad
1390 1204 1420 1236 55
1438 1205 1498 1231 dist.
1515 1213 1587 1237 xvm,
1606 1210 1653 1231 art.
1673 1213 1698 1236 2,
1716 1206 1749 1231 ad
1769 1205 1800 1238 5;
1817 1206 1852 1231 1v
1873 1207 1949 1234 Corn.
1971 1207 2063 1238 Geni„
2082 1215 2138 1241 cap.
2155 1215 2238 1235 xxxvx.

514 1309 521 1322 ι
546 1320 589 1341 ,4
612 1313 615 1320 ‹
637 1305 660 1330 n
680 1304 852 1336 QUARTUM
871 1304 922 1329 Slc
943 1304 1178 1331 pnoennrrun.
1202 1292 1364 1330 Videtur
1382 1294 1489 1342 quod

570 1342 605 1361 '³⁹
638 1345 678 1383 in
694 1345 844 1383 Christo
864 1357 944 1382 non
963 1345 1074 1382 fuerit
1091 1345 1257 1383 libemm
1277 1345 1487 1384 arbitrium.

492 1435 494 1440 ,
526 1434 555 1451 ,ἢ
582 1403 591 1409 ”
624 1395 737 1436 Dicit
765 1397 869 1435 enim
897 1397 1204 1445 Damascenus‚
1194 1411 1235 1436 111
1262 1399 1308 1436 III
1334 1398 1431 1436 libro
1450 1399 1487 1437 *ε

486 1441 811 1488 f-anomen
845 1457 967 1488 autem
1002 1451 1120 1498 (idest
1158 1453 1394 1499 sententiam,
1427 1429 1491 1489 vel

286 1521 303 1537 α
427 1510 602 1551 mentem,
629 1506 691 1541 vel
716 1506 977 1554 cogi'tatzonem
1002 1506 1040 1552 αι)
1069 1510 1102 1541 et
1124 1506 1344 1554 proaeresin
1374 1505 1491 1553 (idest

427 1558 658 1606 electionem)
688 1559 724 1593 in
753 1558 918 1594 Domino
951 1558 1074 1594 dicere
1108 1558 1329 1607 impossibile
1363 1564 1431 1604 est,
1459 1559 1493 1595 si

419 1612 576 1660 proprie
594 1611 695 1660 loqui
710 1610 891 1648 volumus.
911 1610 1082 1647 Maxime
1103 1618 1234 1648 autem
1252 1610 1292 1647 in
1311 1610 1371 1647 his
1390 1623 1490 1660 quae

426 1671 514 1700 sunt
541 1663 632 1700 fidei
661 1670 716 1700 est
734 1662 888 1712 proprie
908 1663 1163 1712 loquendum.
1194 1664 1296 1712 Ergo
1321 1663 1360 1700 in
1380 1664 1489 1701 Chri-

426 1724 483 1753 sto
511 1728 591 1753 non
618 1716 687 1752 fuit
715 1716 859 1753 electio.
894 1717 943 1753 Et
970 1728 1040 1765 per
1071 1729 1315 1766 consequens
1350 1729 1422 1754 nec
1449 1717 1490 1754 li-

425 1769 563 1806 berum
591 1769 803 1815 arbitrium,
833 1768 944 1806 cuius
972 1777 1079 1806 actus
1107 1777 1163 1806 est
1191 1769 1336 1806 electio.

480 1834 514 1858 2.
544 1823 777 1867 PRAETEREA,
798 1821 1059 1871 Philosophus
1079 1821 1178 1868 dicit,
1200 1821 1240 1859 in
1258 1823 1304 1859 III
1323 1823 1440 1859 Ethic.
1457 1822 1488 1870 *,

425 1875 531 1924 quod
551 1875 684 1912 electio
713 1882 769 1911 est
787 1876 965 1924 appetitus
978 1875 1268 1924 praeconsiliati.
1299 1875 1375 1912 Sed
1398 1887 1489 1912 con-

425 1927 552 1964 silium
579 1940 660 1965 non
687 1927 840 1965 videtur
866 1927 982 1965 fuisse
1010 1927 1050 1965 in
1080 1927 1252 1965 Christo:
1290 1927 1381 1977 quia
1408 1940 1490 1965 non

425 1980 672 2018 consiliamur
705 1981 752 2018 de
781 1980 923 2030 quibus
960 1981 1050 2018 certi
1078 1993 1214 2018 sumus
1240 1980 1277 2027 *3
1316 1980 1490 2018 Christus

425 2042 555 2070 autem
573 2033 841 2070 certitudinem
868 2033 1003 2070 habuit
1021 2034 1069 2070 de
1098 2033 1291 2071 omnibus.
1322 2034 1424 2082 Ergo
1450 2033 1490 2071 in

427 2086 577 2124 Christo
606 2099 687 2124 non
714 2086 783 2123 fuit
802 2085 946 2123 electio.
977 2087 1025 2124 Et
1053 2086 1118 2132 sic,
1139 2098 1211 2124 nec
1238 2086 1404 2123 liberum
1432 2099 1489 2124 ar-

425 2139 592 2176 bitrium.

481 2192 514 2229 3.
544 2193 780 2238 PRAETEREA,
810 2191 974 2229 liberum
1002 2191 1202 2229 arbitrium
1231 2204 1270 2229 se
1299 2192 1415 2229 habet
1442 2192 1493 2229 ad

427 2250 630 2295 utrumque.
653 2246 737 2285 Sed
765 2247 944 2282 voluntas
974 2244 1114 2282 Christi
1140 2244 1210 2282 fuit
1239 2245 1491 2282 determinata

428 2298 475 2334 ad
503 2298 672 2335 bonum:
710 2297 801 2347 quia
829 2310 910 2335 non
937 2298 1062 2347 potuit
1088 2310 1266 2347 peccare,
1296 2297 1393 2335 sicut
1428 2310 1490 2335 su—

190 2351 399 2379 ’Q¹¹·¹'’³“··¹›²·
427 2363 496 2399 pra
514 2350 534 2372 '¹‘
561 2351 707 2388 dictum
735 2359 800 2388 est.
831 2352 932 2399 Ergo
955 2351 994 2388 in
1015 2351 1167 2388 Christo
1196 2362 1276 2388 non
1303 2350 1373 2387 fuit
1399 2350 1490 2387 libe—

429 2415 516 2441 rum
544 2404 754 2441 arbitrium.

482 2457 555 2494 SED
584 2469 727 2494 CONTRA
755 2469 820 2494 EsT
848 2458 955 2506 quod
985 2456 1121 2494 dicitur
1147 2456 1264 2493 Isaiae
1283 2455 1386 2494 vl1*:
1415 2458 1490 2493 Bu-

428 2515 554 2557 tyrum
582 2516 615 2546 et
642 2510 715 2547 mel
741 2511 915 2557 comedet,
937 2516 975 2547 ut
1000 2511 1092 2547 sciat
1119 2511 1324 2559 reprobare
1348 2509 1489 2546 malum

430 2568 462 2598 et
490 2563 627 2612 eligere
654 2565 812 2600 honum:
846 2563 953 2612 quod
982 2570 1037 2600 est
1065 2570 1171 2600 actus
1199 2562 1307 2599 liberi
1335 2561 1488 2599 arbitrii.

430 2615 531 2663 Ergo
559 2615 599 2652 in
629 2615 780 2653 Christo
808 2616 877 2653 fuit
904 2616 1070 2653 liberum
1098 2614 1309 2652 arbitrium.

482 2669 705 2705 RESPONDEO
725 2681 906 2706 mcENDUM
925 2669 1043 2718 quod,
1060 2668 1157 2706 sicut
1176 2680 1292 2717 supra
1305 2667 1325 2689 '¹‘
1344 2667 1491 2705 dictum

431 2728 496 2766 est,
513 2721 551 2756 in
574 2721 724 2758 Christo
751 2721 819 2758 fuit
845 2722 987 2771 duplex
1011 2729 1116 2759 actus
1135 2720 1360 2758 voluntatis:
1387 2733 1491 2757 unus

431 2773 588 2822 quidem
617 2786 695 2822 quo
732 2773 814 2811 eius
842 2776 1019 2811 voluntas
1055 2774 1247 2811 ferebatur
1279 2773 1319 2810 in
1347 2773 1491 2823 aliquid

432 2825 526 2862 sicut
563 2827 778 2864 secundum
816 2839 855 2863 se
887 2827 1070 2873 volitum,
1099 2827 1207 2876 quod
1243 2826 1406 2876 pertinet
1442 2827 1491 2863 ad

433 2878 617 2915 rationem
636 2879 744 2926 finis;
771 2879 866 2917 alius
885 2888 1015 2917 autem
1035 2881 1251 2918 secundum
1271 2891 1390 2928 quem
1409 2878 1491 2916 eius

432 2932 607 2967 voluntas
643 2932 833 2969 ferebatur
868 2932 908 2969 in
946 2933 1088 2992 aliquid
1124 2945 1194 2982 per
1230 2932 1407 2969 ordinem
1442 2931 1491 2969 ad

434 2982 546 3028 aliud,
576 2985 680 3032 quod
709 2985 870 3033 pertinet
897 2986 945 3022 ad
974 2985 1162 3023 rationem
1190 2985 1272 3022 eius
1301 2985 1408 3034 quod
1436 2992 1491 3021 est

434 3036 481 3071 ad
510 3036 640 3073 finem.
680 3037 814 3074 Differt
842 3046 991 3084 autem,
1022 3046 1063 3075 ut
1091 3038 1351 3088 Philosophus
1389 3037 1489 3083 dicit,

191 1398 245 1420 ·De
253 1397 312 1420 Fide
322 1398 399 1425 Orth„
446 1400 449 1403 “
479 1398 481 1400 ’

188 1425 229 1446 lib.
239 1425 278 1452 111,
293 1431 399 1452 cap.xlv.
425 1438 427 1440 -
448 1426 460 1451 ἔ,

188 1826 197 1836 ·
207 1825 263 1873 0an.
275 1831 300 1850 11,
311 1831 334 1846 n.
347 1831 398 1852 ¹7--

186 1851 212 1874 S.
249 1852 270 1874 h.
287 1852 338 1874 lect.
353 1858 383 1873 vi.

190 1983 252 2031 ⁸¹¹Cfn.
267 1983 331 2007 ibid.
347 1989 397 2031 cap.

187 2015 208 2057 2¹3.
208 1999 373 2058 1.,“·,8···8Τ

197 2455 206 2466 ’
216 2454 282 2477 Vera.
298 2461 329 2483 15.

195 2671 206 2682 “
220 2672 270 2693 An.
285 2673 388 2700 praeced.

1544 1293 1618 1332 ctio
1646 1301 1777 1332 autem
1804 1306 1943 1332 eorum
1976 1307 2076 1344 quae
2104 1302 2193 1333 sunt
2226 1295 2275 1335 ad
2306 1295 2439 1334 finem.
2475 1297 2525 1335 Et
2555 1295 2611 1336 sic

1544 1347 1707 1397 simplex
1724 1348 1903 1385 voluntas
1931 1355 1987 1385 est
2004 1347 2109 1385 idem
2137 1348 2244 1398 quod
2266 1350 2445 1387 voluntas
2472 1357 2515 1388 ut
2541 1348 2608 1389 na-

1543 1407 1649 1437 tura:
1686 1399 1819 1438 electio
1847 1407 1975 1438 autem
2006 1408 2061 1438 est
2088 1400 2194 1439 idem
2225 1402 2332 1451 quod
2359 1403 2539 1441 voluntas
2564 1410 2610 1442 ut

1544 1452 1639 1490 ratio
1652 1482 1661 1499 ,
1691 1461 1727 1490 et
1754 1461 1810 1490 est
1836 1452 2016 1503 proprius
2044 1461 2150 1491 actus
2177 1453 2285 1492 liberi
2312 1454 2466 1498 arbitrii,
2498 1463 2542 1494 ut
2566 1454 2609 1495 in

1544 1505 1675 1543 Prima
1693 1506 1804 1543 Parte
1822 1506 1842 1528 *
1869 1506 2016 1544 dictum
2035 1514 2101 1543 est.
2131 1507 2180 1544 Et
2207 1506 2308 1554 ideo,
2328 1520 2420 1545 cum
2438 1507 2479 1546 in
2499 1508 2608 1547 Chri-

1544 1565 1602 1595 sto
1630 1566 1798 1608 ponatur
1823 1560 2002 1596 voluntas
2036 1566 2079 1596 ut
2106 1559 2220 1607 ratio,
2248 1571 2404 1597 necesse
2440 1569 2508 1598 est
2521 1557 2576 1600 ibi
2592 1559 2609 1593 Ρ

1543 1623 1690 1660 ponere
1726 1611 1969 1649 electionem:
2006 1619 2043 1648 et
2069 1624 2140 1661 per
2167 1624 2410 1662 consequens
2443 1613 2610 1653 liberum

1544 1663 1763 1710 arbitrium,
1792 1663 1903 1702 cuius
1937 1672 2043 1702 actus
2071 1672 2127 1702 est
2154 1665 2306 1712 electio,
2335 1673 2378 1704 ut
2410 1664 2451 1704 in
2478 1666 2609 1707 Prima

1544 1718 1655 1754 Parte
1674 1716 1695 1739 ’¹‘
1721 1717 1900 1755 habitum
1927 1725 1993 1754 est.

1597 1771 1655 1807 An
1684 1782 1819 1808 PRIMUM
1846 1782 1946 1808 ERGO
1981 1782 2163 1808 memnon
2198 1771 2306 1821 quod
2341 1767 2609 1812 Damascenus

1544 1822 1710 1860 excludit
1741 1835 1764 1860 a
1793 1822 1944 1860 Christo
1982 1823 2210 1861 electionem
2247 1825 2463 1862 secundum
2499 1823 2608 1876 quod

1543 1875 1711 1924 intelligit
1737 1874 1778 1912 in
1805 1875 1964 1913 nomine
1999 1875 2192 1914 electionis
2227 1876 2425 1926 importari
2459 1837 2608 1929 dubita-

1543 1928 1701 1965 tionem.
1742 1929 1818 1965 Sed
1838 1933 1853 1956 Υ
1880 1936 2011 1966 tamen
2042 1928 2228 1966 dubitatio
2266 1941 2346 1967 non
2374 1937 2431 1967 est
2465 1930 2514 1968 de
2539 1941 2608 1969 ne·-

1544 1980 1715 2018 cessitate
1757 1981 1973 2018 electionis.
2017 1980 2108 2030 quia
2149 1981 2263 2019 etiam
2299 1983 2385 2020 Deo
2426 1982 2610 2034 competit

1545 2034 1693 2082 eligere,
1722 2034 1939 2071 secundum
1966 2033 2060 2071 illud
2087 2035 2220 2084 Ephes.
2241 2047 2251 2072 1
2269 2034 2306 2082 ³⁸,
2335 2035 2459 2086 Elegit
2482 2048 2550 2074 nos
2567 2038 2607 2075 in
2635 2047 2647 2059 ·

1545 2089 1622 2137 ipso
1650 2093 1736 2124 ante
1763 2087 1894 2124 mundi
1919 2088 2210 2125 constitutionem
2229 2085 2261 2134 ⁶3
2290 2100 2382 2126 cum
2409 2096 2540 2129 tamen
2566 2088 2608 2127 in

1544 2140 1630 2177 Deo
1649 2141 1754 2176 nulla
1772 2139 1818 2176 sit
1836 2139 2033 2176 dubitatio.
2062 2139 2210 2178 Accidit
2231 2148 2362 2178 autem
2381 2146 2393 2162 ⁸
2420 2141 2608 2180 dubitatio

1545 2192 1732 2238 electioni,
1753 2192 1985 2242 inquantum
2014 2200 2069 2229 est
2095 2192 2135 2230 in
2162 2201 2299 2230 natura
2320 2193 2530 2242 ignorante.
2559 2191 2609 2232 Et

1545 2245 1650 2282 idem
1677 2245 1887 2282 dicendum
1913 2252 1969 2282 est
1987 2245 2035 2283 de
2063 2245 2144 2283 aliis
2173 2247 2221 2283 de
2241 2246 2383 2296 quibus
2401 2246 2445 2284 fit
2462 2247 2608 2301 mentio

1544 2298 1585 2335 in
1613 2298 1834 2342 auctoritate
1862 2298 2066 2347 praedicta.

1598 2352 1655 2388 AD
1684 2363 1873 2389 SECUNDUM
1900 2363 2083 2389 DICENDUM
2115 2351 2223 2400 quod
2257 2351 2390 2389 electio
2423 2332 2608 2413 praesup-

1544 2403 1654 2463 ponit
1681 2403 1903 2441 consilium:
1933 2415 2014 2441 non
2032 2411 2163 2441 tamen
2191 2403 2364 2454 sequitur
2381 2416 2429 2442 ex
2447 2403 2607 2465 consilio

1545 2456 1616 2493 nisi
1644 2456 1722 2494 iam
1750 2456 2003 2494 determinato
2034 2468 2105 2506 per
2131 2456 2336 2503 iudicium3
2373 2456 2467 2494 illud
2502 2457 2608 2506 enim

1545 2509 1651 2558 quod
1692 2509 1908 2546 iudicamus
1949 2509 2143 2557 agendum
2188 2517 2276 2569 post
2319 2509 2608 2559 inquisitionem

1545 2562 1713 2608 consilii,
1752 2561 1947 2609 eligimus,
1985 2569 2028 2599 ut
2064 2561 2201 2599 dicitur
2233 2562 2274 2599 in
2300 2562 2347 2599 III
2373 2563 2491 2600 Ethic.
2505 2562 2527 2586 ¹⁸
2557 2561 2610 2601 Et

1545 2615 1654 2660 ideo,
1684 2592 1715 2652 si
1749 2614 1893 2664 aliquid
1930 2613 2120 2652 iudicetur
2152 2622 2195 2652 ut
2228 2615 2423 2663 agendum
2461 2614 2608 2666 absque

1544 2667 1781 2704 dubitatione
1810 2675 1846 2704 et
1873 2666 2118 2716 inquisitione
2146 2668 2411 2717 praecedente,
2430 2668 2508 2707 hoc
2531 2666 2608 2708 suf-

1543 2720 1623 2757 ficit
1649 2721 1698 2757 ad
1727 2719 1964 2757 electionem.
1994 2720 2043 2757 Et
2070 2719 2123 2758 sic
2145 2728 2248 2770 patet
2269 2721 2376 2770 quod
2408 2712 2607 2774 dubitatio,

1546 2773 1625 2810 sive
1661 2772 1876 2822 inquisitio,
1905 2784 1985 2810 non
2012 2785 2083 2822 per
2117 2785 2156 2810 se
2184 2773 2347 2822 pertinet
2381 2774 2430 2812 ad
2457 2771 2608 2818 electio.

1546 2838 1654 2873 nem,
1691 2825 1758 2862 sed
1787 2827 1914 2862 solum
1942 2825 2159 2863 secundum
2186 2826 2294 2876 quod
2322 2834 2378 2864 est
2404 2826 2445 2864 in
2471 2835 2609 2866 natura

1545 2878 1754 2927 ignorante.

2636 546 2805 571 ‘Canum-1.

2634 2569 2721 2620 ea.
2756 2580 2784 2639 ²4

1598 2933 1655 2968 An
1683 2943 1841 2969 TERTIUM
1877 2943 2059 2969 monimum
2096 2932 2203 2981 quod
2230 2933 2408 2970 voluntas
2447 2931 2607 2980 Christi,
2639 2919 2642 2922 ,

1545 2984 1630 3021 lieet
1658 2983 1703 3021 sit
1731 2983 1982 3021 determinata
2009 2984 2057 3022 ad
2085 2984 2258 3031 bonum,
2287 2997 2367 3022 non
2394 2993 2525 3022 tamen
2551 2992 2608 3023 est

1545 3036 1796 3074 determinata
1834 3037 1882 3074 ad
1910 3038 1986 3074 hoc
2013 3039 2075 3074 vel
2112 3037 2204 3075 illud
2239 3038 2400 3075 bonurn.
2439 3038 2488 3075 Et
2518 3037 2606 3076 ideo

199 3081 347 3131 {Cffissgn
319 3113 347 3131 ,
351 3091 406 3112 ·9’·
435 3087 472 3123 in
500 3089 545 3124 ΙΙΙ
572 3091 688 3126 Ethic.
708 3090 739 3135 *,
769 3091 900 3127 electio
929 3103 951 3127 a
978 3093 1174 3128 voluntate
1202 3091 1242 3128 in
1268 3091 1355 3137 hoc,
1383 3090 1491 3140 quod
1545 3089 1784 3139 pertinebatt
1818 3090 1867 3127 ad
1888 3090 2084 3127 Christum
2104 3090 2240 3139 eligere
2267 3102 2338 3150 per
2361 3090 2526 3128 liberum
2549 3102 2607 3128 ar-

436 3141 622 3187 voluntas,
652 3154 720 3190 per
748 3154 787 3178 se
816 3144 1024 3191 loquendo,
1049 3152 1104 3181 est
1132 3143 1251 3193 ipsius
1278 3143 1387 3190 finis;
1417 3144 1490 3180 ele-

490 3312 506 3327 α
536 3304 732 3336 cogitationem.
749 3318 769 3323 —-
787 3306 1011 3338 excogitationem
1031 3309 1112 3334 tertia.

491 3338 505 3371 β
537 3339 580 3364 ibi.
597 3353 616 3357 -
633 3339 712 3364 etiam
733 3339 758 3364 in
778 3347 808 3364 eo
827 3340 859 3371 G,
878 3341 957 3365 etiam
977 3342 1108 3369 editiones.

490 3373 517 3407 γ)
538 3374 598 3399 Sed.
616 3388 636 3392 -
654 3373 728 3399 Haec
746 3374 788 3399 Pe.

1544 3143 1701 3180 bitrium
1728 3142 2002 3180 confirmatum
2029 3143 2069 3180 in
2096 3142 2223 3191 bono,
2257 3142 2354 3181 sicut
2384 3142 2434 3180 ad
2459 3143 2605 3181 beatos.

1599 3309 1624 3344 ὃ)
1644 3311 1759 3344 Elegit...
1785 3310 2009 3337 constitutionem.
2032 3325 2053 3330 —
2078 3311 2167 3344 Elegit
2190 3318 2238 3336 nos
2262 3313 2311 3336 etc.
2336 3310 2368 3342 G,
2395 3310 2484 3344 Elegit
2507 3317 2556 3336 nos
2580 3310 2608 3336 In

1547 3347 1604 3379 ipso
1621 3349 1669 3372 etc.
1689 3351 1772 3371 cetera
1790 3347 1871 3372 tertia.
1888 3361 1908 3365 -
1925 3354 1984 3372 cam
2003 3349 2091 3372 tamen
2111 3346 2132 3372 E
2152 3351 2178 3371 et
2195 3346 2282 3379 ῐοηίις
2300 3353 2370 3372 cum,

1600 3380 1623 3414 ε)
1641 3384 1739 3408 autem.
1756 3395 1776 3401 ·-
1795 3385 1882 3407 tamen
1901 3382 1984 3407 tertia.

1600 3417 1625 3451 ζ)
1640 3417 1802 3450 pertinebat.
1819 3431 1838 3437 -
1852 3417 1973 3450 pertinet
1990 3417 2073 3443 tertia.
