2872 3970
164 1536 175 1545 ⁸
190 1535 256 1557 Vera.
274 1541 306 1563 ¹7.

166 1752 175 1761 ’
191 1750 256 1772 Vei-s.
274 1756 304 1772 12.

171 2337 181 2345 ⁸
196 2335 250 2356 Vid.
266 2340 313 2362 arg.
335 2334 384 2355 Sed

170 2364 261 2383 contra.

173 2495 182 2503 ⁸
191 2494 268 2515 Gloss.
276 2493 331 2515 ord.
340 2493 381 2514 sub

170 2526 235 2546 nom,
254 2519 354 2541 Alcuini.

170 2548 191 2557 ‘⁸
207 2546 271 2568 Vers.
286 2553 319 2574 3¹·

402 275 471 311 182

1092 274 1354 323 QUAEsno
1384 274 1485 320 xw,
1515 271 1806 309 ARTICULUS
1834 272 1879 308 111

1207 406 1524 450 ARTICULUS
1553 404 1780 448 TERTIUS

844 513 1002 544 UTRUM
1027 510 1239 542 cinusrus
1262 509 1492 540 DEFECTUs
1516 507 1802 540 CORPORALES
1825 508 2138 539 CONTRAXERIT

826 601 856 625 lll
877 600 960 630 sent„
980 600 1038 624 dist.
1057 606 1097 628 xv,
1117 606 1161 631 qu.
1180 606 1197 628 ι,
1217 603 1263 623 art.
1285 597 1312 628 3'3
1332 598 1390 622 dist.
1409 604 1458 628 xxi,
1478 604 1521 629 qu.
1541 603 1558 626 ι,
1578 601 1625 621 art.
1645 603 1675 626 2;
1698 596 1840 628 Compend.
1863 595 1960 626 Theoi„
1979 604 2034 629 cap.
2054 603 2154 621 ccxxvi.

436 708 497 750 )Ι..,»
519 711 576 742 „3
603 703 635 727 .n
662 701 821 727 TERTIUM
849 700 901 725 sm
921 699 1155 725 PROCEDITUR.
1178 686 1339 724 Videtur
1357 685 1463 744 quod

429 725 491 790 ίςζὲτ
523 732 591 794 ἷξὴ
616 741 789 779 Christus
816 741 984 778 defectus
1019 741 1236 789 corporales
1268 737 1463 776 contraxit.

423 798 457 845 >J
461 807 470 842 j
553 783 710 837 ‘'‚flllud
739 793 843 830 enirn
863 794 1087 830 contrahere
1108 791 1273 829 dicimur
1291 791 1398 840 quod
1418 790 1465 827 si-

463 844 546 882 ,⁴:⁰3
574 843 696 885 &mul
723 858 814 883 cum
841 854 977 883 natura
996 857 1042 882 ex
1062 845 1206 893 origine
1232 843 1464 881 trahimus.
1436 849 1452 865 ‘²

404 902 480 940 Sed
502 900 674 937 Christus
694 899 807 936 simul
837 911 927 935 cum
946 906 1081 935 natura
1100 898 1272 934 humana
1298 897 1466 934 defectus

403 962 439 991 et
458 953 695 990 infirmitates
724 953 941 1001 corporales
959 963 1030 999 per
1057 962 1168 987 suam
1188 949 1375 999 originem
1394 957 1466 986 tra-

402 1006 454 1043 xit
473 1019 495 1043 a
515 1013 646 1051 matre,
668 1004 778 1042 cuius
797 1016 886 1041 caro
906 1003 1131 1040 huiusmodi
1151 1003 1358 1040 defectibus
1378 1002 1466 1039 sub-

402 1059 558 1096 iacebat.
598 1059 699 1106 Ergo
736 1057 888 1094 videtur
916 1057 1023 1106 quod
1061 1057 1133 1093 hos
1171 1055 1338 1093 defectus
1376 1067 1467 1093 con-

402 1111 523 1148 traxit.

458 1176 491 1200 2.
522 1165 755 1211 PRAETEREA‚
776 1163 869 1200 illud
897 1162 1004 1212 quod
1024 1175 1069 1199 ex
1088 1162 1282 1212 principiis
1310 1170 1467 1199 naturae

403 1224 592 1264 causatur,
614 1216 726 1253 simul
755 1228 846 1253 cum
872 1223 1007 1252 natura
1033 1215 1209 1252 trahitur:
1241 1222 1277 1252 et
1301 1214 1351 1252 ita
1377 1226 1467 1251 con-

403 1269 574 1307 trahitur.
615 1269 691 1307 Sed
720 1267 945 1306 huiusmodi
981 1267 1227 1317 poenalitates
1265 1275 1470 1305 causantur

404 1335 450 1360 ex
478 1322 673 1372 principiis
702 1330 859 1359 naturae
889 1323 1095 1358 humanae.
1132 1322 1233 1370 Ergo
1267 1333 1330 1358 eas
1360 1320 1468 1357 Chri-

405 1384 484 1413 stus
512 1375 707 1412 contraxit.

460 1429 493 1465 3.
532 1429 773 1474 PRAETEREA‚
804 1428 1020 1464 secundum
1049 1427 1272 1464 huiusmodi
1302 1426 1470 1464 defectus

406 1481 580 1518 Christus
621 1480 701 1517 aliis
743 1480 966 1516 hominibus
1009 1479 1212 1527 similatur,
1251 1487 1293 1516 ut
1334 1479 1471 1516 dicitur

404 1535 502 1571 Heb.
524 1546 545 1570 11
564 1533 593 1569 *.
634 1533 711 1570 Sed
739 1533 800 1570 alii
829 1533 1007 1570 homines
1044 1532 1268 1569 huiusmodi
1302 1532 1470 1569 defectus

405 1593 676 1623 contraxerunt
695 1585 720 1623 β.
757 1587 858 1633 Ergo
892 1585 1043 1622 videtur
1071 1585 1178 1634 quod
1211 1585 1326 1622 etiam
1365 1585 1470 1622 Chri-

405 1647 485 1676 stus
514 1638 739 1676 huiusmodi
768 1639 936 1676 defectus
964 1638 1160 1675 contraxit.

460 1693 533 1729 SED
563 1704 707 1729 CONTRA
735 1704 800 1729 EST
820 1692 927 1741 quod
947 1691 1172 1728 huiusmodi
1192 1691 1360 1728 desectus
1380 1703 1470 1728 con-

405 1746 609 1782 trahuntur
628 1757 673 1782 ex
692 1753 867 1793 peccato:
897 1745 1114 1781 secundum
1143 1744 1236 1781 illud
1263 1745 1374 1781 Rom.
1396 1744 1468 1780 v*:

405 1799 480 1835 Per
517 1811 631 1834 unum
669 1799 856 1835 hominem
888 1803 1084 1847 peccatum
1122 1799 1271 1834 intravit
1303 1799 1340 1834 in
1373 1798 1472 1834 hunc

407 1851 599 1897 mundum,
629 1857 662 1887 et
684 1863 756 1900 per
778 1856 973 1900 peccatum
1002 1862 1113 1887 mor-s.
1146 1850 1223 1886 Sed
1250 1850 1289 1886 in
1319 1849 1470 1886 Christo

407 1915 488 1940 non
517 1903 650 1940 habuit
687 1905 817 1940 locum
854 1910 1066 1952 peccatum.
1106 1903 1207 1951 Ergo
1245 1902 1471 1939 huiusmodi

408 1956 576 1993 defectus
606 1956 779 1992 Christus
807 1968 886 1992 non
915 1955 1110 1992 contraxit.

462 2010 686 2046 RESPONDEO
706 2021 887 2046 DmENDUM
903 2009 1010 2058 quod
1025 2009 1063 2045 in
1078 2008 1198 2045 verbo
1214 2009 1475 2045 con-trahendi

408 2062 624 2109 intelligitur
652 2062 749 2098 ordo
785 2063 942 2098 effectus
970 2062 1019 2098 ad
1047 2074 1222 2098 causam:
1259 2069 1300 2098 ut
1335 2061 1473 2098 scilicet

408 2115 502 2151 illud
521 2115 668 2152 dicatur
696 2115 869 2152 contrahi
889 2115 996 2163 quod
1015 2114 1130 2151 simul
1149 2127 1240 2151 cum
1269 2127 1339 2151 sua
1358 2126 1474 2151 causa

409 2180 455 2203 ex
484 2167 703 2204 necessitate
738 2168 907 2204 trahitur.
945 2168 1071 2204 Causa
1109 2175 1238 2204 autem
1276 2167 1410 2204 mortis
1438 2175 1474 2204 et

408 2221 552 2257 horum
581 2221 800 2257 defectuum
829 2220 867 2256 in
896 2221 1068 2257 humana
1095 2228 1231 2257 natura
1259 2227 1313 2257 est
1340 2231 1473 2269 pecca-

408 2281 510 2310 tum:
551 2273 641 2322 quia
663 2286 736 2323 per
757 2279 952 2323 peccatum
990 2285 1091 2310 mors
1128 2275 1276 2311 intravit
1304 2275 1341 2310 in
1369 2285 1473 2310 mun-

409 2326 509 2372 dum,
538 2334 579 2363 ut
607 2326 743 2363 dicitur
770 2328 879 2364 Rom.
900 2339 923 2363 v
942 2326 972 2362 *.
1002 2327 1050 2363 Et
1069 2326 1155 2363 ideo
1175 2326 1226 2363 illi
1244 2325 1399 2375 proprie
1420 2325 1474 2362 di-

409 2387 549 2416 cuntur
586 2380 657 2415 hos
694 2379 862 2416 defectus
899 2380 1123 2416 contrahere
1162 2379 1229 2428 qui
1261 2392 1308 2416 ex
1346 2378 1474 2416 debito

407 2432 551 2480 peccati
587 2433 659 2468 hos
687 2433 855 2469 defectus
890 2432 1099 2469 incurrunt.
1138 2432 1311 2469 Christus
1344 2439 1474 2468 autem

409 2485 481 2521 hos
508 2485 675 2522 defectus
694 2498 773 2522 non
793 2485 928 2522 habuit
955 2497 1001 2522 ex
1030 2484 1159 2522 debito
1179 2485 1340 2534 peccati:
1371 2484 1474 2534 quia,

408 2545 450 2573 ut
469 2538 705 2586 Augustinus
724 2538 744 2560 ‘¹‘
773 2538 872 2584 dicit,
902 2550 1099 2587 exponens
1127 2538 1220 2575 illud
1247 2539 1350 2575 Ioan.
1372 2550 1404 2575 111
1423 2538 1474 2586 *³¹2

462 2670 489 2703 α)
509 2677 546 2694 ex
564 2670 669 2702 origine
689 2669 829 2694 trahimus.
846 2683 866 2687 -
883 2669 985 2698 Tertia;
1005 2672 1031 2693 et
1049 2669 1155 2701 origine
1173 2669 1306 2695 trahimus
1325 2669 1376 2700 EF,
1394 2672 1419 2694 et
1438 2667 1477 2703 (et

408 2713 445 2730 ex
463 2705 519 2739 AC)
539 2705 645 2738 origine
663 2705 848 2730 contrahimus
867 2704 959 2736 prima.

463 2740 489 2775 β)
508 2744 717 2766 contraxerunt.
735 2754 754 2759 -
772 2740 935 2765 contrahunt
955 2741 977 2764 Η
998 2745 1023 2765 et
1041 2739 1176 2765 editiones.

1523 699 1542 718 «
1565 684 1645 732 Qui
1673 685 1720 722 de
1749 697 1903 722 sursum
1931 684 2054 732 venit,
2085 697 2200 735 super
2228 697 2363 723 omnes
2399 694 2454 723 est
2475 701 2509 735 »,
2539 686 2584 724 de

1518 749 1665 774 sursum
1693 740 1791 775 venit
1812 739 1987 786 Christus,
2008 738 2096 775 idest
2123 739 2168 775 de
2185 738 2374 776 altitudine
2397 740 2584 787 humanae
2632 754 2637 758 ’

1522 795 1689 836 naturae,
1711 802 1822 840 quam
1850 792 1975 828 habuit
2002 797 2087 828 ante
2113 797 2303 840 peccatum
2325 793 2445 842 primi
2469 793 2584 831 homi-

1522 845 1588 880 nis.
1609 843 1765 892 Accepit
1784 842 1888 880 enim
1907 851 2084 880 naturam
2103 843 2318 882 humanam
2333 844 2479 894 absque
2496 856 2585 895 pec-

1522 903 1606 933 cato
1642 895 1681 933 in
1710 895 1771 933 illa
1804 895 1966 945 puritate
1995 895 2034 933 in
2063 908 2140 946 qua
2174 905 2254 934 erat
2280 897 2320 934 in
2349 905 2446 935 statu
2474 897 2585 935 inno—

1522 947 1678 986 centiae.
1714 949 1761 986 Et
1789 948 1901 986 simili
1929 949 2049 986 modo
2077 948 2262 999 potuisset
2289 960 2485 987 assumere
2513 951 2584 988 hu-

1522 1013 1680 1039 manam
1718 1008 1896 1038 naturam
1932 1002 2077 1051 absque
2115 1001 2333 1040 defectibus.
2376 1002 2438 1041 Sic
2474 1002 2587 1052 igitur

1522 1062 1624 1105 patet
1651 1054 1759 1104 quod
1785 1053 1958 1092 Christus
1986 1066 2065 1091 non
2093 1054 2279 1092 contraxit
2306 1056 2378 1092 hos
2406 1054 2586 1104 defectus,

1523 1107 1633 1158 quasi
1662 1119 1707 1144 ex
1737 1106 1865 1144 debito
1902 1106 2047 1157 peccati
2075 1119 2142 1144 eos
2170 1107 2398 1158 suscipiens:
2437 1108 2504 1146 sed
2541 1119 2587 1146 ex

1522 1160 1680 1211 propria
1706 1162 1914 1198 voluntate.

1577 1215 1634 1250 Ar>
1662 1225 1798 1251 PRIMUM
1827 1224 1924 1251 ERGO
1953 1225 2134 1251 mCENDUM
2163 1213 2270 1262 quod
2307 1226 2396 1252 caro
2424 1213 2588 1264 Virginis

1524 1274 1710 1315 concepta
1736 1265 1806 1303 fuit
1834 1266 1872 1303 in
1901 1265 2072 1314 originali
2100 1274 2257 1315 peccato
2276 1266 2313 1304 *ε
2345 1275 2380 1304 et
2407 1267 2495 1304 ideo
2516 1268 2589 1306 hos
2616 1271 2626 1283 '

1524 1320 1692 1357 defectus
1720 1318 1915 1356 contraxit.
1946 1319 2022 1356 Sed
2050 1332 2139 1356 caro
2161 1319 2298 1356 Christi
2318 1325 2334 1348 Υ
2362 1333 2407 1357 ex
2435 1320 2588 1370 Virgine

1524 1371 1730 1421 assumpsit
1749 1380 1927 1409 naturam
1946 1372 2092 1421 absque
2111 1373 2234 1421 culpa.
2265 1373 2314 1409 Et
2331 1372 2502 1410 similiter
2519 1386 2588 1423 po-

1524 1425 1654 1463 tuisset
1673 1433 1850 1462 naturam
1871 1437 2065 1462 assumere
2086 1425 2231 1474 absque
2258 1438 2403 1474 poena:
2434 1426 2501 1463 sed
2520 1439 2588 1464 vo-

1525 1478 1593 1515 luit
1621 1477 1812 1527 suscipere
1841 1489 2010 1526 poenam
2038 1486 2194 1527 propter
2221 1490 2320 1527 opus
2349 1487 2500 1516 nostrae
2532 1492 2589 1517 re-

1525 1530 1757 1580 demptionis
1777 1530 2030 1580 implendum,
2047 1530 2142 1568 sicut
2162 1530 2307 1568 dictum
2326 1539 2382 1568 est
2392 1531 2422 1569 ²⁸.
2439 1533 2487 1569 Et
2501 1531 2589 1578 ideo
2617 1538 2627 1548 ⁴

1526 1583 1660 1620 habuit
1678 1581 1691 1605 ὅ
1720 1582 1945 1620 huiusmodi
1980 1583 2166 1630 defectus,
2195 1595 2275 1620 non
2307 1585 2589 1632 contrahendo,

1525 1637 1594 1673 sed
1621 1635 1836 1673 voluntarie
1865 1636 2110 1673 assumendo.

1579 1690 1636 1726 An
1665 1700 1854 1726 SECUNDUM
1888 1701 2070 1726 mcENDUM
2103 1689 2210 1738 quod
2243 1701 2358 1726 causa
2394 1690 2528 1728 mortis
2555 1697 2593 1728 et

1526 1741 1691 1779 aliorum
1719 1741 1979 1791 corporalium
2008 1741 2227 1779 defectuum
2256 1742 2295 1779 in
2323 1743 2496 1780 humana
2525 1755 2591 1782 na-

1525 1802 1610 1832 tura
1639 1802 1694 1831 est
1722 1794 1875 1843 duplex.
1906 1795 1992 1832 Una
2019 1794 2178 1854 quidem
2206 1803 2371 1832 remota:
2403 1808 2503 1845 quae
2530 1808 2591 1835 ac-

1527 1846 1665 1906 cipitur
1699 1859 1745 1884 ex
1773 1855 1879 1906 parte
1917 1847 2196 1897 principiorum
2229 1848 2483 1886 materialium
2520 1841 2592 1888 hu-

1526 1899 1632 1936 mani
1660 1899 1844 1948 corporis,
1863 1899 2095 1949 inquantum
2115 1908 2171 1938 est
2190 1913 2236 1938 ex
2262 1901 2458 1939 contrariis
2485 1914 2591 1939 com—

1525 1952 1708 2002 positum.
1742 1953 1817 1989 Sed
1847 1953 1942 1989 haec
1969 1965 2085 1990 causa
2113 1953 2395 2003 impediebatur
2420 1966 2491 2004 per
2517 1955 2592 1992 ori—

1526 2005 1691 2054 ginalem
1720 2005 1911 2042 iustitiam.
1941 2006 1990 2042 Et
2008 2005 2096 2043 ideo
2115 2006 2292 2055 proxima
2319 2019 2436 2044 causa
2459 2007 2592 2046 mortis

1528 2066 1564 2095 et
1592 2058 1756 2095 aliorum
1795 2058 2014 2095 defectuum
2047 2066 2102 2096 est
2130 2068 2352 2109 peccatum,
2380 2072 2451 2110 per
2484 2061 2592 2110 quod

1528 2119 1584 2148 est
1611 2111 1802 2148 subtracta
1830 2110 2020 2159 originalis
2052 2112 2201 2149 iustitia.
2240 2114 2288 2150 Et
2315 2121 2472 2162 propter
2503 2114 2591 2162 hoc,

1528 2163 1619 2213 quia
1649 2163 1822 2200 Christus
1849 2164 1917 2201 fuit
1936 2164 2016 2201 sine
2045 2173 2215 2214 peccato,
2236 2165 2374 2202 dicitur
2399 2178 2479 2203 non
2501 2178 2593 2204 con-

1527 2216 1684 2253 traxisse
1712 2216 1937 2254 huiusmodi
1971 2218 2158 2265 defectus,
2189 2219 2256 2255 sed
2283 2218 2498 2256 voluntarie
2534 2230 2593 2256 as—

1528 2269 1748 2318 sumpsisse.

1581 2323 1638 2359 An
1666 2334 1825 2360 TERTIUM
1853 2335 2035 2361 DICENDUM
2063 2324 2169 2373 quod
2200 2323 2373 2362 Christus
2400 2323 2440 2362 in
2459 2323 2592 2363 huius—

1528 2374 1636 2412 modi
1665 2375 1872 2412 defectibus
1907 2375 2134 2414 assimilatus
2162 2377 2331 2415 est„aliis
2367 2377 2592 2416 hominibus

1528 2435 1718 2476 quantum
1747 2429 1795 2465 ad
1824 2428 2045 2477 qualitatem
2080 2429 2318 2476 defectuum,
2347 2442 2427 2467 non
2461 2437 2591 2468 autem

1528 2489 1718 2529 quantum
1737 2481 1787 2517 ad
1806 2493 1973 2518 causam.
2004 2482 2052 2518 Et
2070 2482 2158 2519 ideo
2178 2494 2258 2519 non
2277 2487 2289 2504 ⁸
2315 2482 2502 2520 contraxit
2519 2483 2590 2520 hu-

1528 2533 1696 2570 iusmodi
1726 2534 1905 2581 defectus,
1936 2534 2032 2571 sicut
2059 2542 2096 2571 et
2123 2534 2195 2572 alii.

1581 2670 1608 2703 γ)
1627 2678 1692 2695 caro
1713 2670 1821 2696 Christi.
1838 2685 1858 2690 —
1879 2671 2000 2696 Christus
2020 2671 2054 2702 Ρ;
2077 2677 2106 2696 ut
2123 2679 2171 2696 nos
2191 2679 2281 2705 margo
2301 2673 2320 2698 Ρ
2339 2680 2386 2706 per
2403 2673 2486 2699 Alias.

1581 2705 1606 2739 δ)
1625 2706 1726 2731 habuit.
1745 2720 1763 2724 —
1781 2706 1883 2736 'Iertia;
1902 2707 1988 2732 habet.

1580 2741 1603 2773 ε)
1624 2748 1686 2767 non.
1705 2756 1724 2760 —
1744 2741 1866 2766 Christus
1886 2749 1938 2766 non
1958 2741 1987 2772 P,
2006 2750 2059 2767 om.
2080 2742 2134 2768 EG.
2152 2757 2172 2761 -
2191 2743 2241 2768 Pro
2260 2746 2286 2768 et
2304 2744 2361 2774 alii,
2380 2744 2431 2769 alin·
2447 2744 2476 2770 P.

1085 2828 1419 2861 Commentaria
1441 2830 1694 2863 Cardinalis
1715 2830 1918 2863 Caietam

470 2926 575 2946 mnus
591 2921 677 2945 totus
694 2916 837 2946 consistit
852 2916 885 2945 in
896 2916 994 2946 verbo
1014 2915 1255 2946 contractionis.
1275 2916 1361 2946 Nihil
1386 2916 1472 2946 enim

411 2927 554 2990 Taliud
582 2961 711 2990 vertitur
734 2960 767 2989 in
791 2959 926 2990 dubium
950 2960 1000 2990 hic
1024 2961 1101 2996 nisi,
1127 2969 1165 2989 an
1190 2959 1333 2990 defectus
1357 2969 1472 3000 corpo-

409 3003 487 3033 rales
512 3005 566 3043 qui
590 3005 623 3033 in
648 3004 774 3034 Christo
799 3004 943 3040 fuerunt,
969 3003 1085 3034 fuerint
1109 3004 1290 3034 contracti:
1319 3013 1378 3041 an,
1406 3014 1472 3034 non

410 3047 525 3077 fuerint
549 3049 712 3083 contracti,
738 3047 793 3078 sed
816 3049 905 3078 aliter
928 3049 1036 3078 habiti.

465 3091 498 3121 In
518 3101 652 3131 corpore
677 3092 798 3122 articuli
822 3093 916 3122 unica
933 3098 978 3122 est
995 3093 1159 3123 conclusio
1176 3093 1359 3132 responsiva
1376 3102 1472 3132 quae-

409 3135 485 3164 sito:
513 3135 659 3165 Christus
683 3145 747 3165 non
767 3137 932 3166 contraxit
954 3137 1096 3178 defectus
1120 3137 1316 3177 corporales,
1340 3137 1396 3167 sed
1418 3146 1473 3167 νο-

410 3179 551 3209 luntarie
573 3180 718 3218 suscepit.
743 3180 897 3210 Probatur
921 3180 1029 3220 quoad
1045 3182 1180 3220 primam
1200 3181 1473 3221 principalemque

410 3229 541 3261 partem.
567 3223 752 3253 Contractio
777 3224 926 3262 importat
950 3225 1095 3254 ordinem
1119 3225 1249 3255 effectus
1273 3225 1312 3255 ad
1334 3235 1471 3255 causam.

411 3266 495 3305 Ergo
520 3266 562 3296 illi
588 3267 715 3306 proprie
739 3266 887 3296 dicuntur
906 3269 1091 3298 contrahere
1109 3269 1250 3299 defectus
1267 3270 1387 3305 mortis,
1401 3275 1472 3305 etc.,

411 3311 464 3349 qui
491 3320 527 3339 ex
552 3309 659 3340 debito
685 3311 806 3349 peccati
830 3311 888 3340 hos
913 3311 1054 3341 defectus
1078 3313 1253 3343 incurrunt.
1279 3314 1363 3353 Ergo
1381 3313 1472 3343 Chri-

411 3359 476 3383 stus
500 3354 558 3383 hos
583 3353 724 3383 defectus
747 3363 813 3383 non
838 3356 1001 3385 contraxit.
1030 3374 1052 3377 —
1082 3357 1282 3387 Antecedens
1310 3358 1471 3397 probatur.

412 3398 495 3433 Quia
519 3398 724 3428 con-trahere
747 3403 793 3427 est
815 3398 912 3428 simul
927 3399 1064 3434 trahere,
1090 3399 1238 3431 effectum
1255 3402 1373 3432 scilicet
1398 3411 1471 3432 cum

413 3450 505 3470 causa
533 3451 598 3471 sua.
626 3460 648 3463 —
676 3441 779 3471 Prima
809 3443 1037 3481 consequentia
1068 3444 1227 3482 probatur.
1263 3445 1347 3482 Quia
1379 3455 1472 3475 eausa

1372 3541 1479 3553 „mm

1524 2918 1636 2947 mortis
1660 2923 1691 2947 et
1714 2918 1830 2948 horum
1854 2917 2039 2948 defectuum
2062 2919 2095 2948 in
2117 2919 2258 2949 humana
2275 2924 2388 2950 natura
2409 2924 2457 2950 est
2477 2927 2591 2960 pecca·

1525 2966 1605 2991 turn.
1635 2961 1790 2991 Probatur
1817 2971 1854 2992 ex
1879 2963 2083 2998 auctoritate,
2107 2962 2150 2993 ad
2171 2963 2264 2994 Rom.
2281 2973 2318 2994 v:
2342 2963 2406 2994 Per
2420 2967 2590 3004 peccatum

1526 3015 1623 3040 mors,
1648 3011 1707 3036 etc.
1732 3023 1752 3027 —
1777 3005 1924 3036 Secunda
1950 3016 2026 3037 vero
2051 3007 2283 3047 consequentia
2309 3007 2470 3047 probatur.
2505 3006 2591 3045 Quia

1527 3049 1671 3079 Christus
1695 3059 1761 3079 non
1786 3050 1895 3080 habuit
1918 3051 1978 3080 hos
2002 3050 2144 3081 defectus
2168 3061 2206 3081 ex
2225 3050 2333 3082 debito
2355 3051 2488 3091 peccati.
2512 3050 2590 3081 Pro-

1527 3094 1618 3123 batur
1642 3094 1829 3124 auctoritate
1852 3094 2034 3134 Augustini.

1582 3137 1700 3168 Ultima
1723 3148 1794 3178 pars
1817 3139 2034 3169 conclusionis
2057 3139 2218 3179 probatur.
2253 3138 2339 3177 Quia
2366 3138 2539 3179 potuisset,
2564 3139 2590 3168 si

1526 3182 1687 3217 voluisset,
1705 3182 1850 3212 Christus
1873 3192 2032 3214 assumere
2056 3189 2201 3214 naturam
2224 3183 2344 3223 absque
2359 3191 2482 3222 poena:
2507 3182 2590 3212 sicut

1527 3227 1696 3265 assumpsit
1719 3227 1840 3266 absque
1863 3227 1968 3267 culpa.

1583 3269 1619 3300 11.
1641 3270 1675 3300 ln
1692 3271 1901 3310 responsione
1917 3271 1956 3301 ad
1972 3270 2160 3307 secundum,
2173 3275 2251 3302 nota
2262 3270 2437 3301 Auctorem
2452 3270 2485 3300 in
2498 3270 2589 3300 theo-

1526 3314 1611 3354 logia
1634 3314 1815 3354 theologice
1839 3315 1940 3355 loqui,
1965 3324 2040 3346 cum
2063 3314 2138 3346 dicit
2161 3323 2291 3345 causam
2307 3313 2486 3354 proximam
2502 3323 2589 3344 mor-

1527 3358 1565 3388 tis
1590 3368 1656 3388 esse
1675 3364 1853 3398 peccatum,
1873 3365 2029 3390 remotam
2045 3364 2151 3389 autem
2168 3357 2436 3398 compositionem
2457 3367 2494 3388 ex
2511 3367 2588 3388 con-

1527 3402 1635 3432 trariis.
1661 3402 1847 3433 Formaliter
1871 3402 2027 3442 siquidem
2052 3402 2203 3442 loquitur,
2227 3401 2282 3432 ubi
2306 3401 2440 3432 omnino
2463 3402 2588 3432 theolo—
2618 3403 2675 3450 ’.οη-1
2709 3418 2714 3423 ·
2752 3418 2758 3430 .

1526 3446 1596 3485 gica
1620 3452 1666 3476 est
1690 3447 1828 3482 materia,
1854 3446 1955 3486 qualis
1979 3451 2025 3477 est
2047 3446 2104 3476 ista
2121 3447 2147 3476 ⁹.
