2872 3970
211 863 218 870 ·
269 854 345 883 nam
366 845 482 877 habere
497 846 530 882 *3
558 847 662 883 tertio,
686 846 726 878 de
748 848 817 887 ipsa
840 848 1047 879 conclusione
1063 850 1112 885 **;

215 890 226 923 ¹,
270 898 327 920 sua
349 889 592 920 contradictoria
607 891 634 920 ’ἃ

958 287 1221 334 QUAESTIO
1250 290 1369 336 xva,
1403 263 1752 327 ARTlcULUS'n

269 365 378 406 potius
400 365 578 404 argumenti
592 365 638 394 vis
654 364 839 400 firmaretur,
860 370 891 395 et
906 365 1171 396 concluderentur
1186 367 1220 396 in
1236 366 1327 397 Chri-

270 414 326 441 stov
343 407 409 439 duo
433 418 511 444 esse,
535 418 638 438 unum
659 414 790 439 naturae
813 414 844 439 et
866 418 1021 448 personae
1037 411 1131 440 simul
1147 410 1281 446 divinae,
1298 415 1329 440 et

270 451 356 484 aliud
378 457 508 483 naturae
530 453 705 489 humanae;
729 453 883 492 quoniam
898 462 1035 492 persona
1050 454 1167 485 Christi
1182 454 1267 485 aliud
1283 459 1329 485 est

270 506 289 527 a
310 501 422 533 natura
443 496 585 526 humana
607 502 778 536 assumpta.

278 567 282 570 .
320 539 382 573 Est
395 540 490 580 igitur
503 539 635 570 indubie
653 540 839 576 tenendum,
855 541 1033 572 secundum
1048 542 1197 572 Auctoris
1213 542 1328 572 doctri-

165 604 178 617 „
219 597 221 600 ·
269 593 355 620 nam,
377 583 412 614 in
436 582 562 614 Christo
585 584 710 615 nullum
734 594 802 621 esse
825 585 954 615 actualis
978 586 1159 616 existentiae
1186 587 1328 616 substan-

270 627 351 663 tinlis
373 627 508 662 inveniri
535 627 599 659 nisi
617 637 684 658 esse
701 628 830 658 actualis
854 629 1035 660 existentiae
1051 629 1122 660 Filii
1145 630 1215 666 Dei,
1240 629 1329 669 quod

271 675 319 703 est
339 675 513 707 aeternum,
537 676 569 701 et
590 671 658 711 ipse
680 672 779 702 Deus.

311 713 407 749 VIII.
430 713 524 744 Circa
553 714 727 746 secundm
753 722 861 748 autem
887 717 1140 756 quaestionem*
1163 717 1328 757 multiplex

270 742 405 792 dubium
427 759 575 789 occurrit.
610 758 693 791 Nam
722 761 844 799 primo,
876 760 1037 791 dubitatur
1067 761 1107 791 de
1133 762 1327 800 praemissis3

270 801 385 840 deinde
407 801 448 832 de
462 801 562 832 modo
586 811 653 842 quo
676 804 808 843 ponitur
831 803 975 835 Christus
997 805 1194 836 existentiam
1217 806 1328 879 hum}-

1141 855 1265 889 quart0‚
1311 859 1328 880 e

324 932 440 965 scotus
462 933 496 963 in
518 934 638 973 primis,
662 935 696 964 in
719 935 760 965 111
775 935 872 971 Sem..
889 935 959 967 dist.
972 946 1013 971 vr,
1031 946 1085 976 qu.
1101 947 1122 972 1,
1139 937 1241 976 arguit
1255 946 1330 976 pro—

270 985 409 1015 cessum.
419 977 517 1008 istum
540 977 648 1017 quoad
677 977 939 1016 fundamentum,
963 980 1082 1011 scilicet
1111 980 1200 1020 quod
1227 990 1330 1011 unum

270 1025 303 1052 et
323 1019 410 1051 idem
433 1026 480 1051 est
501 1030 570 1052 esse
593 1031 749 1061 personae
777 1028 808 1053 et
830 1024 1057 1063 pertinentium
1080 1024 1120 1055 ad
1142 1034 1329 1064 personam,

269 1069 341 1097 tum
362 1064 470 1104 quoad
493 1073 664 1105 personam
685 1072 833 1106 respectu
855 1073 1002 1104 naturae,
1032 1073 1102 1098 turn
1129 1068 1238 1107 quoad
1259 1078 1331 1108 per-

169 1110 185 1124 ⁴³
218 1115 225 1136 ’.
270 1117 383 1145 sonam
397 1114 544 1148 respectu
559 1110 696 1148 partium
708 1111 735 1140 ³.
754 1111 802 1141 Ex
817 1111 923 1151 primo
939 1112 1025 1142 enirn
1040 1113 1142 1151 arguit
1157 1122 1224 1142 non
1240 1113 1331 1152 sequi

269 1152 438 1188 intentum,
462 1153 517 1183 sic.
541 1153 618 1183 Esse
641 1159 771 1184 naturae
795 1160 827 1185 et
848 1165 1004 1195 personae
1027 1161 1074 1186 est
1091 1155 1177 1186 idern
1201 1156 1330 1196 quando

271 1201 318 1233 est
338 1196 376 1227 in-
395 1197 526 1236 proprio
550 1198 734 1237 supposito:
760 1199 836 1238 quia
858 1200 1062 1239 suppositum
1079 1209 1148 1230 non
1163 1200 1249 1230 addit
1263 1210 1331 1230 rem

270 1249 365 1280 supra
386 1245 541 1276 naturam,
565 1240 621 1271 sed
642 1242 856 1281 negationem.
881 1243 977 1283 Ergo,
1001 1244 1027 1273 si
1046 1253 1063 1273 a
1078 1249 1189 1274 natura
1204 1244 1332 1274 tollatur

270 1283 351 1316 tatio
381 1285 539 1324 suppositi
574 1285 718 1316 tollendo
746 1286 814 1316 illas
843 1288 1045 1326 negationes,
1068 1297 1136 1317 non
1163 1293 1332 1327 propterea

270 1327 393 1364 tollitur
415 1337 484 1358 esse
505 1334 647 1365 naturae,
671 1329 727 1359 sed
749 1336 891 1361 remanet
914 1340 989 1361 cum
1012 1341 1071 1361 suo
1095 1340 1174 1362 esse.
1204 1331 1252 1362 Ac
1275 1341 1332 1371 per

270 1371 352 1408 hoc,
382 1372 417 1402 in
446 1371 506 1402 alia
532 1381 671 1412 persona
699 1374 820 1413 posita,
849 1374 979 1406 haberet
1007 1380 1039 1405 et
1064 1385 1159 1405 suum
1186 1385 1270 1411 esse,
1302 1381 1333 1406 et

272 1424 340 1447 esse
362 1415 447 1446 illius
468 1425 634 1456 personae.
669 1417 744 1447 Non
767 1423 815 1448 est
837 1427 912 1458 ergo
936 1418 1022 1450 idem
1044 1419 1199 1450 iudicium
1223 1419 1262 1450 de
1276 1429 1332 1450 na-

271 1464 342 1491 tura
369 1459 404 1491 in
430 1460 561 1500 proprio
591 1460 643 1491 vel
669 1461 774 1492 alieno
796 1463 983 1502 supposito,
1012 1462 1121 1502 quoad
1149 1473 1252 1495 unum
1281 1464 1333 1494 vel

270 1503 362 1544 plura
375 1513 456 1535 esse.
479 1521 502 1526 -
525 1504 566 1534 Et
581 1504 797 1536 confirmatur.
821 1506 907 1544 Quia
921 1507 1003 1537 sicut
1017 1516 1154 1546 persona
1169 1517 1333 1538 assumens

271 1556 340 1578 non
365 1547 494 1588 supplet
523 1548 720 1579 identitatem
750 1559 905 1590 personae
931 1551 1091 1581 humanae
1122 1561 1196 1581 cum
1221 1557 1334 1582 natura

271 1591 422 1628 humana,
445 1592 489 1622 ita
511 1601 580 1623 esse
602 1602 758 1632 personae
782 1595 969 1625 assumentis
991 1605 1060 1626 non
1078 1595 1205 1635 supplet
1219 1595 1333 1626 identi-

272 1640 371 1666 tatem
393 1636 492 1675 ipsius
515 1645 583 1666 esse
605 1646 761 1676 personae
784 1638 943 1668 humanae
965 1644 997 1669 et
1018 1645 1148 1669 naturae
1164 1639 1332 1670 humanae.

329 1678 450 1710 Contra
473 1679 650 1710 secundum
673 1691 766 1717 vero,
798 1681 838 1712 de
860 1683 1001 1722 partibus
1024 1692 1197 1722 personae,
1221 1684 1332 1723 arguit.

276 1723 384 1754 «Pars
406 1723 577 1754 adveniens
600 1725 659 1755 toti
681 1734 748 1755 non
772 1725 825 1755 dat
850 1735 918 1756 esse
936 1727 1006 1762 toti,
1030 1726 1085 1757 sed
1107 1727 1235 1766 recipit,
1260 1728 1335 1766 quia

273 1766 436 1808 perficitur
458 1777 476 1798 a
499 1767 602 1797 forma
623 1769 732 1798 totius.
761 1769 860 1807 Quod
882 1771 1050 1809 probatur:
1065 1771 1161 1810 -quia,
1185 1771 1211 1800 si
1233 1781 1334 1801 rema—

273 1816 363 1842 neret
385 1811 531 1842 distincta
553 1812 635 1842 sicut
657 1813 761 1852 prius,
784 1823 853 1843 non
875 1814 1030 1854 reciperet
1052 1824 1120 1845 esse
1146 1815 1254 1850 totius,
1279 1814 1335 1845 sed

273 1855 325 1886 vel
346 1855 475 1885 haberet
489 1856 656 1895 proprium
672 1864 750 1892 esse,
765 1857 817 1887 vel
831 1857 968 1888 nullum.
992 1857 1055 1889 Sed
1069 1863 1181 1888 natura
1195 1858 1335 1888 humana

273 1899 363 1931 unita
384 1899 492 1930 Verbo
514 1908 582 1929 non
605 1900 700 1931 habet
721 1901 878 1931 rationem
901 1902 1014 1941 partis,
1041 1911 1102 1932 nec
1124 1903 1217 1932 istam
1239 1903 1334 1932 ratio-

273 1952 350 1974 nem
371 1943 483 1983 partis:
515 1943 590 1982 quia
611 1953 680 1974 non
701 1943 891 1975 informatur
913 1955 932 1975 a
953 1945 1078 1981 Verbo,
1109 1945 1165 1976 sed
1193 1951 1335 1976 remanet

274 1987 458 2028 simpliciter
481 1986 636 2018 distincta.
660 1987 758 2027 Igitur
780 1989 831 2019 vel
853 1989 979 2020 nullum
995 1999 1062 2020 esse
1081 1990 1186 2025 habet,
1210 1989 1261 2020 vel
1279 1990 1334 2020 ali-

274 2030 364 2072 quod
386 2040 453 2062 esse
476 2031 654 2070 proprium.
674 2045 688 2059 »

328 2075 382 2105 tx.
405 2074 527 2105 Contra
547 2075 684 2106 modum
707 2085 774 2116 quo
801 2077 933 2116 ponitur
955 2076 1100 2107 Christus
1129 2077 1244 2107 habere
1268 2087 1335 2107 esse

236 2134 247 2140 ·
273 2118 451 2153 secundum
466 2124 611 2149 naturam
626 2119 800 2150 humanam
811 2121 838 2156 ³,
855 2121 974 2151 scilicet
990 2120 1079 2160 quod
1089 2121 1232 2152 Verbum
1247 2131 1335 2151 novo

230 2193 236 2199 ,
272 2162 372 2194 modo
395 2163 522 2193 relative
538 2172 571 2192 se
586 2163 682 2194 habet
696 2163 874 2195 secundum
889 2164 985 2200 illam,
1006 2165 1107 2204 arguit
1122 2166 1148 2195 *.
1177 2177 1191 2191 ‹
1210 2164 1243 2194 Si
1258 2165 1335 2195 Ver-

273 2207 352 2237 bum
373 2212 498 2237 tantum
520 2206 635 2236 habeat
657 2213 838 2247 respectum
860 2217 984 2238 novum
1007 2208 1047 2238 ad
1068 2214 1215 2238 naturam
1237 2208 1334 2244 illam,

274 2256 306 2281 et
327 2250 382 2282 ille
404 2255 452 2280 est
473 2255 636 2290 respectus
658 2251 788 2282 rationis
811 2257 952 2288 tantum;
977 2262 1053 2283 cum
1075 2262 1132 2292 per
1154 2258 1336 2292 respectum

273 2294 404 2326 rationis
425 2304 494 2325 non
509 2293 631 2324 dicatur
645 2295 825 2326 subiectum
840 2295 1014 2326 formaliter
1030 2305 1098 2326 esse
1113 2295 1243 2335 aliquid,
1260 2306 1335 2336 ergo

274 2339 433 2374 Verbum,
461 2339 654 2378 inquantum
683 2339 802 2375 homo,
828 2349 896 2370 non
923 2340 981 2370 erit
1006 2339 1180 2370 formaliter
1206 2339 1335 2380 aliquid.

275 2382 488 2422 Consequens
504 2387 550 2412 est
566 2388 676 2412 contra
691 2383 780 2419 illud,
797 2383 902 2419 Extra,
922 2383 961 2414 de
975 2383 1121 2420 Haeret„
1144 2383 1224 2414 Cum
1243 2384 1336 2414 Chri-

273 2431 352 2459 stus.
375 2426 461 2466 Ergo
481 2439 509 2462 »,
526 2431 586 2456 etc.

328 2471 369 2502 X.
394 2470 516 2501 Contra
538 2470 781 2501 conclusionem
803 2472 905 2511 ipsam
923 2473 956 2507 Ἦ
983 2472 1118 2508 scilicet,
1142 2471 1182 2501 In
1209 2471 1336 2502 Christo

276 2514 401 2547 nullum
429 2519 477 2544 est
505 2523 572 2544 esse
601 2514 789 2545 existentiae
815 2515 1024 2546 substantiale
1046 2520 1206 2550 creatum,
1236 2517 1338 2555 arguit

243 2573 250 2580 ·
275 2563 399 2599 septem
420 2558 471 2589 vel
495 2563 570 2589 octo
592 2558 704 2589 mediis
720 2559 746 2589 ἦ
770 2559 890 2590 Primo.
916 2560 1086 2590 Terminus
1109 2569 1166 2599 per
1185 2569 1218 2590 se
1241 2569 1337 2599 gene-

275 2602 406 2633 rationis
434 2602 530 2633 habet
555 2612 623 2632 esse
649 2603 840 2643 acquisitum
871 2613 928 2643 pet
953 2604 1202 2643 generationem.
1238 2603 1337 2634 Filius

276 2646 338 2677 Dei
366 2646 467 2677 homo
498 2651 545 2676 est
573 2655 631 2686 per
661 2656 694 2677 se
724 2648 878 2677 terminus
908 2648 1121 2687 generationis
1157 2657 1195 2677 ex
1224 2653 1334 2678 matre.

276 2690 320 2721 Er
341 2700 372 2721 o.

318 2699 511 2771 gSi'dicatur‚
534 2734 640 2774 inquit
654 2734 825 2766 Durandus
840 2736 867 2771 Ἡ
892 2734 982 2775 quod
1003 2736 1166 2775 generatio
1189 2735 1338 2766 termina-

243 2803 250 2811 .
275 2783 328 2809 tur
349 2777 390 2808 ad
412 2787 480 2808 esse
503 2777 664 2814 divinum,
693 2788 762 2809 non
785 2779 963 2809 secundum
986 2789 1035 2814 se,
1065 2779 1120 2810 sed
1142 2779 1276 2809 relatum
1299 2778 1339 2809 ad

275 2822 450 2853 humanam
471 2827 627 2858 naturam,
651 2828 777 2853 contra:
800 2841 824 2845 -
847 2822 928 2853 Illud
951 2829 998 2853 est
1021 2832 1077 2862 per
1099 2823 1338 2863 generationem

277 2865 550 2906 acceptumquod
566 2871 612 2896 est
627 2875 684 2905 per
699 2867 939 2906 corruptionem
954 2867 1065 2897 mortis
1081 2867 1250 2907 perditum.
1276 2866 1339 2897 Sed

276 2919 334 2951 per
355 2915 494 2940 mortem
517 2909 635 2940 Christi
662 2920 730 2940 non
753 2915 800 2940 est
821 2911 935 2940 amissa
960 2910 1070 2941 relatio
1094 2911 1191 2940 Verbi
1221 2910 1260 2940 ad
1283 2920 1339 2940 na—

277 2959 381 2985 turam
403 2959 608 2994 assumptam,
633 2953 688 2984 sed
711 2963 779 2984 esse
794 2954 888 2984 vitale
911 2954 1089 2984 secundum
1111 2960 1257 2984 naturam
1279 2955 1339 2984 hu-

277 3007 415 3030 manam.
439 2998 524 3038 Ergo
548 2997 628 3028 illud
649 3007 717 3028 non
741 3002 788 3027 est
809 3007 866 3059 per
880 2998 1120 3037 generationem
1136 2998 1338 3038 acquisitum,

278 3041 334 3073 sed
355 3042 429 3072 hoc.

331 3085 490 3116 Secundo.
525 3085 562 3116 In
588 3084 716 3116 Christo
742 3083 802 3116 fuit
828 3084 946 3124 duplex
968 3085 1091 3116 vivere:
1121 3090 1158 3116 ut
1187 3091 1274 3135 patet
1302 3095 1339 3115 ex

277 3129 342 3160 hoc
365 3129 454 3170 quod
476 3139 579 3160 unum
602 3138 659 3168 per
681 3133 819 3159 mortem
842 3128 986 3168 perdidit.
1021 3129 1106 3168 Ergo
1129 3129 1163 3159 in
1185 3130 1255 3169 ipso
1279 3128 1340 3159 fuit

226 3183 252 3204 .··
279 3173 396 3214 duplex
412 3183 489 3204 esse.
512 3191 536 3196 -
558 3173 599 3202 Et
621 3177 708 3202 tenet
730 3171 860 3212 sequela
883 3181 921 3202 ex
937 3172 963 3202 ΙΙ
979 3172 1018 3202 de
1034 3172 1151 3203 Anima
1166 3174 1199 3202 *:
1230 3173 1340 3203 Vivere

246 3214 253 3222 '
279 3217 454 3249 virentibus
476 3222 523 3247 est
545 3226 622 3247 esse.

338 3261 456 3292 Tertio.
480 3261 597 3291 Anima
620 3259 737 3290 Christi
759 3260 931 3290 creabatur.
962 3259 1047 3299 Ergo
1071 3259 1181 3289 habuit
1204 3265 1339 3289 creatam

281 3305 488 3336 existentiam.
511 3322 532 3327 -
555 3304 711 3334 Probatur
734 3303 872 3343 sequela.
906 3303 991 3341 Quia
1015 3304 1131 3334 creatio
1154 3303 1340 3333 terminatur

281 3347 321 3379 ad
334 3349 548 3385 existentiam.

332 3391 475 3428 Quarto.
506 3391 696 3422 Humanitas
722 3390 844 3423 vChristi
874 3395 921 3421 est
951 3390 1063 3420 effecta
1093 3395 1124 3420 et
1155 3395 1339 3420 conservata

282 3445 301 3466 a
321 3440 389 3466 tota
411 3436 574 3467 Trinitate.
598 3436 683 3475 Ergo
703 3434 880 3465 secundum
897 3435 1028 3464 existere
1044 3439 1195 3464 creatum.
1217 3451 1240 3456 —
1262 3433 1339 3463 Pro—

282 3479 374 3512 bnmr
395 3480 634 3519 consequentia.
668 3478 752 3516 Quia
774 3488 842 3509 non
865 3477 1043 3508 secundum
1066 3478 1196 3508 existere
1220 3477 1339 3507 increa-

282 3527 363 3555 tum.
385 3523 552 3555 Probatur:
578 3524 653 3563 quia
675 3522 754 3553 nihil
777 3522 873 3552 efficit
895 3532 939 3552 se.

339 3565 470 3603 Quinto.
498 3580 512 3594 ι
531 3567 565 3598 Si
579 3572 690 3597 natura
705 3571 867 3606 assumpta
882 3575 899 3595 a
914 3565 1021 3596 Verbo
1038 3564 1255 3601 dimitteretur,
1272 3574 1339 3594 non

284 3615 446 3649 oporteret
466 3611 588 3651 acquiri
610 3611 670 3641 sibi
691 3620 814 3640 novum
838 3619 905 3640 esse
928 3619 984 3649 per
1007 3610 1254 3649 generationem,
1278 3618 1338 3639 nec

423 3670 533 3695 Sunium:
551 3670 652 3695 Tutor..
665 3671 696 3695 D.
714 3669 829 3694 Tamus
848 3669 880 3694 T.
898 3669 961 3694 Vlll.

2361 294 2434 330 225

1383 376 1439 407 per
1463 368 1664 398 creationem.
1690 368 1730 398 Et
1752 374 1858 399 tamen
1874 370 1951 408 ipsa,
1976 379 2012 399 ex
2028 370 2090 399 hoc
2115 370 2203 409 quod
2219 370 2354 407 dimissa,
2370 381 2438 401 non

1384 416 1464 441 esset
1487 411 1673 441 annihilata:
1697 421 1757 442 nec
1781 418 1861 442 esset
1884 423 1939 442 ens
1962 414 1995 443 in
2019 415 2170 452 potentia,
2194 420 2230 444 ut
2252 415 2356 445 anima
2370 415 2438 445 An-

1383 455 1514 485 tichristi
1530 461 1602 485 ante
1619 456 1821 486 creationem.
1841 457 1926 496 Ergo
1942 457 2070 487 haberet
2085 458 2215 497 aliquod
2231 468 2298 488 esse
2309 460 2342 489 in
2354 464 2437 489 actu.

1383 499 1424 528 Et
1446 508 1514 528 non
1536 508 1672 529 novum:
1704 500 1778 539 quia
1800 509 1857 539 per
1878 500 1999 530 nullam
2026 502 2237 532 mutationem
2259 503 2436 542 positivam.

1383 542 1468 582 Ergo
1491 542 1577 572 idem
1600 542 1688 582 quod
1710 543 1811 573 modo
1834 544 1937 574 habet.
1963 544 2059 584 Igitur
2077 558 2104 580 ›‚
2125 550 2184 575 etc.

1438 586 1478 616 Et
1502 587 1527 616 si
1550 586 1680 622 dicatur,
1704 587 1808 626 inquit
1830 587 1999 618 Durandus
2015 589 2041 623 ὕ,
2066 588 2155 628 quod
2177 589 2272 619 habet
2294 599 2361 620 esse
2379 600 2438 620 no-

1382 639 1478 660 vum:
1503 630 1587 669 Ergo
1617 636 1663 660 est
1686 636 1843 670 corrupta.
1867 649 1890 653 —
1919 632 2073 662 Probatur
2103 632 2270 672 dupliciter
2299 634 2438 673 sequela.

1383 673 1470 704 Tum
1494 674 1568 713 quia
1591 673 1726 713 perdidit
1749 684 1816 704 esse
1839 675 2022 714 simpliciter
2045 681 2075 705 et
2091 677 2256 715 acquisivit
2272 677 2356 707 aliud
2372 687 2439 708 esse

1383 717 1575 756 simpliciter.
1590 736 1614 740 -
1629 718 1716 748 Tum
1732 719 1815 757 quia,
1832 719 1892 748 nisi
1910 719 1972 749 hoc
1988 719 2121 750 sufficiat
2144 719 2183 750 ad
2202 722 2439 760 corruptionem

1384 761 1567 800 simpliciter
1588 767 1728 796 naturae,
1753 762 1808 792 sed
1823 763 1993 802 requiritur
2016 763 2105 802 quod
2126 763 2252 794 nullum
2271 764 2357 795 aliud
2373 774 2439 795 esse

1383 805 1523 844 recipiat,
1547 811 1732 844 sequeretur
1755 806 1844 845 quod
1865 816 2032 846 nunquam
2054 808 2171 846 poterit
2186 817 2254 838 esse
2277 809 2439 848 corruptio

1383 849 1451 879 sine
1474 849 1711 879 annihilatione.

1439 892 1548 923 Sexto.
1576 905 1590 920 «
1609 893 1728 924 Natura
1751 893 1854 933 angeli
1877 899 1986 934 posset
2008 895 2125 924 assumi
2148 905 2166 924 a
2183 895 2301 925 Verbo.
2325 896 2366 926 Et
2386 896 2440 926 illa

1384 945 1451 966 non
1474 941 1580 975 potest
1601 946 1729 967 manere
1753 937 1864 967 eadem
1893 939 1954 968 nisi
1975 944 2102 968 maneat
2124 948 2180 968 sua
2204 940 2365 970 existentia
2389 949 2439 970 ea-

1385 979 1476 1015 dem,
1507 980 1685 1011 secundum
1714 982 1801 1011 istos.
1836 981 1920 1020 Ergo
1951 991 2011 1012 nec
2036 988 2147 1012 natura
2172 983 2311 1013 humana
2339 983 2439 1014 modo

1384 1029 1492 1063 posset
1514 1033 1643 1054 manere
1670 1024 1781 1055 eadem
1807 1025 1841 1054 in
1865 1025 2010 1061 Christo,
2041 1026 2101 1056 nisi
2126 1032 2268 1057 maneret
2293 1037 2350 1057 sua
2376 1028 2440 1057 exi·-

1384 1069 1506 1098 stentia.
1529 1085 1552 1090 -
1576 1067 1815 1108 Consequentia
1837 1075 1883 1098 est
1905 1069 2086 1100 manifesta:
2111 1071 2186 1109 quia
2207 1071 2248 1100 ita
2270 1077 2316 1101 est
2330 1072 2440 1101 intrin-

1385 1121 1456 1141 seca
1479 1121 1535 1141 sua
1559 1112 1720 1142 existentia
1743 1113 1800 1142 uni
1822 1113 1902 1142 sicut
1925 1113 2022 1143 alteri.
2042 1126 2056 1140 »

1440 1155 1588 1194 Septimo.
1617 1168 1629 1182 «
1649 1155 1908 1186 Fundamentum
1929 1157 2089 1187 relationis
2110 1158 2291 1188 naturaliter
2313 1168 2441 1198 praece-

1386 1198 1431 1229 dit
1453 1199 1656 1229 relationem:
1682 1205 1712 1229 et
1735 1199 1911 1230 secundum
1928 1210 1994 1230 esse
2022 1201 2143 1231 actuale
2166 1202 2325 1240 praecedit
2347 1203 2441 1232 ratio-

1385 1252 1461 1273 nem
1480 1243 1640 1272 relationis
1657 1243 1795 1273 actualis.
1820 1243 1905 1273 Unio
1921 1244 1979 1273 ista
1994 1243 2053 1274 fuit
2068 1245 2177 1274 relatio
2194 1245 2332 1275 actualis.
2356 1246 2441 1285 Ergo

1387 1287 1454 1316 eius
1485 1286 1729 1317 fundamentum
1758 1288 1927 1326 praecessit
1956 1288 2136 1318 naturaliter
2167 1288 2343 1319 secundum
2375 1298 2441 1319 esse

1387 1330 1518 1360 actuale.
1543 1330 1802 1361 Fundamentum
1825 1331 1903 1366 illud
1926 1337 1991 1361 erat
2013 1332 2081 1371 ipsa
2102 1337 2213 1362 natura
2235 1333 2349 1362 totalis.
2383 1333 2442 1372 lgi—

1387 1380 1447 1410 tur,
1465 1380 1524 1404 etc.

1442 1417 1668 1448 Confirmatur.
1702 1418 1792 1448 Prius
1822 1419 2003 1448 naturaliter
2034 1419 2139 1449 anima
2172 1419 2296 1459 perficit
2326 1429 2442 1460 corpus

1387 1471 1484 1502 quam
1506 1467 1573 1492 tota
1595 1467 1706 1492 natura
1729 1467 1810 1492 esset
1831 1468 1904 1492 nata
1933 1464 2049 1493 assumi
2080 1463 2115 1493 In
2137 1463 2193 1493 illo
2216 1464 2314 1503 priori
2341 1464 2444 1494 forma

1386 1506 1446 1536 fuit
1469 1511 1556 1536 actus
1579 1507 1742 1536 materiae:
1775 1511 1805 1536 et
1827 1515 1884 1545 per
1907 1516 2106 1546 consequens
2130 1507 2260 1537 dabatur
2283 1517 2350 1537 esse
2373 1508 2442 1538 sibi.

1386 1549 1485 1588 Quod
1507 1559 1575 1580 non
1598 1550 1859 1589 corrumpebatur
1881 1560 1938 1589 per
1960 1552 2220 1590 assumptionem.
2240 1564 2254 1578 »

1445 1594 1576 1629 Octavo,
1601 1594 1740 1633 arguitur
1763 1603 1800 1624 ex
1823 1593 1966 1624 doctrina
1988 1594 2136 1624 Auctoris
2159 1595 2193 1625 in
2216 1595 2319 1625 Prima
2341 1595 2442 1631 Parte,

1387 1648 1441 1678 qu.
1458 1648 1486 1673 L,
1511 1643 1566 1668 art.
1589 1638 1624 1673 5,
1649 1647 1687 1667 ex
1717 1638 1883 1677 proposito
1914 1638 2076 1677 probantis
2100 1648 2166 1668 esse
2188 1648 2256 1668 non
2278 1649 2372 1678 posse
2395 1649 2443 1669 se-

1387 1682 1488 1722 parari
1512 1691 1529 1711 a
1551 1681 1664 1717 forma,
1688 1682 1768 1712 sicut
1790 1691 1850 1711 nec
1873 1681 2047 1712 rotunditas
2071 1688 2176 1721 potest
2198 1683 2333 1722 separari
2352 1693 2369 1712 a
2386 1684 2444 1712 cir-

1389 1726 1480 1756 culo:
1509 1726 1584 1765 quia
1606 1735 1673 1755 esse
1697 1726 1847 1755 convenit
1870 1725 1990 1755 formae
2014 1726 2190 1756 secundum
2214 1736 2265 1762 se,
2290 1727 2371 1756 sicut
2392 1736 2444 1756 ro—

1387 1769 1525 1799 tunditas
1542 1769 1671 1799 circulo.
1694 1769 1741 1798 Ex
1757 1769 1820 1798 hoc
1837 1770 1922 1798 enim
1937 1770 2076 1808 arguitur
2091 1770 2145 1799 sic.
2166 1770 2242 1799 Esse
2258 1779 2325 1799 non
2340 1775 2446 1809 potest

1389 1813 1525 1852 separari
1547 1823 1566 1842 a
1588 1812 1700 1842 forma.
1724 1812 1809 1851 Ergo
1825 1822 1885 1842 nec
1904 1813 1942 1842 ab
1959 1813 2064 1842 anima
2080 1812 2205 1843 Christi.
2230 1813 2326 1853 Igitur
2342 1814 2444 1843 anima

1390 1856 1507 1887 Christi
1529 1857 1624 1886 habet
1646 1857 1812 1895 proprium
1836 1865 1913 1886 esse.

1444 1901 1498 1930 XI.
1522 1900 1552 1930 A
1574 1899 1727 1930 Durando
1757 1909 1906 1939 quoque,
1937 1900 1971 1929 in
1994 1900 2035 1930 III
2059 1900 2160 1936 Sent„
2186 1900 2255 1930 dist.
2271 1911 2317 1936 v1,
2342 1910 2396 1940 qu.
2413 1911 2445 1936 11,

1390 1945 1471 1975 ultra
1487 1944 1681 1984 praeallata*
1684 1944 1844 1983 ,arguitur
1854 1944 1887 1960 Η
1890 1944 1986 1982 ,quia
2002 1954 2093 1983 agere
2109 1950 2155 1974 est
2171 1945 2265 1974 etiam
2280 1945 2446 1984 suppositi,

1391 1990 1472 2019 sicut
1495 1993 1526 2018 et
1549 1997 1634 2018 esse:
1667 1992 1698 2018 et
1726 1988 1957 2027 praesupponit
1983 1997 2060 2018 esse.
2095 1988 2137 2018 Et
2162 1988 2389 2028 multiplicatur
2414 1990 2447 2019 in

1392 2032 1530 2063 Christo.
1554 2032 1650 2071 Ergo.

1444 2075 1604 2106 Aureolus
1629 2076 1733 2110 etiam,
1758 2081 1789 2105 et
1812 2075 1947 2105 Ioannes
1970 2075 2008 2105 de
2032 2075 2178 2115 Neapoli,
2202 2076 2287 2115 apud
2307 2075 2448 2116 Capreo-

1390 2120 1468 2155 lum,
1493 2120 1526 2149 in
1549 2129 1581 2149 vr
1604 2119 1672 2149 dist.
1690 2118 1763 2148 *111
1786 2118 1883 2154 Sent„
1904 2124 2039 2158 arguunt
2055 2120 2104 2149 ⁴⁶³⁶:
2133 2120 2186 2150 ille
2213 2119 2353 2159 quidem,
2374 2121 2448 2159 quia

1391 2166 1458 2194 esse
1483 2163 1663 2193 existentiae
1680 2168 1726 2192 est
1741 2168 1828 2192 actus
1852 2172 1918 2202 quo
1941 2162 2114 2193 formaliter
2137 2165 2270 2193 essentia
2293 2170 2347 2194 est.
2372 2164 2448 2194 Esse

1391 2207 1534 2238 divinum
1557 2216 1624 2236 non
1641 2211 1745 2236 actuat
1768 2207 1935 2236 essentiam
1957 2207 2140 2237 humanam.
2164 2208 2249 2246 Ergo
2270 2208 2448 2238 humanitas

1392 2251 1508 2282 Christi
1530 2251 1581 2280 vel
1605 2256 1651 2280 est
1674 2255 1797 2280 actuata
1820 2259 1878 2280 suo
1896 2259 1973 2285 esse,
1997 2250 2047 2280 vel
2070 2250 2174 2280 adhuc
2196 2257 2374 2290 perseverat
2388 2261 2448 2291 po-

1390 2295 1526 2325 tentialis
1553 2294 1592 2324 ad
1615 2303 1700 2324 esse:
1733 2303 1808 2324 nam
1835 2303 1902 2324 esse
1929 2293 2072 2324 divinum
2102 2304 2170 2324 non
2196 2295 2323 2335 supplet
2345 2295 2448 2325 vicem

1392 2349 1504 2369 causae
1528 2338 1667 2368 formalis
1691 2338 1890 2367 inhaerentis.

1447 2383 1507 2413 Iste
1530 2387 1652 2412 autern:
1677 2387 1747 2412 tum
1770 2382 1854 2421 quia,
1871 2380 2047 2411 secundum
2063 2381 2297 2412 Damascenum
2312 2383 2338 2417 θ’,
2363 2383 2448 2423 quod

1391 2432 1439 2458 est
1467 2425 1734 2466 inassumptibile,
1766 2430 1812 2455 est
1842 2425 2027 2455 incurabile.
2052 2442 2072 2447 -
2096 2425 2182 2455 Tum
2206 2426 2280 2465 quia
2303 2425 2448 2456 Christus

1391 2472 1491 2501 homo
1515 2469 1673 2510 perfectus
1697 2474 1752 2504 est,
1773 2469 1852 2499 nihil
1875 2469 1980 2499 minus
2001 2469 2128 2504 habens,
2145 2474 2210 2499 tam
2233 2469 2266 2499 in
2282 2469 2448 2500 divinitate

1391 2525 1487 2556 quam
1514 2515 1546 2544 in
1573 2513 1789 2550 humanitate;
1823 2518 1854 2543 et
1884 2514 1940 2552 qui
1970 2513 2155 2553 oppositum
2185 2513 2311 2549 dixerit,
2330 2514 2447 2553 plenus

1391 2559 1511 2590 diaboli
1533 2558 1657 2598 spiritu,
1674 2557 1810 2597 seipsum
1828 2557 1993 2598 gehennae
2005 2557 2116 2597 filium
2141 2556 2369 2587 demonstrabit
2376 2565 2389 2594 ,·
2411 2563 2447 2588 ut

1392 2603 1547 2633 Damasus
1579 2602 1665 2637 dixit,
1688 2602 1722 2631 in
1751 2601 1894 2640 Epistola
1908 2602 1924 2617 ³*

1392 2646 1562 2678 Historiae
1588 2645 1784 2685 Tripartitae
1799 2646 1824 2675 ἥ.

1446 2691 1513 2720 XII.
1542 2691 1682 2720 Demum
1712 2699 1770 2729 pro
1798 2688 2039 2719 contradictoria
2070 2688 2284 2718 conclusionis
2299 2689 2315 2704 *
2345 2689 2482 2728 arguit

1393 2735 1508 2765 Scotus
1523 2735 1550 2770 ξ
1574 2739 1685 2764 tenens
1712 2733 1808 2763 illam.
1839 2733 1926 2762 Tum
1949 2733 2024 2772 quia
2050 2733 2228 2762 humanitas
2255 2732 2370 2762 Christi
2400 2738 2447 2762 est

1394 2784 1479 2809 extra
1502 2787 1629 2808 causam
1652 2787 1751 2807 suam.
1776 2777 1860 2816 Ergo
1884 2776 1978 2806 habet
1999 2777 2175 2806 necessario
2198 2776 2358 2820 propriam
2382 2777 2446 2806 exi-

1393 2823 1539 2853 stentiam
1562 2821 1732 2856 actualem,
1756 2821 1837 2850 sicut
1859 2820 1954 2850 habet
1981 2820 2147 2859 proprium
2176 2828 2242 2849 esse
2266 2815 2446 2858 quidditati-

1393 2876 1486 2896 vum:
1510 2866 1584 2896 licet
1603 2875 1670 2895 non
1685 2865 1798 2894 habeat
1821 2864 1982 2903 propriam
2005 2863 2246 2899 subsistentiam,
2264 2872 2346 2902 quae
2368 2863 2447 2893 nihil

1393 2910 1522 2950 positivi
1545 2908 1638 2939 addit.

1449 2954 1536 2984 Tum
1554 2954 1570 2969 ὓ
1594 2953 1669 2992 quia
1690 2952 1832 2982 Verbum
1855 2951 1993 2980 subsistit
2014 2951 2048 2980 in
2070 2955 2181 2980 natura
2203 2950 2343 2980 humana
2365 2951 2446 2981 sicut

1394 2997 1596 3037 suppositum
1611 2997 1644 3025 in
1660 3000 1786 3025 natura:
1810 2999 1940 3034 propter
1956 2994 2044 3033 quod
2062 2994 2189 3033 proprie
2206 2994 2319 3024 dicitur
2334 2994 2445 3024 homo.

1394 3042 1434 3071 Et
1457 3040 1529 3070 ideo
1554 3045 1600 3069 est
1623 3039 1756 3069 existens
1784 3038 1945 3068 existentia
1971 3038 2065 3067 huius
2088 3043 2226 3067 naturae.
2262 3037 2366 3074 Sicut,
2390 3047 2447 3077 per

1954 2601 2081 2630 recitata
2109 2601 2142 2630 in
2173 2601 2225 2630 lib.
2250 2601 2302 2637 IX,
2325 2602 2371 2631 tit.
2395 2611 2445 2637 xv,
2476 2609 2484 2618 ⁸

2464 595 2473 605 ·
2489 594 2543 615 Loc.
2560 594 2598 615 cit.
2613 606 2622 610 -
2639 594 2674 616 Cf.

2465 627 2528 641 num.
2551 626 2612 646 xvii,
2642 621 2679 642 Ad

2465 647 2623 668 obiectionem.

2475 1947 2567 1983 :Num.
2579 1954 2658 1975 praece
2647 1947 2682 1968 e.d

2486 1974 2539 1995 ⁸Cf.
2549 1980 2611 1995 num.
2620 1980 2648 1995 xv
2651 1980 2683 1995 ιιι.

2475 2122 2484 2130 “
2499 2121 2550 2142 Art.
2566 2126 2584 2141 2.

2476 2148 2496 2158 ⁸·
2504 2146 2540 2168 Cf.
2549 2153 2612 2168 num.
2622 2152 2684 2168 xvin.

2475 2383 2484 2392 ⁸
2496 2382 2531 2404 De
2537 2381 2596 2403 Fide
2607 2382 2685 2408 Orth„

2475 2409 2514 2430 lib.
2529 2408 2568 2434 111,
2588 2414 2638 2436 cap.
2654 2415 2684 2430 νι.

2509 2609 2545 2630 De
2573 2609 2682 2631 Damnat.

2473 2635 2583 2662 Apollin„
2599 2636 2633 2657 ad
2643 2636 2683 2658 Ti—

2474 2662 2543 2683 moth.

2475 2690 2483 2697 ⁸
2498 2688 2604 2709 Cassiod.

2473 2714 2533 2735 ⁸ct.
2549 2720 2615 2736 num.
2630 2720 2681 2740 vm,

2472 2740 2523 2762 init.

2474 2767 2551 2788 roc⁴
2567 2767 2604 2788 cit.
2622 2778 2631 2783 -
2647 2767 2682 2789 ef.
2731 2759 2734 2763 '

2474 2799 2536 2814 num.
2548 2799 2593 2815 ΧΙΧ.

2474 2955 2483 2965 ⁸
2497 2953 2531 2976 Cf.
2551 2959 2616 2975 num.
2632 2960 2670 2976 xx.

1394 3085 1596 3124 oppositum,
1629 3083 1703 3122 quia
1727 3091 1786 3121 ego
1816 3090 1882 3111 non
1913 3091 1983 3111 sum
2013 3090 2068 3120 pes
2091 3090 2195 3117 meus,
2227 3091 2288 3111 nec
2310 3082 2445 3111 subsisto
2483 3100 2486 3103 -

1393 3133 1539 3167 respectu
1561 3126 1650 3166 pedis
1674 3126 1754 3155 sicut
1774 3130 1919 3164 respectu
1934 3130 2074 3160 naturae,
2091 3125 2164 3155 ideo
2181 3125 2343 3155 existentia
2357 3125 2447 3165 pedis

1385 3173 1457 3202 'mei
1479 3181 1547 3201 non
1570 3175 1616 3200 est
1639 3169 1801 3199 existentia
1823 3170 1896 3204 mei,
1922 3169 2065 3208 quamvis
2081 3169 2120 3198 sit
2135 3170 2167 3198 in
2184 3178 2245 3204 me,
2266 3168 2320 3199 sed
2336 3178 2353 3199 e
2370 3178 2447 3199 con-

1393 3224 1484 3245 verso
1515 3214 1614 3253 magis
1636 3223 1692 3253 pes
1716 3213 1818 3242 existit
1847 3222 1903 3252 per
1933 3213 2129 3242 existentiam
2151 3213 2224 3242 mei.
2248 3230 2271 3235 -
2292 3213 2360 3243 Nec
2383 3218 2446 3248 est,

1393 3259 1498 3298 inquit
1521 3257 1644 3292 Scotus,
1668 3257 1830 3286 existentia
1852 3257 2053 3286 humanitatis
2077 3256 2192 3286 Christi
2215 3257 2376 3286 existentia
2399 3266 2447 3286 se-

1395 3301 1537 3332 cundum
1560 3301 1654 3341 quid,
1678 3300 1734 3331 sed
1756 3300 1954 3340 simpliciter:
1986 3305 2051 3330 tam
2074 3301 2106 3330 in
2129 3310 2179 3334 se,
2209 3301 2283 3340 quia
2309 3306 2356 3330 est
2382 3301 2447 3330 exi-

1394 3346 1506 3375 stentia
1536 3345 1575 3375 de
1597 3354 1712 3384 genere
1736 3344 1945 3380 substantiae,
1978 3353 2060 3384 quae
2088 3349 2133 3374 est
2164 3353 2219 3374 ens
2249 3343 2451 3383 simpliciten.

1395 3398 1491 3429 quam
1514 3394 1660 3428 respectu
1684 3387 1810 3418 Christi.
1842 3388 1945 3425 Quia,
1970 3388 2070 3428 qualis
2093 3393 2139 3417 est
2163 3388 2324 3417 existentia
2345 3388 2379 3417 in
2402 3397 2446 3423 se,

1393 3433 1454 3463 tale
1479 3433 1609 3463 existere
1632 3432 1684 3462 dat
1708 3433 1900 3471 cuicumque
1921 3432 2064 3462 existenti
2086 3441 2142 3471 per
2158 3432 2274 3471 ipsam;
2299 3431 2354 3461 sed
2368 3431 2447 3461 Ver-

1393 3477 1471 3507 bum
1495 3477 1596 3507 existit
1619 3476 1782 3506 existentia
1803 3476 1871 3512 ista‚
1895 3476 2013 3506 scilicet
2027 3481 2156 3505 naturae
2172 3475 2346 3511 humanae;
2371 3484 2446 3515 ergo

1395 3521 1496 3551 existit
1519 3520 1701 3560 simpliciter
1723 3529 1780 3559 per
1796 3520 1992 3550 existentiam
2007 3524 2136 3549 naturae
2152 3519 2319 3549 humanae.
2343 3518 2384 3548 Et
2402 3519 2447 3548 sic

1394 3570 1467 3595 sunt
1490 3563 1571 3594 duae
1595 3564 1775 3594 existentiae
1799 3564 1997 3603 simpliciter,
2027 3572 2093 3593 non
2118 3562 2222 3593 solum
2245 3563 2278 3593 in
2302 3562 2446 3598 Christo,

1393 3608 1448 3638 sed
1472 3608 1597 3638 Christi.

2274 3673 2306 3699 ²9
