2872 3970
1154 299 1418 346 QUAESTIO
1446 299 1565 345 LVII,
1594 299 1888 340 ARTICULUS
1915 301 1961 338 ΠΙ

483 378 594 414 detur
630 377 736 426 quod
773 377 946 414 Christus
984 377 1153 417 ascendit
1188 377 1404 414 secundum
1439 377 1546 426 quod
1601 377 1756 426 proprie
1784 378 1988 416 conveniat
2011 378 2162 416 divinae
2191 387 2361 426 naturae,
2380 387 2505 428 potest
2532 388 2663 418 tamen

487 300 561 337 530

482 431 599 467 Deus.

269 483 279 504 ⁸
317 490 334 504 ⁵·
350 490 372 511 9·
535 484 609 520 SED
638 494 782 519 CONTRA
810 495 875 520 EST
903 482 1022 532 quod,
1042 484 1175 532 Ephes.
1197 495 1241 529 1v,
1263 494 1379 532 super
1402 481 1495 520 illud
1513 481 1544 528 ’¹‘‚

341 538 355 571 β
488 537 597 578 Quod
614 541 736 572 autem
755 535 929 581 ascendit,
951 535 1040 585 quid
1056 540 1107 572 est
1126 537 1197 572 nisi
1217 537 1303 584 quia
1322 534 1504 573 descendit
1517 532 1545 581 Ρ,

482 588 570 626 dicit
597 587 784 625 Glossa*:
819 590 969 626 Constat
988 589 1087 637 quod
1111 588 1313 637 secundum
1339 589 1545 625 humanita-

481 648 553 678 tem
585 642 748 678 Christus
767 641 949 678 descendit
977 647 1010 678 et
1037 641 1210 678 ascendit.

339 703 355 727 Υ
533 695 757 731 ΒΕεΡοΝῡΕο
783 706 965 730 memnon
991 693 1099 742 quod
1120 694 1158 743 ly
1184 693 1385 731 secundum
1414 694 1513 743 quod
1530 698 1544 722 ἵ

481 748 560 784 duo
597 754 720 796 potest
749 754 901 783 notare:
941 746 1079 783 scilicet
1115 746 1377 783 conditionem
1415 757 1545 783 ascen-

481 799 614 846 dentis,
645 807 681 835 et
708 811 865 836 causam
894 798 1138 836 ascensionis.
1169 800 1218 836 Et
1245 799 1275 836 si
1295 798 1455 848 quidem
1483 799 1544 835 de-

481 853 600 901 signet
637 851 898 888 conditionem
926 851 1183 898 ascendentis,
1212 859 1304 889 tunc
1339 852 1544 889 ascendere

479 917 560 942 non
587 913 711 954 potest
747 904 953 942 convenire
984 905 1135 942 Christo
1164 905 1378 942 secundum
1413 904 1544 942 condi-

478 958 624 995 tionem
653 957 804 994 divinae
824 965 994 994 naturae.
1010 958 1117 994 Tum
1145 957 1236 1006 quia
1264 957 1359 994 nihil
1386 965 1441 995 est
1469 957 1544 994 dei-

478 1019 551 1048 tate
581 1010 701 1054 altius,
723 1023 802 1060 quo
822 1011 941 1060 possit
960 1011 1177 1048 ascendere.
1193 1011 1300 1047 Tum
1319 1010 1434 1048 etiam
1453 1010 1545 1059 quia

479 1063 651 1101 ascensio
680 1071 735 1100 est
762 1071 892 1100 motus
920 1063 1069 1110 localis,
1099 1063 1166 1113 qui
1195 1063 1348 1100 divinae
1386 1071 1544 1100 naturae

478 1129 558 1153 non
593 1116 796 1166 competit,
827 1129 926 1166 quae
962 1125 1026 1154 est·
1051 1116 1260 1154 immobilis
1293 1123 1329 1153 et
1361 1116 1542 1154 inlocalis.

479 1170 555 1207 Sed
583 1181 653 1218 per
671 1170 778 1206 hunc
796 1170 963 1207 modum
986 1169 1159 1207 ascensio
1179 1169 1362 1219 competit
1390 1169 1543 1207 Christo

478 1223 695 1259 secundum
724 1223 939 1260 humanam
972 1230 1169 1268 naturam,
1199 1234 1299 1272 quae
1320 1222 1544 1260 continetur

477 1277 586 1322 loco,
617 1283 652 1312 et
689 1275 812 1312 motui
850 1275 984 1314 subiici
1019 1283 1154 1325 potest.
1207 1275 1320 1314 Unde
1357 1276 1429 1313 sub
1467 1277 1544 1313 hoc

478 1341 593 1366 sensu
621 1328 833 1378 poterimus
868 1329 994 1366 dicere
1031 1329 1140 1378 quod
1169 1328 1347 1368 Christus,
1373 1328 1543 1366 ascendit

477 1381 516 1418 in
545 1383 696 1419 caelum
735 1383 952 1419 secundum
989 1382 1097 1430 quod
1124 1383 1268 1429 homo,
1297 1393 1378 1419 non
1406 1393 1542 1418 secun-

477 1435 573 1472 dum
601 1434 709 1483 quod
737 1435 855 1472 Deus.

530 1487 571 1525 Si
598 1499 691 1524 vero
730 1489 768 1537 ly
803 1488 1006 1524 secundum
1044 1487 1144 1537 quod
1178 1487 1348 1535 designet
1384 1499 1540 1524 causam

334 1538 348 1562 δ
476 1540 720 1587 ascensionis,
751 1552 841 1577 cum
870 1540 986 1577 etiam
1005 1538 1018 1562 δ
1049 1540 1222 1577 Christus
1250 1552 1297 1577 ex
1319 1539 1458 1577 virtute
1487 1539 1542 1577 di-

475 1593 641 1631 vinitatis
669 1593 709 1630 in
728 1595 879 1630 caelum
899 1593 1121 1638 ascenderit,
1143 1605 1224 1631 non
1252 1601 1383 1630 autem
1402 1605 1448 1630 ex
1467 1592 1542 1630 vir-

475 1654 554 1684 tute
573 1647 769 1684 humanae
789 1654 958 1692 naturae,
982 1646 1192 1684 dicendum
1218 1646 1287 1683 erit
1305 1646 1413 1695 quod
1434 1645 1542 1684 Chri-

476 1708 555 1737 stus
593 1699 762 1737 ascendit
798 1699 838 1736 in
866 1701 1037 1744 caelum,
1067 1711 1148 1736 non
1186 1700 1402 1736 secundum
1434 1699 1542 1748 quod

476 1754 616 1800 homo,
646 1753 714 1790 sed
742 1753 959 1790 secundum
988 1753 1096 1802 quod
1123 1753 1240 1790 Deus.
1271 1753 1382 1790 Unde
1410 1753 1542 1801 Augu-

235 1813 402 1864 essxffspssissf
405 1819 449 1860 Ἥ
477 1806 597 1843 stinus
625 1805 725 1853 dicit,
746 1806 786 1842 in
815 1807 1002 1843 Sermone
1027 1806 1073 1842 de
1090 1807 1316 1843 Ascensione
1333 1805 1368 1843 *ε
1398 1806 1457 1842 De
1476 1818 1541 1843 no-

237 1846 448 1893 Τενηρ.εἶ’κκνί,α··
475 1866 550 1896 stro
569 1860 647 1907 fuit
666 1859 765 1908 quod
781 1859 896 1895 Fi‘lms
915 1860 988 1895 Dei
1000 1859 1174 1908 pependit
1193 1861 1230 1895 in
1250 1871 1380 1896 cruce:
1407 1858 1453 1895 de
1474 1871 1542 1896 suo

235 1898 297 1914 llllll

477 1913 576 1962 quod
601 1912 774 1948 ascendit.

531 1967 587 2002 An
603 1977 736 2002 PRIMUM
757 1977 854 2002 ERGO
874 1976 1055 2002 memnon
1073 1964 1179 2013 quod
1199 1963 1439 2001 auctoritates
1458 1963 1542 2000 illae

477 2017 699 2067 prophetice
721 2017 900 2054 dicuntur
919 2017 967 2053 de
987 2017 1071 2054 Deo
1092 2017 1308 2054 secundum
1329 2017 1436 2066 quod
1463 2024 1543 2054 erat

336 2082 347 2098 ε
478 2071 737 2108 incarnandus
757 2076 780 2107 ε.

531 2125 659 2160 Potest
695 2131 824 2160 tamen
854 2122 927 2160 dici
965 2123 1072 2172 quod
1105 2122 1330 2170 ascendere,
1360 2122 1428 2159 etsi
1462 2135 1542 2159 non

532 2257 557 2291 β)
577 2257 720 2282 descendit.
739 2270 758 2274 —
777 2259 803 2281 et
822 2256 958 2281 descendit
977 2256 1004 2282 P.

530 2295 557 2327 γ)
576 2293 720 2318 secundum
739 2291 850 2324 quod.-
863 2292 936 2324 quod
948 2291 971 2319 b,
984 2291 1128 2316 secundum
1148 2291 1226 2320 PGH,
1240 2290 1383 2316 secundum
1404 2291 1458 2316 duo
1476 2291 1542 2322 (duo

473 2331 575 2362 potest)
594 2329 623 2354 F.
640 2343 660 2347 —
679 2328 729 2352 Pro
747 2331 850 2356 notares:
870 2328 1010 2352 nominare
1028 2327 1102 2352 GHb.

531 2365 555 2399 δ)
576 2365 666 2389 etiam.
683 2378 702 2382 -
721 2366 785 2388 tunc
803 2363 853 2396 pG,
873 2371 926 2388 om.
947 2369 1032 2389 cetera
1050 2362 1132 2388 tertia.

1602 429 1638 467 ei
1664 430 1926 479 metaphorice
1955 431 2182 469 convenire:
2218 439 2334 480 prout
2360 431 2507 470 scilicet
2526 433 2663 472 dicitur

1601 483 1640 520 in
1659 483 1772 520 corde
1790 482 1803 508 ζ
1829 485 1988 522 hominis
2005 485 2205 522 ascendere
2222 483 2254 530 ²⁶⁸,
2274 484 2433 534 quando
2451 497 2523 523 cor
2535 485 2662 523 homi-

1601 534 1660 572 nis
1687 547 1728 572 se
1757 534 1907 574 subiicit
1929 543 1967 573 et
1983 535 2159 575 humiliat
2177 537 2273 575 Deo.
2303 538 2352 575 Et
2378 537 2662 586 eodemmodo
2690 559 2703 573 v

1600 588 1862 638 metaphorice
1891 588 2027 626 dicitur
2045 589 2250 628 ascendere
2268 597 2443 639 respectu
2455 589 2662 629 cuiuslibet

1601 649 1807 687 creaturae,
1836 653 1883 678 ex
1911 653 1958 679 eo
1986 642 2094 691 quod
2122 654 2211 680 eam
2237 642 2387 680 subiicit
2413 642 2499 680 sihi.
2608 679 2610 681 ,

1653 694 1711 731 An
1729 705 1918 732 SECUNDUM
1938 706 2119 732 mcENmm
2146 695 2253 744 quod
2279 695 2362 744 ipse
2387 694 2493 733 idem
2512 703 2576 733 ¹est
2593 694 2661 745 qui

1600 746 1769 783 ascendit
1789 754 1824 783 et
1843 746 1910 796 qui
1930 747 2135 784 descendit.
2169 747 2270 786 Dicit
2288 748 2393 786 enim
2412 747 2661 796 Augustinus,

1599 798 1640 835 in
1667 798 1765 836 libro
1799 799 1845 836 de
1876 800 2054 848 Symbolo
2082 799 2123 837 *t
2161 802 2251 843 Quis
2278 807 2329 838 est
2359 801 2425 850 qui
2448 800 2662 839 descendit?

1599 853 1701 888 Deus
1736 853 1848 890 homo
1872 858 1891 879 η
1945 853 2035 895 Quis
2062 828 2118 890 est.
2139 855 2203 902 qui
2227 853 2418 892 ascendit?
2452 853 2559 891 Idem
2581 855 2663 904 ipse

1599 905 1701 942 Deus
1727 905 1850 942 homo.

1652 957 1869 1003 Descensus
1906 965 2037 995 tamen
2074 958 2216 1008 duplex
2250 957 2465 997 attribuitur
2496 928 2659 997 Chfistea

1599 1011 1709 1048 Unus
1737 1010 1909 1059 quidem,
1929 1022 2009 1060 quo
2038 1010 2175 1048 dicitur
2202 1010 2450 1048 descendisse
2470 1011 2518 1048 de
2541 1012 2661 1063 caelq

1600 1063 1679 1110 Qui
1707 1062 1867 1112 quidem
1901 1063 2117 1101 attribuitur
2150 1064 2235 1101 Deo
2263 1063 2413 1101 homini
2445 1052 2660 1103 seeundum

1599 1116 1707 1165 quod
1734 1116 1852 1154 Deus.
1882 1117 1975 1155 Non
2003 1116 2107 1155 enim
2135 1124 2191 1154 est
2217 1116 2287 1155 iste
2315 1116 2521 1154 descensus
2554 1116 2661 1166 imeh

1598 1169 1773 1217 ligendus
1801 1169 2018 1207 secundum
2045 1176 2198 1208 motum
2226 1170 2408 1207 localem.
2437 1169 2504 1207 sed
2526 1174 2661 1209 secun·
2711 1179 2721 1195 ³
2780 1176 2801 1223 j

1598 1221 1695 1259 dum
1714 1223 2017 1268 exinanitionem,
2037 1234 2126 1271 qua,
2147 1234 2233 1259 cum
2252 1224 2290 1260 in
2308 1222 2444 1270 forma
2461 1223 2538 1259 Dei
2556 1227 2661 1282 esset,

1597 1287 1694 1313 serve
1690 1275 1877 1323 formam
1894 1277 2094 1325 suscepit.
2063 1275 2083 1297 ’¹‘
2125 1275 2232 1312 Sicut
2254 1274 2359 1312 enim
2378 1274 2518 1312 dicitur
2533 1273 2662 1315 exi‘nn-
2688 1280 2699 1291 ‘

1598 1327 1710 1375 nitus,
1731 1340 1812 1366 non
1839 1339 1886 1365 ex
1905 1340 1952 1366 eo
1972 1328 2080 1378 quod
2107 1340 2219 1366 suam
2246 1327 2526 1377 plenitudinem
2552 1326 2662 1367 amit·

1597 1388 1691 1418 teret
1709 1378 1735 1428 ⁰,
1764 1381 1833 1418 sed
1859 1393 1907 1418 ex
1934 1392 1982 1418 eo
2009 1381 2117 1430 quod
2136 1388 2308 1418 nostram
2345 1379 2591 1429 parvitatem
2587 1390 2661 1419 su—

1598 1433 1734 1483 scepit;
1762 1434 1813 1471 ita
1841 1433 1978 1471 dicitur
1996 1433 2237 1471 descendisse
2266 1433 2314 1470 de
2333 1434 2451 1480 caelo,
2471 1431 2662 1482 nonquie

1597 1488 1748 1524 caelum
1781 1486 2007 1531 deseruerit,
2037 1487 2104 1524 sed
2133 1486 2223 1535 quia
2256 1493 2434 1524 naturam
2469 1492 2662 1525 terrexum

1598 1540 1805 1588 assumpsit
1831 1539 1871 1576 in
1899 1539 2085 1577 unitatem
2112 1551 2312 1588 personae.

1650 1591 1758 1630 Alius
1796 1600 1926 1630 autem
1962 1599 2017 1630 est
2052 1592 2261 1631 descensus
2292 1603 2373 1651 quo
2409 1560 2609 1633 descendit.
2616 1592 2661 1631 m

1597 1646 1793 1694 inferiores
1827 1651 1955 1695 partes
1989 1651 2131 1691 terrae,
2159 1653 2203 1683 ut
2239 1644 2376 1682 dicitur
2405 1645 2540 1694 Ephes.
2567 1655 2611 1683 m
2628 1643 2661 1682 Q

1598 1698 1678 1745 Qui
1715 1698 1874 1748 quidem
1909 1706 1965 1736 est
1995 1698 2203 1736 descensus
2236 1697 2376 1736 localis.
2415 1697 2528 1736 Unde
2556 1707 2661 1738 oom-

1597 1751 1690 1801 petit
1725 1751 1876 1789 Christo
1914 1751 2131 1789 secundum
2167 1750 2430 1789 conditionem
2466 1751 2662 1792 humanae

1597 1812 1768 1842 naturae

1650 1859 1708 1895 An
1731 1869 1891 1895 TERTIUM
1917 1869 2100 1894 nicer-mum
2128 1857 2236 1906 quod
2256 1844 2430 1894 Christus
2449 1827 2595 1898 dicimis
2603 1833 2662 1897 {gd

1597 1911 1751 1947 Patrem
1779 1910 2006 1956 ascendere,
2035 1909 2268 1958 inquantum
2294 1908 2465 1947 ascendit
2491 1908 2554 1946 ad
2556 1918 2660 1949 con-

1598 1975 1746 2000 sessum
1768 1970 1949 2012 paternae
1974 1963 2162 2000 dexterae.
2193 1962 2312 2009 Quod
2331 1961 2492 2011 quidem
2518 1968 2660 2003 09an

1597 2015 1652 2053 nit
1681 2016 1832 2053 Christo
1861 2014 2072 2064 aliqualiter
2102 2015 2319 2052 secundum
2350 2013 2523 2052 divinam
2550 2021 2660 2052 natu-

1598 2081 1694 2114 ram,
1723 2068 1934 2117 aliqualiter
1960 2076 2091 2105 autem
2119 2068 2336 2105 secundum
2362 2067 2661 2115 humanam‚,ut

1597 2121 1694 2159 infra
1711 2121 1732 2143 ’¹‘
1759 2121 1917 2158 dicetur.

1648 2254 1672 2288 ε)
1692 2254 1883 2280 incarnandus.
1899 2269 1920 2274 —
1937 2255 1974 2280 :D
1994 2260 2020 2280 et
2037 2254 2126 2286 tei-tin
2145 2254 2312 2280 incarnatus.
2505 2276 2509 2277 a
2547 2275 2549 2277 .
2563 2273 2566 2279 .
2579 2274 2588 2289 3
2635 2276 2637 2278 ,

1648 2289 1674 2324 ζ)
1692 2290 1782 2316 corde.
1799 2304 1819 2309 -
1836 2297 1884 2315 cor
1902 2291 1930 2316 P.
2588 2306 2603 2326 ἡ
2623 2303 2640 2320 ¹„-

1649 2325 1676 2359 η)
1695 2326 1782 2351 homo.
1800 2340 1820 2345 -
1838 2326 1859 2350 E
1879 2331 1905 2351 et
1923 2326 2010 2356 tertia;
2028 2333 2082 2351 om.
2614 2324 2616 2326 ’

1649 2359 1674 2396 θ)
1693 2361 1837 2387 amitteret.
1855 2375 1875 2380 -
1891 2361 2059 2388 amiur-ire.

1152 2433 1485 2465 Commentariis·
1508 2431 1761 2465 cardinalis
1783 2431 1984 2464 Caietam

539 2534 645 2554 nunus
668 2529 704 2554 ut
727 2529 818 2553 sonat
853 2521 1026 2553 sumendus
1055 2527 1112 2553 est.
1132 2539 1152 2544 -
1182 2521 1218 2552 In
1246 2530 1382 2561 corpore
1410 2521 1542 2561 ponitur

481 2537 603 2599 Tuna
625 2568 784 2599 distinctio
806 2567 999 2602 bimembris,
1018 2576 1093 2597 cum
1114 2567 1178 2596 suis
1194 2565 1466 2596 conclusionibus.
1486 2565 1542 2595 Di-

479 2614 606 2644 stinctio
631 2618 677 2643 est
701 2613 782 2643 circa
797 2612 830 2652 ly
845 2611 1019 2642 secundum
1042 2610 1143 2652 quod:
1170 2616 1201 2640 et
1221 2610 1446 2640 conclusiones
1469 2615 1543 2640 sunt

480 2658 598 2733 clarggi
620 2707 697 2732 nota
720 2701 753 2731 in
776 2701 836 2731 hac
858 2700 989 2731 materia
1013 2698 1111 2740 quod,
1133 2699 1214 2729 sicut
1237 2699 1442 2739 suppositum
1465 2697 1543 2728 divi-

1596 2529 1676 2551 num
1699 2529 1828 2560 passum
1852 2525 1899 2550 est
1921 2519 2100 2551 secundum
2128 2525 2274 2551 naturam
2301 2521 2479 2552 humanam
2497 2525 2535 2553 ut
2554 2508 2660 2563 11⁵3-

1597 2563 1737 2595 cundum
1760 2564 1836 2595 dicit
1859 2563 2078 2595 conditionem
2101 2565 2267 2604 patientis;
2291 2565 2334 2595 ita
2357 2574 2494 2606 persona
2508 2564 2582 2596 Fuit
2594 2560 2660 2597 mi

1597 2614 1644 2640 est
1666 2608 1719 2639 ille
1743 2610 1799 2649 qui
1815 2608 1956 2639 ascendit
1977 2609 2010 2639 in
2034 2609 2159 2639 caelum
2182 2608 2360 2640 secundum
2379 2614 2526 2646 naturam
2546 2609 2660 2641 huma-

1596 2663 1672 2684 nam
1695 2658 1732 2684 ut
1753 2658 1899 2684 naturam
1922 2652 2164 2689 ascendentem,
2191 2659 2222 2684 et
2244 2653 2422 2685 secundum
2444 2659 2591 2685 naturam
2612 2652 2660 2685 di-

1597 2698 1704 2729 vinam
1726 2702 1763 2728 ut
1786 2706 1914 2728 causam
1937 2697 2141 2728 ascensionis.

1279 2869 1492 2912 ARTICU
1502 2869 1599 2912 LUS
1627 2869 1858 2911 TERTIUS

1010 2964 1168 2996 UTRUM
1192 2962 1406 2995 CHRISTUS
1428 2962 1703 2994 ASCENDERIT
1726 2961 1911 2994 PROPRIA
1934 2961 2128 2993 V1RTUTE

1357 3041 1500 3074 Compend.
1518 3040 1615 3070 Theoi,
1634 3047 1690 3074 cap.
1710 3047 1783 3066 ccxl..

632 3142 671 3187 Χ

622 3176 687 3240 ”’4’
695 3176 868 3214 Christus
888 3188 968 3213 non
987 3175 1199 3213 ascenderit
1218 3175 1375 3250 pgopria
1392 3174 1542 3212 virtute.

509 3187 516 3202 „
520 3139 654 3230 ἴδε

270 3233 336 3255 Vm·
365 3239 378 3260 ⁰
521 3236 622 3281 (¹⁷3
633 3210 665 3267 ἴ
674 3219 842 3267 3Πίεἰῐιιι·
868 3228 973 3266 enim
1000 3228 1122 3266 Marci
1150 3228 1255 3266 ult.*
1283 3227 1390 3277 quod
1418 3228 1543 3265 Domi-

486 3293 504 3321 ε’
541 3247 663 3311 (⁶⁸⁴5
655 3271 685 3314 Χ
696 3295 763 3319 nus
777 3284 891 3328 Iesus,
901 3287 1098 3331 postquam
1117 3282 1257 3319 locutus
1280 3287 1330 3318 est
1348 3281 1542 3330 discipulis,

248 3341 258 3351 ⁸
273 3339 318 3361 Vc*
353 3345 366 3367 ⁹
484 3341 687 3384 assumptus
707 3341 757 3372 est
775 3337 812 3372 in
833 3335 988 3372 caelum.
1017 3335 1066 3371 Et
1092 3335 1173 3372 Act.
1194 3346 1204 3371 1
1222 3333 1242 3356 *
1269 3333 1406 3371 dicitur
1425 3332 1543 3383 quod,

484 3387 684 3425 videntibus
711 3388 791 3433 illis,
812 3387 970 3424 elevatus
998 3392 1059 3433 est,
1080 3393 1113 3423 et
1141 3389 1254 3424 nubes
1279 3387 1433 3436 suscepit
1460 3398 1544 3423 eum

485 3442 532 3477 ab
560 3440 673 3476 oculis
710 3452 850 3478 eorum.
890 3439 967 3477 Sed
995 3439 1087 3476 iuud
1124 3439 1231 3488 quod
1269 3438 1476 3476 assumitur
1509 3446 1545 3476 et

486 3494 666 3536 elevatur,
696 3493 744 3529 ab
772 3492 846 3529 alio
875 3491 1026 3528 videtur
1052 3492 1213 3529 moveri.
1243 3492 1346 3540 Ergo
1373 3491 1545 3528 Christus

486 3557 565 3582 non
607 3544 761 3594 propria
797 3543 957 3589 virtute,
997 3543 1062 3580 sed
1100 3543 1243 3589 aliena,
1280 3543 1470 3581 ferebatur
1506 3543 1544 3580 in

486 3598 645 3635 caelum.

692 3136 714 3161 ι)
733 3135 892 3160 Teanum
912 3135 964 3160 sm
988 3134 1224 3160 PROCEDITUR.
1250 3121 1411 3159 Videtur
1436 3121 1542 3170 quod
1567 3127 1572 3168 Ι

1651 3132 1686 3158 2.
1715 3121 1954 3166 PRAETEREA,
1983 3131 2125 3170 corpus
2162 3119 2302 3157 Christi
2337 3118 2407 3157 fuit
2439 3116 2657 3159 terrenum:

1597 3172 1694 3211 sicut
1720 3181 1758 3210 et
1784 3185 1947 3222 corpora
1973 3180 2115 3211 nostra.
2155 3171 2319 3222 Corpori
2346 3179 2476 3210 autem
2506 3179 2658 3211 terreno

1597 3234 1730 3265 contra
1757 3234 1933 3264 naturam
1963 3234 2020 3263 est
2044 3225 2132 3263 ferri
2159 3237 2326 3264 sursum.
2360 3225 2500 3263 Nullus
2525 3233 2658 3264 autem

1597 3286 1727 3318 motus
1755 3287 1811 3316 est
1836 3278 1992 3329 propria
2019 3278 2156 3317 virtute
2184 3278 2266 3316 eius
2293 3278 2400 3329 quod
2428 3285 2560 3317 contra
2579 3287 2657 3317 ..nno-

1598 3340 1725 3370 turam
1751 3340 1944 3370 movetur.
1982 3333 2084 3381 Ergo
2113 3331 2288 3370 Christus
2315 3343 2396 3369 non
2422 3329 2591 3369 ascendit
2616 3329 2656 3368 in

1598 3386 1749 3424 eaelum
1776 3384 1932 3435 propria
1958 3384 2108 3422 virtute.

1654 3437 1688 3476 3.
1725 3439 1957 3485 PRAETEREA,
1977 3436 2132 3487 propria
2150 3436 2269 3474 virtus
2297 3435 2436 3474 Christi
2463 3442 2518 3472 est
2536 3434 2656 3473 virtus

1598 3490 1740 3528 divina.
1771 3490 1848 3528 Sed
1866 3498 1996 3529 motus
2024 3489 2083 3528 ille
2102 3501 2184 3527 non
2201 3489 2354 3527 videtur
2378 3488 2492 3526 fuisse
2515 3499 2562 3525 ex
2581 3488 2655 3526 vir·

1598 3550 1676 3580 tute
1705 3542 1854 3580 divina:
1883 3541 1986 3592 quia,
2006 3554 2098 3580 cum
2124 3541 2243 3579 virtus
2270 3540 2400 3579 divina
2427 3541 2473 3578 sit
2494 3540 2654 3590 infinita,

1600 3603 1728 3633 motus
1756 3594 1816 3632 ille
1843 3594 1972 3632 fuisset
1998 3593 2038 3632 in
2066 3594 2302 3641 instanti;.et
2330 3593 2382 3631 sie
2410 3606 2489 3631 non
2510 3593 2654 3644 potuis—

2691 1647 2700 1657 ·
2713 1638 2810 1670 Vens*
2863 1636 2866 1689 J

2688 2121 2753 2150 -qu-
2783 2118 2802 2168 g·
2859 2160 2862 2170 ‚
