2872 3970
904 289 1167 336 QUAESTIO
1196 291 1336 338 xxm,
1369 291 1657 330 ARTICULUS
1686 293 1700 329 1

270 368 327 406 Ex
363 375 469 417 parte
506 368 621 405 etiam
657 375 785 404 nostra
813 367 888 404 hoc
923 367 992 404 fuit
1027 367 1271 404 conveniens.

218 419 346 458 Primo
375 420 544 470 quidem,
565 420 655 470 quia
682 419 900 457 testimonio
928 421 1066 469 Ioseph
1095 432 1272 470 compro-

66 458 67 462 *
181 509 187 514 ,
217 471 348 512 batum
385 480 440 509 est
477 473 673 510 Christum
710 485 756 510 ex
791 471 936 520 virgine
973 481 1118 510 natum.
1160 474 1271 510 Unde

216 520 442 566 Ambrosius
477 524 584 572 dicit,
618 538 730 575 super
761 526 850 562 Luc.
880 525 917 562 *ε
956 526 1191 575 Locupletior
1224 535 1270 562 te-

214 579 276 615 dis
293 578 450 628 pudoris
483 579 638 615 maritus
664 578 874 624 adhibetur,
903 580 967 627 qui
992 587 1115 628 posset
1149 585 1182 615 et
1209 579 1270 616 do-

214 631 325 668 lere*
349 631 524 667 iniuriam
559 636 593 667 et
619 631 808 668 vindicare
844 632 1106 679 opprobrium,
1135 633 1169 667 si
1194 644 1268 668 non

213 684 430 742 agnosceret
462 688 746 720 sacramentum.
781 705 805 709 -
835 683 1030 730 Secundo,
1060 683 1151 732 quia
1187 683 1268 732 ipsa

212 734 330 773 verba
346 733 542 783 Virginis>
561 735 680 795 magis
699 735 891 772 credibilia
914 736 1136 782 redduntur,
1157 749 1266 773 suam

211 786 462 836 virginitatem
499 787 709 825 asserentis.
751 788 863 825 Unde
897 788 1125 826 Ambrosius
1163 789 1267 836 dicit,

163 869 167 881 ,ξ
210 851 320 890 super
346 841 435 877 Luc.
455 840 490 877 *ε
519 841 628 878 Fides
654 842 809 878 Mariae
834 842 954 879 verbis
981 843 1104 891 magis
1139 843 1267 879 asseri-

209 898 270 930 tur
287 898 316 939 “.-
335 898 370 930 et
395 893 581 930 mendacii
596 905 709 930 causa
733 899 953 931 removetur.
996 895 1144 931 Videtur
1169 896 1266 931 enim

209 944 355 996 culpam
370 946 595 983 obumbrare
607 946 763 984 voluisse
779 947 972 983 mendacio
992 948 1145 996 innupta
1154 959 1265 996 prae-

207 1009 352 1051 gnans:
387 1010 538 1036 causam
566 1005 688 1036 autem
716 999 916 1036 mentiendi
940 999 1158 1049 desponsata
1190 1013 1265 1036 non

208 1050 343 1097 habuit,
371 1063 456 1088 cum
483 1053 651 1101 coniugii
669 1054 884 1101 praemium
911 1057 945 1088 et
971 1053 1096 1101 gratia
1123 1054 1265 1102 nuptia-

209 1114 294 1141 rum
323 1109 456 1154 partus
490 1105 534 1140 sit
559 1105 808 1152 feminarum.
847 1104 958 1151 Quae
990 1104 1147 1153 quidem
1184 1105 1264 1141 duo

186 1156 394 1207 ,pertinent
421 1156 470 1193 ad
497 1156 716 1193 firmitatem
735 1156 834 1194 fidei
870 1164 1032 1194 nostrae.
1062 1179 1087 1184 —
1115 1157 1263 1204 Tertio,

114 1211 154 1261 33⁸
207 1215 251 1248 ut
274 1210 467 1246 tolleretur
498 1209 690 1246 excusatio
726 1209 936 1258 virginibus
965 1221 1079 1259 quae,
1109 1218 1265 1260 propter

207 1261 433 1305 incautelam
470 1273 599 1308 suam,
634 1274 716 1300 non
751 1261 870 1299 vitant
906 1262 1113 1300 infamiam.
1152 1263 1263 1300 Unde

206 1308 431 1362 Ambrosius
459 1314 547 1352 dicit
565 1314 603 1351 ¹²:
632 1315 722 1352 Non
743 1315 861 1361 decuit
884 1317 1090 1365 vzrginibus
1116 1317 1263 1353 sinistra

163 1387 166 1388 ⁷
205 1369 378 1418 opinione
403 1369 604 1406 viventibus
626 1368 792 1406 velamen
821 1369 1068 1405 excusationis
1093 1369 1261 1418 relinqui,

117 1419 128 1437 ²³
146 1449 148 1452 >
205 1420 304 1471 quod
327 1421 484 1469 infamia
510 1422 639 1458 Mater
661 1433 804 1470 quoque
821 1422 978 1458 Domini
997 1427 1167 1458 ureretur
1185 1428 1207 1458 ⁹.
1237 1443 1262 1448 —

171 1474 182 1482 “
206 1473 374 1521 Quarto,
403 1472 493 1523 quia
520 1485 591 1522 per
617 1474 693 1510 hoc
721 1472 952 1525 significatur
977 1473 1157 1511 universa
1191 1475 1262 1511 Ec-

205 1525 326 1576 clesia,
341 1537 466 1577 quae,
495 1538 580 1563 cum
608 1527 717 1576 virgo
744 1528 800 1573 sit,
819 1527 1038 1576 desponsata
1061 1533 1183 1564 tamen
1212 1533 1263 1564 est

111 1583 146 1616 .ῑῖ
205 1578 272 1624 uni
294 1579 376 1617 viro
408 1579 573 1616 Christo:
599 1586 642 1616 ut
659 1578 896 1627 Augustinus
924 1578 1022 1626 dicit,
1043 1579 1083 1616 in
1102 1579 1198 1616 libro
1218 1581 1263 1617 de

51 1632 55 1641 '
117 1627 162 1679 3'
204 1633 339 1669 Sancta
366 1633 582 1681 Virginitate

51 1721 54 1729 ἱ
205 1695 285 1721 esse
313 1683 419 1733 quia,
450 1684 557 1733 quod
583 1685 708 1721 Mater
735 1684 894 1721 Domini
927 1684 996 1722 fuit
1032 1685 1261 1734 desponsata

51 1751 56 1759 2
203 1743 240 1774 et
265 1735 383 1785 virgo,
410 1737 450 1774 in
477 1736 672 1786 personaE
700 1737 818 1786 ipsius
846 1745 882 1774 et
908 1737 1100 1786 virginitas
1126 1746 1162 1774 et
1179 1751 1260 1776 ma-

126 1789 153 1839 '3
202 1789 427 1827 trimonium
467 1791 698 1827 honoratur:
737 1798 869 1827 contra
905 1790 1114 1828 haereticos
1156 1792 1260 1828 alteri

599 1631 630 1668 *.
659 1654 684 1658 -
713 1633 841 1668 Potest
868 1631 982 1669 etiam
1006 1632 1138 1681 quinta
1166 1633 1260 1670 ratio

202 1843 344 1881 horum
371 1843 611 1880 detrahentes
629 1842 659 1879 ³¹².

255 1896 313 1932 AD
341 1907 475 1933 PmMUM
508 1907 606 1932 ERGO
641 1907 822 1933 DICENDUM
857 1896 965 1945 quod
999 1897 1115 1933 Beata
1143 1896 1259 1944 Virgo

201 1947 324 1987 Mater
350 1947 422 1985 Dei
450 1960 496 1985 ex
523 1947 696 1985 familiari
731 1947 908 1985 instinctu
942 1948 1102 1998 Spiritus
1132 1949 1259 1986 Sancti

201 2001 391 2047 credenda
425 2008 480 2038 est
507 2000 732 2050 desponsari
759 2001 926 2039 voluisse
940 2031 948 2047 ,
982 2001 1182 2039 confidens
1210 2003 1259 2039 de

131 2057 139 2101 ’,Δ
163 2052 332 2100 &divino
359 2053 501 2091 auxilio
529 2055 636 2103 quod
663 2066 865 2102 nunquam
896 2055 944 2091 ad
975 2056 1164 2092 carnalem
1195 2068 1259 2092 co-

119 2117 152 2154 ῖς,
200 2107 332 2156 palam
365 2106 597 2156 perveniret:
634 2108 711 2144 hoc
736 2115 866 2144 tamen
901 2106 1032 2144 divino
1068 2107 1259 2151 commisit

128 2156 163 2206 ᾗ
201 2158 364 2206 arbitrio.
394 2159 505 2197 Unde
525 2160 676 2197 nullum
695 2165 709 2182 ⁰
736 2171 848 2209 passa
874 2167 929 2197 est
953 2159 1175 2208 virginitatis
1193 2161 1257 2197 de-

199 2210 432 2257 trimentum.

251 2265 309 2302 An
336 2277 525 2303 SECUNDUM
552 2277 733 2303 mcizNDUM
761 2266 879 2314 quod,
908 2265 1003 2302 sicut
1030 2265 1258 2303 Ambrosius

140 2350 142 2352 ,
158 2346 163 2349 .
199 2315 297 2364 dicit,
315 2330 428 2368 super
445 2320 535 2356 Luc.
555 2317 585 2364 ³¹⁸,
615 2318 744 2355 maluit
762 2320 945 2356 Dominus
964 2319 1106 2367 aliquos
1129 2319 1174 2356 de
1190 2331 1256 2356 suo

126 2387 151 2408 ᾳ·
166 2370 167 2373 ’
200 2375 281 2414 ortu
295 2382 406 2420 quam
426 2371 472 2408 de
489 2373 618 2409 matris
630 2371 778 2420 pudore
796 2371 973 2408 dubitare.
997 2372 1140 2408 Sciebat
1157 2373 1256 2409 enim

124 2418 163 2460 {7
198 2427 362 2466 teneram
381 2436 457 2461 esse
473 2426 631 2474 virginis
648 2424 923 2470 verecundiam,
944 2430 977 2461 et
999 2425 1180 2461 lubricam
1189 2426 1256 2473 sa-

199 2487 315 2516 mam-
319 2477 496 2538 pudoris:
524 2489 591 2514 nec
612 2478 756 2527 putavit
783 2483 884 2515 ortus
909 2479 968 2513 sui
982 2477 1104 2548 fidem
1127 2479 1256 2515 matris

200 2530 341 2570 iniuriis
367 2529 640 2567 adstruendam.

126 2590 156 2625 ,ἑ
242 2581 462 2620 Sciendum
480 2590 611 2620 tamen
630 2583 737 2632 quod
756 2582 1032 2620 miraculorum
1051 2582 1123 2620 Dei
1142 2595 1255 2632 quae-

136 2632 141 2634 *
199 2625 290 2672 dam
316 2642 405 2672 sunt
431 2635 479 2672 de
507 2635 648 2685 quibus
676 2643 732 2672 est
757 2635 873 2673 fides:
903 2635 999 2672 sicut
1025 2635 1255 2673 miraculum

198 2686 355 2736 virginei
373 2695 514 2737 partus,
535 2696 572 2725 et
590 2688 874 2726 resurrectionis
893 2688 1063 2735 Domini,
1085 2697 1120 2725 et
1142 2689 1255 2726 etiam

201 2739 434 2779 sacramenti
459 2740 607 2779 Altaris.
636 2742 684 2778 Et
711 2741 798 2778 ideo
822 2741 1015 2779 Dominus
1041 2741 1160 2779 voluit
1187 2742 1256 2779 ista

117 2795 127 2804 ²
145 2814 158 2842 χ
199 2791 404 2834 occultiora
431 2806 525 2840 esse,
554 2802 596 2831 ut
621 2793 718 2831 fides
747 2806 884 2831 eorum
911 2794 1031 2843 magis
1062 2795 1256 2832 meritoria

250 2923 276 2960 x.)
295 2925 391 2952 dolere.
408 2940 428 2945 —-
445 2926 483 2957 G;
501 2926 594 2952 dolore
611 2927 652 2957 El,
670 2927 758 2952 delere
776 2927 861 2952 ceteri.

249 2960 278 2994 λ)
300 2961 425 2994 Virginis.
442 2975 463 2981 ·-
480 2961 575 2987 matris
593 2962 662 2987 addit
679 2962 762 2987 tertia.

250 2996 280 3035 μ)
298 2997 435 3024 asseritur.
452 3012 472 3016 —
489 2996 603 3030 affertur
621 2997 710 3025 GHbc,
727 2997 868 3022 assiscitur
887 2997 916 3023 P.

235 3031 278 3068 ν’)
291 3032 431 3066 bisantia...
449 3035 613 3058 ureretur.-
630 3033 769 3065 infamia...
788 3035 908 3057 uteretur
925 3031 1011 3073 B(pEZ
1006 3031 1041 3066 )

198 3067 308 3097 dentur
323 3067 374 3102 (pE
382 3067 454 3102 ope.
473 3068 633 3101 infamata...
651 3068 789 3093 videretur
806 3073 891 3092 cetera
907 3068 982 3092 tertia
1000 3073 1026 3092 et
1042 3074 1068 3093 a.

1061 3032 1199 3065 infamia..
1218 3033 1256 3058 vi-

241 3100 276 3145 ξ)
266 3103 364 3138 )qu1'a,
378 3104 449 3137 quod
463 3106 574 3128 mater...
588 3102 615 3128 in
629 3110 788 3134 personna—
800 3103 872 3135 quod
889 3103 952 3135 quia
971 3105 1084 3128 mater...
1097 3102 1123 3127 1'n
1138 3109 1256 3134 persona

200 3134 246 3170 Β,
246 3138 318 3172 quod
334 3142 448 3165 mater...
467 3139 530 3171 quia
549 3139 574 3163 in
589 3145 707 3170 persona
726 3138 754 3164 Ρ.

229 3173 279 3208 to)
299 3174 375 3200 Unde
391 3175 532 3200 nullumoe-
543 3174 579 3205 E;
599 3177 629 3198 ut
646 3174 680 3199 de
698 3174 771 3198 nulla
783 3173 858 3204 ABG,
872 3176 902 3198 ut
914 3173 1015 3198 nullum
1034 3173 1075 3198 ed.
1094 3179 1120 3202 a,
1137 3173 1211 3198 Unde
1230 3172 1256 3197 in
1281 3165 1284 3205 Ι

2314 292 2382 328 311

1329 377 1436 406 esset.
1466 392 1491 396 -
1520 370 1723 416 Quaedam
1751 382 1843 406 vero
1882 370 2063 407 miracula
2101 379 2188 408 sunt
2220 372 2268 408 ad
2296 369 2387 408 fidei

1328 422 1698 471 comprobationem.
1736 423 1783 459 Et
1811 422 1879 459 ista
1907 423 2047 460 debent
2071 436 2152 460 esse
2177 423 2383 460 manifesta.

1380 476 1437 511 An
1464 482 1622 512 TERTmM
1656 487 1837 512 DICENDUM
1871 476 1997 523 quod,
2027 476 2122 512 sicut
2149 476 2384 523 Augustinus

1327 526 1426 573 dicit,
1447 526 1486 563 in
1505 529 1551 564 III
1570 528 1615 564 de
1637 530 1672 564 T
1670 529 1740 564 rin.
1760 527 1791 572 ³¹²,
1822 527 1996 564 diabolus
2016 530 2135 565 multa
2163 536 2286 577 potest
2310 528 2383 565 vir-

1325 586 1403 616 tute
1439 592 1530 616 suae
1559 588 1736 624 naturae,
1766 592 1789 616 a
1817 580 1957 628 quibus
1993 588 2122 617 tamen
2159 580 2384 629 prohibetur

1325 631 1462 669 virtute
1483 632 1612 669 divina
1634 632 1664 669 ²¹².
1702 633 1749 669 Et
1777 633 1851 668 hoc
1878 633 1998 669 modo
2026 640 2150 681 potest
2178 633 2250 669 dici
2276 633 2382 682 quod
2410 640 2421 651 ·
2455 655 2462 662 ·

1324 684 1461 721 virtute
1498 697 1589 722 suae
1623 692 1779 722 naturae
1808 685 1983 722 diabolus
2018 697 2247 733 cognoscere
2276 693 2382 734 pote-

1324 745 1380 774 rat
1406 738 1570 774 Matrem
1599 737 1671 774 Dei
1699 749 1779 774 non
1807 737 1921 774 fuisse
1949 746 2185 787 corruptam,
2213 738 2280 774 sed
2308 737 2381 774 vir-

1322 789 1469 837 ginem:
1505 789 1782 839 prohibebatur
1817 798 1946 827 tamen
1978 804 2000 827 a
2032 791 2116 827 Deo
2151 803 2381 838 cognoscere

1323 843 1488 879 modum
1515 850 1645 891 partus
1673 842 1803 879 divini.

1376 895 1495 941 Quod
1523 903 1652 932 autem
1680 896 1932 944 postmodum
1961 908 2052 932 eum
2080 896 2290 944 aliqualiter
2317 908 2380 932 co-

1320 947 1452 1006 gnovit
1472 947 1646 997 diabolus
1665 960 1746 984 esse
1767 947 1907 985 Filium
1926 948 2008 995 Dei,
2029 961 2109 985 non
2129 949 2267 985 obstat:
2289 948 2380 997 quia

1321 999 1398 1036 iam
1426 1001 1579 1049 tempu‘s
1599 1008 1678 1037 erat
1697 1009 1738 1037 ut
1759 1001 1930 1039 Christus
1952 1014 2063 1038 suam
2082 1001 2261 1038 virtutem
2289 1013 2380 1038 con-

1320 1060 1376 1089 tra
1403 1052 1604 1089 diabolum
1632 1054 1858 1100 ostenderet,
1880 1061 1915 1090 et
1933 1054 2239 1102 persecutionem
2263 1054 2311 1090 ab
2332 1066 2378 1091 eo

1320 1104 1547 1142 concitatam
1574 1113 1776 1153 pateretur.
1817 1106 1893 1143 Sed
1921 1105 1960 1142 in
1988 1106 2143 1143 infantia
2181 1107 2380 1155 oportebat

1319 1157 1497 1207 impediri
1525 1157 1707 1194 malitiam
1736 1158 1887 1204 diaboli,
1908 1171 1956 1194 ne
1985 1171 2076 1195 eum
2104 1159 2227 1195 acrius
2252 1171 2379 1208 perse-

1319 1218 1520 1259 queretur:
1551 1209 1708 1259 quando
1738 1210 1910 1247 Christus
1929 1223 2000 1247 nec
2027 1211 2105 1260 pati
2126 1211 2377 1260 disposuerat,

1318 1275 1390 1300 nec
1417 1263 1596 1299 virtutem
1635 1275 1745 1300 suam
1783 1264 2000 1310 ostendere,
2031 1264 2098 1300 sed
2125 1263 2164 1300 in
2197 1264 2378 1301 omnibus

1318 1315 1398 1352 aliis
1426 1315 1631 1352 infantibus
1660 1328 1699 1352 se
1727 1316 1887 1352 similem
1918 1316 2131 1353 exhibebat.
2161 1317 2271 1354 Unde
2295 1318 2377 1354 Leo

1318 1369 1443 1417 Papa,
1473 1368 1512 1404 in
1546 1369 1733 1405 Sermone
1768 1369 1813 1405 de
1846 1370 2057 1419 Epiphania
2075 1369 2114 1415 ³¹⁵,
2149 1369 2237 1406 dicit
2271 1370 2377 1418 quod

1315 1422 1432 1471 Magi
1449 1423 1666 1459 invenerunt
1674 1433 1835 1470 puerum
1854 1423 1978 1458 Iesum
1994 1423 2191 1471 quantitate
2198 1435 2375 1471 parvum,

1316 1474 1460 1511 alienae
1487 1477 1567 1523 opis
1594 1474 1838 1524 indigentem,
1852 1475 1970 1522 fandi
1995 1477 2247 1524 impotentem,
2277 1481 2310 1511 et
2338 1477 2375 1512 in

1317 1527 1417 1564 nullo
1437 1528 1484 1564 ab
1502 1529 1690 1564 humanae
1707 1528 1887 1575 infantiae
1904 1528 2145 1577 generalitate
2168 1527 2373 1565 discretum.

1368 1579 1596 1616 Ambrosius
1615 1587 1755 1627 tamen,
1769 1592 1881 1629 super
1895 1582 1985 1617 Luc.
2002 1580 2031 1626 ²¹⁴,
2052 1580 2204 1617 videtur
2222 1580 2342 1628 magis
2356 1586 2375 1602 π

1315 1633 1452 1669 referre
1472 1632 1519 1669 ad
1547 1633 1724 1669 membra
1751 1632 1903 1669 diaboli.
1933 1632 2147 1669 Praemissa
2175 1633 2278 1669 enim
2302 1634 2375 1670 hac

1315 1685 1470 1731 ratione,
1487 1684 1624 1722 scilicet
1643 1685 1690 1722 de
1709 1685 1872 1722 fallendo
1891 1685 2104 1734 principem
2123 1685 2271 1733 mundi,
2288 1686 2374 1722 sub-

1314 1738 1384 1775 dit:
1422 1738 1495 1775 Sed
1519 1744 1641 1774 tamen
1671 1740 1793 1787 magis
1810 1739 1947 1786 fefellit
1966 1744 1978 1767 Ρ
2002 1740 2191 1787 principes
2224 1739 2371 1775 saeculi.

1312 1793 1550 1828 Daemonum
1579 1792 1677 1826 enim
1706 1791 1846 1827 malitia
1864 1792 1984 1838 facile
2011 1793 2120 1827 etiam
2145 1792 2287 1828 occulta
2315 1792 2372 1827 de-

1307 1843 1520 1893 prehendit:
1547 1849 1584 1880 at
1610 1855 1699 1880 vero
1719 1845 1782 1892 qui
1806 1844 2056 1880 saecularibus
2076 1845 2294 1881 vanitatibus
2313 1857 2373 1881 oc-

1313 1902 1507 1946 cupantur,
1536 1897 1631 1932 scire
1658 1896 1784 1933 divina
1813 1908 1886 1932 non
1909 1902 2074 1945 possunt.

1365 1950 1422 1985 AD
1456 1961 1628 1991 QUARTUM
1655 1961 1836 1986 DICENDUM
1867 1950 1974 1998 quod
2009 1948 2149 1986 iudicio
2183 1950 2372 1986 adultero-

1312 2014 1401 2039 rum
1420 2008 1436 2023 ⁶
1463 2001 1703 2050 lapidabatur
1730 2002 1946 2039 secundum
1982 2003 2106 2050 legem
2133 2014 2213 2039 non
2245 2004 2373 2040 solum

1312 2055 1374 2092 illa
1391 2066 1492 2103 quae
1512 2054 1590 2090 iam
1605 2062 1684 2091 erat
1702 2055 1932 2103 desponsata
1946 2056 2008 2091 vel
2026 2062 2157 2103 nupta,
2175 2054 2241 2092 sed
2256 2054 2371 2092 etiam

1311 2108 1372 2144 illa
1400 2119 1500 2156 quae
1528 2106 1567 2143 in
1595 2107 1715 2144 domo
1743 2107 1859 2156 patris
1887 2107 2171 2144 custodiebatur
2197 2116 2240 2144 ut
2264 2107 2371 2156 virgo

1312 2160 1548 2209 quandoque
1567 2167 1745 2208 nuptura.
1766 2161 1878 2197 Unde
1901 2159 2039 2197 dicitur
2056 2161 2164 2197 Deut.
2183 2173 2254 2197 xxn
2272 2160 2302 2198 *ε
2333 2163 2375 2198 Si

1311 2226 1386 2251 non
1415 2219 1465 2250 est
1493 2214 1529 2249 in
1553 2213 1680 2261 puella
1708 2214 1855 2250 inventa
1882 2214 2088 2262 virginitas,
2105 2213 2289 2262 ‘lapidibus
2308 2216 2371 2251 ob-

1311 2272 1418 2303 ruent
1432 2278 1515 2302 eam
1538 2267 1611 2303 viri
1627 2267 1778 2303 civitatis
1797 2266 1902 2311 illius,
1918 2272 1952 2302 et
1970 2267 2164 2302 morietur:
2183 2268 2268 2315 quia
2276 2267 2372 2314 fecit

1311 2320 1417 2367 nefas
1444 2320 1481 2355 in
1502 2318 1633 2364 Israel,
1650 2324 1687 2354 ut
1701 2319 1963 2366 fornicaretur
1981 2320 2019 2355 in
2039 2318 2149 2355 domo
2162 2321 2283 2367 patris
2300 2322 2367 2356 sui.

1363 2372 1434 2409 Vel
1460 2378 1585 2420 potest
1612 2370 1702 2416 dici,
1733 2371 1949 2407 secundum
1977 2371 2169 2419 quosdam
2196 2371 2232 2418 *,
2261 2372 2370 2420 quod

1311 2425 1428 2461 Beata
1446 2423 1562 2471 Virgo
1582 2431 1661 2460 erat
1680 2423 1727 2460 de
1747 2423 1860 2472 stirpe
1881 2423 1960 2460 sive
1979 2425 2173 2472 parentela
2187 2430 2202 2446 τ
2220 2425 2366 2461 Aaron:

1310 2478 1414 2514 unde
1443 2485 1522 2514 erat
1549 2483 1710 2524 cognata
1738 2476 1942 2523 Elisabeth,
1970 2484 2012 2513 ut
2040 2475 2176 2513 dicitur
2193 2477 2288 2513 Luc.
2310 2477 2366 2514 1²⁸.

1309 2530 1424 2578 Virgo
1454 2537 1584 2567 autem
1611 2529 1658 2565 de
1686 2541 1824 2576 genere
1853 2529 2076 2566 sacerdotali
2103 2537 2260 2578 propter
2291 2537 2367 2567 stu-

1309 2595 1426 2632 prum
1454 2582 1716 2619 occidebatur:
1746 2581 1880 2630 legitur
1898 2582 2003 2619 enim
2022 2584 2134 2619 Levit.
2154 2594 2213 2618 xm
2231 2581 2271 2618 *ε
2301 2584 2367 2620 Sa-

1309 2636 1464 2673 cerdotis
1472 2636 1572 2684 filia,
1592 2637 1625 2672 si
1641 2635 1867 2684 deprehensa
1875 2636 1996 2683 fuerit
2024 2636 2060 2671 in
2079 2641 2217 2684 stupro,
2238 2641 2271 2671 et
2291 2636 2367 2672 vio-

1308 2690 1438 2727 laverit
1466 2700 1600 2726 nomen
1624 2689 1742 2737 patris
1768 2690 1837 2734 sui,
1857 2689 2027 2737 flammis
2055 2694 2240 2724 exuretur.

1363 2740 1534 2788 Quidam
1562 2741 1728 2777 referunt
1756 2741 1920 2777 verbum
1948 2740 2176 2789 Hieronymi
2204 2741 2253 2777 ad
2275 2740 2367 2818 lapi—

1309 2794 1505 2832 dationem
1532 2793 1710 2830 infamiae
1729 2793 1759 2829 ²¹³.

1309 2926 1380 2951 nullo
1399 2926 1443 2950 DF
1462 2930 1487 2950 et
1505 2925 1587 2950 tertia.
1605 2939 1624 2943 -
1642 2925 1692 2948 Pro
1710 2931 1795 2956 passa
1818 2927 1858 2949 est
1881 2924 2046 2956 virginitatis
2064 2924 2261 2955 detrimentum,
2285 2926 2369 2951 detri-

1308 2964 1425 2986 mentum
1440 2968 1524 2992 passa
1542 2963 1582 2985 est
1598 2959 1764 2992 virginitatis
1777 2959 1858 2990 GlsH,
1873 2959 2060 2984 detrimentum
2076 2967 2158 2991 passa
2171 2963 2210 2985 est
2224 2961 2368 2994 virginitas

1309 2997 1350 3029 ΡΗ
1371 3001 1396 3020 et
1414 2996 1549 3021 editiones,

1361 3030 1391 3064 π)
1410 3031 1505 3063 magis.
1522 3044 1542 3048 —
1560 3030 1646 3062 magis
1665 3029 1714 3054 hoc
1731 3029 1761 3060 E,
1780 3029 1830 3054 hoc
1847 3029 1933 3062 magis
1951 3029 2033 3054 tertia.

1362 3066 1387 3100 ρ)
1399 3066 1507 3099 fefellit.
1525 3080 1544 3084 -
1562 3065 1647 3089 FHsG
1666 3070 1691 3089 et
1709 3065 1848 3095 editiones;
1871 3065 1974 3098 defellit
1991 3065 2010 3095 1,
2029 3065 2127 3098 refellit
2146 3066 2232 3092 ceteri.

1361 3102 1386 3135 σ)
1405 3101 1599 3126 adulterorum.
1617 3114 1637 3119 —
1654 3100 1839 3125 adulterarum
1859 3101 1918 3132 EpF
1938 3105 1963 3125 et
1979 3100 2060 3129 tertia,
2080 3101 2209 3133 quaelibet
2228 3101 2367 3127 adultera-

1308 3137 1462 3206 νηητῗῐιῖνε
1475 3171 1626 3202 parentela.
1645 3184 1663 3189 -
1681 3170 1722 3195 vel
1741 3171 1773 3195 de
1786 3171 1929 3202 parentela
1947 3171 1976 3200 F.
1994 3178 2047 3196 om.
2067 3171 2148 3196 tertia.

867 3268 1199 3301 Commentaria
1223 3267 1472 3301 cardinalis
1494 3267 1694 3299 Caietani

205 3373 252 3436 Iu
273 3374 406 3406 corpore
429 3367 524 3397 unica
547 3371 593 3396 est
616 3365 792 3401 conclusio,
816 3374 854 3395 ex
872 3365 971 3395 tribus
987 3365 1142 3404 capitibus
1165 3374 1254 3394 com-

231 3407 371 3455 probata„
390 3409 565 3441 Conclusio
583 3415 642 3440 est:
670 3409 869 3440 Conveniens
880 3409 954 3450 fuit
971 3408 1132 3439 Christum
1148 3407 1186 3438 de
1202 3408 1254 3439 de-

199 3451 351 3492 sponsata
378 3453 509 3495 Virgine
531 3453 629 3484 nasci.
653 3453 808 3483 Probatur
830 3453 945 3493 primo,
970 3463 1008 3483 ex
1023 3458 1110 3492 parte
1128 3452 1254 3488 Christi,

201 3494 463 3536 quadrupliciter-3
487 3497 640 3534 secundo,
661 3507 698 3528 ex
721 3503 808 3537 parte
831 3497 947 3527 Beatae
963 3497 1109 3536 Virginis,
1126 3497 1255 3536 triplici-

200 3543 264 3578 ter,
286 3540 389 3577 tertio,
405 3551 444 3573 ex
458 3547 546 3582 parte
561 3542 670 3578 nostri,
687 3541 934 3581 quintupliciter.
953 3540 1070 3571 Omnia
1085 3541 1167 3571 clara
1182 3546 1256 3571 sunt

201 3581 237 3612 in
258 3581 368 3614 littera.

1363 3364 1399 3394 II.
1425 3364 1460 3394 In
1483 3365 1692 3403 responsione
1716 3363 1755 3394 ad
1773 3365 1923 3404 primum,
1938 3365 2083 3405 perspice
2098 3365 2132 3394 in
2148 3365 2250 3395 littera
2269 3365 2365 3396 ambo

1309 3408 1412 3448 capita
1435 3417 1518 3448 quae
1541 3407 1688 3438 videntur
1709 3417 1804 3448 posse
1824 3408 1948 3438 obstare
1964 3409 2133 3448 virginitati
2148 3408 2289 3444 mentali,
2305 3410 2366 3439 sci-

1308 3452 1382 3482 licet
1412 3461 1606 3482 consensum
1630 3453 1663 3482 in
1691 3452 1842 3492 copulam
1865 3453 2086 3493 coniugalem,
2115 3458 2146 3482 et
2169 3462 2364 3484 consensum

1310 3495 1575 3531 conditionatum,
1595 3496 1713 3527 scilicet
1736 3497 1762 3526 si
1777 3496 1847 3526 Deo
1867 3497 2014 3536 placeret,
2031 3497 2065 3526 in
2081 3497 2232 3536 copulam
2248 3506 2364 3527 carna-

1310 3540 1380 3575 lem,
1397 3549 1464 3570 non
1489 3540 1612 3571 obstare
1633 3541 1666 3570 in
1688 3541 1817 3570 veritate
1833 3541 2019 3580 purissimae
2042 3541 2172 3570 mentali
2194 3541 2365 3581 virginitati

1309 3584 1423 3614 Beatae
1435 3584 1582 3624 Virginis.
1611 3584 1652 3614 Et
1674 3585 1753 3614 ratio
1771 3584 1901 3624 quidem
1918 3583 2006 3624 quod
2022 3594 2196 3615 consensus
2211 3585 2244 3615 in
2263 3595 2365 3625 copu-

2412 538 2422 547 ”
2436 537 2492 565 Cap.
2508 543 2541 559 ix.

2407 1377 2416 1388 '
2425 1378 2499 1400 Serm.
2510 1378 2615 1404 xxxw.

2404 1405 2433 1426 al.
2457 1404 2554 1426 XXXIII
2580 1406 2616 1430 (de

2403 1430 2488 1478 1ΕΙζ-ηὶήι.
2502 1431 2548 1458 IV),
2565 1438 2615 1460 cap.

2404 1587 2422 1616 ᾗ
2431 1586 2486 1608 Loc.
2509 1587 2614 1615 proxime

2402 1617 2441 1634 cit.

2498 1649 2516 1666 π

2498 1754 2512 1778 Ρ

2400 2171 2410 2180 ’
2423 2169 2490 2191 Vers.
2502 2174 2540 2196 20,
2550 2176 2582 2191 21.

2395 2380 2609 2438 &aazia

2396 2434 2475 2460 atton„
2490 2440 2528 2461 qu.
2543 2440 2589 2456 ιιι.

2396 2495 2406 2506 ’
2420 2470 2538 2523 ver-'1¹36-

2395 2591 2405 2601 ⁸
2419 2590 2484 2613 Vei-s.
2500 2598 2522 2620 9.

2396 2787 2445 2808 ·D.
2462 2793 2518 2816 ¹¹35·
