2872 3970
355 204 438 229 XLIV

358 286 409 314 ea
442 279 516 313 aut
549 270 811 326 negligentia
843 269 1006 310 omissa
1039 275 1112 310 aut
1133 282 1258 324 parce
1294 269 1516 309 brevitatis
1539 268 1682 310 studio
1716 269 1861 310 relicta
1883 283 1979 311 esse
2013 270 2376 324 reprehendamur
2397 272 2440 314 id
2464 287 2545 315 nos

356 337 491 376 lector
524 339 565 373 et
598 331 797 373 consulto
822 337 863 371 et
895 330 1085 386 legitime
1119 331 1230 383 (llie)
1263 330 1415 371 secisse
1449 343 1682 386 cognosce.
1716 331 1954 387 Angelicus
1988 332 2159 373 Doctor
2190 332 2317 374 divus
2351 334 2545 376 Thomas

357 395 552 437 nondum
576 399 767 435 extrema
791 406 920 433 manu
954 392 1050 432 huic
1084 393 1204 433 tertie
1228 397 1269 432 et
1291 391 1439 432 ultime
1471 391 1579 446 parti
1613 405 1690 432 sue
1713 405 1885 434 summe
1915 393 2119 448 imposita
2139 394 2384 449 importuna
2406 403 2546 438 morte

356 458 565 504 sublatus,
599 469 693 496 eam
728 454 1017 508 imperfectam
1052 460 1093 494 et
1126 454 1318 494 mutilam
1352 453 1533 508 reliquit.
1568 454 1720 494 Petrus
1752 466 1858 499 vero
1897 455 2074 509 quidam
2107 455 2169 509 (ut
2201 456 2347 511 fertur)
2379 457 2435 499 de
2466 459 2545 500 Al-

355 519 514 567 vernia,
550 517 641 558 eius
675 516 1039 571 imperfectionem
1074 515 1297 564 miserans,
1320 527 1414 556 eam
1448 515 1532 556 hoc
1564 521 1690 569 pacto
1725 516 1956 558 absolvere
1984 517 2171 559 adnixus
2203 524 2282 559 est,
2313 525 2360 560 ut
2392 532 2447 560 ex
2466 531 2544 563 eo-

357 582 456 622 dem
489 580 668 621 authore
702 579 744 618 in
778 583 978 631 quartum
1009 590 1101 618 sen.
1133 577 1301 626 omnia.
1330 577 1482 618 ordine
1523 583 1690 618 tantum
1728 584 1913 626 mutato,
1944 578 2045 620 huie
2081 580 2178 620 loco
2220 581 2546 623 accomodanda

356 644 410 684 sit
442 646 671 683 mutuatus.
706 640 800 680 Nos
834 639 963 695 igitur
995 639 1236 693 sapientum
1270 638 1428 679 iudicio
1462 638 1682 687 admoniti,
1716 652 1769 680 ea
1801 640 1959 688 omnia,
1992 647 2046 682 ut,
2071 641 2154 682 hoc
2187 641 2229 682 in
2262 642 2363 683 loco
2393 655 2544 698 super—

355 717 546 745 vacanea
578 702 753 756 (quippe
787 711 898 755 quae
938 701 1138 754 quamvis
1171 701 1228 741 ab
1260 701 1406 754 aliquo
1445 700 1622 741 forsitan
1663 701 1878 756 legantur,
1912 715 1938 742 a
1971 703 2231 744 doctissimis
2270 710 2416 747 tamen
2447 705 2545 760 qui-

355 767 525 820 busque
557 777 730 818 semper
751 775 805 804 ex
826 768 980 816 quarto
1010 775 1101 803 sen.
1124 763 1390 817 allegentur),
1424 762 1621 816 primevo
1643 763 1742 804 loco
1766 776 1857 804 non
1876 764 2098 805 movenda
2119 765 2379 819 putavi-mus.
2413 766 2544 821 idque

356 842 409 869 eo
443 826 643 868 libentius
677 824 796 879 quod
831 837 884 864 ne
918 837 993 865 rev
1006 829 1066 846 ‘¹²⁰⁸
1099 823 1276 878 quidem
1308 824 1512 865 dominus
1546 824 1633 865 tho.
1659 825 1884 866 cardinalis
1917 839 1950 867 s.
1984 826 2085 867 xisti
2118 827 2209 881 (qui
2240 827 2285 868 in
2317 829 2425 870 hanc
2458 835 2543 870 ter-

354 890 455 930 tiam
489 894 654 943 partem
676 886 1039 927 luculentissimos
1073 885 1206 926 edidit
1228 886 1581 940 commentarios)
1613 886 1695 927 sibi
1728 886 1890 941 aliquid
1913 888 1955 928 in
1979 899 2031 929 ea
2051 888 2327 931 scribendum
2354 890 2542 945 putavit:

355 957 503 1005 utpote
547 963 632 1004 que
675 959 924 1002 quanquam
967 947 1055 988 divi
1095 948 1183 988 tho.
1218 954 1329 998 sunt,
1370 954 1512 989 tamen
1555 954 1601 988 ut
1639 949 1913 1003 supposititia
1951 950 2048 991 huic
2090 950 2202 992 libro
2239 951 2327 992 sint
2362 965 2542 994 annexa.

355 1010 652 1065 Quamobrem
693 1010 728 1051 si
770 1009 866 1064 quis
901 1023 951 1050 ea
985 1009 1307 1058 desideraverit,
1340 1016 1539 1064 quartum
1583 1009 1710 1051 adeat
1749 1024 1839 1052 sen.
1875 1018 1917 1052 et
1948 1012 2037 1053 suis
2080 1013 2261 1054 sedibus
2302 1014 2544 1068 composita

355 1076 539 1130 relegat:
576 1072 701 1113 huius
735 1078 877 1112 tamen
912 1077 1084 1112 nostrae
1124 1071 1386 1113 liberalitatis
1420 1072 1729 1126 nonignarus,
1764 1086 1845 1113 nos
1878 1074 1914 1114 si
1946 1074 1982 1114 is
2017 1075 2284 1116 contenderit
2316 1081 2363 1116 ut
2395 1081 2545 1118 contra

354 1136 703 1178 doctissimorum
737 1147 1010 1188 quorumque
1044 1134 1299 1175 sententiam
1340 1133 1492 1175 eadem
1527 1147 1581 1174 ex
1614 1135 1702 1175 suis
1739 1135 1955 1177 subselliis
1996 1135 2036 1176 in
2069 1136 2152 1178 hoc
2192 1137 2376 1178 tribunal
2409 1137 2543 1179 intru-

354 1199 521 1246 dantur,
554 1197 645 1238 eius
679 1195 896 1236 desiderio
929 1195 1081 1248 (modo
1104 1196 1146 1237 id
1168 1210 1194 1237 a
1221 1196 1350 1237 nobis
1383 1202 1528 1250 petere
1559 1209 1645 1237 non
1669 1199 1888 1252 gravetur)
1922 1197 2202 1240 libentissime
2236 1199 2542 1242 satisfacturos.

353 1261 464 1301 Vale
490 1276 526 1301 ›.
561 1259 686 1300 Hanc
719 1258 900 1312 primam
934 1258 1168 1299 editionem
1202 1271 1279 1312 per
1310 1259 1490 1299 litteram
1524 1258 1566 1299 A
1601 1258 1850 1300 indicamus.

478 1320 799 1362 Commentaria
832 1320 983 1360 iterum
1016 1320 1268 1374 prodierunt
1289 1320 1516 1361 Bononiae
1539 1334 1654 1362 anno
1685 1321 1813 1370 1528,
1836 1322 1963 1363 simul
1993 1335 2090 1363 curn
2112 1328 2230 1364 textu
2264 1323 2397 1364 sancti
2421 1323 2542 1365 Tho—

352 1398 460 1433 mae,
483 1384 650 1436 absque
678 1381 1004 1436 quaestionibus
1038 1382 1262 1423 adiunctis.
1297 1382 1437 1423 Huius
1471 1382 1671 1424 editionis
1705 1383 1843 1437 prima
1873 1384 2032 1439 pagina
2063 1384 2125 1438 (in
2157 1385 2388 1439 exemplari
2421 1386 2541 1440 quod

351 1447 477 1487 nobis
501 1444 772 1491 inserviebat,
796 1442 911 1483 aliud
933 1443 1237 1497 frontispitium
1261 1457 1349 1484 non
1371 1444 1567 1498 habetur)
1591 1445 1759 1486 titulum
1781 1452 1947 1500 portat:
1988 1463 2005 1483 «ι
2035 1446 2181 1487 Sancti
2204 1446 2375 1488 Thome
2397 1448 2543 1489 Tertia

349 1510 466 1556 Pars,
492 1507 603 1547 Cum
627 1505 945 1546 commentariis
970 1505 1209 1546 Cardinalis
1233 1505 1438 1554 Caietani,
1461 1519 1511 1546 ac
1534 1507 1677 1547 Indice
1710 1507 2047 1561 locupletissimo
2080 1507 2396 1550 accuratissime
2419 1521 2542 1551 reco-

349 1571 468 1626 gnita
502 1575 543 1610 et
577 1568 795 1623 castigata.
830 1580 879 1608 ac
913 1568 1154 1622 nuperrime
1198 1567 1408 1622 impressa
1435 1584 1471 1608 ι».
1517 1568 1609 1609 Fol.
1654 1582 1667 1609 1
1708 1575 1838 1617 recto,
1875 1569 1931 1610 ad
1967 1570 2233 1625 Prologum:
2283 1587 2302 1607 ‹
2331 1569 2466 1612 Revmi
2499 1571 2541 1613 in

349 1632 520 1673 Christo
564 1630 694 1685 patris
739 1636 781 1670 et
819 1629 982 1670 domini
1026 1631 1080 1670 D.
1116 1630 1314 1671 Thomae
1354 1630 1407 1671 de
1444 1629 1531 1671 Vio
1572 1630 1765 1671 Caietani
1810 1631 1930 1672 Sacri
1973 1631 2149 1673 Ordinis
2192 1631 2542 1676 Praedicatorum

349 1694 393 1735 S.
418 1695 500 1735 Ro.
525 1693 598 1734 Ec.
629 1709 664 1740 »‚
690 1697 830 1733 cetera
863 1698 909 1732 ut
931 1691 972 1732 in
995 1692 1133 1746 prima
1166 1691 1366 1733 editione.
1403 1692 1622 1733 Volumen
1655 1692 1717 1733 sic
1751 1693 2045 1734 concluditur:
2085 1710 2104 1732 ‹
2132 1694 2318 1748 Explicit
2350 1694 2392 1736 id
2421 1696 2541 1750 quod

349 1757 401 1797 de
436 1755 582 1797 Tertia
624 1760 744 1808 parte
787 1766 956 1794 summe
999 1754 1133 1795 sancti
1171 1754 1280 1795 Tho.
1317 1754 1548 1808 Aquinatis
1592 1755 1799 1795 habetur:
1845 1755 1919 1809 qui
1962 1761 2100 1796 morte
2142 1762 2405 1810 praeventus
2445 1770 2541 1800 eam

348 1818 551 1873 perficere
593 1816 798 1870 nequivit.
834 1817 1003 1856 Bonon.
1040 1829 1221 1857 excussa
1254 1831 1278 1856 a
1311 1816 1546 1857 Iustiniano
1587 1816 1819 1858 Ruberien.
1853 1817 1941 1858 filio
1975 1816 2198 1871 quondam
2235 1818 2453 1860 Leonardi
2485 1820 2541 1862 de

348 1879 587 1922 Alemania.
633 1879 757 1919 Iussu
792 1883 833 1919 et
866 1878 1066 1932 expensis
1110 1878 1280 1919 Nobilis
1317 1878 1394 1919 viri
1435 1878 1662 1919 Octaviani
1707 1878 1827 1920 Scoti
1873 1879 1992 1920 Civis
2037 1879 2331 1929 Modetiensis,
2367 1887 2409 1922 et
2442 1894 2540 1923 cum

347 1955 516 1984 summa
565 1940 786 1996 diligentia
833 1941 1002 1981 noviter
1051 1940 1203 1981 revisa.
1255 1940 1373 1980 Divo
1424 1941 1658 1981 Clemente.
1708 1941 1832 1982 Pont.
1882 1941 1996 1982 Max.
2047 1941 2272 1983 christiane
2319 1943 2542 1999 religionis

348 2005 554 2046 Habenas
595 2002 873 2043 moderante:
918 2015 1032 2043 anno
1067 2002 1158 2043 eius
1193 2002 1356 2056 quinto.
1392 2015 1608 2050 MDxxvm,
1642 2003 1803 2043 mensis
1836 2003 2101 2045 Novembris
2130 2020 2167 2045 2.
2211 2004 2324 2045 Huic
2362 2005 2540 2047 editioni

347 2068 529 2108 litteram
563 2066 596 2106 Β
632 2064 964 2119 assignavimus.

472 2127 618 2169 Tertia
652 2127 784 2167 editio
818 2126 976 2180 prodiit
998 2126 1192 2167 Venetiis
1226 2139 1340 2167 anno
1376 2126 1623 2168 immediate
1645 2126 1933 2181 praecedente
1958 2133 2142 2168 mortem
2175 2127 2312 2183 ipsius
2331 2128 2540 2172 (Σεὶετεαὶ

348 2191 420 2232 Sic
461 2189 712 2230 intitulatur:
754 2205 771 2225 κ
801 2189 947 2228 Tertia
987 2201 1085 2242 pars
1126 2202 1158 2228 s.
1199 2188 1286 2230 tho.
1329 2201 1426 2229 cum
1467 2194 1696 2247 comment
1739 2202 1820 2230 car.
1862 2189 2054 2231 caietani
2091 2189 2291 2259 Angelici
2332 2191 2540 2234 Doctoris

348 2253 435 2293 divi
470 2252 556 2293 tho.
593 2251 806 2304 aquinatis
840 2250 961 2291 tertia
993 2263 1092 2304 pars
1132 2250 1478 2291 luculentissimis
1518 2249 1594 2291 Rm
1633 2251 1799 2292 domini
1836 2251 1981 2292 thome
2021 2251 2074 2292 de
2108 2251 2183 2293 vio
2221 2251 2401 2294 caietani
2434 2251 2539 2295 σει-,Μ

347 2329 391 2356 .s.
411 2314 520 2362 xisti,
557 2312 994 2354 commentationibus
1027 2312 1244 2354 illustrata.
1279 2312 1474 2354 Adiectis
1508 2313 1736 2354 multarum
1760 2313 2037 2367 questionum
2070 2326 2148 2355 seu
2181 2313 2413 2356 dubiorum
2435 2328 2538 2357 acu-

345 2377 520 2418 tissimis
554 2375 935 2416 enucleationibus.
981 2375 1028 2415 In
1062 2374 1255 2430 margine
1294 2387 1399 2415 vero
1441 2374 1703 2428 quibusnam
1742 2375 1834 2416 aliis
1867 2375 1974 2417 locis
2011 2375 2279 2430 propositam
2315 2377 2538 2419 materiam

348 2439 473 2479 divus
517 2438 688 2478 thomas
727 2442 966 2491 pertractet,
1006 2436 1239 2477 clarissime
1279 2436 1607 2478 demonstratur.
1663 2437 1724 2478 At
1769 2437 1811 2478 in
1854 2437 1994 2478 fronte
2024 2437 2216 2479 ‚celerem
2256 2438 2539 2493 suppeditans

346 2500 540 2541 omnium
574 2499 869 2539 inventionem
903 2511 988 2552 que
1022 2498 1192 2539 thomas
1230 2504 1410 2552 uterque
1444 2498 1551 2539 scitu
1586 2498 1839 2554 dignissima
1877 2499 2129 2553 complexus
2161 2500 2219 2541 sit
2248 2499 2379 2542 index
2415 2501 2536 2542 locu-

345 2562 618 2617 pletissimus.
655 2561 754 2613 Que
788 2560 934 2601 omnia
968 2561 1119 2600 iterum
1153 2560 1207 2601 ab
1241 2560 1420 2601 authore
1454 2561 1692 2602 accuratius
1729 2561 1951 2616 recognita
1983 2567 2026 2602 et
2058 2561 2266 2617 castigata
2296 2562 2427 2603 fuere.
2467 2563 2538 2605 Ne

346 2625 442 2678 quis
475 2624 580 2664 haec
615 2622 923 2663 commentaria
956 2622 1307 2678 chalcographus.
1336 2622 1449 2676 typis
1483 2622 1610 2663 edere
1644 2629 1889 2677 praesumat
1921 2623 2077 2664 Veneti
2110 2629 2284 2664 senatus
2317 2625 2538 2667 severiore

346 2687 517 2727 decreto
553 2691 722 2726 cautum
760 2690 824 2724 est
851 2701 886 2725 ».
921 2685 967 2724 In
1004 2684 1083 2724 illis
1115 2684 1272 2733 verbis,
1306 2684 1501 2725 Adzkctis
1531 2684 1769 2725 multarum
1801 2685 2069 2742 questionum
2103 2691 2202 2734 etc.,
2235 2699 2289 2727 ne
2324 2686 2537 2743 intelligas

345 2749 435 2788 illas
470 2747 747 2801 quaestiones
781 2746 1005 2787 adiunctas
1040 2745 1094 2787 de
1128 2746 1286 2800 quibus
1319 2760 1467 2800 supra:
1499 2747 1663 2801 'quippe
1697 2759 1808 2800 quae
1842 2747 1884 2787 in
1918 2747 1996 2788 hac
2031 2747 2221 2788 editione
2252 2761 2342 2789 non
2370 2748 2535 2790 haben-

346 2817 423 2850 tur.
469 2809 541 2850 Ad
581 2809 838 2864 Prologum,
883 2809 954 2849 fol.
997 2821 1010 2848 1
1057 2814 1191 2856 recto,
1227 2808 1287 2849 sic
1329 2808 1506 2864 legitur:
1546 2826 1563 2845 «
1593 2809 1790 2849 Thomae
1830 2808 1884 2849 de
1924 2809 1997 2850 vio
2039 2809 2253 2858 Caietani,
2294 2810 2536 2853 Cardinalis

347 2871 480 2912 sancti
518 2871 652 2911 Xixti:
693 2871 734 2911 in
776 2870 942 2911 tertiam
983 2876 1146 2924 partem
1191 2869 1278 2910 divi
1318 2870 1515 2911 Thomae
1554 2870 1766 2924 aquinatis
1810 2871 2166 2912 commentarii».
2217 2872 2438 2914 Volumen
2475 2871 2535 2913 ita

345 2933 614 2973 terminatur:
655 2950 673 2970 ‹
702 2933 896 2973 Venetiis
930 2933 971 2972 in
1007 2932 1160 2973 edibus
1201 2932 1482 2972 Luceantonii
1520 2933 1642 2973 Iunte
1676 2933 1912 2973 Florentini
1946 2934 2080 2974 Anno
2119 2933 2284 2975 domini
2313 2945 2532 2975 MDxxxm.

348 2996 498 3036 Mense
532 2994 728 3035 Ianuario
758 3011 792 3034 ».
841 2995 951 3035 Cum
992 2995 1034 3035 in
1078 2994 1281 3035 omnibus
1319 3000 1525 3048 sequatur
1563 2994 1796 3035 editionem
1834 2995 2031 3049 primam,
2067 2995 2222 3037 eodem
2260 2995 2412 3049 proclo
2451 2994 2533 3036 im-

347 3070 551 3110 pressam,
587 3056 894 3096 accuratiorem
929 3056 1020 3096 eius
1054 3056 1326 3097 collationem
1360 3056 1596 3097 faciendam
1636 3070 1723 3097 non
1756 3056 2063 3098 iudicavimus:
2096 3057 2206 3098 sicut
2242 3069 2322 3097 nec
2354 3056 2531 3098 aliarum

349 3118 586 3159 editionum
620 3131 731 3170 quae
764 3117 872 3158 inter
906 3124 1088 3158 mortem
1129 3118 1321 3159 Caietani
1355 3117 1487 3172 (quae
1522 3117 1667 3159 incidit
1700 3118 1741 3159 in
1782 3118 1896 3160 diem
1928 3132 1957 3172 9
1991 3118 2180 3175 Augusti
2221 3117 2357 3172 1534)
2389 3123 2431 3159 et
2463 3131 2531 3159 re-

348 3180 596 3220 censionem
630 3179 807 3219 Pianam
839 3178 1038 3219 viderunt
1070 3180 1220 3221 lucem.
1256 3179 1371 3221 Nihil
1406 3180 1519 3221 enim
1553 3180 1742 3221 utilitatis
1775 3181 1870 3222 talis
1903 3180 2073 3222 collatio
2106 3179 2294 3222 haberet.

471 3241 542 3281 De
575 3240 737 3280 ratione
773 3253 858 3293 qua
891 3240 955 3280 usi
989 3253 1139 3281 sumus
1175 3242 1215 3282 in
1254 3247 1371 3282 textu
1410 3243 1815 3284 commentariorum
1856 3240 2177 3290 constituendo,
2209 3240 2393 3296 legenda
2430 3247 2532 3283 sunt

349 3315 458 3355 quae
484 3302 524 3342 in
548 3301 815 3342 Praefatione
850 3307 995 3342 nostra
1017 3301 1071 3341 ad
1095 3302 1340 3344 Secundam
1375 3304 1602 3345 Secundae
1636 3305 1856 3354 habentur,
1880 3317 1977 3359 pag.
1999 3315 2138 3344 xxxln
2170 3316 2282 3357 sqq„
2304 3303 2376 3344 ubi
2401 3302 2529 3344 etiam

348 3364 468 3416 plura
501 3363 775 3404 inveniuntur
807 3375 919 3416 quae
952 3362 1007 3402 ad
1041 3363 1378 3406 vicissitudinem
1412 3372 1553 3406 textus
1592 3366 1785 3408 Caietani
1827 3371 2031 3420 spectant.
2076 3363 2196 3413 Inde,
2227 3364 2399 3406 mutatis
2433 3377 2528 3405 mu·

348 3424 500 3471 tandis,
538 3424 763 3478 desumpta
795 3430 894 3464 sunt
927 3437 1039 3478 quae
1073 3431 1322 3477 sequuntur.

473 3486 659 3526 Primam
693 3485 938 3534 editionem,
920 3497 1038 3554 per
1065 3485 1246 3526 litteram
1279 3487 1323 3527 A
1354 3487 1597 3535 indicatam,
1631 3489 1783 3530 collata
1815 3487 2081 3530 Bononiensi
2113 3487 2212 3529 anni
2243 3485 2372 3535 1528,
2392 3500 2468 3556 per
2489 3489 2527 3529 B

346 3552 506 3596 notata,
542 3547 815 3588 correximus.
851 3548 897 3588 In
920 3532 1022 3587 istis
1056 3546 1224 3587 duabus
1257 3547 1517 3588 editionibus
1550 3555 1690 3590 textus
1723 3549 1936 3605 genuinus
1970 3549 2160 3591 habetur.
2194 3548 2316 3590 Licet
2348 3549 2527 3590 enimin
