2872 3970
454 277 531 324 468

449 369 545 407 pore
581 357 676 402 eius,
707 355 805 406 quod
840 361 891 393 est
917 355 1097 393 Ecclesia
1133 355 1235 402 Ergo
1272 366 1352 391 non
1389 355 1516 391 solum

456 408 629 448 Christus
663 408 776 448 debet
809 407 884 447 dici
919 407 1177 456 Redemptor,
1205 407 1273 444 sed
1305 406 1419 444 etiam
1455 405 1517 444 alii

454 461 584 502 sancti.

509 515 585 555 San
603 526 749 553 com-na
766 526 832 553 aar
856 514 963 563 quod
992 513 1130 551 dicitur
1159 513 1280 552 Galat.
1296 523 1329 549 111
1342 511 1377 548 *z
1408 512 1517 549 Clm'-

454 573 528 605 stus
543 579 609 604 nos
628 567 780 604 redemit
793 567 840 604 de
856 566 1050 606 mle-dicto
1069 565 1308 616 legis-,sactus
1321 576 1399 614 pro
1413 564 1519 601 nobili·

455 620 702 660 maledictum.
731 619 808 659 Sed
828 621 935 660 solus
953 619 1126 657 Christus
1149 618 1270 655 factus
1287 624 1343 655 est
1360 628 1436 666 pro
1451 628 1518 653 no-

456 673 515 712 bis
541 672 800 713 maledictum.
838 673 940 720 Ergo
968 673 1072 709 solus
1101 669 1275 708 Christus
1303 669 1418 709 debet
1444 667 1518 706 dici

457 733 586 764 noster
612 725 862 774 Redemptor

509 780 735 817 Rsspounso
762 789 943 815 chENDUM
963 777 1071 826 quod
1090 776 1139 814 ad
1159 776 1234 813 hoc
1253 774 1361 824 quod
1383 773 1519 823 aliquis

458 831 629 891 redimat,
658 831 738 869 duo
767 829 1032 879 requiruntur:
1062 827 1202 867 scilicet
1229 835 1335 865 actus
1363 826 1519 864 solutio

458 884 530 925 nis
557 891 593 923 et
619 882 785 932 pretium
814 883 997 920 solutum
1031 882 1072 919 Si
1100 881 1204 918 enim
1233 879 1370 929 aliquis
1397 881 1521 917 solvat

317 947 333 963 ‘²
458 949 528 986 pro
562 935 825 984 redemptione
854 934 1015 973 alicuius
1042 934 1097 972 rei
1123 933 1308 983 pretium,
1343 931 1411 970 si⁰¹
1439 943 1519 970 non

459 997 513 1027 est
540 1000 668 1033 suum,
689 988 756 1026 sed
775 987 942 1034 alterius,
960 999 1042 1025 non
1070 986 1207 1024 dicitur
1228 985 1311 1035 ipse
1332 985 1519 1023 redimere

457 1040 731 1091 principaliter,
765 1041 833 1079 sed
866 1039 988 1089 magis
1025 1039 1084 1079 iile
1112 1038 1223 1076 cuius
1258 1046 1315 1076 est
1340 1037 1519 1088 pretium.

458 1094 629 1133 Pretium
657 1101 786 1133 autem
814 1091 1088 1152 redemptionis
1115 1099 1267 1130 nostrae
1293 1099 1349 1129 est
1367 1090 1522 1140 sanguis

460 1146 609 1191 Christi,
630 1147 691 1185 vel
718 1145 795 1185 vita
822 1145 904 1185 eius
932 1145 1152 1195 corporalis,
1173 1156 1273 1194 quae
1302 1150 1355 1182 est
1380 1146 1417 1182 in
1435 1147 1521 1182 san-

217 521 225 530 ·
241 519 306 541 Vera.
325 525 355 546 ¹3·

230 3462 295 3483 amer
318 3466 385 3485 mx.
409 3438 442 3481 ιἰνᾶ
469 3462 565 3493 quam
579 3453 668 3486 Pater
685 3461 714 3485 et
727 3455 861 3495 Spiritus
874 3455 1007 3487 Sanctus
1027 3455 1166 3491 salvavit,
1180 3457 1310 3493 sanavit,
1323 3457 1444 3494 docuit,
1457 3464 1527 3494 etc.

230 3487 308 3537 ἕζοῖἷ
308 3491 426 3536 yf'lssbv
424 3511 440 3536 1
469 3497 543 3538 quia
560 3497 696 3528 indivisa
708 3503 782 3530 sunt
798 3508 896 3539 opera
911 3498 1078 3529 Trinitatis
1093 3498 1136 3529 ad
1151 3505 1244 3530 extra
1257 3501 1283 3531 *.
1293 3501 1405 3532 —Alio
1422 3507 1528 3534 autem

230 3547 344 3595 ⁶⁸}''w'113
355 3537 442 3588 Ιὲηέχ
468 3540 583 3575 mod0,
613 3541 730 3572 scilicet
758 3543 964 3582 personaliter
992 3548 1136 3582 sumptae
1164 3523 1348 3575 huiusmodi
1376 3546 1528 3581 actiones,

245 3595 300 3616 tc
289 3600 338 3621 cap
350 3598 410 3614 xxxv
413 3598 441 3613 ιιι.
470 3585 532 3615 hoc
557 3590 617 3619 est,
643 3591 677 3615 ut
706 3587 913 3616 terminantur
941 3585 979 3616 nd
1007 3586 1203 3626 hypostasim
1228 3588 1318 3617 cuius
1351 3593 1439 3625 sunt,
1463 3598 1529 3619 uno

1119 274 1385 322 QUAESTIO
1411 274 1582 322 XLVIII,
1611 273 1904 312 ARTICULUS
1932 274 1967 312 V

1572 361 1608 390 et
1635 352 1718 402 ipsa
1734 353 1812 394 vita
1841 353 1982 392 Christi
2009 353 2105 392 sicut
2123 353 2238 404 primi
2265 355 2451 403 auctoris,
2458 363 2497 393 et
2514 367 2547 394 a
2554 353 2634 407 qtia

1571 405 1800 455 inspiratum
1823 405 1894 444 fuit
1921 405 1992 456 ipsi
2020 406 2171 460 homini
2192 405 2359 445 Christo
2378 414 2426 445 ut*
2438 416 2635 458 pateretur

1572 470 1644 508 pro
1679 457 1807 496 nabis.
1841 459 1892 496 Et
1916 458 2018 496 ideo
2033 456 2144 496 esse
2137 458 2372 498 immediate
2402 460 2635 515 Redemptu-

1572 521 1656 548 nem
1683 518 1740 548 est
1765 510 1972 601 pmprium
1996 511 2138 550 Christi
2158 511 2403 572 {inquantum
2415 521 2485 552 est-
2484 510 2632 556 home

1572 563 1752 623 quamvis
1773 563 1863 613 ipsa
1889 563 2103 614 redemptio
2130 564 2252 614 possit
2278 565 2446 635 attribui
2453 565 2530 603 toti
2539 565 2635 604 Τπί»

1573 615 1679 654 nitati
1706 615 1803 654 sieut
1829 627 1979 666 pomae
2004 627 2155 655 causae.

1626 669 1686 706 An
1716 680 1853 707 murm
1886 681 1987 707 mo
2020 674 2202 708 mannum
2234 669 2342 720 quod
2372 671 2515 709 mose·
2534 671 2578 698 ⁴
2574 636 2672 716 sie·

1573 701 1750 771 exponit:
1783 723 1854 768 Tu,
1872 723 1975 760 Dens·
1991 724 2164 769 vernans,
2184 722 2369 760 redemisti
2387 735 2459 761 me
2468 726 2509 761 m
2529 724 2636 763 M

1572 780 1627 812 sto
1642 774 1862 822 clamante>
1870 788 1890 809 s
1906 776 1955 812 In
1967 786 2103 835 mnus
2120 781 2213 822 tuas,
2226 777 2401 822 Domine,
2415 777 2646 815 commeo

1572 828 1740 877 spiritum
1759 839 1888 864 meu-s
1899 841 1935 864 ιι.
1957 827 2005 865 Et
2024 827 2077 865 sio
2087 827 2306 878 redemptio
2320 827 2690 880 ίιιιιιιοάὶιϊὼρυρ

1573 880 1666 917 tinet
1688 880 1738 917 ad
1760 879 1963 918 hominem
1975 880 2195 959 Christum:
2225 881 2497 966 principaliter
2499 888 2638 950 autem

1574 933 1624 970 ad
1652 933 1877 971 Deum..
1903 955 1911 966 -·
2677 935 2721 944 ”

1627 987 1686 1023 An
1713 997 1903 1023 secunaum
1927 996 2125 1026 nicenum(
2149 960 2270 1036 quod
2291 971 2478 1051 pretium
2485 987 2672 1035 τῦάῌβ

1575 1037 1725 1088 ptionis
1743 1046 1901 1083 noan-ae
1923 1039 2059 1077 homo
2068 1038 2251 1082 Chriffius
2268 1036 2678 1084 solvieim'rmm

1575 1091 1643 1134 sed
1655 1091 1714 1129 de
1729 1091 1926 1129 mandato
1933 1091 2063 1130 tantm
2070 1091 2170 1129 sieut
2186 1091 2443 1142 primordreh‘s
2461 1089 2646 1137 morta

1629 1145 1686 1181 An
1713 1155 1888 1189 mariun
1899 1152 2097 1182 momen
2104 1145 2225 1194 quod·
2257 1143 2463 1195 passiones
2484 1141 2639 1197 m

218 1201 402 1254 Qessfivffioegf
401 1206 428 1226 ¹¹
456 1198 605 1250 guma*e
606 1229 616 1245 ,
632 1211 752 1248 quam
770 1198 851 1248 ipse
867 1197 1041 1237 Christus
1055 1197 1226 1236 exsolvit.
1245 1197 1359 1235 Unde
1377 1204 1522 1235 utrum-
1576 1208 1666 1234 rum
1692 1196 1901 1246 proficiunt
1927 1191 2136 1245 Ecclesiae,
2153 1196 2261 1235 non
2271 1197 2436 1248 quidem
2452 1208 2531 1248 per
2551 1195 2639 1238 m

271 1244 277 1250 ⁴
320 1243 325 1254 ’
458 1266 534 1302 que
561 1252 723 1292 istorum
747 1252 797 1291 ad
821 1251 1018 1291 Christum
1041 1250 1204 1301 pertinet
1222 1249 1476 1288 immediate
1467 1262 1522 1288 m-
1577 1250 1673 1288 dum
1701 1248 1998 1299 redemptionis,
2004 1250 2076 1291 sed
2095 1260 2174 1300 per
2182 1250 2349 1288 modum
2367 1241 2643 1293 exhort-nenti
2729 1248 2733 1255 ’

458 1313 648 1355 quantum
685 1312 740 1344 est
777 1305 919 1343 1ιοιιιο·
957 1304 1024 1342 sed
1061 1304 1110 1342 ad
1146 1310 1267 1342 totam
1294 1302 1523 1341 Trinitatem
1577 1311 1614 1340 et
1641 1302 1827 1352 exempli:
1857 1303 2074 1340 secundum
2102 1302 2194 1341 illud
2222 1304 2252 1341 11
2275 1304 2363 1342 Cor.
2384 1302 2447 1342 ι*;
2476 1304 2678 1343 ὥσθ’

459 1358 554 1398 sicut
581 1357 630 1396 ad
650 1370 808 1397 causam
827 1357 993 1407 primam
1022 1364 1058 1395 et
1086 1364 1288 1403 remotam,
1309 1355 1420 1394 euius
1445 1363 1524 1394 erat
1577 1356 1753 1395 hulamur
1774 1367 1848 1410 pm
1875 1361 1997 1394 uestra
2023 1357 2280 1394 exhortatione
2307 1363 2340 1394 et
2365 1355 2631 1395 salma-³212*

1148 1436 1306 1442 --—---—-·—-
2496 1418 2580 1441 ¹¹¹(2l'.
2599 1418 2633 1451 ,δῖ

511 1482 539 1513 α)
558 1481 590 1505 si.
605 1494 624 1499 —
642 1479 715 1512 quod
733 1479 781 1504 lsG
801 1485 826 1504 et
844 1479 978 1504 editiones.
2448 1483 2449 1486 ’
2475 1484 2487 1502 Γ
2515 1466 2553 1517 ,Ῑῇἱ
2584 1471 2631 1535 ⁴2¹1:

2417 1525 2422 1536 ³
2464 1531 2467 1541 ¹<
2492 1522 2547 1546 *lai
2589 1521 2628 1548 134

1136 1567 1470 1605 Commenta-in
1490 1567 1743 1605 cardinalis
1764 1567 1967 1601 Caietam
2503 1563 2635 1611 qutgvh

520 1658 626 1678 rruws
666 1647 706 1678 ut'
741 1653 834 1678 sonat
869 1647 1043 1678 sumendus
1079 1653 1143 1678 est:
1178 1649 1221 1678 ita
1260 1646 1350 1688 quod
1384 1647 1528 1678 Christus
1579 1645 1652 1679 dico
1680 1652 1716 1677 ut
1747 1656 1875 1683 causae,
1905 1646 1962 1678 sed
1993 1653 2029 1678 ut
2057 1647 2236 1722 hg¹postasis
2264 1645 2324 1682 seu
2353 1631 2572 1735 Ρᾳιεοιηῗξ*
2523 1615 2643 1691 ἔδει

461 1660 656 1723 Tsumitur
681 1698 718 1722 ut
742 1691 947 1732 distinguitur
969 1702 987 1722 a
1010 1692 1100 1725 Patre
1129 1697 1161 1722 et
1190 1691 1310 1732 Spiritu
1341 1691 1474 1728 Sancto,
1498 1697 1528 1722 et
1579 1696 1654 1722 sunt
1669 1691 1816 1732 propriae
1833 1690 1927 1728 Filio,
1942 1691 1986 1723 ita
2001 1699 2069 1732 quo
2113 1700 2174 1723 nec
2194 1691 2277 1728 Patri
2300 1700 2361 1727 nec
2376 1690 2400 1723 8
2422 1692 2496 1724 iritu
2522 1656 2643 1730 Sancto

460 1738 498 1768 ab
525 1736 591 1768 aliis
622 1737 747 1769 sanctis.
782 1735 823 1767 Et
846 1741 893 1766 est
916 1745 1022 1771 sermo
1046 1735 1085 1767 de
1109 1735 1330 1776 redemptione
1360 1735 1527 1767 universali
1579 1735 1857 1767 conventuriam
1880 1736 1966 1766 enim
1989 1735 2198 1776 personaliter
2219 1735 2320 1767 Filius
2342 1701 2421 1767 Deip
2425 1732 2645 1774 decennius&

461 1781 593 1813 humani
616 1781 750 1822 generis,
776 1789 874 1830 quam
897 1779 1019 1812 dictum
1043 1785 1090 1812 est
1113 1780 1146 1811 in
1164 1779 1366 1820 praecedenti
1395 1780 1528 1815 articulo
1578 1780 1684 1815 nabat,
1707 1778 1892 1816 redimebat,
1916 1780 2066 1816 salvabat,
2087 1789 2146 1821 per
2172 1786 2368 1821 anurnptnm
2390 1778 2643 1813 humanum*
2684 1790 2690 1796 ‘

467 1834 534 1856 esse
557 1824 706 1856 effectum
734 1824 888 1866 passionis
913 1824 1039 1858 Christi.
1578 1829 1693 1860 mrem,
1718 1823 1809 1868 quod
1830 1833 1892 1861 nec
1913 1824 2006 1856 Pater
2026 1834 2087 1856 nee
2110 1824 2246 1865 spiritus
2273 1824 2408 1863 Sanetus
2436 1823 2644 1866 Μ

515 1869 551 1899 ln
574 1877 708 1908 corpore
737 1873 811 1898 sunt
838 1867 920 1898 duae
950 1868 1184 1899 conclusiones.
1218 1868 1322 1902 Prima
1349 1874 1414 1900 est:
1446 1864 1527 1900 Esse
1579 1868 1658 1901 haec
1681 1868 1888 1910 operabatur.
1913 1877 1988 1899 nam
2011 1866 2064 1900 ille
2087 1869 2189 1901 homo
2212 1867 2343 1905 docens,
2364 1878 2490 1907 sanans,

460 1913 703 1953 Redemptorem
727 1911 907 1942 immediate
930 1917 977 1942 est
992 1912 1164 1955 proprium
1191 1911 1311 1945 Christi
1336 1912 1526 1953 inquantum
1578 1911 1747 1948 redimens,
1772 1916 1844 1948 etc„
1867 1917 1934 1943 erat
1958 1912 2057 1944 Filius
2080 1911 2152 1948 Dei,
2169 1917 2200 1944 et
2221 1922 2288 1952 non
2312 1913 2404 1951 Pater
2425 1920 2501 1945 nec

460 1958 566 1988 homo.
584 1955 731 1987 Secunda
747 1961 810 1986 est:
827 1956 1015 1996 Redemptio
1024 1961 1134 1997 potest
1148 1956 1282 1986 attribui
1297 1956 1357 1987 toti
1375 1955 1528 1986 Trinitati
1579 1955 1714 1986 Sanctus
1736 1965 1797 1986 nec
1819 1934 1969 1987 Trinitas.

462 2006 498 2033 ut
521 2001 652 2041 primae
685 2009 812 2032 causae.
846 1995 1026 2031 Probantur
1059 2001 1171 2031 ambae
1205 2001 1310 2031 simul.
1346 2000 1527 2040 Utrumque
1634 1999 1820 2031 Secundum
1852 2009 1930 2031 vero
1962 2001 2134 2035 nominum
2166 1995 2487 2038 denominationem,
2487 2000 2644 2033 conffle-

462 2046 590 2080 horum,
603 2044 723 2075 scilicet
738 2049 826 2074 actus
842 2045 1012 2076 solutionis
1029 2049 1060 2077 et
1071 2045 1209 2084 pretium
1225 2045 1378 2080 solutum,
1391 2045 1527 2084 pertinet
1578 2043 1715 2074 randum
1738 2050 1785 2074 est
1808 2054 1848 2074 an
1871 2054 1992 2075 nomen
2016 2044 2056 2076 de
2076 2055 2143 2085 quo
2167 2045 2330 2086 quaeritur
2351 2043 2644 2087 importarpried»

463 2089 646 2120 immediate
669 2088 709 2118 ad
737 2088 901 2118 Christum
932 2089 1124 2128 inquantum
1153 2089 1269 2125 homo,
1299 2094 1330 2119 et
1358 2088 1398 2119 ad
1425 2093 1526 2118 totam
1578 2087 1691 2128 paliter
1720 2089 1881 2119 actionem
1911 2094 1947 2119 ut
1974 2095 2145 2120 exeuntem
2168 2099 2187 2120 a
2209 2099 2322 2125 causa;
2353 2099 2394 2120 an
2424 2090 2586 2122 actionem
2607 2094 2644 2122 ut

462 2134 650 2164 Trinitatem
679 2138 714 2162 ut
736 2132 872 2174 primam
896 2142 1034 2163 causam.
1059 2133 1154 2173 Ergo.
1579 2132 1706 2171 respicit
1721 2132 1919 2183 hypostasim
1936 2133 2029 2164 cuius
2045 2138 2108 2170 est;
2128 2143 2169 2164 an
2184 2139 2370 2174 utrumque.
2387 2133 2452 2170 Illa
2438 2125 2645 2212 eninqruae

516 2178 727 2217 Assumptum
754 2185 812 2217 pro
843 2177 946 2216 prima
969 2182 1056 2217 parte
1087 2177 1255 2217 probatur:
1285 2177 1360 2217 quia
1387 2177 1525 2217 pretium
1578 2176 1794 2216 principaliter
1816 2177 1991 2217 respiciunt
2014 2186 2152 2213 causam,
2176 2178 2258 2208 inter
2281 2178 2468 2211 communia
2488 2177 2550 2214 tuti
2602 2178 2644 2211 ri-
2741 2204 2743 2206 .

462 2227 589 2252 nostrae
612 2220 841 2260 redemptionis
865 2226 911 2251 est
926 2221 990 2251 vita
1006 2220 1179 2261 corporalis
1195 2220 1323 2257 Christi,
1340 2230 1438 2261 quam
1457 2221 1525 2260 ipse
1578 2221 1668 2251 nitati
1684 2220 1902 2261 computanda
1916 2220 2078 2252 videntur:
2102 2227 2139 2252 ut
2153 2227 2300 2253 mortuos
2315 2222 2481 2259 suscitare,
2488 2221 2644 2257 ηἱηαιῑι
2734 2223 2750 2254 3³³

463 2265 606 2296 Christus
631 2265 772 2295 exsolvit.
798 2264 859 2294 Pro
883 2265 1023 2295 secunda
1046 2275 1142 2295 vero:
1167 2266 1243 2305 quia
1265 2265 1328 2295 vita
1352 2264 1526 2305 corporalis
1578 2264 1692 2300 facere,
1706 2270 1737 2295 et
1749 2264 1890 2305 reliquae
1906 2266 2048 2296 actiones
2064 2275 2143 2306 quas
2155 2266 2311 2303 Christus,
2323 2266 2398 2297 hcet
2412 2263 2644 2298 mediantem-

463 2309 579 2340 Christi
602 2314 667 2339 erat
689 2309 852 2339 Trinitatis
875 2315 911 2339 ut
934 2310 1054 2349 primae
1078 2319 1210 2345 causae;
1243 2315 1274 2340 et
1296 2310 1365 2351 ipsa
1387 2309 1526 2340 Trinitas
1577 2318 1672 2340 mana
1688 2314 1800 2340 natura
1809 2310 1966 2346 exercuit
1983 2310 2200 2351 principaliter
2214 2316 2322 2341 tamen
2337 2311 2461 2342 ratione
2477 2309 2646 2342 deitatia-
2735 2331 2744 2342 .=

461 2354 624 2394 inspiravit
662 2354 785 2383 animae
820 2353 937 2383 Christi
972 2359 1007 2384 ut
1041 2359 1175 2393 poneret
1208 2354 1306 2384 vitam
1340 2363 1431 2384 suam
1465 2361 1525 2393 pro
1579 2353 1634 2383 Illa
1656 2362 1733 2383 vero
1757 2362 1840 2393 quae
1863 2353 2076 2385 determinant
2098 2355 2296 2396 hypostasim
2319 2355 2544 2396 principaliter,
2561 2354 2661 2387 inter

461 2398 564 2428 nobis.
581 2416 603 2419 —
619 2397 860 2437 Consequentia
883 2403 991 2428 autem
1014 2398 1176 2438 probatur.
1201 2397 1286 2436 Quia
1301 2397 1341 2431 ad
1356 2398 1419 2430 hoc
1436 2396 1526 2438 quod
1577 2398 1707 2439 propria
1730 2397 1947 2438 computanda
1970 2404 2062 2430 sunt:
2086 2405 2123 2430 ut
2145 2398 2338 2440 praedicare,
2354 2399 2539 2445 ambulate,

462 2442 574 2482 aliquis
605 2441 750 2477 redimat,
780 2440 846 2471 duo
873 2443 1098 2482 requiruntur:
1128 2447 1159 2472 et
1187 2441 1276 2482 quod
1306 2441 1374 2486 ipse
1404 2440 1524 2478 solvan
1578 2442 1647 2479 rari,
1664 2441 1781 2477 videre,
1799 2447 1830 2472 et
1852 2442 2048 2474 huiusmodi.
2070 2432 2209 2481 —Quae
2230 2448 2339 2480 autem,
2358 2443 2469 2481 medic?
2489 2452 2526 2484 m
2722 2438 2740 2461 gt

462 2491 493 2516 et
516 2485 606 2526 quod
633 2486 735 2516 solvat
759 2485 797 2516 de
821 2495 891 2516 suo.
920 2486 962 2516 Et
989 2487 1130 2526 primum
1159 2485 1291 2527 quidem
1317 2491 1420 2530 patet:
1450 2485 1526 2527 quia
1578 2485 1618 2516 ad
1633 2495 1762 2517 causam
1779 2492 1810 2516 et
1825 2495 1997 2527 personam
2012 2485 2119 2518 referri
2135 2485 2351 2524 indifferenter
2369 2493 2424 2523 aut
2439 2484 2533 2539 quasi
2718 2487 2743 2509 '³

462 2530 605 2570 alioquin
628 2539 694 2560 non
714 2529 892 2560 redimeret.
917 2530 1103 2561 Secundum
1125 2536 1234 2565 autem
1253 2530 1425 2574 probatur:
1451 2530 1526 2571 quia
1578 2529 1715 2560 ferenter
1730 2540 1764 2561 se
1780 2532 1978 2572 permittunt,
1991 2530 2196 2563 distinctione
2211 2530 2305 2573 digna
2320 2537 2405 2568 sunt.
2421 2530 2486 2568 Et*
2476 2541 2511 2570 ιιι
2525 2531 2645 2579 horum

462 2575 487 2604 si
511 2573 550 2604 de
573 2574 677 2604 alieno
710 2573 894 2610 redimeret,
919 2575 1020 2615 magis
1051 2574 1220 2605 redimeret
1253 2574 1404 2605 dominus
1433 2574 1526 2616 pretii
1578 2583 1714 2605 numero
1738 2575 1860 2606 locasse
1883 2574 2008 2606 videtur
2030 2576 2154 2607 Auctor
2176 2575 2450 2616 redemptionem·
2473 2573 2594 2621 mom&
2602 2574 2646 2623 ut

463 2627 560 2658 quam
593 2618 646 2648 ille
674 2615 817 2654 solvens;
846 2623 882 2648 ut
909 2624 996 2660 patet
1023 2619 1056 2649 in
1084 2619 1132 2649 his
1161 2619 1218 2661 qui
1245 2618 1285 2650 de
1314 2619 1526 2660 eleemosynis
1578 2624 1670 2660 puto,
1694 2619 1882 2650 auctoritate
1903 2620 2028 2660 glossae
2050 2619 2200 2660 allegatae
2223 2621 2256 2651 in
2279 2620 2414 2656 littera*
2435 2627 2533 2668 supet
2548 2613 2643 2658 iliud.
2656 2609 2722 2647 3⁸·

462 2662 623 2693 redimunt
646 2663 798 2702 captivos.
1579 2663 1751 2695 Reda-misti
1773 2673 1839 2699 me,
1863 2664 2004 2695 Domine
2024 2663 2114 2697 Deus
2137 2664 2290 2696 veritatis.
2722 2668 2750 2679 ”

517 2706 553 2736 11.
578 2706 716 2737 Adverte
740 2707 791 2737 hic
815 2706 904 2746 quod
928 2707 1189 2738 convenientium
1214 2707 1342 2738 Christo
1366 2706 1526 2738 mediante
1635 2707 1745 2738 Posset
1768 2713 1876 2738 tamen
1900 2707 1961 2739 dici
1985 2707 2075 2749 quod
2097 2707 2276 2749 redemptio
2299 2707 2339 2740 de
2362 2718 2427 2750 qua
2449 2712 2499 2745 est

462 2752 602 2781 humana
634 2756 761 2786 natura,
794 2750 911 2791 duplex
943 2757 990 2781 est
1020 2750 1204 2782 differentia.
1240 2751 1408 2789 Quaedam
1440 2751 1526 2781 enim
1579 2752 1676 2791 gratia
1692 2753 1841 2783 materiae
1861 2751 2049 2783 determinat
2065 2753 2123 2783 sibi
2139 2762 2310 2793 personam
2326 2752 2454 2784 Christi.
2477 2750 2644 2792 Quonia'ffl
2700 2751 2742 2785 c}

463 2801 536 2825 sunt
559 2794 783 2835 dispositiones
811 2795 935 2825 essendi
963 2801 1016 2825 aut
1044 2795 1194 2836 patiendi,
1219 2801 1255 2826 ut
1278 2805 1346 2827 esse
1376 2795 1525 2831 calidum,
1579 2796 1710 2826 materia
1740 2797 1808 2827 eius
1836 2802 1883 2827 est
1910 2797 2052 2837 sanguis,
2075 2806 2132 2828 seu
2155 2797 2219 2828 vita
2241 2806 2396 2838 corporea
2420 2797 2552 2833 Christi,
2574 2804 2644 2828 non
2703 2795 2743 2815 ”

463 2844 676 2874 mansuetum,
694 2838 897 2879 flagellatum,
915 2839 1112 2875 crucifixum,
1129 2841 1260 2876 tristem,
1278 2846 1309 2871 et
1330 2839 1526 2871 huiusmodi.
1580 2840 1867 2881 qualitercumque,
1891 2840 1947 2871 sed
1970 2841 2110 2881 passioni
2137 2841 2299 2882 mortique
2326 2842 2480 2882 exposita.
2509 2840 2645 2872 Constat

464 2883 504 2913 Et
526 2883 604 2913 haec
636 2884 769 2913 omnino
802 2889 876 2914 sunt
908 2885 1036 2924 propria
1065 2883 1192 2914 Christo
1220 2890 1257 2915 ut
1285 2883 1486 2924 distinguitur
1509 2893 1527 2914 a
1581 2884 1739 2924 siquidem
1767 2885 1845 2916 haec
1874 2885 1983 2916 omnia
2012 2885 2141 2925 propria
2164 2895 2232 2916 esse
2256 2885 2394 2916 Christo.
2418 2886 2466 2917 Ac
2488 2894 2547 2926 per
2568 2885 2643 2922 hoe,

464 2927 553 2957 Patre
578 2932 608 2957 et
633 2927 750 2967 Spiritu
774 2927 902 2958 Sancto.
1582 2928 1753 2959 dicendum
1781 2934 1828 2960 est
1855 2929 2000 2960 absolute
2024 2929 2113 2970 quod
2141 2939 2209 2960 esse
2231 2929 2481 2981 Redemptorem
2510 2929 2644 2963 humum

519 2971 685 3008 Quaedam
708 2981 784 3002 vero
809 2978 882 3002 sunt
906 2973 1063 3004 actiones:
1089 2978 1124 3005 ut
1147 2972 1274 3008 docere,
1301 2982 1421 3008 sanare,
1446 2971 1527 3005 redi-
1581 2973 1705 3013 generis
1728 2979 1775 3004 est
1797 2973 1964 3018 proprium
1988 2972 2132 3005 Christo:
2158 2974 2313 3014 quoniam
2335 2974 2404 3015 ipse
2426 2973 2689 3015 personaliter.
2683 2996 2729 3014 Ἀ

466 3024 561 3050 mere,
578 3015 706 3050 salvare,
725 3021 783 3046 etc.
809 3016 849 3046 Et
865 3016 904 3046 de
921 3017 968 3046 his
987 3016 1076 3046 aliter
1092 3022 1138 3047 est
1154 3016 1326 3047 dicendum
1349 3016 1527 3048 secundum
1582 3017 1625 3047 ita
1641 3016 1729 3057 quod
1752 3027 1812 3048 nec
1836 3017 1927 3048 Pater
1949 3027 2009 3048 nec
2033 3017 2167 3058 Spiritus
2185 3017 2330 3054 Sanctus,
2346 3017 2456 3054 solvit;
2481 3023 2512 3048 et
2527 3017 2567 3049 de
2582 3025 2650 3049 suo
2694 3020 2735 3057 Ἀ

466 3068 548 3088 rem:
574 3065 604 3089 et
628 3060 716 3090 aliter
743 3060 921 3090 secundum
955 3061 1125 3091 nominum
1159 3061 1416 3101 appellationem.
1445 3061 1527 3092 Nam
1582 3061 1798 3101 personaliter,
1823 3063 1866 3092 ita
1889 3061 1979 3102 quod
2001 3071 2062 3092 nec
2084 3062 2183 3093 Patris
2205 3071 2266 3093 nec
2290 3061 2424 3102 Spiritus
2447 3041 2554 3093 Sancti
2573 3070 2644 3103 per-

466 3102 642 3134 secundum
674 3113 750 3140 rem,
779 3103 950 3134 dicendum
979 3110 1025 3135 est
1052 3104 1141 3145 quod
1167 3106 1250 3135 actio
1283 3105 1450 3146 dupliciter
1476 3115 1528 3135 su·
1582 3105 1741 3136 sonaliter.
1766 3106 1807 3136 Et
1826 3106 1931 3146 glossa
1955 3111 1986 3136 et
2009 3106 2123 3137 similia
2146 3105 2349 3146 intelligenda
2371 3111 2446 3137 sunt
2468 3105 2642 3141 causaliter.
2714 3109 2719 3148 ².

466 3147 576 3177 mitur:
602 3147 720 3179 scilicet
744 3148 918 3184 causaliter,
934 3148 984 3179 vel
1000 3149 1216 3188 personaliter.
1242 3149 1282 3180 Et
1297 3150 1360 3181 hoc
1379 3155 1426 3180 est
1441 3148 1528 3181 dictu
1582 3149 1650 3183 Nec
1673 3149 1830 3190 discrepat
1847 3150 1911 3182 hoc
1927 3160 1946 3183 a
1961 3150 2081 3184 litterae
2104 3149 2258 3187 doctrina.
2275 3159 2358 3191 quae
2373 3149 2414 3181 ad
2427 3147 2677 3193 maulim

467 3191 626 3221 actionem
651 3191 767 3222 Christi
790 3192 873 3223 sumi
897 3201 991 3232 posse
1008 3193 1058 3223 vel
1075 3193 1253 3225 secundum
1278 3193 1366 3234 quod
1383 3199 1429 3224 est
1445 3193 1528 3224 actio
1583 3193 1725 3225 attendit.
1749 3194 1790 3226 Et
1814 3200 1916 3236 potes,
1931 3195 1959 3228 si
1981 3194 2038 3232 vis.
2062 3194 2275 3236 distinguere.
2297 3193 2435 3231 dicendo
2457 3185 2644 3242 quodie&-
2731 3230 2738 3235 ⁴

467 3244 483 3263 a
507 3235 570 3266 suis
595 3234 803 3266 efficientibus
827 3237 948 3266 exiens:
975 3255 997 3258 -
1020 3242 1051 3266 et
1073 3237 1118 3267 sic
1142 3237 1303 3277 quaelibet
1325 3237 1394 3269 talis
1411 3237 1528 3268 Christi
1583 3247 1669 3270 mere
1685 3238 1851 3273 causaliter
1869 3243 1916 3270 est
1939 3238 2106 3290 proprium
2126 3237 2254 3274 Christo
2277 3230 2525 3279 immediata-itt
2539 3237 2660 3283 inlit-
2673 3260 2735 3291 ,ἲ-

467 3279 550 3308 actio
567 3285 612 3309 est
629 3278 771 3310 effective
784 3290 801 3309 a
817 3285 883 3310 tota
896 3280 1051 3311 Trinitate
1067 3280 1214 3317 mediate,
1231 3287 1262 3312 et
1278 3282 1316 3311 ab
1331 3282 1528 3314 humanitate
1582 3287 1648 3313 tera
1664 3281 1788 3319 dicitur,
1805 3283 1880 3325 quia
1904 3288 1940 3315 ut
1962 3292 1980 3314 a
2001 3283 2103 3326 prima
2123 3292 2217 3314 causa
2240 3282 2377 3314 mediate
2396 3286 2444 3314 est
2469 3278 2660 3328 comune
2718 3308 2722 3309 ⁷

468 3322 495 3351 C
498 3322 583 3352 bristi
609 3323 799 3354 immediate.
825 3323 909 3354 Tota
932 3323 1091 3364 siquidem
1115 3325 1253 3356 Trinitas
1276 3325 1406 3356 salvavit
1428 3335 1529 3366 genus
1583 3325 1746 3363 Trinitatn
1770 3326 1926 3358 redimere
1945 3332 2054 3363 autem
2069 3326 2279 3368 personaliter
2299 3332 2346 3358 est
2361 3325 2527 3368 proprium
2550 3324 2644 3358 Chri·
2707 3321 2758 3360 {5-

468 3365 655 3402 humanum.
673 3372 703 3399 et
719 3368 840 3399 sanavit
862 3366 1016 3403 infirmos,
1034 3369 1194 3399 suscitavit
1217 3375 1373 3405 mortuos,
1391 3375 1469 3400 etc.:
1487 3371 1530 3400 ita
1583 3376 1650 3406 sto,
1675 3371 1764 3410 quia,
1787 3371 1996 3411 personaliter
2017 3371 2194 3412 loquendo,
2217 3371 2285 3402 sola
2307 3370 2426 3402 Christi
2443 3379 2590 3414 persona,
2612 3375 2644 3402 et

233 3436 283 3457 Α
271 3441 308 3463 g
317 3434 358 3462 Ep
366 3439 407 3455 CL
469 3409 567 3448 quod,
584 3410 663 3441 infra
687 3410 802 3442 limites
825 3411 1014 3442 causalitatis
1037 3411 1160 3448 stando.
1180 3422 1247 3444 non
1270 3414 1370 3453 magis
1386 3414 1529 3449 Verbum
1583 3414 1622 3445 de
1645 3414 1744 3445 solius
1766 3424 1842 3446 suae
1865 3424 2021 3456 personae
2043 3416 2157 3456 pretio.
2176 3414 2309 3447 redemit
2330 3424 2432 3455 genus
2454 3415 2642 3451 humanum,

1583 3458 1977 3544 mliteinei‘essgiissmne
1993 3502 2032 3536 ad
2048 3503 2186 3539 tertium.
2203 3501 2338 3537 dubium
2356 3503 2495 3537 occurrit
2509 3503 2592 3535 circa
2605 3502 2643 3536 il-

1583 3545 1655 3576 lud:
1673 3546 1843 3578 Passiones
1857 3552 2043 3578 sanctorum
2053 3547 2234 3590 proficiunt
2243 3546 2407 3579 Ecclesiae
2422 3556 2488 3578 non
2500 3556 2562 3588 per
2576 3556 2643 3578 mo·

1583 3589 1658 3620 dum
1675 3590 1910 3630 redemptionis.
1935 3590 2023 3621 Tum
2043 3590 2118 3631 qula
2133 3591 2196 3621 hoc
2213 3595 2259 3621 cst
2275 3596 2384 3621 contra
2400 3591 2505 3631 ipsum
2522 3591 2643 3622 Aucto-
