2872 3970
204 358 269 394 w
291 357 414 390 Auctor
442 355 574 385 totalem
603 353 821 385 exclusionem
846 352 929 383 illius
956 362 974 382 a
997 358 1173 392 conceptu:
1205 352 1259 382 sed

205 400 416 447 &cessarium
438 407 631 429 concursum
653 395 877 429 tantummodo
901 395 1047 426 excludit.

245 439 313 483 1V'4
329 444 346 460 ⁴*
368 443 417 474 De
439 443 499 473 hac
521 441 652 472 materia
673 441 774 471 multa
797 440 979 480 scripsimus
1002 440 1035 469 in
1058 439 1260 490 praecedenti

119 509 140 526 ;-
167 520 171 521 ⁷
205 476 285 531 ἤδη)
301 488 335 518 *ε
359 491 391 517 et
404 485 478 516 ideo
493 495 582 516 nunc
596 489 789 526 pertranseo,
805 482 1046 524 praemonendo
1065 484 1204 513 novitios
1219 492 1261 513 ne

115 524 127 562 J
141 519 181 569 s:
206 527 270 564 5ss
267 526 435 562 sectentur
465 528 582 560 dictam
611 529 800 559 sententiam
827 537 845 557 a
870 527 1070 557 Damasceno
1101 533 1261 567 sumptam

287 573 487 605 'articulum
509 572 595 609 fidei,
618 577 673 603 aut
694 577 847 611 tanquam
877 571 1064 611 oppositum
1092 580 1262 601 erroneum

205 623 328 665 wm-
345 617 505 649 'senentes
529 617 615 647 enim
637 616 802 647 materiam
823 616 955 646 humani
978 615 1061 645 fetus
1083 615 1262 654 proximam

112 653 144 699 }-
158 683 178 693 ,.
207 661 436 716 ,55911111Ιίοώ
462 669 582 696 semen,
607 661 727 700 absque
753 659 828 690 fidei
854 659 969 689 iniuria
995 658 1136 689 dicerent
1163 658 1262 708 quod,

137 706 164 739 ἵ»
206 706 287 750 sicut
312 701 352 737 ad
374 704 585 745 virginitatem
607 704 714 734 matris
738 702 855 734 Christi
878 708 998 743 spectat
1021 701 1111 742 quod
1137 703 1263 742 sanguis

118 746 152 789 {23³
207 746 274 783 eius
285 744 325 790 ad
335 749 445 779 locum
459 747 636 778 naturalem
651 747 862 787 generationis
878 751 1026 776 attractus
1038 745 1133 776 fuerit
1145 747 1264 796 absque

207 787 473 834 δὸὶιὲιιρὶεεειιιίει,
491 791 534 822 ita
559 791 598 822 ad
621 791 764 822 eiusdem
785 790 945 830 virginalis
969 795 1145 830 conceptus
1167 790 1261 820 mira-

124 847 141 873 2,
207 837 316 871 diuum
330 840 451 877 spectat
466 834 556 876 quod
572 835 692 875 absque
706 834 844 865 libidinis
859 839 947 864 aestu
963 834 1140 864 resolutum
1155 843 1264 864 semen

140 871 179 909 Ὗ-
205 881 349 917 lubitum
370 879 474 911 fuerit.
501 879 542 910 Et
565 885 734 919 propterea
756 879 913 908 instruens
935 878 1078 917 Angelus
1101 878 1264 917 Virginem

207 919 246 957 de
267 923 367 955 modo
395 929 581 963 conceptus,
605 933 672 953 non
700 922 776 953 dicit
801 927 936 958 tantum,
960 921 1099 962 Spiritus
1128 921 1265 952 Sanctus

146 967 149 971 ’
205 967 405 1011 superveniet
419 967 452 997 in
469 971 508 1002 te,
523 966 578 997 sed
594 966 722 1002 addidit,
735 971 767 996 et
781 967 883 996 virtus
898 965 1053 996 Altissimi
1068 965 1266 996 obumbrabit

150 1030 162 1042 »,
178 1028 186 1040 .
207 1008 262 1044 nbi
272 1013 303 1042 ⁹.
320 1012 358 1042 ab
374 1016 462 1042 aestu
485 1011 598 1051 procul
615 1010 713 1041 dubio
731 1009 1027 1050 concupiscentiae:
1051 1009 1164 1039 umbra
1179 1009 1265 1039 enim

128 1050 141 1099 J
154 1056 159 1063 “’
207 1065 289 1099 opus
303 1065 371 1086 non
387 1061 433 1086 est
448 1055 508 1086 nisi
524 1060 655 1095 propter
674 1059 797 1084 aestum
813 1054 869 1094 qui
885 1059 966 1084 esset
988 1062 1055 1083 non
1077 1058 1264 1093 protegente

145 1098 152 1110 ³
263 1100 299 1130 br
319 1122 327 1130 .

147 1140 155 1180 ζ
206 1109 328 1184 &Nic
351 1143 454 1173 obstat
483 1142 703 1182 integerrimae
730 1141 899 1182 virginitati
929 1141 1044 1172 mentis
1068 1146 1099 1171 et
1122 1141 1264 1181 corporis

247 1572 270 1594 >,
296 1572 300 1584 ι
328 1581 366 1598 1,»
391 1575 395 1582 »
418 1564 440 1589 1)
469 1563 610 1589 SEXTUM
634 1563 684 1588 SIC
706 1563 941 1589 PROCEDITUR.
971 1551 1132 1588 Videtur
1160 1552 1267 1601 quod

259 1597 289 1636 ἴ,
332 1600 398 1652 ’Ἐξ
419 1617 559 1664 corpus
586 1603 725 1641 Christi
751 1604 862 1641 fuerit
889 1605 1102 1641 secundum
1124 1604 1266 1653 aliquid

361 1651 609 1716 signatum
636 1657 676 1693 in
694 1657 821 1694 Adam
849 1665 885 1694 et
913 1657 952 1694 in
973 1656 1053 1694 aliis
1080 1657 1264 1706 patribus.

172 1721 190 1731 ·’
269 1705 351 1737 “1ss
393 1709 518 1747 Dicit
537 1709 638 1746 enirn
659 1709 905 1769 Augustinus,
922 1711 957 1746 X
974 1722 1086 1759 super
1107 1711 1198 1747 Gen.
1219 1710 1270 1747 ad

209 1763 270 1801 litt.
288 1762 320 1810 *,
350 1763 456 1812 quod
485 1774 573 1799 caro
603 1762 741 1799 Christi
769 1762 837 1799 fuit
865 1763 903 1799 in
931 1762 1057 1799 Adam
1086 1770 1121 1799 et
1147 1763 1267 1800 Abra-

208 1816 300 1855 ham
318 1816 518 1853 secundum
537 1815 791 1865 corpulentam
809 1817 1060 1852 substantiam.
1090 1815 1166 1853 Sed
1185 1827 1267 1852 cor-

123 1892 142 1918 -g
207 1869 363 1919 pulenta
391 1867 600 1905 substantia
628 1875 683 1904 est
711 1868 897 1917 quiddam
925 1867 1127 1916 signatum.
1164 1869 1266 1915 Ergo

209 1930 301 1959 caro
317 1921 456 1958 Christi
483 1920 552 1957 fuit
580 1920 619 1957 in
638 1921 765 1957 Adam
793 1928 829 1958 et
848 1921 1045 1957 Abraham
1074 1927 1110 1957 et
1128 1920 1167 1957 in
1187 1920 1267 1957 aliis

52 2009 58 2017 Δ
209 1973 377 2024 putribus
405 1973 620 2010 secundum
640 1973 783 2022 aliquid
811 1973 1013 2022 signatum.

134 2026 166 2077 11,
217 2034 299 2063 2.
327 2027 558 2074 PRAETEREA,
587 2028 697 2063 Rom.
718 2025 767 2063 ι*
794 2026 931 2063 dicitur
957 2026 1064 2075 quod
1094 2026 1268 2063 Christus

130 2077 147 2106 ’ἶ
176 2099 178 2101 >
199 2075 326 2129 filetus
344 2085 396 2116 est
412 2092 462 2117 ex
479 2081 618 2116 semine
635 2079 760 2116 David
775 2079 976 2116 secundum
996 2091 1160 2116 carnem.
1192 2079 1268 2116 Sed

233 2139 235 2141 ’
248 2135 341 2170 tuen
369 2132 494 2169 David
513 2131 581 2169 fuit
600 2131 743 2181 aliquid
771 2132 961 2180 signatum
981 2131 1020 2168 in
1039 2131 1136 2181 ipso.
1166 2132 1268 2180 Ergo

173 2184 385 2237 Christus
411 2184 480 2222 fuit
507 2184 546 2221 in
574 2184 701 2221 David
728 2185 943 2222 secundum
971 2184 1115 2233 aliquid
1149 2183 1268 2233 signa-

186 2244 311 2289 1111111
341 2245 377 2274 et
405 2238 542 2274 eadem
570 2237 715 2274 ratione
743 2237 783 2274 in
811 2237 892 2274 aliis
919 2237 1101 2286 patribus

165 2290 173 2295 “’
228 2289 300 2327 3.
329 2291 561 2337 PRAETER-EA,
578 2290 751 2327 Christus
771 2290 820 2327 ad
838 2291 1058 2327 humanum
1078 2302 1199 2338 genus
1218 2290 1269 2327 af-

191 2341 396 2381 finitatem
431 2343 545 2380 habet
576 2342 807 2392 inquantum
843 2355 889 2380 ex
921 2343 1095 2380 humano
1132 2355 1270 2391 genere

120 2425 126 2438 1,
141 2404 155 2418 Ἀ
213 2402 368 2437 mnem
394 2395 610 2446 assumpsit.
642 2395 718 2433 Sed
747 2395 777 2432 si
804 2407 893 2433 caro
922 2395 983 2432 illa
1010 2408 1091 2433 non
1118 2396 1187 2433 fuit
1214 2408 1270 2432 se-

128 2447 130 2449 ’
213 2448 386 2487 mudum
413 2448 557 2498 aliquid
594 2448 784 2497 signatum
812 2448 851 2485 in
879 2449 1018 2495 Adam,
1044 2450 1190 2486 nullam
1217 2448 1270 2485 vi-

171 2500 325 2543 detur
358 2501 500 2538 habere
537 2501 759 2539 affinitatem
796 2501 845 2538 ad
881 2502 1101 2539 humanum
1137 2513 1270 2550 genus,

162 2552 320 2604 quod
339 2564 386 2591 ex
404 2554 531 2591 Adam
549 2552 761 2592 derivatur:
792 2554 858 2591 sed
878 2553 997 2602 magis
1017 2555 1066 2591 ad
1085 2554 1175 2592 alias
1199 2566 1269 2600 res,

140 2606 146 2613 ’
169 2643 171 2647 ,
181 2606 317 2645 unde
335 2606 493 2644 materia
515 2606 639 2644 carnis
667 2606 748 2644 eius
768 2615 964 2667 assumpta
983 2614 1048 2644 est.
1078 2607 1240 2644 Videtur
1254 2612 1271 2629 α

175 2665 304 2710 ‘ergo
330 2659 437 2709 quod
465 2671 553 2697 caro
588 2659 727 2697 Christi
753 2659 863 2697 fuerit
895 2660 935 2696 in
962 2660 1089 2697 Adam
1122 2668 1158 2697 et
1192 2659 1272 2697 aliis

163 2710 382 2761 -pfimbus
409 2713 625 2750 secundum
653 2712 796 2762 aliquid
824 2712 1024 2760 signatum.

144 2764 165 2811 ᾗὲ
249 2764 341 2802 Sz'n
360 2776 503 2803 CONTRA
522 2777 588 2802 EST
606 2765 714 2815 quod
732 2765 968 2814 Augustinus
991 2765 1088 2812 dicit,
1109 2767 1144 2802 X
1162 2778 1273 2816 super

218 2816 309 2856 Gon.
336 2818 388 2855 ad
412 2818 474 2855 litt.
494 2817 531 2855 *z
563 2818 826 2868 Quocumque
853 2818 974 2855 modo
1004 2818 1177 2856 Christus
1204 2819 1272 2856 fuit

215 2866 258 2906 111
281 2869 407 2908 Adam
430 2877 467 2907 et
486 2847 683 2908 Abraham
701 2869 727 2918 β,
749 2870 811 2908 alii
829 2870 1008 2908 homines
1032 2870 1083 2908 ibi
1101 2871 1270 2908 fuerunt:

138 2922 169 2950 ἓ-
215 2922 284 2959 sed
308 2932 389 2960 non
425 2923 668 2960 convertitur.
698 2923 772 2960 Alii
810 2931 940 2961 autem
976 2923 1155 2961 homines
1192 2936 1272 2961 non

214 2971 395 3012 fuerunt
385 2986 424 3012 ιιι
444 2976 570 3012 Adam
589 2983 626 3013 et
643 2977 840 3014 Abraham
860 2976 1075 3013 secundum
1103 2977 1273 3036 aliquam

168 3027 414 3073 maenam
442 3027 638 3076 signatam,
667 3029 734 3065 sed
762 3029 887 3066 solum
917 3029 1131 3066 secundum
1162 3029 1272 3078 origi-

163 3078 185 3118 J*
216 3087 326 3130 nem.
364 3087 408 3118 ut
435 3080 474 3117 in
510 3080 640 3117 Prima
676 3081 786 3118 Parte
803 3081 824 3103 ’¹⁸
852 3081 1027 3118 habitum
1065 3089 1131 3118 est.
1170 3083 1271 3130 Ergo

167 3137 190 3180 ᾗ
217 3127 342 3182 neque
379 3132 553 3170 Christus
588 3132 658 3170 fuit
684 3133 724 3170 in
752 3133 878 3170 Adam
914 3141 951 3170 et
982 3133 1178 3171 Abraham
1215 3147 1272 3171 se-

174 3185 179 3194 ”
216 3185 388 3222 eundum
425 3185 568 3234 aliquid
605 3185 814 3233 signatum:
855 3193 911 3232 et,
940 3186 1077 3222 eadem
1114 3186 1270 3233 ratione,

181 3280 198 3285 Η
217 3236 355 3275 mein
380 3237 462 3274 aliis
488 3237 671 3287 patribus.

174 3290 194 3301 ²·
225 3311 227 3313 -
255 3289 491 3328 :massonus-0
527 3302 708 3328 mcENDuM
745 3290 872 3349 quod,
901 3289 998 3327 sicut
1032 3302 1148 3339 supra
1169 3291 1190 3313 '¹‘
1218 3291 1272 3328 di-

199 3345 333 3391 0111111
347 3350 413 3390 est,
433 3343 591 3380 materia
618 3342 790 3392 corporis
814 3342 951 3379 Christi
980 3354 1060 3379 non
1087 3343 1155 3380 fuit
1183 3355 1272 3380 caro

135 3419 161 3434 a,
218 3400 263 3431 et
273 3401 327 3432 05
355 3395 494 3432 Beatae
521 3395 704 3444 Virginis,
734 3407 805 3432 nec
841 3394 983 3444 aliquid
1020 3396 1127 3444 quod
1162 3395 1273 3432 fuerit

271 3516 288 3533 α
321 3508 438 3535 Videtur.
455 3523 475 3529 -·
491 3510 513 3535 F
531 3515 558 3536 et
573 3510 660 3539 tei-tin
682 3510 796 3535 Dicitur.

271 3506 299 3578 33
313 3544 456 3572 Abraham.
473 3559 493 3565 —
510 3549 536 3571 et
554 3546 614 3571 aliis
629 3546 753 3577 patribus
771 3545 867 3570 addunt
886 3545 935 3571 PF.

357 3632 466 3657 Smnuuz
479 3633 580 3659 Τιιιοι,
598 3633 630 3659 D.
650 3634 765 3659 Τιιοιιᾼιι
784 3634 816 3659 Τ.
834 3634 899 3659 VIII.

871 274 1134 320 QUAESTIO
1163 275 1304 322 XXXI,
1334 274 1625 311 ARTICULUS
1653 274 1702 310 VI

2299 274 2373 323 329

1315 352 1384 382 talis
1408 361 1583 382 concursus
1611 352 1741 382 seminis
1765 351 1894 382 feminei
1918 353 1957 382 ad
1981 359 2184 392 conceptum.
2212 353 2375 391 Quoniam

1315 396 1465 426 naturalis
1481 405 1517 426 ac
1533 396 1713 426 voluntaria
1736 396 1890 426 resolutio
1914 397 2042 426 seminis
2066 398 2275 436 virginitatem
2294 397 2376 428 tollit

1315 440 1475 470 mulieris:
1503 449 1571 470 non
1598 445 1706 470 autem
1736 440 1925 470 miraculosa
1952 449 2046 480 supra
2068 447 2198 470 naturae
2230 450 2375 476 cursum;

1318 489 1348 514 et
1370 493 1437 513 non
1461 482 1639 513 voluntaria
1662 484 1695 513 in
1719 484 1836 523 seipsa,
1864 483 1919 513 sed
1943 489 2066 514 tantum
2090 485 2123 514 in
2147 494 2202 514 sua
2226 494 2319 514 causa
2342 490 2377 514 ut

1316 527 1411 557 verba
1429 527 1545 557 Beatae
1561 527 1698 567 Virginis
1715 527 1754 557 ad
1769 527 1930 567 Angelum
1953 533 2139 563 monstrant,
2155 528 2238 558 Ecce
2257 529 2377 558 ancilla

1317 571 1459 606 Domini,
1477 571 1532 601 ubi
1547 576 1649 601 totam
1665 581 1698 601 se
1714 571 1857 601 Domino
1873 571 2071 601 subiiciendo
2088 572 2213 607 obtulit,
2219 572 2287 613 fiat
2301 572 2378 602 mihi

1317 615 1490 645 secundum
1515 615 1643 645 verbum
1668 620 1757 645 tuum
1773 616 1809 651 *;
1840 616 1896 645 ubi
1922 625 2115 646 consensum
2138 625 2205 645 non
2222 616 2261 646 ad
2284 617 2377 646 semi-

1317 658 1470 695 nandum,
1488 658 1543 688 sed
1567 658 1605 688 ad
1622 659 1755 698 Spiritus
1779 659 1884 689 Sancti
1909 665 2137 699 superventum
2157 666 2187 689 et
2208 661 2378 690 obumbra-

1318 703 1451 738 tionem,
1467 702 1492 732 F
1495 702 1605 742 iiiique
1621 703 1681 733 Dei
1698 709 1893 743 conceptum
1911 704 2098 743 virgineum,
2114 704 2276 743 praebuit;
2301 704 2378 734 haec

1319 747 1405 776 enim
1428 746 1571 786 Angelus
1601 747 1822 776 annunciabat.
1856 747 1990 777 Constat
2019 757 2157 787 namque
2186 757 2378 778 consensum

1318 790 1409 820 illum
1431 789 1470 820 ad
1486 789 1738 820 confirmandam
1760 791 1972 830 virginitatem
1995 796 2060 821 tam
2083 791 2260 821 mirabilem
2283 793 2378 831 perti-

1318 843 1403 869 nere,
1429 834 1468 864 de
1492 843 1556 873 qua
1579 834 1713 864 sollicita
1743 834 1844 864 fuerat
1871 834 2106 875 interrogando,
2133 835 2303 871 Quomodo
2316 836 2381 876 fiet

1320 878 1424 908 istud:
1446 878 1598 918 quoniam
1622 878 1726 909 virum
1750 888 1814 908 non
1843 879 2060 920 cognoscoP*
2087 879 2203 910 Secura
2222 879 2379 919 siquidem

1318 921 1439 951 reddita
1462 931 1519 961 per
1534 923 1736 952 subsecutam
1751 923 1866 962 Angeli
1889 924 2132 963 responsionem
2148 923 2187 953 de
2204 924 2379 963 virginitate

1318 975 1386 995 non
1402 965 1508 995 solum
1531 966 1692 1002 servanda,
1709 965 1764 996 sed
1780 967 1914 996 mirabili
1939 973 2098 1006 conceptu
2115 973 2146 997 et
2161 967 2266 997 divina
2289 968 2379 1007 prole

1318 1008 1560 1048 magnificanda,
1584 1010 1710 1040 nullum
1733 1011 1863 1040 mentali
1887 1011 2056 1050 virginitati
2068 1010 2308 1041 ‘detrimentum
2331 1012 2379 1041 in-

1319 1053 1390 1083 tulit
1414 1052 1561 1088 dicendo,
1577 1054 1652 1083 Fiat
1674 1054 1751 1084 mihi
1770 1054 1943 1084 secundum
1967 1055 2096 1085 verbum
2120 1060 2218 1090 tuum,
2237 1056 2331 1085 etiam
2354 1057 2379 1085 si

1319 1106 1428 1126 semen
1459 1106 1555 1126 suum
1584 1098 1774 1128 miraculose
1799 1097 1837 1128 ad
1866 1104 2061 1138 conceptum
2088 1099 2174 1129 hunc
2206 1109 2378 1130 concursu-

1317 1149 1390 1170 rum
1413 1141 1563 1170 novisset.

122 1345 124 1347 ,
151 1346 154 1347 ⁷
1015 1292 1335 1334 ARTICULUS
1365 1292 1574 1334 SEXTUS

123 1403 142 1439 ⁴,
206 1379 362 1421 UTRUM
385 1385 554 1418 CORPUS
578 1385 751 1417 CHRISTI
774 1385 933 1416 FUERIT
957 1385 1197 1416 SECUNDUM
1219 1385 1399 1423 ALIQUID
1428 1385 1654 1417 SIGNATUM
1678 1386 1721 1416 IN
1744 1386 1870 1417 ADAM
1894 1387 1951 1417 ET
1969 1387 2011 1417 IN
2035 1387 2143 1418 ALIIS
2170 1387 2380 1420 PATRIBUS

1043 1463 1074 1488 111
1095 1463 1177 1492 sent,
1198 1464 1256 1488 dist.
1275 1471 1312 1493 m,
1331 1471 1375 1496 qu.
1395 1471 1430 1493 ιν,
1449 1469 1496 1489 art.
1517 1471 1542 1489 2.

1319 1560 1406 1589 actu
1433 1565 1521 1601 pars
1550 1553 1719 1601 corporis
1746 1553 1839 1600 eius,
1861 1554 1926 1590 sed
1955 1554 2118 1602 sanguiS,
2140 1555 2206 1603 qui
2234 1563 2288 1592 est
2311 1568 2379 1604 po-

1319 1605 1434 1641 tentia
1462 1617 1562 1642 caro.
1597 1605 1798 1654 Quidquid
1827 1614 1956 1643 autern
1989 1607 2058 1643 fuit
2086 1607 2125 1643 in
2154 1608 2269 1644 Beata
2297 1608 2379 1644 Vir-

1319 1657 1405 1706 gine
1433 1670 1455 1694 a
1482 1658 1703 1706 parentibus
1731 1667 1944 1708 acceptum,
1972 1659 2041 1696 fuit
2069 1667 2155 1696 actu
2183 1673 2270 1708 pars
2298 1673 2379 1697 cor-

1319 1710 1424 1759 poris
1452 1711 1590 1747 Beatae
1618 1711 1791 1759 Virginis
1832 1712 1941 1748 Unde
1970 1712 2062 1749 illud
2099 1713 2205 1761 quod
2241 1713 2310 1750 fuit
2341 1713 2381 1750 in

1321 1764 1437 1800 Beata
1463 1763 1618 1811 Virgine
1646 1776 1668 1800 a
1695 1764 1916 1812 parentibus
1952 1773 2171 1813 acceptum,
2200 1777 2280 1802 non
2313 1766 2381 1802 fuit

1320 1815 1479 1852 materia
1506 1815 1676 1864 corporis
1706 1816 1856 1853 Christi.
1895 1818 1943 1853 Et
1970 1816 2058 1854 ideo
2090 1817 2298 1854 dicendum
2328 1826 2382 1854 est

1321 1868 1427 1917 quod
1456 1880 1597 1917 corpus
1630 1868 1770 1905 Christi
1797 1881 1877 1905 non
1905 1869 1974 1906 fuit
2001 1869 2040 1906 in
2068 1870 2195 1906 Adam
2232 1878 2266 1907 et
2302 1870 2382 1907 aliis

1320 1920 1491 1970 patribus
1519 1921 1733 1958 secundum
1764 1920 1906 1970 aliquid
1935 1921 2138 1970 signatum,
2168 1922 2217 1959 ita
2245 1922 2383 1960 scilicet

1321 1973 1428 2023 quod
1456 1973 1583 2022 aliqua
1610 1986 1698 2023 pars
1726 1974 1897 2023 corporis
1925 1975 2044 2021 Adae,
2064 1977 2126 2012 vel
2154 1975 2312 2012 alicuius
2331 1977 2381 2013 al-

1320 2026 1448 2072 terius,
1477 2034 1606 2075 posset
1634 2027 1822 2075 designari
1850 2027 2110 2074 determinate,
2131 2036 2173 2064 ut
2195 2028 2383 2065 diceretur

1322 2079 1428 2128 quod
1448 2091 1497 2116 ex
1518 2081 1590 2116 hac
1616 2081 1773 2117 materia
1787 2085 1802 2108 'f
1811 2081 2046 2128 formabitur
2073 2093 2207 2130 corpus
2231 2083 2384 2118 Christi:

1322 2132 1388 2168 sed
1419 2131 1493 2177 ,fuit
1521 2131 1572 2168 ibi
1610 2133 1824 2169 secundum
1862 2132 2069 2181 originem,
2099 2133 2194 2170 sicut
2230 2142 2266 2170 et
2293 2146 2382 2171 caro

1322 2184 1486 2221 aliorum
1521 2184 1739 2222 hominum.
1780 2185 1931 2234 Corpus
1961 2185 2064 2222 enim
2102 2186 2239 2223 Christi
2269 2187 2383 2223 habet

1323 2236 1543 2274 relationem
1583 2238 1632 2274 ad
1666 2238 1792 2274 Adam
1828 2245 1863 2274 et
1900 2237 1993 2275 alios
2029 2246 2154 2287 patres
2191 2239 2382 2276 mediante

1323 2302 1484 2339 corpore
1513 2289 1642 2327 matris
1670 2290 1763 2327 eius.
1792 2291 1904 2328 Unde
1932 2292 2038 2327 nullo
2067 2291 2140 2328 alio
2169 2291 2288 2328 modo
2315 2292 2384 2328 fuit

1323 2342 1362 2379 in
1390 2343 1560 2392 patribus
1589 2355 1729 2392 corpus
1759 2343 1897 2380 Christi
1932 2355 2051 2392 quam
2079 2355 2220 2392 corpus
2252 2344 2383 2381 matris

1324 2395 1423 2443 eius,
1453 2396 1560 2445 quod
1588 2407 1668 2432 non
1695 2395 1764 2433 fuit
1792 2395 1832 2432 in
1859 2396 2030 2445 patribus
2059 2397 2274 2433 secundum
2302 2409 2383 2433 ma-

1323 2448 1457 2486 teriam
1485 2448 1689 2496 signatam:
1720 2448 1816 2485 sicut
1843 2461 1914 2486 nec
1942 2461 2104 2498 corpora
2131 2449 2294 2486 aliorum
2314 2450 2383 2486 ho-

1323 2501 1488 2548 minum,
1518 2509 1559 2538 ut
1587 2501 1626 2538 in
1654 2501 1782 2538 Prima
1810 2502 1920 2538 Parte
1939 2502 1958 2523 *
1986 2501 2131 2538 dictum
2159 2509 2224 2538 est.

1377 2555 1434 2591 An
1463 2566 1597 2591 PmMUM
1635 2566 1732 2591 ERGO
1761 2567 1941 2592 DICENDUM
1974 2554 2099 2603 quod,
2129 2553 2384 2591 cumdicitur

1326 2607 1500 2644 Christus
1528 2606 1641 2644 fuisse
1669 2606 1708 2643 in
1736 2607 1862 2644 Adam
1893 2607 2093 2644 secundum
2131 2607 2383 2656 corpulentam

2407 624 2415 633 '
2429 622 2496 650 1bid.‚
2509 629 2568 644 vers.
2580 622 2619 650 38.

2407 890 2416 899 ·
2426 889 2493 916 1bid.‚
2505 894 2565 910 vers.
2580 894 2617 917 34.

2411 2507 2420 2516 ⁴
2429 2505 2486 2527 Loc.
2494 2506 2531 2527 cit.
2540 2505 2563 2526 iu
2573 2511 2621 2533 arg.

2409 2532 2459 2554 Sed
2471 2534 2561 2553 contra.

1323 2662 1584 2706 substantiam,
1614 2671 1694 2696 non
1731 2668 1786 2696 est
1813 2659 2099 2708 intelligendum
2136 2660 2210 2696 hoc
2244 2660 2382 2706 modo,
2424 2687 2427 2694 ff

1325 2713 1432 2762 quod
1470 2724 1610 2761 corpus
1649 2712 1787 2749 Christi
1816 2712 1855 2749 in
1882 2713 2009 2750 Adam
2045 2712 2156 2749 fuerit
2191 2712 2383 2761 quaedam

1325 2766 1549 2824 corpulenta
1570 2765 1796 2802 substantia:
1831 2765 1898 2802 sed
1927 2765 2017 2814 quia
2045 2765 2268 2814 corpulenta
2296 2765 2384 2802 su-b

1325 2818 1460 2855 stantia
1488 2817 1658 2866 corporis
1679 2817 1827 2864 Christi,
1848 2817 1943 2855 idest
1966 2817 2122 2854 materia
2141 2829 2260 2866 quam
2280 2829 2383 2854 sum-

1325 2871 1399 2920 psit
1427 2883 1473 2907 ex
1500 2870 1664 2918 Virgine,
1694 2870 1763 2907 fuit
1790 2869 1829 2906 in
1857 2871 1983 2907 Adam
2011 2870 2107 2906 sicut
2133 2869 2174 2906 in
2196 2869 2383 2920 principio

1326 2924 1470 2966 activo,
1500 2935 1580 2959 non
1608 2930 1736 2959 autem
1765 2922 1861 2959 sicut
1888 2922 1927 2959 in
1955 2922 2142 2971 principio
2179 2922 2382 2969 materiali;

1325 2976 1416 3025 quia
1444 2975 1582 3012 scilicet
1607 2987 1678 3024 per
1704 2974 1884 3011 virtutem
1915 2974 2173 3023 generativam
2201 2975 2318 3021 Adae,
2349 2983 2384 3012 et

1326 3029 1489 3065 aliorum
1517 3027 1565 3064 ab
1585 3028 1711 3064 Adam
1730 3027 2045 3064 descendentium
2073 3039 2196 3076 usque
2223 3028 2271 3064 ad
2291 3028 2382 3064 Bea-

1325 3089 1404 3118 tam
1423 3080 1629 3128 Virginem,
1650 3079 1792 3116 factum
1821 3087 1876 3116 est
1903 3088 1945 3116 ut
1972 3080 2033 3117 illa
2051 3079 2209 3116 materia
2233 3080 2352 3117 taliter
2369 3079 2383 3102 ὅ

1325 3140 1614 3182 praepararetur
1628 3132 1676 3168 ad
1691 3140 1922 3181 conceptum
1937 3132 2107 3182 corporis
2123 3132 2271 3169 Christi.
2291 3133 2383 3170 Non

1326 3193 1455 3222 autern
1483 3185 1551 3222 fuit
1570 3184 1727 3221 materia
1755 3184 1817 3222 illa
1834 3186 1996 3222 formata
2023 3185 2062 3222 in
2084 3197 2223 3235 corpus
2245 3185 2383 3222 Christi

1325 3250 1395 3287 per
1407 3237 1586 3274 virtutem
1606 3236 1760 3273 seminis
1780 3237 1828 3274 ab
1843 3238 1968 3275 Adam
1988 3238 2209 3275 derivatam.
2231 3238 2279 3274 Et
2296 3237 2383 3275 ideo

1327 3289 1500 3327 Christus
1519 3289 1655 3326 dicitur
1673 3289 1787 3326 fuisse
1806 3289 1846 3327 in
1860 3291 1986 3327 Adam
2006 3290 2233 3340 originaliter
2252 3302 2383 3327 secun-

1326 3343 1422 3380 dum
1450 3343 1715 3391 corpulentam
1747 3343 2016 3389 substantiam:
2053 3356 2133 3380 non
2170 3351 2299 3380 autem
2328 3355 2384 3380 se-

1327 3395 1500 3432 cundum
1529 3394 1754 3432 seminalem
1782 3395 1980 3434 rationem.

1378 3510 1405 3545 γ)
1425 3511 1547 3537 materia.
1564 3525 1584 3530 -
1602 3511 1776 3536 determinate
1800 3511 1868 3536 addit
1887 3511 1914 3537 P.
1932 3525 1950 3530 —
1970 3511 2019 3536 Pro
2035 3511 2209 3544 formabitur,
2228 3512 2386 3546 formaliter

1325 3546 1397 3579 FpG,
1411 3546 1552 3580 formatur
1570 3546 1649 3577 Hlbc;
1669 3551 1728 3579 post
1749 3547 1848 3572 Christi
1866 3546 1885 3571 F
1905 3546 1973 3571 addit
1985 3547 2080 3580 suerit.

1378 3581 1403 3616 δ)
1424 3582 1537 3607 materia
1556 3582 1654 3607 taliter.
1672 3597 1691 3601 —
1709 3582 1885 3607 materialiter
1904 3582 1948 3611 Dc,
1969 3582 2082 3607 materia
2100 3582 2128 3607 P.

2207 3642 2239 3666 42
