2872 3970
93 365 100 373 .
115 357 146 380 ¹5.

940 275 1203 321 QUAESTIO
1232 275 1336 322 LIX,
1372 275 1663 312 ARTICULUS
1691 277 1726 312 v

244 352 259 388 1
277 353 364 389 Cor.
381 365 402 390 11
416 353 447 399 ³¹⁶,
463 353 695 402 inquantum
716 364 826 389 mens
846 351 927 389 eius
942 353 1070 389 Verbo
1089 352 1160 388 Dei
1180 352 1307 389 inhae-

245 411 318 450 ret;
355 407 478 442 multo
507 405 628 453 magis
655 405 785 442 anima
814 404 963 451 Christi,
984 417 1084 453 quae
1113 407 1226 454 plena
1253 413 1307 442 est

244 457 401 494 veritate
428 458 547 495 Verbi
573 457 656 503 Dei,
677 469 794 506 super
812 457 944 493 omnia
968 456 1153 494 iudicium
1179 458 1304 494 habet.

299 510 492 557 Secundo,
512 517 670 559 apparet
694 509 798 546 idem
826 521 874 546 ex
900 509 1037 546 merito
1059 509 1192 546 mortis
1212 509 1304 546 eius.

245 561 360 610 Quia,
381 570 423 599 ut
450 563 587 600 dicitur
604 564 715 599 Rom.
735 574 796 598 xiv
813 561 844 607 ³3,
874 563 911 598 in
931 563 1002 598 hoc
1024 563 1188 599 Christus
1206 575 1306 599 mor—

243 619 325 652 tuus
360 621 412 652 est
437 621 472 652 et
499 617 716 660 resurrexit,
750 620 788 651 ut
813 617 984 652 vivorum
1013 621 1046 651 et
1072 621 1304 652 mortuorum

243 667 464 704 dominetur.
494 668 542 704 Et
562 667 650 704 ideo
671 679 787 716 super
806 679 942 703 omnes
968 667 1084 711 habet
1107 667 1303 704 iudicium.

242 720 405 769 Propter
440 720 548 769 quod
583 727 620 756 et
656 721 864 768 Apostolus
901 719 952 756 ibi
989 719 1116 756 subdit
1141 720 1160 742 ⁵³²
1198 721 1305 768 quod

243 785 372 810 omnes
406 775 583 810 stabimus
617 779 702 810 ante
727 773 891 810 tribunal
922 774 1075 809 Christi:
1106 780 1142 808 et
1169 772 1306 809 Daniel

242 837 288 862 vu
309 825 340 870 ²⁸,
361 826 469 874 quod
488 831 504 853 Υ
531 825 628 863 dedit
645 827 682 862 ei
691 831 908 875 potestatem
936 831 969 862 et
996 827 1177 862 honorem
1197 831 1230 861 et
1249 837 1305 862 re-

241 889 373 928 gnum,
394 884 428 915 et
441 891 569 915 omnes
583 879 726 928 populi,
742 880 858 915 tribus
871 884 904 914 et
918 878 1072 927 linguae
1084 879 1242 915 servient
1260 880 1303 914 ei.

295 931 440 974 Tertio,
471 938 630 980 apparet
656 931 761 968 idem
789 943 835 967 ex
862 930 1151 979 comparatione
1175 942 1305 966 rerum

241 983 505 1021 humanarum
524 984 574 1021 ad
592 983 714 1020 finem
733 985 928 1020 humanae
951 983 1091 1020 salutis.
1122 983 1304 1020 Cuicum-

241 1047 317 1084 que
346 1036 451 1073 enim
479 1036 730 1074 committitur
755 1036 975 1086 principale,
995 1035 1247 1073 committitur
1270 1043 1306 1072 et

242 1089 510 1126 accessorium.
551 1090 699 1127 Omnes
735 1097 866 1126 autern
893 1101 953 1126 res
982 1089 1176 1126 humanae
1205 1088 1305 1125 ordi-

209 1166 213 1169 *
240 1149 381 1180 uantur
408 1142 448 1179 in
474 1141 595 1179 finem
623 1141 877 1188 beatitudinis,
903 1154 1003 1190 quae
1031 1149 1087 1178 est
1114 1142 1215 1178 salus
1243 1153 1304 1178 ae-

107 1255 132 1279 31
148 1255 199 1278 um-

93 1458 200 1487 pueced.
207 1475 214 1486 ,

240 1201 359 1241 terna,
381 1195 430 1232 ad
459 1207 578 1244 quam
606 1195 786 1232 homines
813 1195 1078 1240 admittuntur,
1099 1195 1163 1230 vel
1190 1193 1302 1230 etiam

241 1249 489 1297 repelluntur,
509 1247 651 1285 iudicio
673 1247 823 1294 Christi,
844 1255 887 1284 ut
904 1255 1007 1296 patet
1031 1247 1166 1284 Matth.
1187 1259 1259 1283 xxv
1272 1246 1303 1283 ²¹².

241 1301 290 1338 Et
316 1301 405 1338 ideo
425 1300 671 1338 manifestum
690 1307 746 1337 est
765 1301 872 1348 quod
900 1301 948 1337 ad
972 1299 1210 1336 iudiciariam
1238 1311 1304 1348 po-

239 1360 412 1391 testatem
441 1352 581 1390 Christi
614 1352 804 1402 pertinent
839 1365 976 1389 omnes
1008 1365 1067 1390 res
1095 1354 1302 1389 humanae.

292 1407 350 1444 An
378 1418 514 1444 patmum
542 1418 640 1443 ERGO
671 1417 854 1443 memnon
882 1406 1005 1454 quod,
1035 1405 1131 1442 sicut
1158 1405 1304 1442 dictum

239 1466 296 1496 est
313 1459 352 1503 ⁸⁶,
381 1458 578 1496 iudiciaria
604 1466 772 1507 potestas
800 1458 1050 1507 consequitur
1076 1458 1220 1506 regiam
1253 1458 1304 1494 di-

238 1511 432 1560 gnitatem.
457 1511 631 1548 Christus
650 1519 792 1558 autem,
813 1511 992 1560 quamvis
1011 1523 1078 1547 rex
1097 1518 1194 1547 esset
1213 1523 1304 1547 con-

239 1564 390 1602 stitutus
418 1577 440 1601 a
467 1565 571 1612 Deo,
601 1577 681 1602 non
709 1572 839 1601 tamen
867 1564 907 1601 in
934 1564 1041 1600 terris
1069 1563 1204 1600 vivens
1232 1571 1304 1600 ter-

289 1696 318 1731 γ)
337 1697 417 1729 quod.
435 1711 455 1716 —
472 1698 573 1723 dicitur
591 1698 664 1731 quod
682 1698 759 1723 PIsG.

2348 275 2420 322 545

1362 365 1500 389 renum
1529 365 1690 401 regnum
1718 353 1975 402 temporaliter
1998 353 2259 390 administrare
2279 353 2419 390 voluit:

1361 405 1464 442 unde
1484 405 1564 454 ipse
1585 405 1683 452 dicit,
1705 407 1807 442 Ioan.
1829 418 1910 442 xvm
1928 406 1967 442 *ε
1997 407 2174 455 Regnum
2201 418 2326 442 meum
2346 419 2419 443 non

1361 464 1411 494 est
1429 459 1474 494 de
1492 459 1562 494 hoc
1589 459 1739 495 mundo.
1770 459 1817 495 Et
1845 458 2014 494 similiter
2042 458 2156 495 etiam
2182 458 2420 495 iudiciariam

1360 518 1584 558 potestatem
1614 523 1788 547 exercere
1808 510 1930 547 noluit
1958 523 2074 559 super
2099 523 2158 547 res
2177 512 2419 559 temporales,

1360 563 1426 611 qui
1464 571 1620 599 venerat
1657 563 1834 600 homines
1872 563 1920 599 ad
1957 563 2086 600 divina
2122 563 2341 600 transferre:
2378 571 2421 599 ut

1359 615 1602 662 Ambrosius,
1633 615 1776 652 ibidem
1794 616 1832 662 ³¹⁶,
1863 615 1970 652 dicit:
2004 618 2108 652 Bene
2134 622 2283 652 terrena
2311 616 2419 652 decli-

1360 674 1423 704 nat
1450 670 1513 716 qui
1525 674 1680 717 propter
1707 669 1831 706 divina
1859 669 2113 705 descenderat:
2141 681 2208 705 nec
2227 669 2339 704 iudex
2367 668 2418 704 di-

1358 726 1498 769 gnatur
1517 733 1593 756 esse
1620 721 1736 757 litium
1765 727 1797 757 et
1825 723 1962 758 arbiter
1978 722 2220 768 facultatum,
2249 722 2419 758 vivorum

1359 774 1496 809 habens
1515 779 1819 822 mortuorumque
1846 774 2032 820 iudicium,
2053 775 2319 822 arbitriumque
2346 785 2418 809 me-

1359 827 1527 862 ritorum.

1412 880 1469 914 An
1506 890 1695 915 SECUNDUM
1731 890 1911 915 DICENDUM
1949 879 2055 927 quod
2094 878 2244 915 Christo
2286 878 2418 915 omnia

1359 938 1447 966 sunt
1466 931 1635 967 subiecta
1649 939 1839 979 quantum
1858 932 1907 967 ad
1925 939 2163 979 potestatem,
2179 943 2298 979 quam
2313 943 2334 967 a
2350 932 2418 967 Pa-

1358 992 1413 1019 tre
1433 995 1550 1032 super
1575 983 1706 1020 omnia
1732 983 1895 1032 accepit:
1926 984 2142 1020 secundum
2170 983 2262 1020 illud
2281 984 2415 1020 Matth.

1359 1037 1424 1072 ult.
1452 1035 1491 1072 *ε
1525 1037 1625 1072 Data
1653 1042 1704 1072 est
1731 1037 1823 1072 mihi
1853 1038 1973 1073 omnis
2000 1042 2161 1086 potestas
2188 1039 2225 1072 in
2254 1036 2357 1073 caelo
2385 1042 2419 1072 et

1360 1090 1396 1125 in
1425 1094 1537 1125 terra.
1568 1089 1758 1125 Nondum
1777 1096 1906 1125 tamen
1935 1097 2023 1125 sunt
2042 1089 2076 1125 ei
2096 1089 2226 1125 omnia
2250 1088 2419 1125 subiecta

1359 1149 1549 1190 quantum
1577 1141 1625 1177 ad
1654 1141 1921 1178 executionem
1949 1154 2040 1178 suae
2065 1141 2269 1190 potestatis.
2300 1141 2418 1187 Quod

1359 1193 1518 1242 quidem
1547 1193 1615 1230 erit
1643 1193 1681 1229 in
1710 1194 1849 1239 futuro,
1880 1195 2036 1242 quando
2065 1194 2112 1230 de
2142 1193 2322 1230 omnibus
2349 1206 2418 1230 vo-

1359 1247 1544 1283 luntatem
1573 1258 1684 1282 suam
1704 1246 1937 1295 adimplebit,
1959 1247 2149 1295 quosdam
2171 1246 2330 1295 quidem
2349 1248 2419 1283 sal-

1358 1299 1506 1344 vando,
1536 1299 1728 1347 quosdam
1755 1299 1966 1347 puniendo.

1412 1353 1469 1388 AD
1497 1364 1655 1388 TERTmM
1674 1364 1855 1389 DICENDUM
1875 1352 1983 1400 quod
2010 1359 2096 1388 ante
2118 1351 2420 1388 incarnationem

1358 1404 1584 1442 huiusmodi
1610 1404 1750 1441 iudicia
1769 1405 2043 1441 exercebantur
2061 1417 2130 1453 per
2150 1404 2345 1441 Christum
2364 1404 2419 1440 in-

1358 1465 1549 1507 quantum
1578 1465 1632 1493 est
1650 1457 1824 1493 Verbum
1852 1457 1940 1494 Dei:
1970 1457 2079 1494 cuius
2106 1457 2300 1506 potestatis
2324 1457 2420 1493 facta

1359 1509 1630 1559 estparticeps
1658 1522 1726 1558 per
1754 1509 2056 1547 incarnationem
2076 1510 2205 1547 anima
2233 1509 2267 1545 ei
2290 1510 2419 1558 perso-

1358 1562 1493 1599 naliter
1519 1562 1637 1599 unita.

913 1777 1247 1810 Commentaria
1270 1777 1520 1809 Cardinalis
1543 1777 1743 1809 Caietani

297 1867 406 1887 rrums
434 1857 545 1888 clarus.
569 1875 592 1880 —
618 1857 654 1887 In
683 1866 818 1896 corpore
848 1856 929 1886 duae
960 1861 1034 1886 sunt
1065 1855 1299 1886 conclusiones.

297 1901 402 1932 Prima
425 1907 487 1931 est:
515 1901 642 1931 Christo
670 1900 845 1931 secundum
873 1899 1015 1930 divinam
1046 1904 1197 1929 naturam
1225 1908 1301 1928 con-

1412 1855 1558 1885 Secunda
1581 1856 1747 1885 conclusio
1772 1862 1835 1886 est:
1866 1857 1983 1887 Omnes
1999 1868 2050 1888 res
2065 1859 2226 1890 humanae
2240 1861 2421 1891 subduntur

1358 1898 1476 1928 iudicio
1511 1898 1631 1928 Christi
1659 1899 1833 1929 secundum
1863 1900 2037 1932 humanam
2069 1908 2230 1934 naturam.
2266 1904 2421 1936 Probatur

237 1945 326 1977 venit
347 1945 490 1976 omnium
513 1944 677 1975 iudicium.
701 1945 866 1974 Probatur.
886 1943 971 1981 Quia
989 1944 1071 1973 sicut
1085 1943 1178 1972 Pater
1193 1943 1303 1972 omnia
1357 1942 1531 1982 tripliciter.
1557 1942 1597 1972 Et
1621 1943 1730 1972 omnia
1753 1943 1836 1973 clara
1859 1950 1933 1974 sunt
1955 1945 1989 1975 in
2012 1946 2123 1976 littera.

236 1988 312 2020 facit
334 1998 392 2030 per
414 1989 568 2025 Verbum,
592 1989 636 2019 ita
659 1989 769 2019 omnia
791 1987 911 2018 iudicat
933 1996 991 2027 per
1012 1986 1102 2017 illud.

1023 2141 1343 2183 A'RTICULUS
1374 2141 1635 2189 QUINTUS

617 2236 775 2267 UTRUM
797 2235 908 2267 POST
933 2235 1133 2267 IUDICIUM
1157 2235 1281 2273 QUOD
1307 2235 1350 2265 lN
1373 2235 1614 2265 PRAESENTI
1638 2235 1847 2266 TEMPORE
1870 2236 2037 2268 AGITUR

922 2279 1093 2311 RESTET
1116 2279 1250 2311 ALIUD
1275 2279 1476 2310 IUDICIUM
1501 2278 1734 2328 GENERALE

599 2359 634 2384 IV
653 2359 735 2388 Sent„
755 2359 814 2384 dist.
833 2365 909 2388 nvn,
928 2366 972 2390 qu.
991 2365 1009 2388 1,
1028 2362 1075 2382 art.
1096 2364 1120 2387 1,
1139 2357 1188 2389 qu*
1209 2364 1239 2388 ις
1258 2357 1293 2382 lV
1314 2357 1391 2382 Cont.
1413 2358 1500 2385 Gent„
1521 2365 1576 2389 cap.
1595 2365 1667 2387 xcvx5
1690 2358 1785 2388 Quodl.
1805 2348 1901 2391 Xsqu.
1919 2366 1936 2390 1,
1957 2364 2004 2385 art.
2026 2366 2056 2390 2;

929 2393 1072 2425 Compend.
1096 2391 1195 2422 Theol„
1215 2401 1272 2426 cap.
1291 2400 1391 2423 ccx1.11;
1413 2393 1442 2417 In
1462 2392 1575 2422 Matth.,
1596 2401 1651 2425 cap.
1670 2401 1726 2418 xxv.

446 2495 468 2520 D
493 2494 654 2525 QUINTUM
673 2494 725 2519 Sic
745 2493 980 2518 Paocssnmm.
1007 2481 1168 2518 Videtur
1191 2481 1298 2530 quod

446 2543 533 2585 post
560 2535 749 2572 iudicium
786 2534 894 2584 quod
922 2535 961 2571 in
980 2534 1169 2583 praesenti
1203 2541 1298 2570 tem-

732 2600 812 2625 non
840 2595 953 2624 restat
981 2587 1085 2624 aliud
1112 2586 1298 2624 iudicium

269 2499 331 2542 {2³²2
354 2508 388 2565 u(

261 2530 317 2581 ξω)
372 2528 425 2585 ῗῆ

244 2570 308 2645 ’ᾖα
338 2574 542 2638 ν”ΡοΓε
570 2588 702 2637 agitur,

253 2645 255 2648 ’
291 2666 293 2670 ψ
326 2644 381 2670 Ξῖ
404 2634 632 2689 generale.
669 2642 760 2678 Post
794 2641 970 2678 ultimam
998 2640 1103 2677 enim
1140 2640 1299 2676 retribu-

235 2694 383 2731 tionem
410 2694 674 2742 praemiorum
702 2702 738 2731 et
765 2706 1000 2743 poenarum,
1029 2693 1166 2731 frustra
1193 2693 1299 2730 adhi-

236 2747 391 2784 beretur
417 2746 615 2784 iudicium.
646 2747 723 2784 Sed
750 2747 790 2783 in
809 2748 884 2784 hoc
911 2746 1100 2796 praesenti
1126 2754 1299 2795 tempore

236 2798 281 2836 fit
316 2799 513 2837 retributio
553 2799 818 2850 praemiorum
859 2807 895 2836 et
931 2812 1168 2849 poenarum:
1210 2798 1301 2836 dixit

238 2852 342 2890 enim
365 2853 560 2890 Dominus
578 2852 714 2890 latroni
733 2852 773 2890 in
792 2864 916 2900 cruce,
937 2854 1032 2890 Luc.
1053 2865 1133 2890 xxm
1152 2852 1189 2889 *z
1219 2853 1300 2889 Ho-

238 2906 297 2943 die
319 2918 465 2957 mecum
492 2907 563 2944 eris
590 2908 627 2942 in
646 2906 848 2951 Paradiso‚·
876 2913 912 2942 et
937 2906 1032 2943 Luc.
1053 2918 1112 2943 XVI
1127 2905 1146 2927 '¹‘
1165 2905 1302 2946 dicitur

239 2959 347 3008 quod
365 2965 533 2997 mortuus
551 2965 602 2996 est
620 2959 719 2997 dives
737 2965 771 2995 et
787 2959 948 3008 sepultus
966 2961 1003 2996 in
1019 2960 1178 3007 inferno.
1200 2960 1301 3007 Ergo

238 3011 375 3049 frustra
402 3018 622 3060 expectatur
647 3011 763 3048 finale
791 3011 989 3048 iudicium.

294 3075 329 3101 2.
359 3065 598 3111 Pan—mna,
626 3064 788 3100 Nahum
815 3075 826 3100 1
852 3064 872 3086 ²*
900 3064 1056 3111 dicitur,
1085 3065 1302 3102 secundum

240 3116 355 3154 aliam
369 3116 577 3154 litteram*:
598 3117 689 3153 Non
710 3115 881 3154 iudicabit
894 3117 996 3154 Deus
1010 3118 1116 3154 bisin
1131 3118 1299 3167 idszsum.

241 3169 319 3208 Sed
347 3168 387 3206 in
413 3170 490 3206 hoc
515 3177 690 3218 tempore
717 3169 790 3206 Dei
824 3169 1011 3206 iudicium
1044 3178 1240 3207 exercetur
1267 3177 1303 3206 et

240 3230 431 3272 quantum
459 3222 508 3259 ad
535 3221 761 3271 temporalia
788 3229 825 3258 et
852 3230 1042 3270 quantum
1061 3223 1110 3260 ad
1129 3222 1302 3272 spiritua-

240 3275 300 3313 lia.
339 3276 441 3323 Ergo
481 3274 634 3311 videtur
674 3275 781 3324 quod
822 3287 902 3312 non
939 3275 985 3312 sit
1021 3276 1300 3325 expectandum

241 3327 346 3366 aliud
373 3328 488 3365 finale
517 3327 716 3364 iudicium.

297 3381 330 3418 3.
361 3381 594 3427 PRAETEREA,
614 3380 833 3430 praemium
857 3387 893 3418 et
915 3393 1043 3430 poena
1069 3381 1303 3430 respondent

294 3502 323 3538 a)
337 3504 489 3536 puniuntur
500 3507 548 3529 aut
557 3503 755 3536 praemiantur.
764 3503 981 3536 -praemiantur
993 3508 1040 3530 aut
1048 3505 1201 3537 puniuntur
1210 3503 1301 3532 BCsH,

237 3539 429 3572 praemiantur
449 3542 498 3564 aut
517 3539 708 3571 praemiantur
725 3539 774 3571 pD,
795 3539 948 3571 puniuntur
965 3543 1014 3565 aut
1032 3540 1185 3572 puniantur
1203 3539 1234 3570 G,
1250 3546 1303 3570 pu-

242 3574 355 3600 ninantur
372 3575 479 3607 quando
495 3575 647 3607 puniuntur
665 3575 716 3607 pH.

1353 2481 1489 2517 merito
1518 2489 1554 2517 et
1582 2481 1780 2518 demerito.
1811 2482 1888 2519 Sed
1911 2483 2093 2520 meritum
2120 2491 2156 2520 et
2184 2484 2414 2524 demeritum

1354 2546 1434 2570 non
1462 2533 1651 2582 pertinent
1670 2535 1719 2571 ad
1737 2546 1878 2583 corpus
1906 2535 1978 2572 nisi
2005 2536 2237 2585 inquantum
2261 2545 2316 2574 est
2335 2538 2414 2575 ani-

1353 2599 1441 2624 mae
1461 2587 1770 2624 instrumentum.
1792 2589 1893 2636 Ergo
1912 2600 1984 2625 nec
2001 2589 2219 2637 praemium
2238 2602 2306 2627 seu
2320 2603 2412 2640 poe-

1354 2652 1404 2677 na
1432 2640 1593 2677 debetur
1620 2640 1771 2689 corpori
1799 2641 1870 2678 nisi
1896 2647 1965 2690 per
1992 2641 2172 2678 animam.
2202 2643 2293 2679 Non
2322 2656 2411 2692 ergo

1354 2693 1559 2742 requiritur
1586 2693 1689 2730 aliud
1716 2693 1902 2730 iudicium
1930 2694 1969 2731 in
1996 2694 2091 2741 fine,
2121 2695 2170 2731 ad
2202 2696 2277 2732 hoc
2304 2697 2412 2745 quod

1354 2747 1476 2783 homo
1504 2746 1737 2795 praemietur
1755 2754 1819 2783 aut
1837 2746 2018 2795 puniatur
2044 2747 2084 2783 in
2112 2759 2283 2796 corpore,
2303 2761 2411 2797 prae-

1354 2807 1411 2836 ter
1437 2799 1531 2836 illud
1549 2811 1628 2848 quo
1657 2811 1762 2835 nunc
1783 2799 1998 2848 puniuntur
2025 2807 2090 2836 aut
2115 2800 2376 2849 praemiantur
2395 2807 2412 2823 α

1356 2851 1518 2890 animae.

1411 2906 1484 2942 SED
1505 2917 1648 2942 CONTRA
1667 2916 1732 2941 EST
1751 2904 1857 2952 quod
1877 2903 2013 2940 dicitur
2032 2905 2135 2941 Ioan.
2155 2917 2201 2942 xn
2215 2905 2251 2942 *:
2283 2908 2413 2944 Sermo

1357 2970 1464 3008 quem
1492 2958 1632 2994 locutus
1653 2969 1734 2993 sum
1753 2958 1866 3002 vobis,
1887 2957 1947 2993 ille
1964 2969 2029 2994 vos
2056 2957 2228 2994 iudicabit
2247 2957 2262 2987 β
2289 2960 2326 2995 in
2349 2971 2414 2996 no-

1356 3013 1503 3049 vissimo
1532 3011 1599 3047 die.
1630 3009 1710 3046 Erit
1737 3021 1826 3057 ergo
1846 3009 2046 3058 quoddam
2074 3009 2259 3047 iudicium
2278 3010 2317 3047 in
2345 3023 2414 3049 no-

1356 3063 1514 3100 vissimo
1542 3063 1615 3109 die,
1636 3069 1785 3111 praeter
1811 3061 1997 3099 iudicium
2023 3062 2130 3111 quod
2148 3074 2253 3100 nunc
2280 3063 2413 3112 agitur.

1409 3117 1632 3153 RESP'ONDEO
1660 3127 1841 3156 DtCENDUM
1869 3114 1975 3163 quod
2003 3114 2189 3152 iudicium
2215 3115 2263 3152 de
2289 3116 2416 3165 aliqua

1357 3181 1396 3206 re
1425 3167 1598 3205 mutabili
1631 3167 1794 3216 perfecte
1830 3166 1910 3203 dari
1947 3179 2027 3203 non
2062 3175 2187 3216 potest
2219 3175 2305 3204 ante
2333 3169 2415 3206 eius

1357 3220 1742 3258 consummationem.
1765 3219 1870 3256 Sicut
1889 3218 2074 3256 iudicium
2089 3220 2136 3256 de
2156 3219 2283 3269 aliqua
2301 3222 2415 3258 aetio-

1357 3287 1406 3311 ne
1434 3273 1556 3322 qualis
1583 3272 1640 3316 sit,
1660 3272 1822 3320 perfecte
1851 3271 1932 3308 dari
1951 3283 2031 3308 non
2058 3279 2183 3321 potest
2208 3280 2415 3322 antequam

1358 3326 1403 3364 sit
1437 3331 1705 3362 consummata
1739 3331 1775 3360 et
1802 3323 1841 3360 in
1879 3336 1918 3360 se
1955 3331 1991 3360 et
2018 3324 2057 3361 in
2093 3324 2171 3362 suis
2199 3325 2413 3364 effectibus:

1357 3378 1447 3428 quia
1474 3378 1616 3414 multae
1649 3376 1816 3413 actiones
1849 3375 2028 3414 videntur
2055 3389 2136 3414 esse
2165 3377 2285 3426 utiles,
2315 3390 2415 3428 quae

1410 3500 1436 3534 β)
1454 3506 1511 3525 sum
1531 3499 1611 3529 vobis,
1632 3499 1675 3523 ille
1693 3506 1739 3523 vos
1757 3497 1894 3524 iudicabit.
1912 3512 1932 3517 —-
1948 3505 2015 3529 sum,
2035 3491 2078 3524 iile
2096 3499 2225 3526 iudIcabit
2242 3506 2301 3526 eum
2322 3498 2350 3526 Ρ.

2447 411 2456 421 ’
2473 413 2539 433 Vers.
2555 412 2591 439 36.

2449 620 2459 629 ⁴
2471 619 2578 647 Exposit.
2589 626 2663 647 super·

2445 645 2500 667 Luc.
2517 646 2556 668 lib.
2572 646 2622 668 Vll.

2444 1039 2454 1048 ·
2469 1038 2536 1060 Vers.
2554 1039 2587 1060 18.

2441 2914 2450 2923 ⁸
2464 2913 2531 2934 Vera.
2545 2913 2585 2939 48.
