2872 3970
234 915 355 963 {nggdqm
373 919 446 940 xxvn,

243 1863 253 1872 ⁴
263 1862 306 1888 Ep.
318 1860 454 1886 CXXXVII,

242 1888 272 1909 al.
287 1887 327 1915 111,
341 1893 391 1915 cap.
402 1892 427 1908 u.

341 1969 357 1984 α

248 2440 257 2449 “
271 2438 402 2461 Comment.
417 2438 456 2459 Iib.

246 2465 263 2490 1,
289 2465 303 2486 d
313 2471 362 2492 cap.
372 2471 388 2492 ι,
398 2470 456 2486 vers.

250 2499 257 2513 I
278 2508 282 2513 -

467 287 540 323 310

1022 486 1434 562 QUAESTIO
1471 481 2093 562 VIGESIMANONA

966 611 1055 651 DE
1097 602 1686 649 DESPONSATIONE
1728 599 1991 642 MATR1s
2034 599 2147 640 DEI

1298 722 1332 747 IN
1360 720 1454 746 DUOS
1481 718 1682 744 ARTICULOS
1709 717 1821 742 DIVISA

477 843 661 925 DEINDE
697 829 1020 882 considerandum
1053 834 1107 864 est
1145 826 1191 862 de
1232 821 1528 873 desponsatione

559 907 691 944 Matris
718 905 790 943 Dei
808 905 838 942 2⁸.

476 986 524 1023 Et
553 984 651 1021 circa
679 984 755 1020 hoc
783 988 1020 1031 quaeruntur
1047 980 1137 1016 duo.

1284 1097 1601 1140 ARTICULUS
1633 1096 1837 1138 PRIMUS

872 1200 1028 1232 UTRUM
1053 1199 1266 1230 cHRlsrus
1289 1199 1509 1230 DEBUERIT
1533 1198 1591 1228 DE
1614 1197 1791 1229 VIRGINE
1815 1196 2100 1228 DESPONSATA
2122 1195 2250 1228 NAscl

1082 1287 1116 1312 lV
1136 1287 1218 1316 Sent„
1239 1286 1297 1311 dist.
1316 1294 1371 1316 xxx,
1391 1294 1435 1319 qu.
1454 1294 1482 1317 ιι,
1502 1290 1548 1311 art.
1570 1292 1594 1317 1,
1612 1285 1662 1319 qu⁸
1683 1292 1706 1315 2,
1727 1285 1757 1317 33
1777 1285 1806 1310 In
1827 1285 1933 1315 Matth.,
1955 1293 2011 1318 cap.
2029 1293 2047 1310 x.

509 1393 571 1435 235(
591 1395 667 1448 5134(
685 1391 708 1415 D
737 1389 871 1414 PRlMUM
897 1388 949 1413 sm
978 1387 1213 1413 PROCEDITUR.
1243 1375 1405 1412 Videtur
1430 1374 1536 1424 quod

500 1419 861 1490 Qchristus
899 1441 975 1466 non
1015 1429 1188 1465 debuerit
1215 1428 1264 1465 de
1292 1427 1437 1476 virgine
1472 1428 1537 1464 de-

494 1485 532 1541 {5
552 1497 609 1532 *w
634 1486 664 1527 ἦ.
687 1490 867 1532 sponsata
903 1481 1018 1518 nasci.
1054 1481 1310 1530 Desponsatio
1348 1481 1452 1517 enim
1489 1481 1538 1517 ad

533 1510 630 1569 κᾷθ’)
644 1526 879 1572 carnalem
902 1535 1083 1583 copulam
1111 1533 1319 1571 ordinatur.
1351 1533 1427 1570 Sed
1454 1534 1538 1570 Ma-

478 1597 534 1625 ter
561 1587 719 1625 Domini
747 1599 950 1636 nunquam
977 1587 1098 1624 voluit
1132 1586 1272 1623 carnali
1299 1585 1371 1623 viri
1399 1587 1538 1635 copula

478 1641 550 1679 uti:
581 1640 671 1689 quia
699 1642 774 1678 hoc
801 1641 999 1688 derogaret
1017 1639 1219 1687 virginitati
1247 1639 1385 1676 mentis
1406 1638 1536 1688 ipsius.

480 1695 581 1741 Ergo
610 1706 690 1730 non
717 1693 849 1731 debuit
877 1705 958 1729 esse
987 1693 1227 1741 desponsata.

536 1758 570 1783 2.
592 1747 822 1791 ΡΚΑΕΤΕΒΕΑ,
843 1746 949 1794 quod
970 1745 1143 1782 Christus
1171 1757 1217 1782 ex
1237 1744 1382 1792 virgine
1410 1757 1539 1781 nasce-

481 1807 594 1845 retur,
624 1799 853 1835 miraculum
880 1798 965 1835 fuit:
995 1798 1099 1834 unde
1119 1797 1354 1846 Augustinus
1382 1797 1480 1844 dicit,
1501 1797 1540 1834 in

482 1851 652 1900 Epistola
689 1852 739 1888 ad
772 1851 1010 1888 Volusianum
1029 1850 1069 1886 *2
1107 1852 1196 1899 Ipsa
1227 1851 1300 1886 Dei
1334 1852 1447 1887 virtus
1471 1862 1542 1899 per

483 1905 657 1941 inviolata
684 1905 812 1940 matris
839 1905 1010 1952 uirginea
1028 1904 1170 1940 viscera
1198 1904 1367 1939 membra
1391 1903 1542 1951 infantis

483 1957 628 2002 eduxit,
658 1968 752 2005 quae
771 1961 787 1976 α
809 1968 882 2005 per
915 1956 1042 1992 clausa
1074 1957 1165 1992 ostia
1199 1957 1367 1992 membra
1402 1956 1561 1993 iuuenis

483 2010 695 2046 introduxit.
724 2010 850 2045 Huius
876 2010 909 2045 si
934 2009 1028 2045 ratio
1058 2009 1258 2057 quaeritur,
1278 2020 1352 2044 non
1381 2010 1449 2044 erit
1473 2009 1541 2046 mi-

485 2062 622 2099 rabile:
648 2063 681 2098 si
706 2061 916 2110 exemplum
934 2063 1111 2110 poscitur,
1141 2073 1215 2098 non
1244 2064 1312 2097 erit
1338 2061 1539 2110 singulare.

486 2115 562 2152 Sed
580 2114 773 2160 miracula,
790 2125 888 2162 quae
907 2113 1006 2150 fiunt
1020 2113 1069 2150 ad
1084 2113 1419 2150 confirmationem
1437 2112 1540 2160 fidei,

485 2165 658 2204 debentss
687 2178 767 2203 esse
796 2165 1003 2202 manifesta.
1035 2166 1136 2203 Cum
1161 2165 1272 2213 igitur
1289 2177 1359 2214 per
1376 2165 1541 2214 despon-

485 2220 671 2257 sationem
690 2220 765 2255 hoc
784 2219 1015 2255 miraculum
1042 2218 1153 2255 fuerit
1178 2218 1466 2264 obumbratum,
1487 2218 1541 2255 vi-

485 2273 595 2310 detur
622 2284 702 2308 non
729 2271 842 2308 fuisse
879 2271 1113 2308 conveniens
1141 2271 1248 2320 quod
1287 2270 1459 2308 Christus
1493 2271 1541 2308 de

484 2326 713 2375 desponsata
740 2331 967 2360 nasceretur.

539 2378 572 2414 3.
603 2379 833 2422 PRAETEREA,
854 2376 1017 2424 Ignatius
1044 2378 1201 2426 Martyr,
1222 2384 1263 2413 ut
1291 2376 1379 2413 dicit
1407 2377 1542 2414 Hiero-

484 2443 635 2480 nymus,
655 2442 766 2478 super
782 2431 917 2467 Matth.
937 2429 967 2475 ³¹²,
997 2430 1096 2466 hanc
1116 2441 1272 2466 causam
1297 2429 1459 2478 assignat
1478 2431 1542 2467 de·

485 2482 738 2532 sponsationis
765 2482 896 2519 Matris
924 2482 1011 2529 Dei,
1042 2489 1080 2519 ut
1101 2488 1233 2532 partus
1260 2484 1336 2519 eius
1361 2483 1544 2520 celaretur

484 2537 647 2581 diabolo,
677 2535 764 2572 dum
798 2547 882 2572 eum
904 2541 1010 2584 putat
1038 2548 1112 2572 non
1142 2536 1186 2572 de
1212 2536 1378 2584 uirgine,
1407 2536 1472 2572 sed
1498 2536 1543 2572 de

485 2601 604 2626 uxore
621 2593 852 2638 generatum.
884 2588 995 2634 Quae
1014 2588 1172 2637 quidem
1200 2600 1316 2624 causa
1334 2590 1439 2625 nulla
1460 2601 1541 2625 esse

484 2641 644 2679 videtur.
674 2642 781 2678 Tum
800 2640 891 2689 quia
910 2640 1085 2678 diabolus
1113 2653 1158 2678 ea
1179 2653 1279 2690 quae
1299 2641 1544 2690 corporaliter

484 2695 582 2731 fiunt
609 2693 891 2743 perspicacitate
920 2706 1052 2730 sensus
1081 2693 1284 2742 cognoscit.
1318 2695 1425 2731 Tum
1453 2694 1544 2743 quia

485 2759 553 2796 per
571 2748 690 2783 multa
718 2746 908 2783 evidentia
926 2746 1032 2794 signa
1053 2747 1305 2795 postmodum
1333 2747 1543 2784 daemones

486 2799 694 2848 aliqualiter
723 2799 915 2836 Christum
955 2807 1234 2847 cognoverunt:
1272 2800 1375 2836 unde
1407 2799 1544 2837 dicitur

401 2867 435 2882 2-
485 2854 603 2889 Marc.
625 2865 633 2889 1
652 2852 688 2896 ³⁸,
719 2852 825 2901 quod
852 2853 963 2889 homo
992 2854 1028 2889 in
1056 2855 1184 2902 spiritu
1211 2853 1402 2889 immundo
1422 2854 1543 2891 excla-

487 2907 611 2951 mavit,
631 2906 771 2941 dicens.-
793 2920 811 2938 «
835 2905 934 2947 Quid
951 2907 1053 2942 nobis
1073 2911 1105 2942 et
1123 2907 1196 2951 tibi,
1212 2907 1296 2942 Iesu
1316 2906 1545 2954 Nazarene?

495 2959 628 2995 Venisti
644 2963 659 2985 Υ
674 2958 833 3007 perdere
852 2958 945 2995 nos?
972 2960 1055 2995 Scio
1075 2961 1161 3008 quia
1178 2960 1227 2995 sis
1246 2960 1401 2996 Sanctus
1415 2959 1489 2996 Dei
1508 2975 1541 2996 ».

486 3012 577 3047 Non
606 3022 693 3058 ergo
722 3010 872 3047 videtur
899 3011 1133 3048 conveniens
1161 3011 1275 3048 fuisse
1295 3012 1401 3061 quod
1421 3012 1545 3048 Mater

487 3063 558 3099 Dei
586 3062 713 3099 fuisset
732 3061 745 3085 δ
774 3063 1013 3112 desponsata.

540 3129 574 3162 4.
596 3117 825 3159 Pmeream,
855 3115 967 3152 aliam
996 3116 1182 3154 rationem
1211 3117 1373 3165 assignat
1410 3117 1544 3155 Hiero-

488 3180 627 3217 nymus
646 3168 676 3214 ⁹¹²,
698 3181 744 3204 ne
762 3168 988 3217 lapidaretur
1006 3171 1134 3206 Mater
1153 3171 1226 3206 Dei
1242 3183 1266 3207 a
1284 3171 1432 3208 Iudaeis
1454 3172 1546 3207 sicut

487 3221 664 3257 adultera.
704 3221 809 3256 Haec
837 3228 965 3257 autem
995 3221 1088 3258 ratio
1117 3223 1219 3259 nulla
1239 3234 1320 3260 esse
1348 3223 1543 3260 videtur⁸:

489 3272 517 3309 si
538 3272 639 3309 enim
660 3285 739 3309 non
759 3280 855 3309 esset
874 3273 1112 3321 desponsata,
1134 3286 1213 3312 non
1227 3284 1355 3324 posset
1374 3277 1422 3313 de
1442 3276 1544 3313 adul-

1155 276 1417 326 QUAESTIO
1447 275 1589 321 XXIX,
1619 271 1910 310 ARTICULUS
1938 273 1953 308 I

1583 2165 1647 2203 ,do
1662 2165 1751 2202 eius
1769 2165 1990 2213 genealogia
2008 2177 2078 2215 per
2091 2166 2220 2203 virum
2239 2167 2526 2206 describeretur.
2546 2169 2660 2215 Unde
2838 2169 2841 2176 ²

1643 819 1794 856 Primo:
1834 826 1965 855 utrum
1995 817 2169 855 Christus
2203 816 2378 855 debuerit
2411 817 2460 855 de
2487 817 2652 868 despon·
2703 846 2709 850 .
2746 817 2772 850 '³³‘

1696 879 1775 909 sata
1802 870 1918 908 nasci.
2706 875 2714 882 “

1644 924 1845 962 Secundo:
1884 931 2016 961 utrum
2047 922 2158 960 fuerit
2185 935 2326 960 verum
2360 922 2653 961 matrimonium
2685 946 2705 960 -,

1696 977 1793 1014 inter
1819 977 1985 1014 Matrem
2013 975 2172 1014 Domini
2200 983 2236 1013 et
2262 976 2412 1026 Ioseph.

1590 1373 1684 1411 terio
1705 1373 1967 1411 condemnari.
1997 1375 2046 1411 Et
2073 1373 2124 1411 ita
2151 1385 2231 1411 non
2258 1373 2411 1412 videtur
2433 1374 2656 1424 rationabile

1591 1427 1706 1464 fuisse
1735 1427 1842 1476 quod
1867 1426 2040 1464 Christus
2069 1427 2117 1464 de
2137 1426 2398 1476 desponsata*
2425 1433 2654 1467 nasceretur.
2767 1475 2781 1479 .
2838 1460 2841 1479 ξ

1646 1480 1720 1517 SED
1749 1491 1894 1517 CONTRA
1922 1491 1987 1517 EST
2006 1480 2113 1529 quod
2143 1479 2279 1517 dicitur
2303 1480 2527 1519 Matth.1*:
2560 1481 2656 1520 Cum
2683 1485 2730 1514 ‘V
2830 1501 2840 1535 ε,

1593 1538 1682 1569 esset
1722 1533 1940 1582 desponsata
1980 1539 2100 1570 mater
2140 1534 2217 1570 eius
2255 1535 2388 1571 Maria
2427 1534 2563 1584 Ioseph
2570 1547 2584 1580 ,·
2619 1542 2657 1572 et
2838 1581 2839 1585 Ἰ

1591 1586 1686 1623 Luc.
1708 1598 1717 1622 1
1736 1585 1773 1622 *z
1803 1587 1943 1623 Missus
1971 1591 2021 1622 est
2044 1586 2197 1623 Gabriel
2223 1586 2380 1636 angelus
2403 1586 2455 1624 ad
2469 1588 2655 1636 Mariam,
2832 1614 2837 1627 ;

1592 1640 1778 1688 virginem
1798 1639 2055 1688 desponsatam
2074 1640 2156 1676 viro
2179 1641 2242 1676 cui
2258 1651 2393 1676 nomen
2413 1645 2494 1677 erat
2509 1640 2656 1691 Ioseph.
2832 1643 2838 1650 ⁴

1647 1693 1872 1729 Responmzo
1891 1702 2073 1729 mcENDUM
2093 1692 2201 1741 quod
2217 1691 2453 1729 conveniens
2465 1692 2536 1731 suit
2550 1693 2662 1732 Chri

1594 1752 1697 1781 stum
1725 1744 1773 1781 de
1800 1744 2031 1793 desponsata
2057 1743 2202 1792 virgine
2229 1744 2352 1792 nasci,
2381 1753 2466 1783 tum
2498 1753 2657 1796 propter

1594 1797 1739 1846 ipsum;
1768 1805 1852 1834 tum
1880 1804 2038 1846 propter
2055 1805 2236 1844 matrem;
2265 1805 2350 1835 tum
2369 1797 2483 1836 etiam
2501 1806 2659 1851 propter

1595 1861 1678 1886 nos.
1717 1850 1878 1898 Propter
1905 1849 2034 1898 ipsum
2062 1850 2222 1899 quidem
2251 1850 2459 1899 Christum,
2488 1852 2657 1902 quadru-

1594 1901 1682 1951 plici
1710 1901 1867 1938 ratione.
1897 1901 2028 1939 Primo
2048 1908 2066 1929 η
2095 1902 2265 1951 quidem,
2295 1915 2344 1940 ne
2371 1903 2420 1941 ab
2439 1903 2659 1943 infidelibus

1594 1962 1795 2003 tamquam
1822 1954 2012 2002 illegitime
2031 1962 2144 1992 natus
2171 1955 2406 1994 abiiceretur.
2436 1957 2549 1995 Unde
2567 1959 2659 1996 Am·
2754 1981 2780 2000 :2

1595 2007 1746 2056 brosius
1778 2006 1886 2054 dicit.
1914 2019 2025 2056 super
2051 2009 2142 2045 Luc.
2163 2008 2201 2045 *ε
2237 2008 2338 2051 Quid
2369 2010 2538 2057 Iudaeis,
2572 2010 2662 2061 quid
2685 2023 2697 2039 ⁴
2714 2028 2718 2030 ·
2838 2007 2841 2011 ¹

1594 2060 1745 2102 Herodi
1773 2066 1896 2109 posset
1932 2061 2112 2107 adscribi,
2139 2063 2173 2098 si
2203 2067 2330 2098 natum
2367 2063 2580 2101 viderentur
2610 2075 2660 2102 ex
2686 2102 2688 2104 ,

1596 2113 1775 2150 adulterio
1797 2113 2007 2162 persecuti?
2024 2135 2050 2140 —
2075 2113 2267 2160 Secundo,
2292 2122 2334 2151 ut
2361 2122 2547 2153 consueto
2574 2128 2659 2155 mo—

1595 2217 1684 2255 dicit
1711 2218 1957 2265 Ambrosius,
1986 2231 2098 2268 super
2115 2221 2205 2256 Luc.
2225 2219 2264 2256 *z
2301 2221 2376 2262 Qui
2400 2222 2438 2258 in
2469 2221 2660 2269 saeculum
2679 2229 2715 2254 ¹⁹

1595 2273 1704 2318 venit,
1723 2272 1863 2308 saeculi
1879 2272 2000 2308 debuit
2018 2283 2124 2309 more
2142 2272 2308 2309 describi.
2337 2274 2417 2311 Viri
2433 2278 2556 2312 au'te'm
2573 2283 2659 2327 per-
2685 2284 2719 2313 ⁸3-

1595 2337 1688 2361 sona
1708 2326 1907 2373 quaeritur,
1934 2326 1997 2374 qui
2022 2326 2059 2361 in
2078 2331 2206 2362 senatu
2225 2331 2260 2362 et
2277 2325 2426 2376 reliquis
2444 2328 2558 2365 curiis
2574 2326 2661 2374 dut·-

1596 2383 1710 2414 tatum
1728 2379 1877 2426 generis
1896 2379 2024 2414 asserit
2041 2378 2268 2428 dignitatem.
2297 2379 2530 2418 Consuetudo
2548 2379 2660 2427 w

1598 2443 1664 2467 nos
1691 2432 1835 2467 instruit
1863 2432 2141 2480 Scripturarum
2151 2460 2162 2478 ,
2191 2443 2286 2481 quae
2316 2444 2462 2482 semper
2487 2434 2563 2472 viri
2576 2434 2659 2477 *ari-

1595 2485 1723 2533 ginem
1752 2485 1905 2532 quaerit.
1935 2506 1960 2510 —
1988 2483 2132 2531 Tertio,
2152 2484 2202 2521 ad
2227 2485 2385 2522 tutelam
2421 2484 2532 2535 pueri
2557 2485 2658 2529 nati:

1597 2548 1645 2572 ne
1674 2536 1849 2573 diabolus
1868 2544 2000 2574 contra
2019 2549 2110 2574 eum
2129 2537 2397 2575 vehementius
2424 2546 2661 2585 nocumenta

1596 2597 1848 2638 procurasset.
1879 2590 1927 2626 Et
1945 2587 1957 2611 ⁴³
1986 2589 2074 2627 ideo
2102 2589 2268 2638 Ignatius
2287 2590 2376 2628 dicit
2394 2590 2516 2641 ipsam
2533 2588 2662 2635 fiusse

1598 2642 1869 2691 desponsatam
1897 2648 1935 2679 ut
1947 2649 2080 2692 partus
2107 2645 2184 2680 eius
2211 2643 2358 2682 diabolo
2381 2644 2566 2689 celaretur
2581 2644 2613 2683 ⁴¹.
2633 2667 2660 2672 —
2685 2652 2699 2664 ⁸

1598 2696 1767 2742 Quarto,
1797 2703 1839 2732 ut
1866 2707 1889 2732 a
1916 2696 2055 2745 Ioseph
2088 2695 2304 2733 nutriretur.
2341 2697 2453 2735 Unde
2485 2705 2525 2739 et
2549 2703 2661 2749 pater

1598 2748 1679 2784 eius
1708 2747 1830 2784 dictus
1858 2756 1913 2785 est
1931 2748 1961 2795 ³¹³,
1991 2747 2101 2798 quasi
2129 2749 2317 2786 nutritius.
2587 2797 2591 2800 ι
2686 2755 2699 2768 ·

1651 2800 1738 2837 Fuit
1758 2801 1872 2838 etiam
1892 2801 2127 2839 conveniens
2147 2814 2193 2839 ex
2211 2810 2317 2851 parte
2331 2802 2506 2852 Virginis.
2527 2802 2660 2844 Primo

1598 2853 1767 2902 quidem,
1789 2853 1880 2903 quia
1898 2866 1968 2903 per
1986 2855 2062 2891 hoc
2080 2855 2251 2892 redditur
2269 2855 2454 2896 immunis
2472 2869 2495 2894 a
2511 2868 2642 2907 poena
2649 2871 2659 2896 :

1598 2919 1645 2943 ne
1663 2906 1801 2943 scilicet
1820 2908 2050 2956 lapidaretur
2067 2920 2091 2945 a
2109 2908 2258 2946 Iudaeis
2275 2914 2453 2959 tanquam
2478 2909 2660 2958 adultera,

1598 2966 1639 2996 ut
1658 2959 1921 3009 Hieronymus
1940 2960 2028 2997 dicit
2046 2959 2077 2997 ²¹³.
2106 2983 2132 2988 —
2161 2961 2354 3011 Secundo,
2369 2970 2412 3003 ut
2429 2974 2499 3012 per
2516 2962 2594 3001 hoc
2610 2963 2660 3001 ab
2687 2971 2699 2984 ·

1598 3011 1752 3048 infamia
1780 3012 2012 3050 liberaretur.
2043 3014 2155 3051 Unde
2174 3013 2264 3052 dicit
2290 3014 2531 3064 Ambrosius,
2549 3028 2663 3067 supa·
2718 3024 2754 3062 -

1599 3066 1688 3101 Luc.
1709 3065 1747 3112 ³¹⁸,
1777 3066 1884 3114 quod
1912 3066 2131 3116 desponsata
2165 3073 2216 3104 est
2243 3080 2291 3104 ne
2314 3074 2516 3110 temeratae
2545 3070 2650 3121 virgi
2685 3076 2703 3099 ·>

1599 3119 1719 3155 nitatis
1746 3119 1965 3156 adureretur
1993 3120 2171 3168 infamia,
2200 3121 2263 3158 cui
2284 3122 2416 3172 gravis
2443 3121 2547 3160 alvus
2577 3133 2660 3161 cor*-

1600 3171 1764 3220 ruptelae
1781 3171 1966 3209 videretur
1984 3173 2130 3222 insigne
2148 3178 2155 3194 ⁸
2177 3174 2387 3223 praeferre.
2407 3196 2432 3201 —
2455 3173 2598 3223 Tertio,
2618 3183 2661 3215 ut

1600 3222 1633 3260 ei
1661 3236 1683 3260 a
1711 3224 1849 3273 Ioseph
1878 3224 2133 3263 ministerium
2161 3225 2420 3268 exhiberetur:
2454 3234 2496 3264 ut
2523 3227 2661 3267 Hiero·-

1600 3288 1742 3326 nymus
1771 3276 1859 3314 dicit
1877 3277 1908 3314 ²¹².

542 3403 569 3434 α)
588 3411 662 3435 quae.
681 3418 699 3422 —
714 3406 809 3435 postea
828 3402 925 3427 addunt
943 3401 963 3426 F
983 3407 1007 3427 et
1026 3403 1112 3432 tertia:
1132 3411 1179 3436 pro
1198 3405 1293 3435 Huius,
1314 3407 1366 3432 Hic
1385 3407 1466 3433 tertia.

542 3436 567 3469 β)
586 3446 653 3470 quae
665 3439 763 3471 fiunt...
783 3438 885 3463 debent.
902 3451 921 3456 —
933 3438 1033 3471 flunt...
1053 3439 1122 3463 unde
1141 3439 1235 3465 debent
1253 3442 1334 3467 tertia.

542 3475 568 3505 γ)
594 3474 698 3498 Venisti.
716 3488 735 3492 -
752 3477 814 3498 ante
833 3476 935 3505 tempus
955 3473 1023 3497 addit
1041 3473 1122 3498 tertia.

543 3506 568 3537 δ)
581 3509 687 3541 suisset.
706 3524 723 3527 -
741 3512 809 3533 esset
827 3508 908 3533 tertia.

543 3543 565 3583 ι)Ι
587 3543 683 3569 Haec...
702 3544 815 3569 videtur.
827 3558 845 3562 —
865 3543 920 3574 1>F;
939 3550 1006 3576 quae
1024 3543 1127 3575 quidem
1148 3545 1219 3569 ratio
1239 3545 1311 3569 nulla
1331 3546 1436 3571 videtur
1449 3547 1478 3577 E,
1492 3555 1545 3573 orn.

491 3582 576 3602 ceter·-

1653 3408 1667 3436 ζ
1698 3408 1867 3441 desponsata.
1884 3423 1903 3428 -
1922 3409 2027 3443 virgine
2045 3410 2143 3437 addunt
2160 3410 2182 3435 E
2201 3416 2226 3436 et
2244 3411 2325 3437 tertia.

1654 3451 1668 3474 η
1700 3443 1799 3469 Primo.
1819 3459 1837 3463 —-
1856 3444 1898 3469 DF
1918 3450 1943 3469 et
1961 3445 2048 3476 ternu
2066 3444 2167 3472 filma.

1653 3477 1678 3511 0)
1700 3478 1742 3504 Ee.
1759 3493 1779 3498 -
1797 3480 1816 3504 F
1836 3485 1861 3505 et
1879 3479 1965 3510 tex-tin
1986 3478 2041 3506 Sed
2056 3483 2092 3506 et.

1654 3514 1672 3548 ι)
1692 3514 1803 3547 insigne.
1816 3529 1834 3533 -
1853 3515 1891 3540 sG
1910 3520 1935 3540 et
1953 3515 2089 3545 editionem
2109 3515 2193 3550 instge
2213 3516 2231 3547 I,
2251 3516 2369 3550 tnen'gm'a
2382 3517 2428 3546 sD,
2441 3517 2557 3551 insignit
2575 3517 2661 3544 ceteri.
