2872 3970
153 349 163 358 ”
176 347 243 369 Vers.
260 352 293 374 ¹5.

149 609 161 620 ⁶
175 608 241 630 Vers.
257 614 282 636 ²3
297 613 348 636 sqq.

151 768 162 776 ⁸
176 767 232 794 Cap.
248 771 314 787 xvni.

390 263 440 300 86

392 341 485 378 illud
503 340 534 387 ²¹⁶,
563 341 647 377 Nos
675 346 810 377 natura
837 341 980 386 Iudaei,
1001 351 1075 376 non
1105 352 1154 376 ex
1179 340 1348 388 gentihus
1373 350 1454 387 pec-

392 400 545 431 catores.
577 392 617 430 Si
639 404 728 441 ergo
757 405 804 430 ex
822 391 1087 442 peccatoribus
1115 398 1293 428 naturam
1317 391 1454 427 huma—

391 459 484 484 nam
521 458 717 483 assumere
745 445 884 493 voluit,
913 444 1046 483 debuit
1073 456 1160 481 eam
1197 442 1317 491 magis
1350 455 1454 480 assu-

391 511 497 536 mere
526 511 573 535 ex
591 498 793 547 gentilibus
821 510 941 547 quam
969 510 1015 534 ex
1041 497 1155 546 stirpe
1177 495 1366 543 Abrahae,
1388 495 1454 544 qui

389 551 459 589 fuit
487 551 619 588 iustus.

446 605 520 642 SED
545 616 690 642 CONTRA
718 615 784 641 EST
814 603 922 652 quod
945 604 1043 639 LucI
1062 601 1133 638 ιιι*
1158 601 1351 649 generatio
1374 601 1453 637 Do-

390 656 485 694 mini
514 657 709 694 reducitur
736 668 860 704 usque
889 655 938 692 ad
966 655 1103 691 Adam.

444 711 668 747 RespoNnsso
705 720 886 746 mcaNDUM
925 707 1050 756 quod,
1085 706 1181 744 sicut
1218 706 1454 754 Augustinus

390 762 497 809 dicit,
526 763 566 799 in
594 763 675 799 XIII
704 761 749 798 de
781 763 816 798 T
813 762 884 798 rin.
904 760 934 806 ²⁸,
958 766 1106 810 poterat
1132 761 1234 796 Deus
1266 761 1454 796 hominem

388 815 539 852 aliunde
564 816 764 863 suscipere,
794 826 869 850 non
898 813 944 850 de
969 824 1109 862 genere
1137 812 1232 849 illius
1258 812 1366 849 Adae
1393 813 1458 861 qui

387 879 455 904 suo
477 873 630 917 peccato
653 867 830 916 obligavit
846 878 967 916 genus
984 867 1202 902 humanum.
1231 865 1306 902 Sed
1325 865 1455 901 melius

389 920 561 957 iudicavit
580 926 613 956 et
631 920 676 956 de
704 921 781 969 ipso
808 919 908 968 quod
931 920 1068 956 victum
1076 918 1211 966 fuerat
1236 929 1378 967 genere
1399 929 1454 954 as-

386 985 534 1009 sumere
561 973 748 1009 hominem
769 973 880 1018 Deus,
895 983 968 1021 per
996 983 1103 1020 quem
1126 972 1277 1020 generis
1298 971 1457 1007 humani

387 1027 549 1062 vinceret
580 1026 782 1062 inimicum.
822 1025 870 1061 Et
906 1025 982 1060 hoc
1009 1030 1167 1072 propter
1202 1022 1282 1060 tria.
1321 1022 1453 1060 Primo

388 1077 558 1126 quidem,
580 1077 672 1126 quia
699 1078 776 1114 hoc
794 1077 947 1114 videtur
974 1077 1023 1113 ad
1051 1075 1232 1113 iustitiam
1251 1075 1452 1125 pertinere,

387 1138 429 1168 ut
457 1130 517 1167 ille
537 1129 737 1167 satisfaciat
764 1129 832 1179 qui
851 1129 1035 1179 peccavit.
1065 1129 1114 1166 Et
1132 1128 1221 1166 ideo
1249 1129 1298 1166 de
1317 1136 1454 1166 natura

386 1195 456 1233 per
474 1183 604 1233 ipsum
624 1189 641 1204 α
669 1190 849 1232 corrupta
867 1181 1000 1219 debuit
1027 1181 1173 1219 assumi
1200 1181 1239 1218 id
1257 1193 1328 1231 per
1345 1181 1454 1230 quod

387 1235 587 1274 satisfactio
616 1243 696 1273 erat
723 1235 920 1285 implenda
946 1247 1018 1284 pro
1046 1242 1126 1272 tota
1153 1242 1300 1271 natura.

441 1289 635 1335 Secundo,
656 1290 732 1326 hoc
751 1287 766 1318 β
785 1287 900 1325 etiam
918 1287 1081 1337 pertinet
1106 1287 1155 1324 ad
1174 1286 1364 1325 maiorem
1382 1287 1452 1324 ho-

386 1341 501 1379 minis
520 1341 761 1389 dignitatem:
791 1341 887 1378 dum
908 1353 954 1377 ex
973 1340 1036 1378 illo
1064 1352 1203 1388 genere
1223 1339 1347 1377 victor
1373 1339 1452 1376 dia-

386 1394 464 1431 boli
493 1394 661 1431 nascitur
694 1394 803 1444 quod
830 1405 900 1443 per
928 1393 1128 1431 diabolum
1151 1393 1273 1430 fuerat
1291 1392 1450 1430 victum.

439 1447 583 1494 Tertio,
605 1446 696 1496 quia
714 1459 784 1496 per
802 1447 878 1483 hoe
897 1445 1013 1483 etiam
1042 1445 1113 1483 Dei
1134 1445 1304 1494 potentia
1332 1444 1452 1493 magis

386 1500 617 1537 ostenditur:
657 1500 753 1536 dum
781 1499 829 1536 de
858 1506 994 1535 natura
1026 1505 1206 1547 corrupta
1234 1505 1270 1534 et
1298 1497 1452 1535 infirma

385 1552 592 1602 assumpsit
619 1552 658 1589 id
687 1552 795 1601 quod
822 1551 862 1588 in
890 1559 1035 1588 tantam
1058 1550 1240 1588 virtutem
1269 1558 1305 1587 et
1333 1549 1452 1598 digni-

385 1613 502 1643 tatem
531 1613 586 1642 est
613 1612 852 1654 promotum.

438 1660 496 1695 AD
517 1670 651 1696 patmum
671 1670 769 1695 ERGO
788 1669 971 1695 DICENDUM
998 1657 1107 1706 quod
1127 1655 1301 1694 Christus
1321 1655 1453 1693 debuit

386 1723 467 1748 esse
497 1724 518 1748 a
546 1710 811 1760 peccatoribus
840 1717 1055 1758 segregatus
1081 1717 1272 1758 quantum
1300 1709 1349 1747 ad
1375 1710 1453 1746 cul—

384 1776 488 1814 pam,
510 1776 630 1813 quam
649 1771 806 1800 venerat
834 1763 1049 1799 destruere:
1080 1774 1160 1799 non
1186 1770 1378 1811 quantum
1404 1762 1453 1799 ad

439 1894 467 1929 α)
487 1895 582 1927 ipsum.
594 1909 614 1913 —
628 1897 768 1926 peccatum
787 1893 899 1926 PstH.

440 1931 466 1965 β)
485 1931 541 1956 hoc.
554 1944 573 1949 -
590 1931 652 1956 Om.
672 1930 736 1960 Hbc,
754 1929 817 1961 quia
836 1929 885 1954 hoc
903 1929 932 1954 P.

1108 260 1371 308 QUAESTio
1401 261 1466 307 ιν,
1495 259 1788 298 ARTlcuLus
1815 261 1865 297 vl

1509 345 1698 386 naturam,
1719 350 1838 387 quam
1856 346 2013 376 venerat
2032 340 2196 382 salvare;
2218 339 2434 378 secundum
2453 347 2572 390 quam

1510 391 1631 428 debuit
1643 403 1716 440 per
1729 393 1857 429 omnia
1865 392 2053 440 fratribus
2065 392 2276 451 assimilari,
2291 399 2334 430 ut
2352 392 2456 430 idem
2470 394 2571 443 Apo-

1510 444 1628 480 stolus
1652 442 1750 489 dicit,
1771 445 1868 481 Heb.
1889 456 1911 481 n
1929 444 1960 481 *.
1989 445 2038 481 Et
2063 443 2103 481 in
2121 445 2197 482 hoe
2223 444 2338 482 etiam
2363 444 2610 484 mirabilior

1510 503 1565 532 est
1593 495 1675 532 eius
1702 495 1932 544 innocentia,
1952 497 2060 546 quod
2088 497 2135 534 de
2163 509 2291 534 massa
2308 505 2466 546 peccato
2485 498 2572 536 sub-

1510 547 1606 586 iecta
1633 556 1770 586 natura
1791 557 1988 599 assumpta
2015 557 2160 587 tantam
2187 549 2321 587 habuit
2354 549 2569 600 puritatem.

1562 602 1620 638 Αι)
1639 613 1829 639 SECUNDUM
1847 614 2028 640 mcennum
2048 602 2166 651 quod,
2187 602 2284 639 sicut
2302 602 2448 640 dictum
2471 611 2527 640 est
2539 603 2570 651 ²⁸,

1511 653 1680 703 oportuit
1708 666 1800 691 eum
1827 654 1895 703 qui
1919 662 2076 704 peccata
2102 662 2260 692 venerat
2286 656 2428 703 tollere,
2448 667 2531 693 esse
2549 667 2572 693 a

1508 706 1774 755 peccatoribus
1793 714 2031 755 segregatum
2045 715 2235 757 quantum
2254 708 2304 745 ad
2322 709 2493 757 culpam:
2509 707 2572 746 cui

1509 759 1637 796 Adam
1665 758 1864 805 subiacuit,
1884 767 1921 797 et
1947 772 2067 810 quem
2096 759 2269 798 Christus
2297 773 2321 798 a
2347 773 2415 798 suo
2442 761 2571 799 delicto

1510 811 1647 858 eduxit,
1666 819 1709 849 ut
1726 811 1864 849 dicitur
1881 814 1967 862 Sap.
1987 825 2011 850 x
2029 812 2060 850 ²¹².
2090 812 2303 862 Oportebat
2321 821 2452 851 autem
2479 825 2572 851 eum

1509 863 1577 913 qui
1605 865 1795 902 mundare
1823 876 1960 902 omnes
1978 873 2147 912 venerat,
2166 877 2248 902 non
2274 878 2357 903 esse
2378 866 2572 904 mundan-

1510 917 1626 954 dum:
1655 917 1752 954 sicut
1780 924 1817 954 et
1839 916 1879 954 in
1897 917 2068 966 quolibet
2085 929 2224 966 genere
2251 926 2382 956 motus
2399 919 2572 968 primum

1509 981 1673 1007 movens
1701 977 1758 1006 est
1784 969 1983 1008 immobile
2019 971 2237 1008 seeundum
2264 971 2374 1008 illum
2399 979 2570 1020 motum,

1509 1022 1605 1060 sicut
1632 1022 1802 1072 primum
1823 1027 1839 1051 Υ
1867 1023 2028 1060 alterans
2056 1030 2111 1060 est
2138 1022 2381 1061 inalterabile.
2411 1024 2459 1062 Et
2483 1023 2571 1062 ideo

1508 1087 1590 1112 non
1616 1075 1685 1112 fuit
1712 1074 1949 1112 conveniens
1974 1083 2016 1112 ut
2033 1083 2246 1113 assumeret
2263 1076 2479 1114 humanam
2505 1088 2572 1114 na-

1508 1136 1636 1165 turam
1664 1127 1704 1165 in
1731 1127 1817 1178 ipso
1846 1128 1984 1165 Adam.

1561 1182 1619 1218 Αι)
1637 1192 1796 1219 τεκτιυΜ
1815 1193 1997 1219 memnon
2016 1181 2135 1230 quod,
2155 1180 2247 1230 quia
2264 1181 2439 1220 Christus
2457 1181 2572 1219 debe.-

1508 1233 1572 1271 bat
1591 1246 1673 1271 esse
1692 1233 1861 1271 maxime
1881 1246 1904 1271 a
1922 1233 2188 1283 peccatoribus
2207 1241 2422 1282 segregatus
2450 1246 2572 1284 quan-

1508 1294 1592 1324 tum
1611 1287 1660 1324 ad
1679 1287 1845 1336 eulpam,
1865 1285 1976 1336 quasi
1995 1299 2192 1324 summam
2216 1286 2456 1337 innocentiae
2475 1287 2572 1326 obti-

1507 1351 1616 1386 nens,
1636 1339 1873 1376 conveniens
1891 1338 1961 1376 fuit
1979 1347 2021 1376 ut
2039 1351 2062 1377 a
2079 1339 2208 1389 primo
2226 1347 2428 1389 peccatore
2445 1352 2572 1389 usque

1507 1393 1556 1430 ad
1573 1391 1770 1429 Christum
1783 1392 2048 1442 perveniretur
2065 1391 2324 1430 mediantibus
2338 1392 2572 1442 quibusdam

1507 1445 1624 1492 iustis,
1641 1444 1680 1482 in
1699 1444 1841 1494 quibus
1859 1445 2114 1494 perfulgerent
2128 1446 2320 1494 quaedam
2340 1445 2501 1493 insignia
2513 1445 2571 1483 fu—

1507 1506 1614 1535 turae
1634 1497 1849 1534 sanctitatis.
1880 1498 2041 1547 Propter
2058 1498 2135 1535 hoc
2153 1497 2268 1535 etiam
2294 1497 2335 1535 in
2357 1499 2505 1548 populo
2524 1509 2571 1535 ex

1508 1562 1588 1600 quo
1609 1549 1783 1587 Christus
1801 1557 1881 1587 erat
1899 1549 2124 1596 nasciturus,
2145 1549 2302 1588 instituit
2320 1551 2427 1588 Deus
2454 1562 2571 1600 quae-

1507 1603 1600 1640 dam
1627 1602 1830 1640 sanctitatis
1858 1602 1974 1650 signa,
1995 1615 2095 1651 quae
2114 1602 2366 1652 incoeperunt
2392 1602 2432 1640 in
2451 1602 2572 1641 Abrae

1508 1657 1612 1703 ham,
1632 1655 1700 1705 qui
1727 1655 1876 1705 primus
1899 1654 2198 1705 promissionem
2226 1655 2371 1705 accepit
2394 1656 2442 1693 de
2462 1654 2572 1694 Chri—

1507 1716 1577 1755 sto,
1606 1715 1643 1745 et
1669 1707 2005 1745 circumcisionem
2037 1707 2076 1745 in
2105 1707 2258 1756 signum
2283 1707 2448 1747 foederis
2479 1719 2569 1747 con-

1508 1761 1742 1808 summandi,
1771 1768 1814 1798 ut
1841 1760 1978 1798 dicitur
2009 1761 2101 1798 Gen.
2121 1773 2191 1798 xvn
2210 1761 2240 1798 *.

1559 1891 1585 1925 γ)
1601 1890 1730 1923 primum.
1742 1904 1762 1908 —
1780 1891 1800 1915 E
1820 1895 1845 1915 et
1863 1890 1937 1915 tertia
1955 1895 2057 1922 praeter
2075 1890 2114 1922 ῦς
2128 1890 2302 1923 principium.

1061 2008 1395 2042 Commentaria
1419 2006 1671 2040 cardinalis
1692 2007 1895 2040 Caietani

447 2110 554 2130 ITULUS
578 2100 679 2130 clarus
700 2105 755 2129 est.
780 2099 821 2129 Et
840 2098 914 2129 ideo
939 2098 1110 2138 quaesitus,
1128 2098 1203 2137 quia
1225 2102 1350 2137 poterat
1365 2097 1454 2127 Deus

388 2112 553 2174 Tcreare
580 2153 679 2173 unam
709 2148 855 2173 naturam
879 2143 1053 2172 humanam
1082 2142 1116 2171 in
1146 2142 1315 2181 supposito
1339 2141 1452 2176 Verbi,

385 2189 468 2219 sicut
491 2188 607 2218 creavit
621 2187 736 2223 Adam,
760 2196 827 2217 non
843 2196 900 2226 per
915 2186 1190 2226 propagationem.
1215 2185 1343 2215 Poterat
1358 2185 1453 2215 etiam

386 2233 527 2273 aliquem
549 2232 647 2262 alium
663 2232 830 2262 hominem
854 2240 929 2261 cum
945 2240 1001 2260 sua
1017 2239 1117 2260 uxore
1139 2239 1245 2260 creare
1265 2230 1453 2259 innocentes

386 2283 417 2307 et
433 2278 466 2307 in
481 2277 665 2306 innocentia
680 2280 927 2315 perseverantes,
944 2275 1026 2304 sicut
1042 2274 1158 2304 creavit
1173 2273 1277 2304 Adam
1294 2278 1326 2303 et
1340 2273 1452 2309 Evam,

385 2327 417 2352 et
441 2331 479 2351 ex
501 2321 555 2350 illa
578 2320 751 2350 innocente
775 2320 871 2359 stirpe
900 2319 1075 2349 humanam
1105 2323 1252 2348 naturam
1275 2327 1452 2353 assumere,

386 2371 417 2395 et
439 2374 507 2395 non
531 2373 568 2394 ex
592 2364 688 2404 stirpe
711 2363 810 2394 Adae.
845 2363 974 2393 Poterat
996 2368 1028 2393 et
1050 2371 1149 2393 unam
1172 2361 1274 2392 solam
1297 2341 1453 2401 virgineni

386 2418 492 2440 creare
515 2409 722 2438 innocentem
746 2417 784 2438 ex
808 2417 872 2448 qua
894 2412 1092 2442 nasceretur,
1124 2407 1206 2436 sicut
1227 2411 1320 2436 natus
1344 2411 1391 2435 est
1413 2405 1453 2436 de

386 2453 485 2484 Maria
507 2453 652 2492 Virgine,
677 2451 742 2482 filia
764 2451 863 2482 Adae.
899 2450 985 2481 Cum
1008 2451 1104 2490 igitur
1126 2449 1234 2480 multis
1257 2450 1325 2480 aliis
1347 2449 1453 2480 modis

384 2497 560 2528 incarnatio
584 2496 652 2526 fieri
675 2497 848 2536 potuisset,
880 2495 1061 2535 quaesitum
1085 2499 1131 2524 est
1161 2503 1201 2524 an
1225 2494 1454 2524 convenienter

385 2542 425 2572 sit
448 2540 530 2571 facta
553 2550 591 2571 ex
614 2541 711 2580 stirpe
734 2539 834 2579 Adae.

441 2585 478 2615 11.
503 2585 539 2615 In
563 2593 699 2624 corpore
722 2584 844 2614 articuli
867 2584 963 2614 unica
985 2588 1033 2613 est
1056 2583 1239 2618 conclusio,
1268 2583 1453 2622 responsiva

387 2629 532 2669 quaesito
557 2628 751 2664 affirmative,
776 2628 909 2668 probata
932 2627 1046 2667 triplici
1062 2627 1196 2663 ratione,
1220 2632 1251 2657 et
1267 2627 1454 2657 auctoritate

387 2674 559 2713 Augustini
582 2673 773 2713 praeposita.
798 2672 839 2702 Et
863 2672 972 2702 omnia
995 2671 1078 2702 clare
1100 2676 1220 2711 patent.

443 2717 524 2748 Siste
547 2722 654 2747 tamen
677 2716 846 2756 paululum
870 2716 903 2746 in
927 2714 1066 2746 secunda
1088 2716 1227 2746 ratione:
1253 2719 1284 2745 et
1312 2714 1453 2755 intellige

388 2762 560 2792 minimum
585 2760 662 2801 quid
679 2761 718 2791 de
741 2766 848 2791 nostra
865 2759 1016 2800 dignitate
1041 2759 1189 2800 explicari
1204 2769 1262 2800 per
1284 2759 1348 2789 hoc
1364 2758 1453 2799 quod

1507 2097 1616 2132 nobis,
1641 2096 1863 2136 peccatoribus
1885 2097 1986 2133 victis,
2007 2096 2160 2127 collatum
2176 2102 2223 2127 est
2244 2097 2373 2128 vincere
2394 2106 2452 2138 per
2475 2103 2572 2138 caput

1508 2150 1546 2170 ex
1569 2141 1662 2170 nobis
1684 2145 1860 2180 sumptum.
1884 2140 1999 2180 Longe
2025 2141 2112 2171 enim
2131 2140 2256 2180 dignior
2283 2150 2356 2172 sum
2379 2140 2487 2182 quod,
2510 2141 2573 2173 Dei

1507 2183 1695 2215 filiationem
1717 2194 1775 2224 per
1797 2183 2006 2224 adoptionem
2025 2194 2100 2215 cum
2123 2185 2311 2225 sprevissem
2334 2184 2511 2225 peccando,
2525 2180 2573 2217 fn·-

1508 2234 1577 2259 ctus
1600 2238 1672 2259 sum
1688 2228 1749 2259 Dei
1771 2228 1870 2259 Filius
1892 2229 1938 2259 in
1949 2238 2097 2269 persona,
2120 2228 2223 2259 factus
2245 2237 2318 2260 sum
2340 2229 2452 2260 Deus
2442 2238 2478 2260 m
2499 2237 2572 2270 per—

1507 2282 1595 2303 sona.
1627 2273 1768 2303 Multum
1791 2273 1877 2303 enim
1899 2273 1979 2303 mihi
2000 2272 2159 2313 dignitatis
2182 2272 2335 2304 collatum
2357 2272 2460 2304 fateor
2481 2272 2573 2314 quod

1507 2327 1545 2347 ex
1569 2317 1701 2347 inimico
1721 2316 1823 2348 factus
1836 2326 1919 2347 *sum
1942 2317 2064 2348 amicus
2086 2317 2163 2354 Dei;
2187 2316 2278 2358 quod
2295 2317 2353 2358 qui
2375 2316 2506 2354 offendi,
2520 2326 2572 2349 ⁸8-

1507 2360 1625 2397 tisfeci;
1650 2362 1705 2401 qui
1723 2361 1883 2397 demerui,
1906 2362 2026 2397 merui;
2057 2361 2114 2402 qui
2142 2361 2246 2392 victus
2272 2369 2361 2398 sum,
2385 2361 2447 2392 vici
2473 2361 2572 2392 etium

1507 2405 1672 2436 diabolum
1706 2411 1738 2435 et
1767 2405 1959 2446 triumphavi
1987 2405 2026 2436 de
2055 2405 2145 2446 ipso;
2169 2405 2225 2446 qui
2255 2413 2342 2436 eram
2372 2405 2405 2436 in
2436 2405 2572 2448 regione

1507 2449 1729 2491 longinqua,
1702 2450 1720 2466 ⁴*
1747 2454 1779 2480 et
1793 2450 1983 2480 vulneratus
1998 2459 2018 2480 a
2035 2449 2216 2480 latronibus
2230 2449 2275 2485 ”,
2292 2454 2364 2485 etc„
2380 2447 2483 2480 factus
2498 2456 2572 2481 sum

1507 2494 1667 2524 Dominus
1691 2493 1888 2533 angelorum.
1913 2493 1977 2524 Sed
1999 2502 2112 2524 omnes
2134 2498 2261 2533 superat
2292 2471 2459 2544 dignitates
2481 2492 2572 2534 quod

1507 2537 1609 2568 factus
1625 2547 1696 2568 sum
1717 2538 1805 2568 Deus
1827 2537 2053 2577 personaliter:
2085 2537 2184 2588 quod
2197 2538 2261 2567 mei
2284 2537 2419 2577 generis,
2435 2542 2502 2568 tam
2522 2537 2572 2568 in—

1507 2581 1575 2612 fimi
1598 2587 1730 2622 tamque
1753 2582 1912 2622 corrupti,
1941 2591 1978 2612 ac
2001 2582 2072 2612 Deo
2096 2581 2235 2621 inimici3
2259 2581 2334 2617 mei,
2357 2582 2500 2622 inquam,
2516 2590 2572 2622 ge·

1506 2627 1589 2656 neris
1609 2636 1692 2656 unus
1716 2635 1778 2667 ego
1801 2635 1895 2656 verus
1910 2631 1957 2656 est
1973 2625 2071 2662 Deus,
2087 2635 2156 2656 non
2174 2625 2402 2666 participative,
2418 2625 2474 2656 sed
2496 2626 2572 2656 sub-

1508 2670 1700 2700 stantialiter.
1735 2669 1787 2700 Ad
1809 2669 1981 2700 maximam
2004 2679 2080 2710 ergo
2106 2670 2283 2709 peccatoris
2306 2670 2447 2700 hominis
2469 2667 2572 2714 digni*

1506 2719 1605 2744 tatem
1620 2719 1742 2754 spectat
1757 2713 1847 2754 quod
1869 2713 1909 2744 de
1932 2714 2028 2754 stirpe
2050 2714 2228 2754 peccatn'ce
2251 2722 2380 2744 carnem
2401 2710 2572 2755 assumpsit

1508 2758 1605 2789 Deus.

2623 450 2690 473 Vera.
2707 458 2739 479 ¹7.

2599 605 2661 627 ‘Ad
2678 613 2697 628 ι.

2600 823 2610 834 ’
2624 822 2691 846 Ven-
2705 829 2726 846 ².

2598 1754 2609 1767 ⁸
2622 1754 2689 1777 Vm.
2706 1761 2742 1777 ιι.

2598 2453 2682 2476 Ἰ-ιιο.
2705 2459 2814 2482 mlxxv,
2841 2473 2842 2476 ,

2597 2485 2704 2529 Qu?

2597 2539 2658 2556 ven.
2671 2538 2708 2563 ³⁰·

2713 2512 2764 2536 uv-
2783 2512 2814 2535 x>
