<?xml version="1.0" encoding="UTF-8"?>
<!DOCTYPE html PUBLIC "-//W3C//DTD XHTML 1.0 Transitional//EN"
    "http://www.w3.org/TR/xhtml1/DTD/xhtml1-transitional.dtd">
<html xmlns="http://www.w3.org/1999/xhtml" xml:lang="en" lang="en">
 <head>
  <title>
</title>
<meta http-equiv="Content-Type" content="text/html;charset=utf-8" />
  <meta name='ocr-system' content='tesseract 3.04.00' />
  <meta name='ocr-capabilities' content='ocr_page ocr_carea ocr_par ocr_line ocrx_word'/>
</head>
<body>
  <div class='ocr_page' id='page_1' title='image "./operaomniaiussui11thom_0183.png"; bbox 0 0 2872 3970; ppageno 0'>
   <div class='ocr_carea' id='block_1_1' title="bbox 0 107 83 2500">
    <p class='ocr_par' dir='ltr' id='par_1_1' title="bbox 0 107 83 2500">
     <span class='ocr_line' id='line_1_1' title="bbox 0 107 83 2500; baseline 0 0"><span class='ocrx_word' id='word_1_1' title='bbox 0 107 83 2500; x_wconf 95' lang='lat' dir='ltr'>   </span> 
     </span>
    </p>
   </div>
   <div class='ocr_carea' id='block_1_2' title="bbox 2 468 238 555">
    <p class='ocr_par' dir='ltr' id='par_1_2' title="bbox 1 468 238 555">
     <span class='ocr_line' id='line_1_2' title="bbox 19 468 238 523; baseline -0.017 -4.304"><span class='ocrx_word' id='word_1_2' title='bbox 19 491 29 495; x_wconf 68' lang='lat'><em>⁷</em></span> <span class='ocrx_word' id='word_1_3' title='bbox 41 470 188 523; x_wconf 41' lang='grc' dir='ltr'>ΜΨ</span> <span class='ocrx_word' id='word_1_4' title='bbox 196 468 238 516; x_wconf 42' lang='lat' dir='ltr'>liiii</span> 
     </span>
     <span class='ocr_line' id='line_1_3' title="bbox 2 527 184 555; baseline -0.011 -10"><span class='ocrx_word' id='word_1_5' title='bbox 2 534 3 538; x_wconf 67' lang='lat'><em>=</em></span> <span class='ocrx_word' id='word_1_6' title='bbox 25 528 53 555; x_wconf 32' lang='grc' dir='ltr'>μ’</span> <span class='ocrx_word' id='word_1_7' title='bbox 82 527 133 550; x_wconf 62' lang='lat' dir='ltr'>up.</span> <span class='ocrx_word' id='word_1_8' title='bbox 146 527 184 543; x_wconf 82' lang='lat' dir='ltr'>xv.</span> 
     </span>
    </p>
   </div>
   <div class='ocr_carea' id='block_1_3' title="bbox 34 1593 212 1618">
    <p class='ocr_par' dir='ltr' id='par_1_3' title="bbox 34 1593 212 1618">
     <span class='ocr_line' id='line_1_4' title="bbox 34 1593 212 1618; baseline 0 -7"><span class='ocrx_word' id='word_1_9' title='bbox 34 1596 38 1599; x_wconf 92' lang='lat'><em>·</em></span> <span class='ocrx_word' id='word_1_10' title='bbox 48 1593 62 1608; x_wconf 59' lang='lat' dir='ltr'><em>v</em></span> <span class='ocrx_word' id='word_1_11' title='bbox 71 1605 77 1611; x_wconf 94' lang='lat'>.</span> <span class='ocrx_word' id='word_1_12' title='bbox 90 1594 154 1612; x_wconf 78' lang='lat' dir='ltr'>num.</span> <span class='ocrx_word' id='word_1_13' title='bbox 163 1595 212 1618; x_wconf 74' lang='lat' dir='ltr'>seq.</span> 
     </span>
    </p>
   </div>
   <div class='ocr_carea' id='block_1_4' title="bbox 30 2507 223 2614">
    <p class='ocr_par' dir='ltr' id='par_1_4' title="bbox 30 2507 223 2614">
     <span class='ocr_line' id='line_1_5' title="bbox 42 2507 223 2534; baseline 0 0"><span class='ocrx_word' id='word_1_14' title='bbox 42 2507 44 2509; x_wconf 57' lang='grc'><strong><em>’</em></strong></span> <span class='ocrx_word' id='word_1_15' title='bbox 66 2511 223 2534; x_wconf 77' lang='lat' dir='ltr'>.Aristot.de</span> 
     </span>
     <span class='ocr_line' id='line_1_6' title="bbox 38 2538 221 2567; baseline 0 -7"><span class='ocrx_word' id='word_1_16' title='bbox 38 2538 165 2565; x_wconf 72' lang='lat' dir='ltr'>·1‚1ib.</span> <span class='ocrx_word' id='word_1_17' title='bbox 188 2539 221 2567; x_wconf 83' lang='lat'>11,</span> 
     </span>
     <span class='ocr_line' id='line_1_7' title="bbox 30 2569 222 2614; baseline 0.005 -1"><span class='ocrx_word' id='word_1_18' title='bbox 30 2576 49 2591; x_wconf 60' lang='lat'><em>²</em></span> <span class='ocrx_word' id='word_1_19' title='bbox 75 2569 222 2614; x_wconf 72' lang='grc' dir='ltr'>Ῐἰἑ’ἐιῖἰῗ.’”</span> 
     </span>
    </p>
   </div>
   <div class='ocr_carea' id='block_1_5' title="bbox 978 285 1731 332">
    <p class='ocr_par' dir='ltr' id='par_1_5' title="bbox 978 285 1731 332">
     <span class='ocr_line' id='line_1_8' title="bbox 978 285 1731 332; baseline 0.003 -10"><span class='ocrx_word' id='word_1_20' title='bbox 978 285 1240 331; x_wconf 90' lang='lat' dir='ltr'>QUAESTIO</span> <span class='ocrx_word' id='word_1_21' title='bbox 1269 286 1368 332; x_wconf 90' lang='lat' dir='ltr'>VIII,</span> <span class='ocrx_word' id='word_1_22' title='bbox 1398 286 1688 324; x_wconf 91' lang='lat' dir='ltr'>ARTICULUS</span> <span class='ocrx_word' id='word_1_23' title='bbox 1717 288 1731 323; x_wconf 93' lang='lat' dir='ltr'>I</span> 
     </span>
    </p>
   </div>
   <div class='ocr_carea' id='block_1_6' title="bbox 2365 300 2437 337">
    <p class='ocr_par' dir='ltr' id='par_1_6' title="bbox 2365 300 2437 337">
     <span class='ocr_line' id='line_1_9' title="bbox 2365 300 2437 337; baseline 0.014 -13"><span class='ocrx_word' id='word_1_24' title='bbox 2365 300 2437 337; x_wconf 88' lang='lat'>127</span> 
     </span>
    </p>
   </div>
   <div class='ocr_carea' id='block_1_7' title="bbox 265 361 2437 413">
    <p class='ocr_par' dir='ltr' id='par_1_7' title="bbox 265 361 2437 413">
     <span class='ocr_line' id='line_1_10' title="bbox 265 361 2437 413; baseline 0.003 -15"><span class='ocrx_word' id='word_1_25' title='bbox 265 361 347 398; x_wconf 91' lang='lat' dir='ltr'>liter</span> <span class='ocrx_word' id='word_1_26' title='bbox 373 361 407 398; x_wconf 93' lang='lat' dir='ltr'>ei</span> <span class='ocrx_word' id='word_1_27' title='bbox 435 362 614 399; x_wconf 89' lang='lat' dir='ltr'>convenit</span> <span class='ocrx_word' id='word_1_28' title='bbox 641 362 856 399; x_wconf 91' lang='lat' dir='ltr'>secundum</span> <span class='ocrx_word' id='word_1_29' title='bbox 885 362 992 410; x_wconf 91' lang='lat' dir='ltr'>quod</span> <span class='ocrx_word' id='word_1_30' title='bbox 1020 369 1074 398; x_wconf 92' lang='lat' dir='ltr'>est</span> <span class='ocrx_word' id='word_1_31' title='bbox 1101 363 1237 407; x_wconf 91' lang='lat' dir='ltr'>homo,</span> <span class='ocrx_word' id='word_1_32' title='bbox 1267 362 1322 398; x_wconf 92' lang='lat' dir='ltr'>in·</span> <span class='ocrx_word' id='word_1_33' title='bbox 1348 362 1351 413; x_wconf 78' lang='grc' dir='ltr'>Ι</span> <span class='ocrx_word' id='word_1_34' title='bbox 1377 371 1431 399; x_wconf 91' lang='lat' dir='ltr'>est</span> <span class='ocrx_word' id='word_1_35' title='bbox 1459 371 1572 412; x_wconf 89' lang='lat' dir='ltr'>caput</span> <span class='ocrx_word' id='word_1_36' title='bbox 1600 363 1713 406; x_wconf 91' lang='lat' dir='ltr'>aliud,</span> <span class='ocrx_word' id='word_1_37' title='bbox 1745 364 1835 412; x_wconf 92' lang='lat' dir='ltr'>quia</span> <span class='ocrx_word' id='word_1_38' title='bbox 1863 376 2002 413; x_wconf 88' lang='lat' dir='ltr'>corpus</span> <span class='ocrx_word' id='word_1_39' title='bbox 2026 366 2243 403; x_wconf 90' lang='lat' dir='ltr'>humanum</span> <span class='ocrx_word' id='word_1_40' title='bbox 2273 378 2351 403; x_wconf 91' lang='lat' dir='ltr'>non</span> <span class='ocrx_word' id='word_1_41' title='bbox 2381 375 2437 404; x_wconf 88' lang='lat' dir='ltr'>est</span> 
     </span>
    </p>
   </div>
   <div class='ocr_carea' id='block_1_8' title="bbox 258 414 1322 1143">
    <p class='ocr_par' dir='ltr' id='par_1_8' title="bbox 259 414 1322 984">
     <span class='ocr_line' id='line_1_11' title="bbox 265 414 1322 462; baseline 0.001 -12"><span class='ocrx_word' id='word_1_42' title='bbox 265 421 454 462; x_wconf 87' lang='lat' dir='ltr'>quantum</span> <span class='ocrx_word' id='word_1_43' title='bbox 482 414 620 452; x_wconf 92' lang='lat' dir='ltr'>scilicet</span> <span class='ocrx_word' id='word_1_44' title='bbox 647 414 730 451; x_wconf 90' lang='lat' dir='ltr'>eius</span> <span class='ocrx_word' id='word_1_45' title='bbox 758 414 975 450; x_wconf 90' lang='lat' dir='ltr'>humanitas</span> <span class='ocrx_word' id='word_1_46' title='bbox 1009 414 1077 450; x_wconf 89' lang='lat' dir='ltr'>fuit</span> <span class='ocrx_word' id='word_1_47' title='bbox 1105 416 1322 451; x_wconf 84' lang='lat' dir='ltr'>instrumen-</span> 
     </span>
     <span class='ocr_line' id='line_1_12' title="bbox 263 465 1322 515; baseline 0 -13"><span class='ocrx_word' id='word_1_48' title='bbox 263 471 340 502; x_wconf 86' lang='lat' dir='ltr'>tum</span> <span class='ocrx_word' id='word_1_49' title='bbox 368 467 563 505; x_wconf 84' lang='lat' dir='ltr'>divinitatis</span> <span class='ocrx_word' id='word_1_50' title='bbox 590 469 666 503; x_wconf 86' lang='lat' dir='ltr'>eius</span> <span class='ocrx_word' id='word_1_51' title='bbox 683 466 714 503; x_wconf 70' lang='lat'>²¹⁶.</span> <span class='ocrx_word' id='word_1_52' title='bbox 757 467 805 503; x_wconf 90' lang='lat' dir='ltr'>Et</span> <span class='ocrx_word' id='word_1_53' title='bbox 839 466 889 502; x_wconf 89' lang='lat' dir='ltr'>ita</span> <span class='ocrx_word' id='word_1_54' title='bbox 924 465 1091 502; x_wconf 83' lang='lat' dir='ltr'>actiones</span> <span class='ocrx_word' id='word_1_55' title='bbox 1123 466 1241 515; x_wconf 90' lang='lat' dir='ltr'>ipsius</span> <span class='ocrx_word' id='word_1_56' title='bbox 1275 479 1322 503; x_wconf 85' lang='lat' dir='ltr'>ex</span> 
     </span>
     <span class='ocr_line' id='line_1_13' title="bbox 263 517 1320 568; baseline 0 -13"><span class='ocrx_word' id='word_1_57' title='bbox 263 517 400 555; x_wconf 88' lang='lat' dir='ltr'>virtute</span> <span class='ocrx_word' id='word_1_58' title='bbox 419 518 622 556; x_wconf 89' lang='lat' dir='ltr'>divinitatis</span> <span class='ocrx_word' id='word_1_59' title='bbox 641 519 793 556; x_wconf 88' lang='lat' dir='ltr'>fuerunt</span> <span class='ocrx_word' id='word_1_60' title='bbox 816 518 928 555; x_wconf 89' lang='lat' dir='ltr'>nobis</span> <span class='ocrx_word' id='word_1_61' title='bbox 947 518 1168 561; x_wconf 85' lang='lat' dir='ltr'><strong>salutiferae,</strong></span> <span class='ocrx_word' id='word_1_62' title='bbox 1189 526 1320 568; x_wconf 86' lang='lat' dir='ltr'>utpote</span> 
     </span>
     <span class='ocr_line' id='line_1_14' title="bbox 262 570 1321 621; baseline -0.001 -13"><span class='ocrx_word' id='word_1_63' title='bbox 262 570 418 618; x_wconf 87' lang='lat' dir='ltr'>gratiam</span> <span class='ocrx_word' id='word_1_64' title='bbox 449 571 487 621; x_wconf 88' lang='lat' dir='ltr'>in</span> <span class='ocrx_word' id='word_1_65' title='bbox 515 571 626 608; x_wconf 91' lang='lat' dir='ltr'>nobis</span> <span class='ocrx_word' id='word_1_66' title='bbox 654 578 869 617; x_wconf 78' lang='lat' dir='ltr'>causanteS,</span> <span class='ocrx_word' id='word_1_67' title='bbox 906 578 942 606; x_wconf 89' lang='lat' dir='ltr'>et</span> <span class='ocrx_word' id='word_1_68' title='bbox 975 582 1045 619; x_wconf 92' lang='lat' dir='ltr'>per</span> <span class='ocrx_word' id='word_1_69' title='bbox 1072 571 1252 607; x_wconf 90' lang='lat' dir='ltr'>meritum</span> <span class='ocrx_word' id='word_1_70' title='bbox 1285 579 1321 607; x_wconf 92' lang='lat' dir='ltr'>et</span> 
     </span>
     <span class='ocr_line' id='line_1_15' title="bbox 261 622 1319 672; baseline -0.001 -12"><span class='ocrx_word' id='word_1_71' title='bbox 261 635 331 672; x_wconf 88' lang='lat' dir='ltr'>per</span> <span class='ocrx_word' id='word_1_72' title='bbox 353 623 595 660; x_wconf 87' lang='lat' dir='ltr'>efficientiam</span> <span class='ocrx_word' id='word_1_73' title='bbox 614 624 822 672; x_wconf 90' lang='lat' dir='ltr'>quandam.</span> <span class='ocrx_word' id='word_1_74' title='bbox 852 622 1087 670; x_wconf 86' lang='lat' dir='ltr'>Augustinus</span> <span class='ocrx_word' id='word_1_75' title='bbox 1106 630 1236 659; x_wconf 90' lang='lat' dir='ltr'>autem</span> <span class='ocrx_word' id='word_1_76' title='bbox 1255 635 1319 659; x_wconf 92' lang='lat' dir='ltr'>ne-</span> 
     </span>
     <span class='ocr_line' id='line_1_16' title="bbox 261 675 1319 724; baseline -0.001 -12"><span class='ocrx_word' id='word_1_77' title='bbox 261 683 323 723; x_wconf 88' lang='lat' dir='ltr'>gat</span> <span class='ocrx_word' id='word_1_78' title='bbox 350 675 565 722; x_wconf 88' lang='lat' dir='ltr'>Christum,</span> <span class='ocrx_word' id='word_1_79' title='bbox 594 676 809 712; x_wconf 91' lang='lat' dir='ltr'>secundum</span> <span class='ocrx_word' id='word_1_80' title='bbox 837 675 943 724; x_wconf 92' lang='lat' dir='ltr'>quod</span> <span class='ocrx_word' id='word_1_81' title='bbox 976 682 1031 711; x_wconf 91' lang='lat' dir='ltr'>est</span> <span class='ocrx_word' id='word_1_82' title='bbox 1058 676 1199 722; x_wconf 92' lang='lat' dir='ltr'>homo,</span> <span class='ocrx_word' id='word_1_83' title='bbox 1229 675 1319 712; x_wconf 90' lang='lat' dir='ltr'>dare</span> 
     </span>
     <span class='ocr_line' id='line_1_17' title="bbox 262 727 1318 776; baseline 0 -12"><span class='ocrx_word' id='word_1_84' title='bbox 262 727 446 776; x_wconf 91' lang='lat' dir='ltr'>Spiritum</span> <span class='ocrx_word' id='word_1_85' title='bbox 475 729 658 766; x_wconf 85' lang='lat' dir='ltr'>Sanctum</span> <span class='ocrx_word' id='word_1_86' title='bbox 685 740 755 776; x_wconf 91' lang='lat' dir='ltr'>per</span> <span class='ocrx_word' id='word_1_87' title='bbox 781 727 1054 765; x_wconf 89' lang='lat' dir='ltr'>auctoritatem.</span> <span class='ocrx_word' id='word_1_88' title='bbox 1088 729 1318 764; x_wconf 89' lang='lat' dir='ltr'>Instrumen-</span> 
     </span>
     <span class='ocr_line' id='line_1_18' title="bbox 260 779 1319 827; baseline -0.001 -10"><span class='ocrx_word' id='word_1_89' title='bbox 260 779 381 817; x_wconf 81' lang='lat' dir='ltr'>taliter</span> <span class='ocrx_word' id='word_1_90' title='bbox 407 788 547 827; x_wconf 90' lang='lat' dir='ltr'>autem,</span> <span class='ocrx_word' id='word_1_91' title='bbox 568 780 647 817; x_wconf 88' lang='lat' dir='ltr'>sive</span> <span class='ocrx_word' id='word_1_92' title='bbox 667 780 966 827; x_wconf 86' lang='lat' dir='ltr'>ministerialiter,</span> <span class='ocrx_word' id='word_1_93' title='bbox 987 779 1102 816; x_wconf 90' lang='lat' dir='ltr'>etiam</span> <span class='ocrx_word' id='word_1_94' title='bbox 1121 779 1182 816; x_wconf 91' lang='lat' dir='ltr'>alii</span> <span class='ocrx_word' id='word_1_95' title='bbox 1201 780 1319 816; x_wconf 90' lang='lat' dir='ltr'>sancti</span> 
     </span>
     <span class='ocr_line' id='line_1_19' title="bbox 261 832 1317 882; baseline 0 -13"><span class='ocrx_word' id='word_1_96' title='bbox 261 832 440 870; x_wconf 91' lang='lat' dir='ltr'>dicuntur</span> <span class='ocrx_word' id='word_1_97' title='bbox 473 833 563 870; x_wconf 86' lang='lat' dir='ltr'>dare</span> <span class='ocrx_word' id='word_1_98' title='bbox 600 833 784 882; x_wconf 90' lang='lat' dir='ltr'>Spiritum</span> <span class='ocrx_word' id='word_1_99' title='bbox 818 833 1003 870; x_wconf 91' lang='lat' dir='ltr'>Sanctum</span> <span class='ocrx_word' id='word_1_100' title='bbox 1026 832 1063 869; x_wconf 80' lang='lat' dir='ltr'>*z</span> <span class='ocrx_word' id='word_1_101' title='bbox 1102 832 1317 869; x_wconf 90' lang='lat' dir='ltr'>secundum</span> 
     </span>
     <span class='ocr_line' id='line_1_20' title="bbox 260 884 1317 934; baseline 0 -13"><span class='ocrx_word' id='word_1_102' title='bbox 260 884 352 922; x_wconf 91' lang='lat' dir='ltr'>illud</span> <span class='ocrx_word' id='word_1_103' title='bbox 384 885 504 922; x_wconf 82' lang='lat' dir='ltr'>Galat.</span> <span class='ocrx_word' id='word_1_104' title='bbox 525 897 557 922; x_wconf 90' lang='lat'>111</span> <span class='ocrx_word' id='word_1_105' title='bbox 575 885 612 922; x_wconf 79' lang='grc' dir='ltr'>*ε</span> <span class='ocrx_word' id='word_1_106' title='bbox 648 886 724 928; x_wconf 79' lang='lat' dir='ltr'>Qui</span> <span class='ocrx_word' id='word_1_107' title='bbox 747 887 870 922; x_wconf 82' lang='lat' dir='ltr'>tribuit</span> <span class='ocrx_word' id='word_1_108' title='bbox 895 887 997 923; x_wconf 79' lang='lat' dir='ltr'>vobis</span> <span class='ocrx_word' id='word_1_109' title='bbox 1024 886 1199 934; x_wconf 85' lang='lat' dir='ltr'>Spiritum</span> <span class='ocrx_word' id='word_1_110' title='bbox 1227 887 1317 922; x_wconf 88' lang='lat' dir='ltr'>San-</span> 
     </span>
     <span class='ocr_line' id='line_1_21' title="bbox 259 936 484 984; baseline 0.004 -11"><span class='ocrx_word' id='word_1_111' title='bbox 259 942 357 974; x_wconf 87' lang='lat' dir='ltr'>ctum</span> <span class='ocrx_word' id='word_1_112' title='bbox 373 936 395 984; x_wconf 59' lang='lat' dir='ltr'>t,</span> <span class='ocrx_word' id='word_1_113' title='bbox 416 945 484 975; x_wconf 91' lang='lat' dir='ltr'>etc.</span> 
     </span>
    </p>

    <p class='ocr_par' dir='ltr' id='par_1_9' title="bbox 258 989 1316 1143">
     <span class='ocr_line' id='line_1_22' title="bbox 311 989 1316 1040; baseline 0 -14"><span class='ocrx_word' id='word_1_114' title='bbox 311 991 369 1026; x_wconf 83' lang='lat' dir='ltr'>AD</span> <span class='ocrx_word' id='word_1_115' title='bbox 400 1002 588 1028; x_wconf 79' lang='lat' dir='ltr'><strong>SECUNDUM</strong></span> <span class='ocrx_word' id='word_1_116' title='bbox 619 1003 800 1028; x_wconf 80' lang='lat' dir='ltr'>DtCENDUM</span> <span class='ocrx_word' id='word_1_117' title='bbox 832 990 939 1040; x_wconf 90' lang='lat' dir='ltr'>quod</span> <span class='ocrx_word' id='word_1_118' title='bbox 973 990 1013 1027; x_wconf 90' lang='lat' dir='ltr'>in</span> <span class='ocrx_word' id='word_1_119' title='bbox 1047 989 1316 1039; x_wconf 88' lang='lat' dir='ltr'>metaphoricis</span> 
     </span>
     <span class='ocr_line' id='line_1_23' title="bbox 258 1041 1316 1093; baseline 0.001 -15"><span class='ocrx_word' id='word_1_120' title='bbox 258 1041 515 1080; x_wconf 90' lang='lat' dir='ltr'>locutionibus</span> <span class='ocrx_word' id='word_1_121' title='bbox 550 1055 631 1079; x_wconf 92' lang='lat' dir='ltr'>non</span> <span class='ocrx_word' id='word_1_122' title='bbox 667 1051 817 1093; x_wconf 87' lang='lat' dir='ltr'>oportet</span> <span class='ocrx_word' id='word_1_123' title='bbox 852 1042 993 1080; x_wconf 90' lang='lat' dir='ltr'>attendi</span> <span class='ocrx_word' id='word_1_124' title='bbox 1029 1042 1316 1079; x_wconf 91' lang='lat' dir='ltr'>similitudinem</span> 
     </span>
     <span class='ocr_line' id='line_1_24' title="bbox 258 1094 1316 1143; baseline 0 -11"><span class='ocrx_word' id='word_1_125' title='bbox 258 1102 447 1143; x_wconf 86' lang='lat' dir='ltr'>quantum</span> <span class='ocrx_word' id='word_1_126' title='bbox 475 1095 524 1132; x_wconf 90' lang='lat' dir='ltr'>ad</span> <span class='ocrx_word' id='word_1_127' title='bbox 552 1095 701 1132; x_wconf 90' lang='lat' dir='ltr'>omnia:</span> <span class='ocrx_word' id='word_1_128' title='bbox 737 1095 790 1132; x_wconf 92' lang='lat' dir='ltr'>sic</span> <span class='ocrx_word' id='word_1_129' title='bbox 817 1095 922 1132; x_wconf 92' lang='lat' dir='ltr'>enim</span> <span class='ocrx_word' id='word_1_130' title='bbox 955 1107 1036 1132; x_wconf 91' lang='lat' dir='ltr'>non</span> <span class='ocrx_word' id='word_1_131' title='bbox 1064 1103 1160 1132; x_wconf 91' lang='lat' dir='ltr'>esset</span> <span class='ocrx_word' id='word_1_132' title='bbox 1188 1094 1316 1132; x_wconf 90' lang='lat' dir='ltr'>simili-</span> 
     </span>
    </p>
   </div>
   <div class='ocr_carea' id='block_1_9' title="bbox 198 1147 1316 1198">
    <p class='ocr_par' dir='ltr' id='par_1_10' title="bbox 198 1147 1316 1198">
     <span class='ocr_line' id='line_1_25' title="bbox 198 1147 1316 1198; baseline 0.001 -15"><span class='ocrx_word' id='word_1_133' title='bbox 198 1175 203 1181; x_wconf 93' lang='lat'>.</span> <span class='ocrx_word' id='word_1_134' title='bbox 223 1148 229 1155; x_wconf 87' lang='lat'><strong>‘</strong></span> <span class='ocrx_word' id='word_1_135' title='bbox 257 1147 363 1195; x_wconf 92' lang='lat' dir='ltr'>tudo,</span> <span class='ocrx_word' id='word_1_136' title='bbox 381 1147 451 1196; x_wconf 31' lang='lat' dir='ltr'>,sed</span> <span class='ocrx_word' id='word_1_137' title='bbox 472 1148 526 1185; x_wconf 90' lang='lat' dir='ltr'>rei</span> <span class='ocrx_word' id='word_1_138' title='bbox 544 1147 682 1186; x_wconf 89' lang='lat' dir='ltr'>veritas</span> <span class='ocrx_word' id='word_1_139' title='bbox 695 1148 890 1198; x_wconf 78' lang='lat' dir='ltr'>*..Capitis</span> <span class='ocrx_word' id='word_1_140' title='bbox 908 1147 1020 1196; x_wconf 88' lang='lat' dir='ltr'>igitur</span> <span class='ocrx_word' id='word_1_141' title='bbox 1037 1147 1217 1185; x_wconf 90' lang='lat' dir='ltr'>naturalis</span> <span class='ocrx_word' id='word_1_142' title='bbox 1237 1160 1316 1184; x_wconf 90' lang='lat' dir='ltr'>non</span> 
     </span>
    </p>
   </div>
   <div class='ocr_carea' id='block_1_10' title="bbox 307 1286 782 1356">
    <p class='ocr_par' dir='ltr' id='par_1_11' title="bbox 307 1286 782 1356">
     <span class='ocr_line' id='line_1_26' title="bbox 309 1286 707 1321; baseline 0 -9"><span class='ocrx_word' id='word_1_143' title='bbox 309 1286 334 1321; x_wconf 79' lang='grc' dir='ltr'>ζ)</span> <span class='ocrx_word' id='word_1_144' title='bbox 354 1287 491 1314; x_wconf 83' lang='lat' dir='ltr'>Sanctum.</span> <span class='ocrx_word' id='word_1_145' title='bbox 510 1301 529 1306; x_wconf 91' lang='lat'><em>-</em></span> <span class='ocrx_word' id='word_1_146' title='bbox 547 1287 607 1313; x_wconf 87' lang='lat' dir='ltr'>Om.</span> <span class='ocrx_word' id='word_1_147' title='bbox 626 1288 707 1312; x_wconf 86' lang='lat' dir='ltr'>tertia.</span> 
     </span>
     <span class='ocr_line' id='line_1_27' title="bbox 307 1322 782 1356; baseline -0.002 -8"><span class='ocrx_word' id='word_1_148' title='bbox 307 1322 334 1356; x_wconf 87' lang='grc' dir='ltr'>η)</span> <span class='ocrx_word' id='word_1_149' title='bbox 354 1323 418 1355; x_wconf 78' lang='lat' dir='ltr'>ipse.</span> <span class='ocrx_word' id='word_1_150' title='bbox 434 1337 453 1342; x_wconf 90' lang='lat'>—</span> <span class='ocrx_word' id='word_1_151' title='bbox 473 1322 594 1348; x_wconf 80' lang='lat' dir='ltr'>Christus</span> <span class='ocrx_word' id='word_1_152' title='bbox 613 1322 683 1347; x_wconf 80' lang='lat' dir='ltr'>addit</span> <span class='ocrx_word' id='word_1_153' title='bbox 700 1323 782 1348; x_wconf 77' lang='lat' dir='ltr'>tertia.</span> 
     </span>
    </p>
   </div>
   <div class='ocr_carea' id='block_1_11' title="bbox 1342 505 1349 1167">
    <p class='ocr_par' dir='ltr' id='par_1_12' title="bbox 1342 505 1349 1167">
     <span class='ocr_line' id='line_1_28' title="bbox 1342 505 1349 1167; baseline 0 0"><span class='ocrx_word' id='word_1_154' title='bbox 1342 505 1349 1167; x_wconf 95' lang='lat' dir='ltr'> </span> 
     </span>
    </p>
   </div>
   <div class='ocr_carea' id='block_1_12' title="bbox 1370 416 2435 1200">
    <p class='ocr_par' dir='ltr' id='par_1_13' title="bbox 1372 416 2435 831">
     <span class='ocr_line' id='line_1_29' title="bbox 1375 416 2435 466; baseline 0.006 -15"><span class='ocrx_word' id='word_1_155' title='bbox 1375 427 1462 464; x_wconf 90' lang='lat' dir='ltr'>pars</span> <span class='ocrx_word' id='word_1_156' title='bbox 1490 416 1641 452; x_wconf 87' lang='lat' dir='ltr'>alterius</span> <span class='ocrx_word' id='word_1_157' title='bbox 1669 416 1849 464; x_wconf 89' lang='lat' dir='ltr'>corporis.</span> <span class='ocrx_word' id='word_1_158' title='bbox 1881 417 1957 453; x_wconf 88' lang='lat' dir='ltr'>Sed</span> <span class='ocrx_word' id='word_1_159' title='bbox 1976 430 2115 466; x_wconf 88' lang='lat' dir='ltr'>corpus</span> <span class='ocrx_word' id='word_1_160' title='bbox 2135 418 2435 457; x_wconf 87' lang='lat' dir='ltr'>similitudinarie</span> 
     </span>
     <span class='ocr_line' id='line_1_30' title="bbox 1375 467 2434 520; baseline 0.006 -17"><span class='ocrx_word' id='word_1_161' title='bbox 1375 467 1531 514; x_wconf 87' lang='lat' dir='ltr'>dictum,</span> <span class='ocrx_word' id='word_1_162' title='bbox 1561 467 1656 504; x_wconf 91' lang='lat' dir='ltr'>idest</span> <span class='ocrx_word' id='word_1_163' title='bbox 1683 468 1810 517; x_wconf 90' lang='lat' dir='ltr'>aliqua</span> <span class='ocrx_word' id='word_1_164' title='bbox 1829 469 2032 506; x_wconf 92' lang='lat' dir='ltr'>multitudo</span> <span class='ocrx_word' id='word_1_165' title='bbox 2053 470 2234 518; x_wconf 88' lang='lat' dir='ltr'>ordinata,</span> <span class='ocrx_word' id='word_1_166' title='bbox 2264 480 2319 508; x_wconf 91' lang='lat' dir='ltr'>est</span> <span class='ocrx_word' id='word_1_167' title='bbox 2346 484 2434 520; x_wconf 89' lang='lat' dir='ltr'>pars</span> 
     </span>
     <span class='ocr_line' id='line_1_31' title="bbox 1375 519 2435 561; baseline 0.006 -6"><span class='ocrx_word' id='word_1_168' title='bbox 1375 519 1526 556; x_wconf 90' lang='lat' dir='ltr'>alterius</span> <span class='ocrx_word' id='word_1_169' title='bbox 1554 520 1822 557; x_wconf 85' lang='lat' dir='ltr'>multitudinis:</span> <span class='ocrx_word' id='word_1_170' title='bbox 1859 521 1954 558; x_wconf 91' lang='lat' dir='ltr'>sicut</span> <span class='ocrx_word' id='word_1_171' title='bbox 1988 522 2192 559; x_wconf 90' lang='lat' dir='ltr'>multitudo</span> <span class='ocrx_word' id='word_1_172' title='bbox 2226 524 2435 561; x_wconf 90' lang='lat' dir='ltr'>domestica</span> 
     </span>
     <span class='ocr_line' id='line_1_32' title="bbox 1375 572 2432 624; baseline 0.005 -16"><span class='ocrx_word' id='word_1_173' title='bbox 1375 579 1429 608; x_wconf 91' lang='lat' dir='ltr'>est</span> <span class='ocrx_word' id='word_1_174' title='bbox 1448 584 1536 621; x_wconf 89' lang='lat' dir='ltr'>pars</span> <span class='ocrx_word' id='word_1_175' title='bbox 1555 572 1806 609; x_wconf 89' lang='lat' dir='ltr'>multitudinis</span> <span class='ocrx_word' id='word_1_176' title='bbox 1825 573 1952 610; x_wconf 90' lang='lat' dir='ltr'>civilis.</span> <span class='ocrx_word' id='word_1_177' title='bbox 1983 575 2030 610; x_wconf 90' lang='lat' dir='ltr'>Et</span> <span class='ocrx_word' id='word_1_178' title='bbox 2051 574 2137 611; x_wconf 91' lang='lat' dir='ltr'>ideo</span> <span class='ocrx_word' id='word_1_179' title='bbox 2157 576 2432 624; x_wconf 81' lang='lat' dir='ltr'>paterfamilias,</span> 
     </span>
     <span class='ocr_line' id='line_1_33' title="bbox 1374 624 2434 677; baseline 0.005 -17"><span class='ocrx_word' id='word_1_180' title='bbox 1374 624 1440 672; x_wconf 93' lang='lat' dir='ltr'>qui</span> <span class='ocrx_word' id='word_1_181' title='bbox 1460 632 1515 660; x_wconf 91' lang='lat' dir='ltr'>est</span> <span class='ocrx_word' id='word_1_182' title='bbox 1533 632 1647 674; x_wconf 89' lang='lat' dir='ltr'>caput</span> <span class='ocrx_word' id='word_1_183' title='bbox 1661 625 1912 662; x_wconf 91' lang='lat' dir='ltr'>multitudinis</span> <span class='ocrx_word' id='word_1_184' title='bbox 1928 626 2169 673; x_wconf 84' lang='lat' dir='ltr'>domesticae,</span> <span class='ocrx_word' id='word_1_185' title='bbox 2186 628 2300 664; x_wconf 90' lang='lat' dir='ltr'>habet</span> <span class='ocrx_word' id='word_1_186' title='bbox 2319 641 2434 677; x_wconf 90' lang='lat' dir='ltr'>super</span> 
     </span>
     <span class='ocr_line' id='line_1_34' title="bbox 1374 678 2433 728; baseline 0.005 -16"><span class='ocrx_word' id='word_1_187' title='bbox 1374 688 1414 712; x_wconf 89' lang='lat' dir='ltr'>se</span> <span class='ocrx_word' id='word_1_188' title='bbox 1442 685 1556 725; x_wconf 90' lang='lat' dir='ltr'>caput</span> <span class='ocrx_word' id='word_1_189' title='bbox 1584 685 1770 715; x_wconf 91' lang='lat' dir='ltr'>rectorem</span> <span class='ocrx_word' id='word_1_190' title='bbox 1794 678 1962 715; x_wconf 71' lang='lat' dir='ltr'>civitatis</span> <span class='ocrx_word' id='word_1_191' title='bbox 1993 680 2040 715; x_wconf 90' lang='lat' dir='ltr'>Et</span> <span class='ocrx_word' id='word_1_192' title='bbox 2058 692 2127 728; x_wconf 92' lang='lat' dir='ltr'>per</span> <span class='ocrx_word' id='word_1_193' title='bbox 2146 681 2250 716; x_wconf 91' lang='lat' dir='ltr'>hunc</span> <span class='ocrx_word' id='word_1_194' title='bbox 2268 681 2433 718; x_wconf 90' lang='lat' dir='ltr'>modum</span> 
     </span>
     <span class='ocr_line' id='line_1_35' title="bbox 1372 728 2432 779; baseline 0.006 -15"><span class='ocrx_word' id='word_1_195' title='bbox 1372 728 1467 765; x_wconf 92' lang='lat' dir='ltr'>nihil</span> <span class='ocrx_word' id='word_1_196' title='bbox 1493 729 1671 778; x_wconf 91' lang='lat' dir='ltr'>prohibet</span> <span class='ocrx_word' id='word_1_197' title='bbox 1698 738 1812 779; x_wconf 90' lang='lat' dir='ltr'>caput</span> <span class='ocrx_word' id='word_1_198' title='bbox 1841 731 1979 767; x_wconf 88' lang='lat' dir='ltr'>Christi</span> <span class='ocrx_word' id='word_1_199' title='bbox 1999 744 2079 768; x_wconf 89' lang='lat' dir='ltr'>esse</span> <span class='ocrx_word' id='word_1_200' title='bbox 2100 732 2239 779; x_wconf 92' lang='lat' dir='ltr'>Deum,</span> <span class='ocrx_word' id='word_1_201' title='bbox 2270 745 2360 769; x_wconf 91' lang='lat' dir='ltr'>cum</span> <span class='ocrx_word' id='word_1_202' title='bbox 2379 741 2432 770; x_wconf 91' lang='lat' dir='ltr'>ta-</span> 
     </span>
     <span class='ocr_line' id='line_1_36' title="bbox 1373 782 2055 831; baseline 0.004 -14"><span class='ocrx_word' id='word_1_203' title='bbox 1373 793 1464 818; x_wconf 91' lang='lat' dir='ltr'>men</span> <span class='ocrx_word' id='word_1_204' title='bbox 1492 782 1572 830; x_wconf 91' lang='lat' dir='ltr'>ipse</span> <span class='ocrx_word' id='word_1_205' title='bbox 1593 787 1610 809; x_wconf 74' lang='lat'>⁷¹</span> <span class='ocrx_word' id='word_1_206' title='bbox 1639 782 1684 818; x_wconf 89' lang='lat' dir='ltr'>sit</span> <span class='ocrx_word' id='word_1_207' title='bbox 1712 790 1826 831; x_wconf 90' lang='lat' dir='ltr'>caput</span> <span class='ocrx_word' id='word_1_208' title='bbox 1854 783 2055 821; x_wconf 88' lang='lat' dir='ltr'>Ecclesiae.</span> 
     </span>
    </p>

    <p class='ocr_par' dir='ltr' id='par_1_14' title="bbox 1370 835 2431 1200">
     <span class='ocr_line' id='line_1_37' title="bbox 1425 835 2431 885; baseline 0.004 -15"><span class='ocrx_word' id='word_1_209' title='bbox 1425 835 1481 870; x_wconf 84' lang='lat' dir='ltr'>AD</span> <span class='ocrx_word' id='word_1_210' title='bbox 1509 846 1667 871; x_wconf 84' lang='lat' dir='ltr'>TERTIUM</span> <span class='ocrx_word' id='word_1_211' title='bbox 1694 847 1875 872; x_wconf 82' lang='lat' dir='ltr'>mcENDUM</span> <span class='ocrx_word' id='word_1_212' title='bbox 1902 837 2009 884; x_wconf 92' lang='lat' dir='ltr'>quod</span> <span class='ocrx_word' id='word_1_213' title='bbox 2037 845 2151 885; x_wconf 89' lang='lat' dir='ltr'>caput</span> <span class='ocrx_word' id='word_1_214' title='bbox 2178 837 2293 874; x_wconf 90' lang='lat' dir='ltr'>habet</span> <span class='ocrx_word' id='word_1_215' title='bbox 2310 837 2431 874; x_wconf 89' lang='lat' dir='ltr'>mani-</span> 
     </span>
     <span class='ocr_line' id='line_1_38' title="bbox 1371 887 2430 937; baseline 0.005 -15"><span class='ocrx_word' id='word_1_216' title='bbox 1371 887 1505 923; x_wconf 88' lang='lat' dir='ltr'>festam</span> <span class='ocrx_word' id='word_1_217' title='bbox 1524 887 1771 924; x_wconf 88' lang='lat' dir='ltr'>eminentiam</span> <span class='ocrx_word' id='word_1_218' title='bbox 1792 896 1967 937; x_wconf 90' lang='lat' dir='ltr'>respectu</span> <span class='ocrx_word' id='word_1_219' title='bbox 1985 889 2217 926; x_wconf 81' lang='lat' dir='ltr'>exteriorum</span> <span class='ocrx_word' id='word_1_220' title='bbox 2236 890 2430 927; x_wconf 90' lang='lat' dir='ltr'>membro-</span> 
     </span>
     <span class='ocr_line' id='line_1_39' title="bbox 1372 940 2431 989; baseline 0.004 -14"><span class='ocrx_word' id='word_1_221' title='bbox 1372 950 1477 975; x_wconf 89' lang='lat' dir='ltr'>rum:</span> <span class='ocrx_word' id='word_1_222' title='bbox 1507 940 1574 976; x_wconf 90' lang='lat' dir='ltr'>sed</span> <span class='ocrx_word' id='word_1_223' title='bbox 1599 951 1666 976; x_wconf 90' lang='lat' dir='ltr'>cor</span> <span class='ocrx_word' id='word_1_224' title='bbox 1692 940 1807 976; x_wconf 91' lang='lat' dir='ltr'>habet</span> <span class='ocrx_word' id='word_1_225' title='bbox 1830 941 2026 989; x_wconf 89' lang='lat' dir='ltr'>quandam</span> <span class='ocrx_word' id='word_1_226' title='bbox 2046 941 2285 979; x_wconf 90' lang='lat' dir='ltr'>influentiam</span> <span class='ocrx_word' id='word_1_227' title='bbox 2305 943 2431 979; x_wconf 93' lang='lat' dir='ltr'>occul-</span> 
     </span>
     <span class='ocr_line' id='line_1_40' title="bbox 1370 991 2428 1042; baseline 0.005 -15"><span class='ocrx_word' id='word_1_228' title='bbox 1370 998 1460 1027; x_wconf 93' lang='lat' dir='ltr'>tam.</span> <span class='ocrx_word' id='word_1_229' title='bbox 1490 992 1538 1028; x_wconf 91' lang='lat' dir='ltr'>Et</span> <span class='ocrx_word' id='word_1_230' title='bbox 1564 991 1652 1028; x_wconf 92' lang='lat' dir='ltr'>ideo</span> <span class='ocrx_word' id='word_1_231' title='bbox 1680 992 1786 1029; x_wconf 91' lang='lat' dir='ltr'>cordi</span> <span class='ocrx_word' id='word_1_232' title='bbox 1813 1002 2058 1042; x_wconf 87' lang='lat' dir='ltr'>comparatur</span> <span class='ocrx_word' id='word_1_233' title='bbox 2077 994 2236 1042; x_wconf 88' lang='lat' dir='ltr'>Spiritus</span> <span class='ocrx_word' id='word_1_234' title='bbox 2257 995 2428 1041; x_wconf 88' lang='lat' dir='ltr'>Sanctus,</span> 
     </span>
     <span class='ocr_line' id='line_1_41' title="bbox 1370 1043 2430 1096; baseline 0.005 -17"><span class='ocrx_word' id='word_1_235' title='bbox 1370 1043 1437 1092; x_wconf 93' lang='lat' dir='ltr'>qui</span> <span class='ocrx_word' id='word_1_236' title='bbox 1465 1043 1700 1081; x_wconf 88' lang='lat' dir='ltr'>invisibiliter</span> <span class='ocrx_word' id='word_1_237' title='bbox 1718 1046 1928 1082; x_wconf 88' lang='lat' dir='ltr'>Ecclesiam</span> <span class='ocrx_word' id='word_1_238' title='bbox 1947 1046 2116 1083; x_wconf 90' lang='lat' dir='ltr'>vivificat</span> <span class='ocrx_word' id='word_1_239' title='bbox 2135 1055 2170 1083; x_wconf 93' lang='lat' dir='ltr'>et</span> <span class='ocrx_word' id='word_1_240' title='bbox 2188 1047 2287 1083; x_wconf 89' lang='lat' dir='ltr'>unit:</span> <span class='ocrx_word' id='word_1_241' title='bbox 2318 1047 2430 1096; x_wconf 91' lang='lat' dir='ltr'>capiti</span> 
     </span>
     <span class='ocr_line' id='line_1_42' title="bbox 1370 1097 2429 1144; baseline 0.006 -13"><span class='ocrx_word' id='word_1_242' title='bbox 1370 1104 1615 1144; x_wconf 90' lang='lat' dir='ltr'>comparatur</span> <span class='ocrx_word' id='word_1_243' title='bbox 1644 1097 1833 1144; x_wconf 89' lang='lat' dir='ltr'>Christus,</span> <span class='ocrx_word' id='word_1_244' title='bbox 1863 1099 2078 1135; x_wconf 90' lang='lat' dir='ltr'>secundum</span> <span class='ocrx_word' id='word_1_245' title='bbox 2105 1099 2290 1136; x_wconf 90' lang='lat' dir='ltr'>visibilem</span> <span class='ocrx_word' id='word_1_246' title='bbox 2320 1107 2429 1137; x_wconf 90' lang='lat' dir='ltr'>natu-</span> 
     </span>
     <span class='ocr_line' id='line_1_43' title="bbox 1370 1147 2250 1200; baseline 0.005 -16"><span class='ocrx_word' id='word_1_247' title='bbox 1370 1160 1465 1191; x_wconf 91' lang='lat' dir='ltr'>ram,</span> <span class='ocrx_word' id='word_1_248' title='bbox 1495 1147 1603 1197; x_wconf 77' lang='lat' dir='ltr'>qua⁰</span> <span class='ocrx_word' id='word_1_249' title='bbox 1632 1150 1753 1186; x_wconf 90' lang='lat' dir='ltr'>homo</span> <span class='ocrx_word' id='word_1_250' title='bbox 1782 1150 2004 1187; x_wconf 90' lang='lat' dir='ltr'>hominibus</span> <span class='ocrx_word' id='word_1_251' title='bbox 2031 1152 2250 1200; x_wconf 89' lang='lat' dir='ltr'>praefertur.</span> 
     </span>
    </p>
   </div>
   <div class='ocr_carea' id='block_1_13' title="bbox 1421 1286 2064 1322">
    <p class='ocr_par' dir='ltr' id='par_1_15' title="bbox 1421 1286 2064 1322">
     <span class='ocr_line' id='line_1_44' title="bbox 1421 1286 2064 1322; baseline 0.003 -10"><span class='ocrx_word' id='word_1_252' title='bbox 1421 1286 1445 1322; x_wconf 83' lang='grc' dir='ltr'>θ)</span> <span class='ocrx_word' id='word_1_253' title='bbox 1465 1295 1526 1320; x_wconf 82' lang='lat' dir='ltr'>qua.</span> <span class='ocrx_word' id='word_1_254' title='bbox 1544 1302 1563 1306; x_wconf 97' lang='lat'>—</span> <span class='ocrx_word' id='word_1_255' title='bbox 1581 1289 1724 1313; x_wconf 85' lang='lat' dir='ltr'>secundum</span> <span class='ocrx_word' id='word_1_256' title='bbox 1744 1296 1823 1321; x_wconf 82' lang='lat' dir='ltr'>quam</span> <span class='ocrx_word' id='word_1_257' title='bbox 1843 1290 1867 1313; x_wconf 86' lang='lat' dir='ltr'><em>H</em></span> <span class='ocrx_word' id='word_1_258' title='bbox 1887 1295 1912 1314; x_wconf 90' lang='lat' dir='ltr'>et</span> <span class='ocrx_word' id='word_1_259' title='bbox 1931 1289 2064 1315; x_wconf 86' lang='lat' dir='ltr'>editiones.</span> 
     </span>
    </p>
   </div>
   <div class='ocr_carea' id='block_1_14' title="bbox 926 1414 1755 1448">
    <p class='ocr_par' dir='ltr' id='par_1_16' title="bbox 926 1414 1755 1448">
     <span class='ocr_line' id='line_1_45' title="bbox 926 1414 1755 1448; baseline 0 -1"><span class='ocrx_word' id='word_1_260' title='bbox 926 1414 1259 1447; x_wconf 61' lang='lat' dir='ltr'>Commentariis.</span> <span class='ocrx_word' id='word_1_261' title='bbox 1280 1415 1531 1448; x_wconf 70' lang='lat' dir='ltr'>cardinalis</span> <span class='ocrx_word' id='word_1_262' title='bbox 1554 1415 1755 1448; x_wconf 78' lang='lat' dir='ltr'>Caietam·</span> 
     </span>
    </p>
   </div>
   <div class='ocr_carea' id='block_1_15' title="bbox 247 1503 1312 2727">
    <p class='ocr_par' dir='ltr' id='par_1_17' title="bbox 253 1503 1312 1627">
     <span class='ocr_line' id='line_1_46' title="bbox 314 1503 1312 1544; baseline -0.001 -10"><span class='ocrx_word' id='word_1_263' title='bbox 314 1513 420 1534; x_wconf 72' lang='lat' dir='ltr'>nunus</span> <span class='ocrx_word' id='word_1_264' title='bbox 449 1503 543 1544; x_wconf 92' lang='lat' dir='ltr'>primi</span> <span class='ocrx_word' id='word_1_265' title='bbox 566 1503 688 1534; x_wconf 87' lang='lat' dir='ltr'>articuli</span> <span class='ocrx_word' id='word_1_266' title='bbox 716 1503 816 1534; x_wconf 84' lang='lat' dir='ltr'>clarus</span> <span class='ocrx_word' id='word_1_267' title='bbox 844 1508 898 1534; x_wconf 88' lang='lat' dir='ltr'>est.</span> <span class='ocrx_word' id='word_1_268' title='bbox 915 1522 937 1526; x_wconf 80' lang='lat'><em>-</em></span> <span class='ocrx_word' id='word_1_269' title='bbox 965 1503 1001 1534; x_wconf 92' lang='lat' dir='ltr'>In</span> <span class='ocrx_word' id='word_1_270' title='bbox 1023 1513 1158 1544; x_wconf 87' lang='lat' dir='ltr'>corpore</span> <span class='ocrx_word' id='word_1_271' title='bbox 1190 1503 1312 1534; x_wconf 84' lang='lat' dir='ltr'>articuli</span> 
     </span>
     <span class='ocr_line' id='line_1_47' title="bbox 256 1515 1312 1587; baseline 0 -10"><span class='ocrx_word' id='word_1_272' title='bbox 256 1515 417 1587; x_wconf 87' lang='lat' dir='ltr'>Tprimo</span> <span class='ocrx_word' id='word_1_273' title='bbox 444 1546 616 1587; x_wconf 88' lang='lat' dir='ltr'>respondet</span> <span class='ocrx_word' id='word_1_274' title='bbox 642 1547 764 1578; x_wconf 86' lang='lat' dir='ltr'>Auctor</span> <span class='ocrx_word' id='word_1_275' title='bbox 790 1547 907 1578; x_wconf 88' lang='lat' dir='ltr'>directe</span> <span class='ocrx_word' id='word_1_276' title='bbox 937 1548 1081 1587; x_wconf 91' lang='lat' dir='ltr'>quaesito</span> <span class='ocrx_word' id='word_1_277' title='bbox 1111 1548 1207 1577; x_wconf 88' lang='lat' dir='ltr'>unica</span> <span class='ocrx_word' id='word_1_278' title='bbox 1234 1557 1312 1577; x_wconf 94' lang='lat' dir='ltr'>con-</span> 
     </span>
     <span class='ocr_line' id='line_1_48' title="bbox 253 1590 1310 1627; baseline 0 -6"><span class='ocrx_word' id='word_1_279' title='bbox 253 1591 415 1627; x_wconf 91' lang='lat' dir='ltr'>clusione;</span> <span class='ocrx_word' id='word_1_280' title='bbox 434 1590 587 1627; x_wconf 85' lang='lat' dir='ltr'>secundo,</span> <span class='ocrx_word' id='word_1_281' title='bbox 598 1590 734 1621; x_wconf 91' lang='lat' dir='ltr'>declarat</span> <span class='ocrx_word' id='word_1_282' title='bbox 749 1591 920 1621; x_wconf 91' lang='lat' dir='ltr'>terminum</span> <span class='ocrx_word' id='word_1_283' title='bbox 936 1601 1039 1621; x_wconf 91' lang='lat' dir='ltr'>unum</span> <span class='ocrx_word' id='word_1_284' title='bbox 1059 1591 1274 1621; x_wconf 88' lang='lat' dir='ltr'>conclusionis</span> <span class='ocrx_word' id='word_1_285' title='bbox 1284 1592 1310 1621; x_wconf 50' lang='grc' dir='ltr'><strong>ἦ</strong></span> 
     </span>
    </p>

    <p class='ocr_par' dir='ltr' id='par_1_18' title="bbox 250 1635 1311 2025">
     <span class='ocr_line' id='line_1_49' title="bbox 308 1635 1311 1675; baseline 0 -10"><span class='ocrx_word' id='word_1_286' title='bbox 308 1635 364 1665; x_wconf 89' lang='lat' dir='ltr'>Est</span> <span class='ocrx_word' id='word_1_287' title='bbox 382 1635 477 1675; x_wconf 87' lang='lat' dir='ltr'>igitur</span> <span class='ocrx_word' id='word_1_288' title='bbox 499 1635 665 1665; x_wconf 92' lang='lat' dir='ltr'>conclusio</span> <span class='ocrx_word' id='word_1_289' title='bbox 689 1636 888 1674; x_wconf 88' lang='lat' dir='ltr'>responsiva:</span> <span class='ocrx_word' id='word_1_290' title='bbox 915 1635 1061 1665; x_wconf 85' lang='lat' dir='ltr'>Christus</span> <span class='ocrx_word' id='word_1_291' title='bbox 1084 1640 1180 1675; x_wconf 82' lang='lat' dir='ltr'>caput</span> <span class='ocrx_word' id='word_1_292' title='bbox 1201 1635 1311 1665; x_wconf 87' lang='lat' dir='ltr'>Eccle-</span> 
     </span>
     <span class='ocr_line' id='line_1_50' title="bbox 251 1678 1311 1719; baseline 0 -10"><span class='ocrx_word' id='word_1_293' title='bbox 251 1679 320 1710; x_wconf 85' lang='lat' dir='ltr'>siae</span> <span class='ocrx_word' id='word_1_294' title='bbox 335 1679 454 1709; x_wconf 84' lang='lat' dir='ltr'>dicitur</span> <span class='ocrx_word' id='word_1_295' title='bbox 474 1678 648 1709; x_wconf 84' lang='lat' dir='ltr'>secundum</span> <span class='ocrx_word' id='word_1_296' title='bbox 663 1679 902 1709; x_wconf 82' lang='lat' dir='ltr'>similitudinem</span> <span class='ocrx_word' id='word_1_297' title='bbox 929 1679 1062 1709; x_wconf 85' lang='lat' dir='ltr'>humani</span> <span class='ocrx_word' id='word_1_298' title='bbox 1081 1679 1203 1719; x_wconf 84' lang='lat' dir='ltr'>capitis.</span> <span class='ocrx_word' id='word_1_299' title='bbox 1234 1679 1311 1709; x_wconf 88' lang='lat' dir='ltr'>Pro-</span> 
     </span>
     <span class='ocr_line' id='line_1_51' title="bbox 252 1722 1309 1762; baseline 0.001 -10"><span class='ocrx_word' id='word_1_300' title='bbox 252 1723 354 1753; x_wconf 88' lang='lat' dir='ltr'>batur.</span> <span class='ocrx_word' id='word_1_301' title='bbox 371 1722 459 1753; x_wconf 89' lang='lat' dir='ltr'>Sicut</span> <span class='ocrx_word' id='word_1_302' title='bbox 474 1727 541 1752; x_wconf 89' lang='lat' dir='ltr'>tota</span> <span class='ocrx_word' id='word_1_303' title='bbox 556 1722 698 1753; x_wconf 85' lang='lat' dir='ltr'>Ecclesia</span> <span class='ocrx_word' id='word_1_304' title='bbox 713 1722 827 1753; x_wconf 90' lang='lat' dir='ltr'>dicitur</span> <span class='ocrx_word' id='word_1_305' title='bbox 838 1732 940 1753; x_wconf 91' lang='lat' dir='ltr'>unum</span> <span class='ocrx_word' id='word_1_306' title='bbox 956 1733 1083 1762; x_wconf 80' lang='lat' dir='ltr'>corpuS‚</span> <span class='ocrx_word' id='word_1_307' title='bbox 1096 1723 1139 1753; x_wconf 87' lang='lat' dir='ltr'>ad</span> <span class='ocrx_word' id='word_1_308' title='bbox 1149 1723 1241 1753; x_wconf 89' lang='lat' dir='ltr'>Rom.</span> <span class='ocrx_word' id='word_1_309' title='bbox 1257 1733 1309 1758; x_wconf 84' lang='lat' dir='ltr'>xn,</span> 
     </span>
     <span class='ocr_line' id='line_1_52' title="bbox 252 1765 1311 1806; baseline 0 -10"><span class='ocrx_word' id='word_1_310' title='bbox 252 1765 430 1797; x_wconf 90' lang='lat' dir='ltr'>secundum</span> <span class='ocrx_word' id='word_1_311' title='bbox 455 1765 694 1796; x_wconf 90' lang='lat' dir='ltr'>similitudinem</span> <span class='ocrx_word' id='word_1_312' title='bbox 717 1767 859 1806; x_wconf 91' lang='lat' dir='ltr'>corporis</span> <span class='ocrx_word' id='word_1_313' title='bbox 879 1767 1021 1802; x_wconf 87' lang='lat' dir='ltr'>humani,</span> <span class='ocrx_word' id='word_1_314' title='bbox 1045 1767 1087 1796; x_wconf 92' lang='lat' dir='ltr'>ita</span> <span class='ocrx_word' id='word_1_315' title='bbox 1111 1776 1311 1806; x_wconf 89' lang='lat' dir='ltr'>consequens</span> 
     </span>
     <span class='ocr_line' id='line_1_53' title="bbox 253 1809 1311 1850; baseline 0 -10"><span class='ocrx_word' id='word_1_316' title='bbox 253 1815 299 1840; x_wconf 87' lang='lat' dir='ltr'>est</span> <span class='ocrx_word' id='word_1_317' title='bbox 322 1810 412 1850; x_wconf 93' lang='lat' dir='ltr'>quod</span> <span class='ocrx_word' id='word_1_318' title='bbox 435 1809 579 1840; x_wconf 91' lang='lat' dir='ltr'>Christus</span> <span class='ocrx_word' id='word_1_319' title='bbox 606 1809 726 1840; x_wconf 89' lang='lat' dir='ltr'>dicatur</span> <span class='ocrx_word' id='word_1_320' title='bbox 750 1815 845 1850; x_wconf 91' lang='lat' dir='ltr'>caput</span> <span class='ocrx_word' id='word_1_321' title='bbox 872 1810 1032 1840; x_wconf 87' lang='lat' dir='ltr'>Ecclesiae</span> <span class='ocrx_word' id='word_1_322' title='bbox 1062 1810 1240 1840; x_wconf 91' lang='lat' dir='ltr'>secundum</span> <span class='ocrx_word' id='word_1_323' title='bbox 1271 1810 1311 1839; x_wconf 90' lang='lat' dir='ltr'>si-</span> 
     </span>
     <span class='ocr_line' id='line_1_54' title="bbox 251 1853 1311 1894; baseline -0.001 -10"><span class='ocrx_word' id='word_1_324' title='bbox 251 1853 465 1884; x_wconf 88' lang='lat' dir='ltr'>militudinem</span> <span class='ocrx_word' id='word_1_325' title='bbox 489 1853 621 1884; x_wconf 90' lang='lat' dir='ltr'>humani</span> <span class='ocrx_word' id='word_1_326' title='bbox 645 1854 764 1894; x_wconf 90' lang='lat' dir='ltr'>capitis.</span> <span class='ocrx_word' id='word_1_327' title='bbox 780 1872 803 1876; x_wconf 93' lang='lat'>-</span> <span class='ocrx_word' id='word_1_328' title='bbox 825 1853 888 1884; x_wconf 88' lang='lat' dir='ltr'>Ubi</span> <span class='ocrx_word' id='word_1_329' title='bbox 910 1859 988 1883; x_wconf 92' lang='lat' dir='ltr'>nota</span> <span class='ocrx_word' id='word_1_330' title='bbox 1012 1853 1100 1893; x_wconf 92' lang='lat' dir='ltr'>quod</span> <span class='ocrx_word' id='word_1_331' title='bbox 1125 1863 1191 1883; x_wconf 89' lang='lat' dir='ltr'>esse</span> <span class='ocrx_word' id='word_1_332' title='bbox 1215 1859 1311 1893; x_wconf 90' lang='lat' dir='ltr'>caput</span> 
     </span>
     <span class='ocr_line' id='line_1_55' title="bbox 250 1896 1310 1937; baseline 0 -10"><span class='ocrx_word' id='word_1_333' title='bbox 250 1906 318 1927; x_wconf 90' lang='lat' dir='ltr'>non</span> <span class='ocrx_word' id='word_1_334' title='bbox 330 1896 444 1928; x_wconf 83' lang='lat' dir='ltr'>dicitur</span> <span class='ocrx_word' id='word_1_335' title='bbox 459 1897 499 1928; x_wconf 87' lang='lat' dir='ltr'>de</span> <span class='ocrx_word' id='word_1_336' title='bbox 511 1897 638 1927; x_wconf 80' lang='lat' dir='ltr'>Christo</span> <span class='ocrx_word' id='word_1_337' title='bbox 654 1898 792 1937; x_wconf 88' lang='lat' dir='ltr'>proprie,</span> <span class='ocrx_word' id='word_1_338' title='bbox 805 1897 860 1927; x_wconf 91' lang='lat' dir='ltr'>sed</span> <span class='ocrx_word' id='word_1_339' title='bbox 871 1898 1100 1937; x_wconf 86' lang='lat' dir='ltr'>metaphorice:</span> <span class='ocrx_word' id='word_1_340' title='bbox 1118 1898 1199 1927; x_wconf 90' lang='lat' dir='ltr'>sicut</span> <span class='ocrx_word' id='word_1_341' title='bbox 1215 1898 1310 1927; x_wconf 89' lang='lat' dir='ltr'>etiam</span> 
     </span>
     <span class='ocr_line' id='line_1_56' title="bbox 251 1940 1310 1981; baseline -0.001 -9"><span class='ocrx_word' id='word_1_342' title='bbox 251 1951 319 1972; x_wconf 87' lang='lat' dir='ltr'>esse</span> <span class='ocrx_word' id='word_1_343' title='bbox 346 1951 449 1972; x_wconf 89' lang='lat' dir='ltr'>unum</span> <span class='ocrx_word' id='word_1_344' title='bbox 477 1950 594 1981; x_wconf 91' lang='lat' dir='ltr'>corpus</span> <span class='ocrx_word' id='word_1_345' title='bbox 624 1941 738 1971; x_wconf 90' lang='lat' dir='ltr'>dicitur</span> <span class='ocrx_word' id='word_1_346' title='bbox 767 1941 983 1981; x_wconf 84' lang='lat' dir='ltr'>metaphorice</span> <span class='ocrx_word' id='word_1_347' title='bbox 1014 1940 1053 1971; x_wconf 90' lang='lat' dir='ltr'>de</span> <span class='ocrx_word' id='word_1_348' title='bbox 1083 1941 1234 1971; x_wconf 89' lang='lat' dir='ltr'>Ecclesia.</span> <span class='ocrx_word' id='word_1_349' title='bbox 1270 1941 1310 1971; x_wconf 90' lang='lat' dir='ltr'>Et</span> 
     </span>
     <span class='ocr_line' id='line_1_57' title="bbox 250 1985 1235 2025; baseline 0 -10"><span class='ocrx_word' id='word_1_350' title='bbox 250 1991 419 2025; x_wconf 91' lang='lat' dir='ltr'>propterea</span> <span class='ocrx_word' id='word_1_351' title='bbox 445 1994 513 2016; x_wconf 91' lang='lat' dir='ltr'>non</span> <span class='ocrx_word' id='word_1_352' title='bbox 535 1985 636 2015; x_wconf 89' lang='lat' dir='ltr'>multa</span> <span class='ocrx_word' id='word_1_353' title='bbox 659 1994 742 2025; x_wconf 91' lang='lat' dir='ltr'>opus</span> <span class='ocrx_word' id='word_1_354' title='bbox 766 1991 812 2015; x_wconf 90' lang='lat' dir='ltr'>est</span> <span class='ocrx_word' id='word_1_355' title='bbox 835 1985 1031 2015; x_wconf 86' lang='lat' dir='ltr'>discussione</span> <span class='ocrx_word' id='word_1_356' title='bbox 1054 1986 1087 2015; x_wconf 93' lang='lat' dir='ltr'>in</span> <span class='ocrx_word' id='word_1_357' title='bbox 1109 1995 1143 2015; x_wconf 90' lang='lat' dir='ltr'>re</span> <span class='ocrx_word' id='word_1_358' title='bbox 1166 1986 1235 2015; x_wconf 86' lang='lat' dir='ltr'>hac.</span> 
     </span>
    </p>

    <p class='ocr_par' dir='ltr' id='par_1_19' title="bbox 250 2029 1309 2201">
     <span class='ocr_line' id='line_1_58' title="bbox 306 2029 1309 2069; baseline -0.001 -10"><span class='ocrx_word' id='word_1_359' title='bbox 306 2029 343 2059; x_wconf 90' lang='lat'>11.</span> <span class='ocrx_word' id='word_1_360' title='bbox 368 2029 538 2060; x_wconf 86' lang='lat' dir='ltr'>Terminus</span> <span class='ocrx_word' id='word_1_361' title='bbox 562 2035 669 2060; x_wconf 88' lang='lat' dir='ltr'>autem</span> <span class='ocrx_word' id='word_1_362' title='bbox 692 2029 725 2059; x_wconf 91' lang='lat' dir='ltr'>in</span> <span class='ocrx_word' id='word_1_363' title='bbox 748 2029 956 2060; x_wconf 87' lang='lat' dir='ltr'>conclusione</span> <span class='ocrx_word' id='word_1_364' title='bbox 979 2029 1103 2069; x_wconf 91' lang='lat' dir='ltr'>positus</span> <span class='ocrx_word' id='word_1_365' title='bbox 1127 2030 1183 2069; x_wconf 89' lang='lat' dir='ltr'>qui</span> <span class='ocrx_word' id='word_1_366' title='bbox 1206 2029 1309 2059; x_wconf 89' lang='lat' dir='ltr'>decla-</span> 
     </span>
     <span class='ocr_line' id='line_1_59' title="bbox 250 2072 1309 2114; baseline 0 -12"><span class='ocrx_word' id='word_1_367' title='bbox 250 2077 335 2104; x_wconf 88' lang='lat' dir='ltr'>ratur</span> <span class='ocrx_word' id='word_1_368' title='bbox 349 2073 383 2104; x_wconf 90' lang='lat' dir='ltr'>in</span> <span class='ocrx_word' id='word_1_369' title='bbox 397 2073 508 2109; x_wconf 89' lang='lat' dir='ltr'>littera,</span> <span class='ocrx_word' id='word_1_370' title='bbox 525 2078 572 2103; x_wconf 90' lang='lat' dir='ltr'>est</span> <span class='ocrx_word' id='word_1_371' title='bbox 586 2073 619 2114; x_wconf 90' lang='lat' dir='ltr'>ly</span> <span class='ocrx_word' id='word_1_372' title='bbox 633 2073 807 2103; x_wconf 84' lang='lat' dir='ltr'>secundum</span> <span class='ocrx_word' id='word_1_373' title='bbox 821 2073 1062 2103; x_wconf 85' lang='lat' dir='ltr'>similitudinem</span> <span class='ocrx_word' id='word_1_374' title='bbox 1077 2072 1120 2103; x_wconf 87' lang='lat' dir='ltr'>ad</span> <span class='ocrx_word' id='word_1_375' title='bbox 1134 2073 1309 2103; x_wconf 85' lang='lat' dir='ltr'>humanum</span> 
     </span>
     <span class='ocr_line' id='line_1_60' title="bbox 250 2116 1309 2157; baseline -0.001 -10"><span class='ocrx_word' id='word_1_376' title='bbox 250 2122 354 2157; x_wconf 82' lang='lat' dir='ltr'>caput.</span> <span class='ocrx_word' id='word_1_377' title='bbox 379 2117 563 2147; x_wconf 86' lang='lat' dir='ltr'>Declaratur</span> <span class='ocrx_word' id='word_1_378' title='bbox 585 2116 742 2157; x_wconf 91' lang='lat' dir='ltr'>siquidem</span> <span class='ocrx_word' id='word_1_379' title='bbox 767 2116 855 2157; x_wconf 92' lang='lat' dir='ltr'>quod</span> <span class='ocrx_word' id='word_1_380' title='bbox 871 2116 1045 2147; x_wconf 81' lang='lat' dir='ltr'>similitudo</span> <span class='ocrx_word' id='word_1_381' title='bbox 1061 2117 1119 2146; x_wconf 89' lang='lat' dir='ltr'>ista</span> <span class='ocrx_word' id='word_1_382' title='bbox 1138 2116 1309 2147; x_wconf 89' lang='lat' dir='ltr'>attenditur</span> 
     </span>
     <span class='ocr_line' id='line_1_61' title="bbox 250 2160 1263 2201; baseline -0.001 -10"><span class='ocrx_word' id='word_1_383' title='bbox 250 2160 359 2200; x_wconf 91' lang='lat' dir='ltr'>quoad</span> <span class='ocrx_word' id='word_1_384' title='bbox 380 2162 455 2191; x_wconf 87' lang='lat' dir='ltr'>tria:</span> <span class='ocrx_word' id='word_1_385' title='bbox 479 2161 598 2191; x_wconf 88' lang='lat' dir='ltr'>scilicet</span> <span class='ocrx_word' id='word_1_386' title='bbox 620 2160 775 2197; x_wconf 89' lang='lat' dir='ltr'>ordinem,</span> <span class='ocrx_word' id='word_1_387' title='bbox 798 2160 1028 2201; x_wconf 85' lang='lat' dir='ltr'>perfectionem</span> <span class='ocrx_word' id='word_1_388' title='bbox 1053 2166 1083 2190; x_wconf 90' lang='lat' dir='ltr'>et</span> <span class='ocrx_word' id='word_1_389' title='bbox 1105 2161 1263 2190; x_wconf 75' lang='lat' dir='ltr'>virtutem.</span> 
     </span>
    </p>

    <p class='ocr_par' dir='ltr' id='par_1_20' title="bbox 247 2203 1309 2727">
     <span class='ocr_line' id='line_1_62' title="bbox 304 2203 1309 2245; baseline -0.001 -10"><span class='ocrx_word' id='word_1_390' title='bbox 304 2204 368 2236; x_wconf 91' lang='lat' dir='ltr'>Ubi</span> <span class='ocrx_word' id='word_1_391' title='bbox 385 2205 465 2235; x_wconf 84' lang='lat' dir='ltr'>scito</span> <span class='ocrx_word' id='word_1_392' title='bbox 488 2205 603 2245; x_wconf 92' lang='lat' dir='ltr'>primo,</span> <span class='ocrx_word' id='word_1_393' title='bbox 628 2204 717 2244; x_wconf 92' lang='lat' dir='ltr'>quod</span> <span class='ocrx_word' id='word_1_394' title='bbox 735 2205 768 2235; x_wconf 93' lang='lat' dir='ltr'>in</span> <span class='ocrx_word' id='word_1_395' title='bbox 784 2214 918 2244; x_wconf 89' lang='lat' dir='ltr'>corpore</span> <span class='ocrx_word' id='word_1_396' title='bbox 934 2205 1076 2235; x_wconf 89' lang='lat' dir='ltr'>humano</span> <span class='ocrx_word' id='word_1_397' title='bbox 1093 2203 1309 2235; x_wconf 89' lang='lat' dir='ltr'>consideratur</span> 
     </span>
     <span class='ocr_line' id='line_1_63' title="bbox 250 2247 1309 2288; baseline -0.001 -9"><span class='ocrx_word' id='word_1_398' title='bbox 250 2247 348 2284; x_wconf 86' lang='lat' dir='ltr'>ordo,</span> <span class='ocrx_word' id='word_1_399' title='bbox 371 2258 439 2279; x_wconf 90' lang='lat' dir='ltr'>non</span> <span class='ocrx_word' id='word_1_400' title='bbox 463 2249 608 2288; x_wconf 90' lang='lat' dir='ltr'>originis,</span> <span class='ocrx_word' id='word_1_401' title='bbox 639 2248 695 2279; x_wconf 88' lang='lat' dir='ltr'>sed</span> <span class='ocrx_word' id='word_1_402' title='bbox 718 2249 805 2279; x_wconf 90' lang='lat' dir='ltr'>situs.</span> <span class='ocrx_word' id='word_1_403' title='bbox 839 2249 881 2279; x_wconf 89' lang='lat' dir='ltr'>Et</span> <span class='ocrx_word' id='word_1_404' title='bbox 908 2248 981 2279; x_wconf 90' lang='lat' dir='ltr'>ideo</span> <span class='ocrx_word' id='word_1_405' title='bbox 1011 2249 1045 2278; x_wconf 91' lang='lat' dir='ltr'>in</span> <span class='ocrx_word' id='word_1_406' title='bbox 1067 2249 1168 2278; x_wconf 89' lang='lat' dir='ltr'>littera</span> <span class='ocrx_word' id='word_1_407' title='bbox 1196 2248 1309 2278; x_wconf 90' lang='lat' dir='ltr'>dicitur</span> 
     </span>
     <span class='ocr_line' id='line_1_64' title="bbox 250 2291 1309 2332; baseline 0 -10"><span class='ocrx_word' id='word_1_408' title='bbox 250 2291 339 2332; x_wconf 94' lang='lat' dir='ltr'>quod</span> <span class='ocrx_word' id='word_1_409' title='bbox 355 2297 451 2332; x_wconf 90' lang='lat' dir='ltr'>caput</span> <span class='ocrx_word' id='word_1_410' title='bbox 466 2297 512 2323; x_wconf 89' lang='lat' dir='ltr'>est</span> <span class='ocrx_word' id='word_1_411' title='bbox 526 2293 667 2332; x_wconf 90' lang='lat' dir='ltr'>primum</span> <span class='ocrx_word' id='word_1_412' title='bbox 692 2293 873 2323; x_wconf 90' lang='lat' dir='ltr'>membrum</span> <span class='ocrx_word' id='word_1_413' title='bbox 897 2292 1076 2332; x_wconf 83' lang='lat' dir='ltr'>incipiendo</span> <span class='ocrx_word' id='word_1_414' title='bbox 1093 2302 1112 2322; x_wconf 91' lang='lat' dir='ltr'>a</span> <span class='ocrx_word' id='word_1_415' title='bbox 1128 2292 1309 2332; x_wconf 79' lang='lat' dir='ltr'>superiori:</span> 
     </span>
     <span class='ocr_line' id='line_1_65' title="bbox 248 2336 1307 2376; baseline 0 -10"><span class='ocrx_word' id='word_1_416' title='bbox 248 2336 363 2376; x_wconf 91' lang='lat' dir='ltr'>procul</span> <span class='ocrx_word' id='word_1_417' title='bbox 386 2336 484 2366; x_wconf 91' lang='lat' dir='ltr'>dubio</span> <span class='ocrx_word' id='word_1_418' title='bbox 508 2336 686 2366; x_wconf 90' lang='lat' dir='ltr'>secundum</span> <span class='ocrx_word' id='word_1_419' title='bbox 709 2337 814 2366; x_wconf 91' lang='lat' dir='ltr'>situm.</span> <span class='ocrx_word' id='word_1_420' title='bbox 842 2336 996 2374; x_wconf 91' lang='lat' dir='ltr'>Quamvis</span> <span class='ocrx_word' id='word_1_421' title='bbox 1020 2336 1114 2366; x_wconf 87' lang='lat' dir='ltr'>etiam</span> <span class='ocrx_word' id='word_1_422' title='bbox 1136 2336 1236 2376; x_wconf 90' lang='lat' dir='ltr'>possit</span> <span class='ocrx_word' id='word_1_423' title='bbox 1259 2336 1307 2366; x_wconf 91' lang='lat' dir='ltr'>in-</span> 
     </span>
     <span class='ocr_line' id='line_1_66' title="bbox 248 2379 1307 2420; baseline 0 -10"><span class='ocrx_word' id='word_1_424' title='bbox 248 2380 347 2420; x_wconf 82' lang='lat' dir='ltr'>telligi</span> <span class='ocrx_word' id='word_1_425' title='bbox 370 2379 410 2410; x_wconf 86' lang='lat' dir='ltr'>de</span> <span class='ocrx_word' id='word_1_426' title='bbox 433 2380 588 2420; x_wconf 88' lang='lat' dir='ltr'>superiori</span> <span class='ocrx_word' id='word_1_427' title='bbox 619 2380 796 2410; x_wconf 92' lang='lat' dir='ltr'>secundum</span> <span class='ocrx_word' id='word_1_428' title='bbox 822 2380 979 2410; x_wconf 90' lang='lat' dir='ltr'>naturales</span> <span class='ocrx_word' id='word_1_429' title='bbox 1003 2379 1192 2410; x_wconf 83' lang='lat' dir='ltr'>differentias</span> <span class='ocrx_word' id='word_1_430' title='bbox 1221 2380 1307 2420; x_wconf 91' lang='lat' dir='ltr'>posi-</span> 
     </span>
     <span class='ocr_line' id='line_1_67' title="bbox 248 2423 1307 2464; baseline 0 -10"><span class='ocrx_word' id='word_1_431' title='bbox 248 2424 344 2454; x_wconf 87' lang='lat' dir='ltr'>tionis</span> <span class='ocrx_word' id='word_1_432' title='bbox 367 2425 565 2460; x_wconf 88' lang='lat' dir='ltr'>animalium,</span> <span class='ocrx_word' id='word_1_433' title='bbox 590 2429 687 2464; x_wconf 89' lang='lat' dir='ltr'>prout</span> <span class='ocrx_word' id='word_1_434' title='bbox 709 2425 743 2454; x_wconf 92' lang='lat' dir='ltr'>in</span> <span class='ocrx_word' id='word_1_435' title='bbox 766 2424 893 2454; x_wconf 90' lang='lat' dir='ltr'>animali</span> <span class='ocrx_word' id='word_1_436' title='bbox 917 2423 1153 2463; x_wconf 82' lang='lat' dir='ltr'>distinguuntur</span> <span class='ocrx_word' id='word_1_437' title='bbox 1176 2433 1229 2454; x_wconf 81' lang='lat' dir='ltr'>sex</span> <span class='ocrx_word' id='word_1_438' title='bbox 1251 2433 1307 2454; x_wconf 91' lang='lat' dir='ltr'>na-</span> 
     </span>
     <span class='ocr_line' id='line_1_68' title="bbox 248 2467 1308 2504; baseline 0 -6"><span class='ocrx_word' id='word_1_439' title='bbox 248 2468 363 2498; x_wconf 88' lang='lat' dir='ltr'>turales</span> <span class='ocrx_word' id='word_1_440' title='bbox 386 2467 596 2504; x_wconf 82' lang='lat' dir='ltr'>differentiae,</span> <span class='ocrx_word' id='word_1_441' title='bbox 627 2468 746 2498; x_wconf 89' lang='lat' dir='ltr'>scilicet</span> <span class='ocrx_word' id='word_1_442' title='bbox 775 2477 903 2498; x_wconf 82' lang='lat' dir='ltr'>sursum</span> <span class='ocrx_word' id='word_1_443' title='bbox 930 2473 961 2498; x_wconf 90' lang='lat' dir='ltr'>et</span> <span class='ocrx_word' id='word_1_444' title='bbox 982 2468 1148 2503; x_wconf 87' lang='lat' dir='ltr'>deorsum,</span> <span class='ocrx_word' id='word_1_445' title='bbox 1180 2472 1255 2498; x_wconf 88' lang='lat' dir='ltr'>ante</span> <span class='ocrx_word' id='word_1_446' title='bbox 1277 2473 1308 2498; x_wconf 88' lang='lat' dir='ltr'>et</span> 
     </span>
     <span class='ocr_line' id='line_1_69' title="bbox 250 2511 1307 2547; baseline 0 -6"><span class='ocrx_word' id='word_1_447' title='bbox 250 2516 348 2547; x_wconf 82' lang='lat' dir='ltr'>retro,</span> <span class='ocrx_word' id='word_1_448' title='bbox 363 2511 514 2542; x_wconf 79' lang='lat' dir='ltr'>dextrum</span> <span class='ocrx_word' id='word_1_449' title='bbox 533 2517 567 2542; x_wconf 83' lang='lat' dir='ltr'>et</span> <span class='ocrx_word' id='word_1_450' title='bbox 587 2512 753 2542; x_wconf 84' lang='lat' dir='ltr'>sinistrum</span> <span class='ocrx_word' id='word_1_451' title='bbox 769 2513 801 2542; x_wconf 45' lang='grc' dir='ltr'>ἢ</span> <span class='ocrx_word' id='word_1_452' title='bbox 826 2521 901 2542; x_wconf 86' lang='lat' dir='ltr'>nam</span> <span class='ocrx_word' id='word_1_453' title='bbox 921 2521 1046 2542; x_wconf 89' lang='lat' dir='ltr'>sursum</span> <span class='ocrx_word' id='word_1_454' title='bbox 1061 2512 1094 2541; x_wconf 92' lang='lat' dir='ltr'>in</span> <span class='ocrx_word' id='word_1_455' title='bbox 1110 2512 1242 2542; x_wconf 91' lang='lat' dir='ltr'>homine</span> <span class='ocrx_word' id='word_1_456' title='bbox 1261 2517 1307 2542; x_wconf 90' lang='lat' dir='ltr'>est</span> 
     </span>
     <span class='ocr_line' id='line_1_70' title="bbox 248 2555 1306 2595; baseline 0 -9"><span class='ocrx_word' id='word_1_457' title='bbox 248 2556 355 2595; x_wconf 88' lang='lat' dir='ltr'>ipsum</span> <span class='ocrx_word' id='word_1_458' title='bbox 378 2560 483 2595; x_wconf 90' lang='lat' dir='ltr'>caput,</span> <span class='ocrx_word' id='word_1_459' title='bbox 502 2555 588 2586; x_wconf 88' lang='lat' dir='ltr'>unde</span> <span class='ocrx_word' id='word_1_460' title='bbox 606 2556 700 2586; x_wconf 88' lang='lat' dir='ltr'>trahit</span> <span class='ocrx_word' id='word_1_461' title='bbox 718 2556 914 2586; x_wconf 89' lang='lat' dir='ltr'>alimentum.</span> <span class='ocrx_word' id='word_1_462' title='bbox 940 2556 980 2586; x_wconf 89' lang='lat' dir='ltr'>Et</span> <span class='ocrx_word' id='word_1_463' title='bbox 999 2556 1153 2595; x_wconf 89' lang='lat' dir='ltr'>quoniam</span> <span class='ocrx_word' id='word_1_464' title='bbox 1168 2561 1306 2595; x_wconf 89' lang='lat' dir='ltr'>utroque</span> 
     </span>
     <span class='ocr_line' id='line_1_71' title="bbox 248 2599 1306 2639; baseline 0 -9"><span class='ocrx_word' id='word_1_465' title='bbox 248 2599 348 2630; x_wconf 90' lang='lat' dir='ltr'>modo</span> <span class='ocrx_word' id='word_1_466' title='bbox 365 2604 461 2639; x_wconf 89' lang='lat' dir='ltr'>caput</span> <span class='ocrx_word' id='word_1_467' title='bbox 475 2600 653 2630; x_wconf 91' lang='lat' dir='ltr'>humanum</span> <span class='ocrx_word' id='word_1_468' title='bbox 669 2605 715 2630; x_wconf 90' lang='lat' dir='ltr'>est</span> <span class='ocrx_word' id='word_1_469' title='bbox 731 2609 866 2635; x_wconf 91' lang='lat' dir='ltr'>sursum,</span> <span class='ocrx_word' id='word_1_470' title='bbox 883 2600 1002 2630; x_wconf 88' lang='lat' dir='ltr'>scilicet</span> <span class='ocrx_word' id='word_1_471' title='bbox 1017 2599 1194 2630; x_wconf 85' lang='lat' dir='ltr'>secundum</span> <span class='ocrx_word' id='word_1_472' title='bbox 1210 2600 1306 2630; x_wconf 85' lang='lat' dir='ltr'>situm</span> 
     </span>
     <span class='ocr_line' id='line_1_72' title="bbox 249 2643 1305 2683; baseline 0 -10"><span class='ocrx_word' id='word_1_473' title='bbox 249 2643 433 2683; x_wconf 90' lang='lat' dir='ltr'>simpliciter</span> <span class='ocrx_word' id='word_1_474' title='bbox 459 2648 490 2673; x_wconf 90' lang='lat' dir='ltr'>et</span> <span class='ocrx_word' id='word_1_475' title='bbox 512 2643 689 2674; x_wconf 89' lang='lat' dir='ltr'>secundum</span> <span class='ocrx_word' id='word_1_476' title='bbox 715 2643 923 2674; x_wconf 86' lang='lat' dir='ltr'>differentiam</span> <span class='ocrx_word' id='word_1_477' title='bbox 946 2644 1121 2674; x_wconf 88' lang='lat' dir='ltr'>naturalem</span> <span class='ocrx_word' id='word_1_478' title='bbox 1145 2644 1305 2679; x_wconf 88' lang='lat' dir='ltr'>animalis,</span> 
     </span>
     <span class='ocr_line' id='line_1_73' title="bbox 247 2686 1304 2727; baseline 0 -10"><span class='ocrx_word' id='word_1_479' title='bbox 247 2686 321 2717; x_wconf 89' lang='lat' dir='ltr'>ideo</span> <span class='ocrx_word' id='word_1_480' title='bbox 344 2692 483 2727; x_wconf 89' lang='lat' dir='ltr'>utroque</span> <span class='ocrx_word' id='word_1_481' title='bbox 505 2687 605 2718; x_wconf 92' lang='lat' dir='ltr'>modo</span> <span class='ocrx_word' id='word_1_482' title='bbox 628 2687 761 2727; x_wconf 88' lang='lat' dir='ltr'>intelligi</span> <span class='ocrx_word' id='word_1_483' title='bbox 783 2693 898 2727; x_wconf 89' lang='lat' dir='ltr'>potest.</span> <span class='ocrx_word' id='word_1_484' title='bbox 930 2688 1037 2718; x_wconf 91' lang='lat' dir='ltr'>Primo</span> <span class='ocrx_word' id='word_1_485' title='bbox 1069 2693 1175 2718; x_wconf 90' lang='lat' dir='ltr'>tamen</span> <span class='ocrx_word' id='word_1_486' title='bbox 1205 2687 1304 2718; x_wconf 91' lang='lat' dir='ltr'>modo</span> 
     </span>
    </p>
   </div>
   <div class='ocr_carea' id='block_1_16' title="bbox 215 2725 1304 2771">
    <p class='ocr_par' dir='ltr' id='par_1_21' title="bbox 215 2725 1304 2771">
     <span class='ocr_line' id='line_1_74' title="bbox 215 2725 1304 2771; baseline 0 -10"><span class='ocrx_word' id='word_1_487' title='bbox 215 2725 217 2727; x_wconf 47' lang='grc'><strong>’</strong></span> <span class='ocrx_word' id='word_1_488' title='bbox 247 2730 444 2761; x_wconf 87' lang='lat' dir='ltr'>manifestius</span> <span class='ocrx_word' id='word_1_489' title='bbox 467 2731 574 2761; x_wconf 86' lang='lat' dir='ltr'>sensui</span> <span class='ocrx_word' id='word_1_490' title='bbox 596 2736 698 2770; x_wconf 87' lang='lat' dir='ltr'>patet:</span> <span class='ocrx_word' id='word_1_491' title='bbox 723 2736 754 2761; x_wconf 90' lang='lat' dir='ltr'>et</span> <span class='ocrx_word' id='word_1_492' title='bbox 776 2731 850 2761; x_wconf 91' lang='lat' dir='ltr'>ideo</span> <span class='ocrx_word' id='word_1_493' title='bbox 873 2732 972 2771; x_wconf 88' lang='lat' dir='ltr'>magis</span> <span class='ocrx_word' id='word_1_494' title='bbox 996 2737 1152 2762; x_wconf 88' lang='lat' dir='ltr'>consonat</span> <span class='ocrx_word' id='word_1_495' title='bbox 1174 2732 1304 2768; x_wconf 90' lang='lat' dir='ltr'>litterae,</span> 
     </span>
    </p>
   </div>
   <div class='ocr_carea' id='block_1_17' title="bbox 246 2774 1305 3559">
    <p class='ocr_par' dir='ltr' id='par_1_22' title="bbox 246 2774 1305 3559">
     <span class='ocr_line' id='line_1_75' title="bbox 248 2774 1305 2815; baseline 0.001 -11"><span class='ocrx_word' id='word_1_496' title='bbox 248 2784 331 2815; x_wconf 92' lang='lat' dir='ltr'>quae</span> <span class='ocrx_word' id='word_1_497' title='bbox 360 2775 394 2804; x_wconf 91' lang='lat' dir='ltr'>in</span> <span class='ocrx_word' id='word_1_498' title='bbox 419 2775 628 2814; x_wconf 85' lang='lat' dir='ltr'>responsione</span> <span class='ocrx_word' id='word_1_499' title='bbox 658 2774 698 2804; x_wconf 94' lang='lat' dir='ltr'>ad</span> <span class='ocrx_word' id='word_1_500' title='bbox 726 2775 875 2805; x_wconf 90' lang='lat' dir='ltr'>ultimum</span> <span class='ocrx_word' id='word_1_501' title='bbox 906 2775 1095 2806; x_wconf 85' lang='lat' dir='ltr'>evidentiam</span> <span class='ocrx_word' id='word_1_502' title='bbox 1125 2776 1305 2805; x_wconf 91' lang='lat' dir='ltr'>sensibilem</span> 
     </span>
     <span class='ocr_line' id='line_1_76' title="bbox 248 2818 1305 2859; baseline 0.001 -11"><span class='ocrx_word' id='word_1_503' title='bbox 248 2818 479 2849; x_wconf 92' lang='lat' dir='ltr'>consideratam</span> <span class='ocrx_word' id='word_1_504' title='bbox 501 2819 536 2848; x_wconf 94' lang='lat' dir='ltr'>in</span> <span class='ocrx_word' id='word_1_505' title='bbox 557 2818 616 2848; x_wconf 91' lang='lat' dir='ltr'>hac</span> <span class='ocrx_word' id='word_1_506' title='bbox 639 2818 844 2849; x_wconf 85' lang='lat' dir='ltr'>similitudine</span> <span class='ocrx_word' id='word_1_507' title='bbox 867 2818 951 2855; x_wconf 92' lang='lat' dir='ltr'>dicit,</span> <span class='ocrx_word' id='word_1_508' title='bbox 977 2819 1054 2849; x_wconf 92' lang='lat' dir='ltr'>dum</span> <span class='ocrx_word' id='word_1_509' title='bbox 1073 2820 1183 2859; x_wconf 90' lang='lat' dir='ltr'>capitis</span> <span class='ocrx_word' id='word_1_510' title='bbox 1205 2820 1305 2859; x_wconf 88' lang='lat' dir='ltr'>magis</span> 
     </span>
     <span class='ocr_line' id='line_1_77' title="bbox 248 2861 1127 2902; baseline 0.001 -10"><span class='ocrx_word' id='word_1_511' title='bbox 248 2867 354 2902; x_wconf 77' lang='lat' dir='ltr'>quam‘</span> <span class='ocrx_word' id='word_1_512' title='bbox 368 2862 472 2893; x_wconf 90' lang='lat' dir='ltr'>cordis</span> <span class='ocrx_word' id='word_1_513' title='bbox 495 2871 616 2892; x_wconf 88' lang='lat' dir='ltr'>nomen</span> <span class='ocrx_word' id='word_1_514' title='bbox 639 2861 784 2892; x_wconf 88' lang='lat' dir='ltr'>Christus</span> <span class='ocrx_word' id='word_1_515' title='bbox 807 2863 981 2902; x_wconf 89' lang='lat' dir='ltr'>suscepisse</span> <span class='ocrx_word' id='word_1_516' title='bbox 1005 2862 1127 2893; x_wconf 90' lang='lat' dir='ltr'>dicitur.</span> 
     </span>
     <span class='ocr_line' id='line_1_78' title="bbox 257 2905 1304 2946; baseline 0.001 -10"><span class='ocrx_word' id='word_1_517' title='bbox 257 2934 262 2936; x_wconf 71' lang='grc'>,</span> <span class='ocrx_word' id='word_1_518' title='bbox 303 2906 389 2937; x_wconf 91' lang='lat' dir='ltr'>Scito</span> <span class='ocrx_word' id='word_1_519' title='bbox 413 2905 573 2942; x_wconf 89' lang='lat' dir='ltr'>secundo,</span> <span class='ocrx_word' id='word_1_520' title='bbox 606 2905 694 2945; x_wconf 91' lang='lat' dir='ltr'>quod</span> <span class='ocrx_word' id='word_1_521' title='bbox 717 2906 815 2936; x_wconf 84' lang='lat' dir='ltr'>virtus</span> <span class='ocrx_word' id='word_1_522' title='bbox 844 2907 1021 2937; x_wconf 87' lang='lat' dir='ltr'>attribuitur</span> <span class='ocrx_word' id='word_1_523' title='bbox 1045 2907 1139 2946; x_wconf 89' lang='lat' dir='ltr'>capiti</span> <span class='ocrx_word' id='word_1_524' title='bbox 1162 2907 1304 2937; x_wconf 89' lang='lat' dir='ltr'>humano</span> 
     </span>
     <span class='ocr_line' id='line_1_79' title="bbox 246 2949 1304 2991; baseline -0.001 -10"><span class='ocrx_word' id='word_1_525' title='bbox 246 2955 393 2991; x_wconf 88' lang='lat' dir='ltr'>respectu</span> <span class='ocrx_word' id='word_1_526' title='bbox 415 2951 531 2980; x_wconf 92' lang='lat' dir='ltr'>virium</span> <span class='ocrx_word' id='word_1_527' title='bbox 555 2954 586 2979; x_wconf 87' lang='lat' dir='ltr'>et</span> <span class='ocrx_word' id='word_1_528' title='bbox 608 2954 757 2979; x_wconf 89' lang='lat' dir='ltr'>motuum</span> <span class='ocrx_word' id='word_1_529' title='bbox 773 2949 970 2989; x_wconf 90' lang='lat' dir='ltr'>reliquorum</span> <span class='ocrx_word' id='word_1_530' title='bbox 984 2951 1213 2986; x_wconf 89' lang='lat' dir='ltr'>membrorum,</span> <span class='ocrx_word' id='word_1_531' title='bbox 1237 2960 1304 2980; x_wconf 93' lang='lat' dir='ltr'>non</span> 
     </span>
     <span class='ocr_line' id='line_1_80' title="bbox 247 2993 1304 3034; baseline 0.001 -11"><span class='ocrx_word' id='word_1_532' title='bbox 247 2999 399 3034; x_wconf 87' lang='lat' dir='ltr'>tanquam</span> <span class='ocrx_word' id='word_1_533' title='bbox 417 2994 521 3034; x_wconf 92' lang='lat' dir='ltr'>primo</span> <span class='ocrx_word' id='word_1_534' title='bbox 537 2994 618 3023; x_wconf 92' lang='lat' dir='ltr'>inter</span> <span class='ocrx_word' id='word_1_535' title='bbox 633 2993 775 3023; x_wconf 90' lang='lat' dir='ltr'>membra</span> <span class='ocrx_word' id='word_1_536' title='bbox 789 2994 958 3033; x_wconf 90' lang='lat' dir='ltr'>principio,</span> <span class='ocrx_word' id='word_1_537' title='bbox 974 2993 1029 3024; x_wconf 90' lang='lat' dir='ltr'>sed</span> <span class='ocrx_word' id='word_1_538' title='bbox 1047 2999 1199 3033; x_wconf 87' lang='lat' dir='ltr'>tanquam</span> <span class='ocrx_word' id='word_1_539' title='bbox 1215 3003 1304 3024; x_wconf 88' lang='lat' dir='ltr'>corn-</span> 
     </span>
     <span class='ocr_line' id='line_1_81' title="bbox 246 3037 1304 3078; baseline 0 -10"><span class='ocrx_word' id='word_1_540' title='bbox 246 3038 404 3078; x_wconf 88' lang='lat' dir='ltr'>principio</span> <span class='ocrx_word' id='word_1_541' title='bbox 419 3038 513 3078; x_wconf 90' lang='lat' dir='ltr'>primi</span> <span class='ocrx_word' id='word_1_542' title='bbox 529 3037 712 3077; x_wconf 90' lang='lat' dir='ltr'>simpliciter</span> <span class='ocrx_word' id='word_1_543' title='bbox 726 3037 870 3072; x_wconf 88' lang='lat' dir='ltr'>membri,</span> <span class='ocrx_word' id='word_1_544' title='bbox 887 3037 1005 3067; x_wconf 89' lang='lat' dir='ltr'>scilicet</span> <span class='ocrx_word' id='word_1_545' title='bbox 1020 3037 1137 3068; x_wconf 87' lang='lat' dir='ltr'>cordis:</span> <span class='ocrx_word' id='word_1_546' title='bbox 1155 3047 1192 3068; x_wconf 89' lang='lat' dir='ltr'>ex</span> <span class='ocrx_word' id='word_1_547' title='bbox 1208 3037 1304 3068; x_wconf 88' lang='lat' dir='ltr'>corde</span> 
     </span>
     <span class='ocr_line' id='line_1_82' title="bbox 247 3081 1303 3122; baseline -0.001 -10"><span class='ocrx_word' id='word_1_548' title='bbox 247 3081 415 3122; x_wconf 87' lang='lat' dir='ltr'>siquidem,</span> <span class='ocrx_word' id='word_1_549' title='bbox 431 3081 591 3112; x_wconf 85' lang='lat' dir='ltr'>mediante</span> <span class='ocrx_word' id='word_1_550' title='bbox 607 3081 718 3120; x_wconf 90' lang='lat' dir='ltr'>capite,</span> <span class='ocrx_word' id='word_1_551' title='bbox 736 3081 840 3111; x_wconf 90' lang='lat' dir='ltr'>omnis</span> <span class='ocrx_word' id='word_1_552' title='bbox 855 3081 902 3110; x_wconf 88' lang='lat' dir='ltr'>vis</span> <span class='ocrx_word' id='word_1_553' title='bbox 918 3086 948 3110; x_wconf 89' lang='lat' dir='ltr'>et</span> <span class='ocrx_word' id='word_1_554' title='bbox 962 3086 1070 3111; x_wconf 91' lang='lat' dir='ltr'>motus</span> <span class='ocrx_word' id='word_1_555' title='bbox 1085 3082 1303 3111; x_wconf 88' lang='lat' dir='ltr'>membrorum</span> 
     </span>
     <span class='ocr_line' id='line_1_83' title="bbox 247 3124 1303 3166; baseline -0.002 -10"><span class='ocrx_word' id='word_1_556' title='bbox 247 3124 374 3166; x_wconf 88' lang='lat' dir='ltr'>pendet.</span> <span class='ocrx_word' id='word_1_557' title='bbox 398 3126 439 3156; x_wconf 96' lang='lat' dir='ltr'>Et</span> <span class='ocrx_word' id='word_1_558' title='bbox 454 3125 596 3155; x_wconf 88' lang='lat' dir='ltr'>similiter</span> <span class='ocrx_word' id='word_1_559' title='bbox 612 3124 756 3155; x_wconf 89' lang='lat' dir='ltr'>Christus</span> <span class='ocrx_word' id='word_1_560' title='bbox 771 3125 871 3154; x_wconf 92' lang='lat' dir='ltr'>homo</span> <span class='ocrx_word' id='word_1_561' title='bbox 888 3125 1155 3164; x_wconf 90' lang='lat' dir='ltr'>comprincipium</span> <span class='ocrx_word' id='word_1_562' title='bbox 1171 3130 1218 3155; x_wconf 88' lang='lat' dir='ltr'>est</span> <span class='ocrx_word' id='word_1_563' title='bbox 1233 3125 1303 3164; x_wconf 90' lang='lat' dir='ltr'>Spi-</span> 
     </span>
     <span class='ocr_line' id='line_1_84' title="bbox 247 3167 1303 3209; baseline -0.002 -9"><span class='ocrx_word' id='word_1_564' title='bbox 247 3170 324 3200; x_wconf 87' lang='lat' dir='ltr'>ritus</span> <span class='ocrx_word' id='word_1_565' title='bbox 340 3169 456 3206; x_wconf 88' lang='lat' dir='ltr'>Sancti,</span> <span class='ocrx_word' id='word_1_566' title='bbox 481 3170 537 3209; x_wconf 93' lang='lat' dir='ltr'>qui</span> <span class='ocrx_word' id='word_1_567' title='bbox 561 3174 607 3199; x_wconf 87' lang='lat' dir='ltr'>est</span> <span class='ocrx_word' id='word_1_568' title='bbox 630 3178 686 3198; x_wconf 91' lang='lat' dir='ltr'>cor</span> <span class='ocrx_word' id='word_1_569' title='bbox 708 3168 878 3203; x_wconf 86' lang='lat' dir='ltr'>Ecclesiae,</span> <span class='ocrx_word' id='word_1_570' title='bbox 904 3167 942 3198; x_wconf 90' lang='lat' dir='ltr'>ad</span> <span class='ocrx_word' id='word_1_571' title='bbox 965 3168 1030 3198; x_wconf 85' lang='lat' dir='ltr'>vim</span> <span class='ocrx_word' id='word_1_572' title='bbox 1053 3174 1084 3198; x_wconf 86' lang='lat' dir='ltr'>et</span> <span class='ocrx_word' id='word_1_573' title='bbox 1106 3174 1232 3199; x_wconf 92' lang='lat' dir='ltr'>motum</span> <span class='ocrx_word' id='word_1_574' title='bbox 1255 3178 1303 3198; x_wconf 90' lang='lat' dir='ltr'>re-</span> 
     </span>
     <span class='ocr_line' id='line_1_85' title="bbox 247 3211 1303 3253; baseline -0.003 -9"><span class='ocrx_word' id='word_1_575' title='bbox 247 3213 411 3253; x_wconf 90' lang='lat' dir='ltr'>liquorum</span> <span class='ocrx_word' id='word_1_576' title='bbox 425 3213 644 3244; x_wconf 88' lang='lat' dir='ltr'>membrorum</span> <span class='ocrx_word' id='word_1_577' title='bbox 660 3212 829 3242; x_wconf 88' lang='lat' dir='ltr'>Ecclesiae.</span> <span class='ocrx_word' id='word_1_578' title='bbox 854 3212 894 3242; x_wconf 89' lang='lat' dir='ltr'>Et</span> <span class='ocrx_word' id='word_1_579' title='bbox 921 3211 994 3241; x_wconf 90' lang='lat' dir='ltr'>ideo</span> <span class='ocrx_word' id='word_1_580' title='bbox 1011 3211 1164 3248; x_wconf 87' lang='lat' dir='ltr'>Christus,</span> <span class='ocrx_word' id='word_1_581' title='bbox 1181 3212 1224 3242; x_wconf 84' lang='lat' dir='ltr'>ad</span> <span class='ocrx_word' id='word_1_582' title='bbox 1241 3212 1303 3242; x_wconf 89' lang='lat' dir='ltr'>Co—</span> 
     </span>
     <span class='ocr_line' id='line_1_86' title="bbox 248 3255 1303 3297; baseline -0.002 -10"><span class='ocrx_word' id='word_1_583' title='bbox 248 3257 322 3288; x_wconf 83' lang='lat' dir='ltr'>loss.</span> <span class='ocrx_word' id='word_1_584' title='bbox 338 3267 362 3287; x_wconf 84' lang='lat'>11</span> <span class='ocrx_word' id='word_1_585' title='bbox 376 3257 403 3293; x_wconf 68' lang='lat'>¹⁵,</span> <span class='ocrx_word' id='word_1_586' title='bbox 420 3261 516 3297; x_wconf 80' lang='lat' dir='ltr'>caput</span> <span class='ocrx_word' id='word_1_587' title='bbox 530 3256 690 3287; x_wconf 88' lang='lat' dir='ltr'>Ecclesiae</span> <span class='ocrx_word' id='word_1_588' title='bbox 707 3255 829 3291; x_wconf 82' lang='lat' dir='ltr'>dicitur,</span> <span class='ocrx_word' id='word_1_589' title='bbox 846 3265 888 3286; x_wconf 78' lang='lat' dir='ltr'>ex</span> <span class='ocrx_word' id='word_1_590' title='bbox 902 3265 976 3295; x_wconf 86' lang='lat' dir='ltr'>quo,</span> <span class='ocrx_word' id='word_1_591' title='bbox 992 3261 1144 3295; x_wconf 86' lang='lat' dir='ltr'>tanquam</span> <span class='ocrx_word' id='word_1_592' title='bbox 1161 3265 1198 3285; x_wconf 88' lang='lat' dir='ltr'>ex</span> <span class='ocrx_word' id='word_1_593' title='bbox 1214 3265 1303 3285; x_wconf 93' lang='lat' dir='ltr'>com-</span> 
     </span>
     <span class='ocr_line' id='line_1_87' title="bbox 247 3299 1303 3341; baseline -0.003 -10"><span class='ocrx_word' id='word_1_594' title='bbox 247 3301 416 3341; x_wconf 87' lang='lat' dir='ltr'>principio,</span> <span class='ocrx_word' id='word_1_595' title='bbox 439 3310 556 3341; x_wconf 73' lang='lat' dir='ltr'>corpus</span> <span class='ocrx_word' id='word_1_596' title='bbox 579 3300 750 3335; x_wconf 89' lang='lat' dir='ltr'>Ecclesiae,</span> <span class='ocrx_word' id='word_1_597' title='bbox 775 3309 838 3340; x_wconf 83' lang='lat' dir='ltr'>per</span> <span class='ocrx_word' id='word_1_598' title='bbox 869 3308 971 3329; x_wconf 85' lang='lat' dir='ltr'>nexus</span> <span class='ocrx_word' id='word_1_599' title='bbox 1003 3303 1034 3329; x_wconf 87' lang='lat' dir='ltr'>et</span> <span class='ocrx_word' id='word_1_600' title='bbox 1062 3299 1303 3329; x_wconf 81' lang='lat' dir='ltr'>coniunctiones</span> 
     </span>
     <span class='ocr_line' id='line_1_88' title="bbox 246 3342 1301 3383; baseline -0.003 -8"><span class='ocrx_word' id='word_1_601' title='bbox 246 3345 519 3375; x_wconf 83' lang='lat' dir='ltr'>subministratum</span> <span class='ocrx_word' id='word_1_602' title='bbox 534 3349 566 3375; x_wconf 84' lang='lat' dir='ltr'>et</span> <span class='ocrx_word' id='word_1_603' title='bbox 580 3348 806 3379; x_wconf 84' lang='lat' dir='ltr'>constructum,</span> <span class='ocrx_word' id='word_1_604' title='bbox 831 3343 944 3373; x_wconf 87' lang='lat' dir='ltr'>crescit</span> <span class='ocrx_word' id='word_1_605' title='bbox 959 3343 990 3372; x_wconf 88' lang='lat' dir='ltr'>in</span> <span class='ocrx_word' id='word_1_606' title='bbox 1007 3347 1214 3383; x_wconf 84' lang='lat' dir='ltr'>augmentum</span> <span class='ocrx_word' id='word_1_607' title='bbox 1229 3342 1301 3372; x_wconf 89' lang='lat' dir='ltr'>Dei.</span> 
     </span>
     <span class='ocr_line' id='line_1_89' title="bbox 291 3386 1303 3429; baseline -0.004 -10"><span class='ocrx_word' id='word_1_608' title='bbox 291 3388 378 3419; x_wconf 84' lang='lat' dir='ltr'>Scito</span> <span class='ocrx_word' id='word_1_609' title='bbox 393 3389 497 3424; x_wconf 89' lang='lat' dir='ltr'>tertio,</span> <span class='ocrx_word' id='word_1_610' title='bbox 513 3388 603 3429; x_wconf 94' lang='lat' dir='ltr'>quod</span> <span class='ocrx_word' id='word_1_611' title='bbox 617 3388 714 3428; x_wconf 89' lang='lat' dir='ltr'>gratia</span> <span class='ocrx_word' id='word_1_612' title='bbox 730 3387 846 3418; x_wconf 87' lang='lat' dir='ltr'>Christi</span> <span class='ocrx_word' id='word_1_613' title='bbox 862 3386 975 3417; x_wconf 90' lang='lat' dir='ltr'>dicitur</span> <span class='ocrx_word' id='word_1_614' title='bbox 990 3387 1100 3426; x_wconf 86' lang='lat' dir='ltr'>prima,</span> <span class='ocrx_word' id='word_1_615' title='bbox 1114 3386 1189 3425; x_wconf 90' lang='lat' dir='ltr'>quia</span> <span class='ocrx_word' id='word_1_616' title='bbox 1203 3386 1303 3416; x_wconf 86' lang='lat' dir='ltr'>altior</span> 
     </span>
     <span class='ocr_line' id='line_1_90' title="bbox 248 3429 1302 3472; baseline -0.003 -10"><span class='ocrx_word' id='word_1_617' title='bbox 248 3436 279 3462; x_wconf 83' lang='lat' dir='ltr'>et</span> <span class='ocrx_word' id='word_1_618' title='bbox 293 3432 410 3472; x_wconf 79' lang='lat' dir='ltr'>prior:</span> <span class='ocrx_word' id='word_1_619' title='bbox 432 3433 495 3462; x_wconf 92' lang='lat' dir='ltr'>hoc</span> <span class='ocrx_word' id='word_1_620' title='bbox 518 3438 574 3468; x_wconf 88' lang='lat' dir='ltr'>est,</span> <span class='ocrx_word' id='word_1_621' title='bbox 594 3431 771 3462; x_wconf 89' lang='lat' dir='ltr'>secundum</span> <span class='ocrx_word' id='word_1_622' title='bbox 794 3430 938 3461; x_wconf 90' lang='lat' dir='ltr'>ordinem</span> <span class='ocrx_word' id='word_1_623' title='bbox 962 3439 1074 3460; x_wconf 87' lang='lat' dir='ltr'>causae</span> <span class='ocrx_word' id='word_1_624' title='bbox 1097 3429 1246 3465; x_wconf 88' lang='lat' dir='ltr'>formalis,</span> <span class='ocrx_word' id='word_1_625' title='bbox 1272 3435 1302 3459; x_wconf 88' lang='lat' dir='ltr'>et</span> 
     </span>
     <span class='ocr_line' id='line_1_91' title="bbox 249 3473 1301 3515; baseline -0.003 -9"><span class='ocrx_word' id='word_1_626' title='bbox 249 3475 475 3515; x_wconf 83' lang='lat' dir='ltr'>exemplariter.</span> <span class='ocrx_word' id='word_1_627' title='bbox 498 3476 581 3506; x_wconf 88' lang='lat' dir='ltr'>Nam</span> <span class='ocrx_word' id='word_1_628' title='bbox 604 3485 642 3506; x_wconf 86' lang='lat' dir='ltr'>ex</span> <span class='ocrx_word' id='word_1_629' title='bbox 663 3485 702 3506; x_wconf 89' lang='lat' dir='ltr'>eo</span> <span class='ocrx_word' id='word_1_630' title='bbox 726 3474 815 3515; x_wconf 90' lang='lat' dir='ltr'>quod</span> <span class='ocrx_word' id='word_1_631' title='bbox 837 3474 937 3510; x_wconf 86' lang='lat' dir='ltr'>altior,</span> <span class='ocrx_word' id='word_1_632' title='bbox 955 3479 1001 3504; x_wconf 88' lang='lat' dir='ltr'>est</span> <span class='ocrx_word' id='word_1_633' title='bbox 1015 3474 1102 3514; x_wconf 92' lang='lat' dir='ltr'>prior</span> <span class='ocrx_word' id='word_1_634' title='bbox 1125 3473 1301 3504; x_wconf 89' lang='lat' dir='ltr'>secundum</span> 
     </span>
     <span class='ocr_line' id='line_1_92' title="bbox 249 3517 1300 3559; baseline -0.001 -11"><span class='ocrx_word' id='word_1_635' title='bbox 249 3517 393 3550; x_wconf 89' lang='lat' dir='ltr'>ordinem</span> <span class='ocrx_word' id='word_1_636' title='bbox 416 3529 528 3550; x_wconf 89' lang='lat' dir='ltr'>causae</span> <span class='ocrx_word' id='word_1_637' title='bbox 551 3519 702 3555; x_wconf 87' lang='lat' dir='ltr'>formalis,</span> <span class='ocrx_word' id='word_1_638' title='bbox 726 3520 760 3549; x_wconf 94' lang='lat' dir='ltr'>in</span> <span class='ocrx_word' id='word_1_639' title='bbox 783 3528 860 3559; x_wconf 90' lang='lat' dir='ltr'>quo,</span> <span class='ocrx_word' id='word_1_640' title='bbox 885 3523 1005 3558; x_wconf 89' lang='lat' dir='ltr'>quanto</span> <span class='ocrx_word' id='word_1_641' title='bbox 1030 3517 1107 3558; x_wconf 92' lang='lat' dir='ltr'>quid</span> <span class='ocrx_word' id='word_1_642' title='bbox 1131 3523 1176 3548; x_wconf 92' lang='lat' dir='ltr'>est</span> <span class='ocrx_word' id='word_1_643' title='bbox 1198 3518 1300 3548; x_wconf 86' lang='lat' dir='ltr'>inten-</span> 
     </span>
    </p>
   </div>
   <div class='ocr_carea' id='block_1_18' title="bbox 1354 1504 2425 3555">
    <p class='ocr_par' dir='ltr' id='par_1_23' title="bbox 1364 1504 2425 1720">
     <span class='ocr_line' id='line_1_93' title="bbox 1366 1504 2425 1544; baseline 0.002 -11"><span class='ocrx_word' id='word_1_644' title='bbox 1366 1504 1431 1533; x_wconf 91' lang='lat' dir='ltr'>sive</span> <span class='ocrx_word' id='word_1_645' title='bbox 1455 1504 1561 1540; x_wconf 89' lang='lat' dir='ltr'>altius,</span> <span class='ocrx_word' id='word_1_646' title='bbox 1586 1510 1674 1534; x_wconf 90' lang='lat' dir='ltr'>tanto</span> <span class='ocrx_word' id='word_1_647' title='bbox 1699 1504 1872 1534; x_wconf 90' lang='lat' dir='ltr'>formalius.</span> <span class='ocrx_word' id='word_1_648' title='bbox 1909 1505 1956 1535; x_wconf 86' lang='lat' dir='ltr'>Ex</span> <span class='ocrx_word' id='word_1_649' title='bbox 1979 1515 2018 1536; x_wconf 94' lang='lat' dir='ltr'>eo</span> <span class='ocrx_word' id='word_1_650' title='bbox 2043 1509 2150 1534; x_wconf 89' lang='lat' dir='ltr'>autem</span> <span class='ocrx_word' id='word_1_651' title='bbox 2174 1505 2263 1544; x_wconf 90' lang='lat' dir='ltr'>quod</span> <span class='ocrx_word' id='word_1_652' title='bbox 2286 1505 2324 1535; x_wconf 93' lang='lat' dir='ltr'>ad</span> <span class='ocrx_word' id='word_1_653' title='bbox 2348 1515 2425 1536; x_wconf 91' lang='lat' dir='ltr'>con-</span> 
     </span>
     <span class='ocr_line' id='line_1_94' title="bbox 1366 1546 2425 1589; baseline 0.002 -12"><span class='ocrx_word' id='word_1_654' title='bbox 1366 1546 1558 1578; x_wconf 88' lang='lat' dir='ltr'>formitatem</span> <span class='ocrx_word' id='word_1_655' title='bbox 1574 1549 1672 1587; x_wconf 91' lang='lat' dir='ltr'>ipsius</span> <span class='ocrx_word' id='word_1_656' title='bbox 1685 1548 1751 1578; x_wconf 89' lang='lat' dir='ltr'>aliis</span> <span class='ocrx_word' id='word_1_657' title='bbox 1766 1549 1863 1588; x_wconf 88' lang='lat' dir='ltr'>gratia</span> <span class='ocrx_word' id='word_1_658' title='bbox 1879 1548 1978 1585; x_wconf 86' lang='lat' dir='ltr'>datur,</span> <span class='ocrx_word' id='word_1_659' title='bbox 1993 1554 2039 1579; x_wconf 90' lang='lat' dir='ltr'>est</span> <span class='ocrx_word' id='word_1_660' title='bbox 2053 1549 2140 1588; x_wconf 90' lang='lat' dir='ltr'>prior</span> <span class='ocrx_word' id='word_1_661' title='bbox 2155 1553 2307 1589; x_wconf 86' lang='lat' dir='ltr'>tanquam</span> <span class='ocrx_word' id='word_1_662' title='bbox 2320 1559 2425 1579; x_wconf 86' lang='lat' dir='ltr'>exem-</span> 
     </span>
     <span class='ocr_line' id='line_1_95' title="bbox 1365 1591 2424 1631; baseline 0.002 -10"><span class='ocrx_word' id='word_1_663' title='bbox 1365 1591 1432 1631; x_wconf 91' lang='lat' dir='ltr'>plar</span> <span class='ocrx_word' id='word_1_664' title='bbox 1454 1591 1649 1631; x_wconf 90' lang='lat' dir='ltr'>reliquarum</span> <span class='ocrx_word' id='word_1_665' title='bbox 1671 1593 1850 1631; x_wconf 88' lang='lat' dir='ltr'>gratiarum.</span> <span class='ocrx_word' id='word_1_666' title='bbox 1885 1592 1942 1628; x_wconf 93' lang='lat' dir='ltr'>Et,</span> <span class='ocrx_word' id='word_1_667' title='bbox 1966 1599 2002 1623; x_wconf 90' lang='lat' dir='ltr'>ut</span> <span class='ocrx_word' id='word_1_668' title='bbox 2024 1593 2057 1622; x_wconf 93' lang='lat' dir='ltr'>in</span> <span class='ocrx_word' id='word_1_669' title='bbox 2080 1592 2181 1622; x_wconf 88' lang='lat' dir='ltr'>littera</span> <span class='ocrx_word' id='word_1_670' title='bbox 2205 1592 2332 1628; x_wconf 89' lang='lat' dir='ltr'>dicitur,</span> <span class='ocrx_word' id='word_1_671' title='bbox 2357 1603 2424 1623; x_wconf 92' lang='lat' dir='ltr'>non</span> 
     </span>
     <span class='ocr_line' id='line_1_96' title="bbox 1366 1636 2424 1676; baseline 0.002 -11"><span class='ocrx_word' id='word_1_672' title='bbox 1366 1640 1412 1665; x_wconf 90' lang='lat' dir='ltr'>est</span> <span class='ocrx_word' id='word_1_673' title='bbox 1434 1636 1497 1665; x_wconf 93' lang='lat' dir='ltr'>hoc</span> <span class='ocrx_word' id='word_1_674' title='bbox 1521 1636 1681 1675; x_wconf 87' lang='lat' dir='ltr'>exemplar</span> <span class='ocrx_word' id='word_1_675' title='bbox 1703 1637 1791 1675; x_wconf 90' lang='lat' dir='ltr'>prius</span> <span class='ocrx_word' id='word_1_676' title='bbox 1813 1642 1959 1676; x_wconf 91' lang='lat' dir='ltr'>tempore</span> <span class='ocrx_word' id='word_1_677' title='bbox 1983 1636 2183 1675; x_wconf 86' lang='lat' dir='ltr'>exemplatis:</span> <span class='ocrx_word' id='word_1_678' title='bbox 2216 1636 2271 1667; x_wconf 90' lang='lat' dir='ltr'>sed</span> <span class='ocrx_word' id='word_1_679' title='bbox 2294 1643 2330 1667; x_wconf 90' lang='lat' dir='ltr'>ut</span> <span class='ocrx_word' id='word_1_680' title='bbox 2352 1636 2424 1667; x_wconf 89' lang='lat' dir='ltr'>finis</span> 
     </span>
     <span class='ocr_line' id='line_1_97' title="bbox 1364 1679 2080 1720; baseline 0.003 -12"><span class='ocrx_word' id='word_1_681' title='bbox 1364 1679 1398 1709; x_wconf 91' lang='lat' dir='ltr'>in</span> <span class='ocrx_word' id='word_1_682' title='bbox 1421 1679 1608 1715; x_wconf 89' lang='lat' dir='ltr'>intentione,</span> <span class='ocrx_word' id='word_1_683' title='bbox 1633 1685 1669 1710; x_wconf 92' lang='lat' dir='ltr'>ut</span> <span class='ocrx_word' id='word_1_684' title='bbox 1692 1680 1852 1719; x_wconf 89' lang='lat' dir='ltr'>exemplar</span> <span class='ocrx_word' id='word_1_685' title='bbox 1876 1686 2080 1720; x_wconf 90' lang='lat' dir='ltr'>conceptum.</span> 
     </span>
    </p>

    <p class='ocr_par' dir='ltr' id='par_1_24' title="bbox 1362 1723 2423 2104">
     <span class='ocr_line' id='line_1_98' title="bbox 1419 1723 2423 1763; baseline 0.003 -11"><span class='ocrx_word' id='word_1_686' title='bbox 1419 1723 1469 1752; x_wconf 94' lang='lat' dir='ltr'>III.</span> <span class='ocrx_word' id='word_1_687' title='bbox 1495 1723 1530 1752; x_wconf 93' lang='lat' dir='ltr'>ln</span> <span class='ocrx_word' id='word_1_688' title='bbox 1546 1724 1755 1762; x_wconf 90' lang='lat' dir='ltr'>responsione</span> <span class='ocrx_word' id='word_1_689' title='bbox 1778 1723 1817 1753; x_wconf 93' lang='lat' dir='ltr'>ad</span> <span class='ocrx_word' id='word_1_690' title='bbox 1832 1724 1973 1763; x_wconf 90' lang='lat' dir='ltr'>primum</span> <span class='ocrx_word' id='word_1_691' title='bbox 1989 1723 2132 1754; x_wconf 90' lang='lat' dir='ltr'>eiusdem</span> <span class='ocrx_word' id='word_1_692' title='bbox 2148 1724 2280 1759; x_wconf 84' lang='lat' dir='ltr'>articuli,</span> <span class='ocrx_word' id='word_1_693' title='bbox 2297 1723 2423 1755; x_wconf 89' lang='lat' dir='ltr'>adverte</span> 
     </span>
     <span class='ocr_line' id='line_1_99' title="bbox 1365 1765 2423 1807; baseline 0.002 -11"><span class='ocrx_word' id='word_1_694' title='bbox 1365 1765 1446 1796; x_wconf 89' lang='lat' dir='ltr'>duos</span> <span class='ocrx_word' id='word_1_695' title='bbox 1469 1766 1585 1796; x_wconf 91' lang='lat' dir='ltr'>modos</span> <span class='ocrx_word' id='word_1_696' title='bbox 1605 1767 1720 1806; x_wconf 91' lang='lat' dir='ltr'>quibus</span> <span class='ocrx_word' id='word_1_697' title='bbox 1736 1767 1859 1797; x_wconf 90' lang='lat' dir='ltr'>Auctor</span> <span class='ocrx_word' id='word_1_698' title='bbox 1882 1768 1974 1807; x_wconf 86' lang='lat' dir='ltr'>ponit</span> <span class='ocrx_word' id='word_1_699' title='bbox 1994 1768 2135 1797; x_wconf 87' lang='lat' dir='ltr'>actiones</span> <span class='ocrx_word' id='word_1_700' title='bbox 2152 1767 2269 1797; x_wconf 89' lang='lat' dir='ltr'>Christi</span> <span class='ocrx_word' id='word_1_701' title='bbox 2284 1768 2423 1798; x_wconf 90' lang='lat' dir='ltr'>hominis</span> 
     </span>
     <span class='ocr_line' id='line_1_100' title="bbox 1365 1811 2422 1850; baseline 0.002 -11"><span class='ocrx_word' id='word_1_702' title='bbox 1365 1819 1492 1840; x_wconf 88' lang='lat' dir='ltr'>causare</span> <span class='ocrx_word' id='word_1_703' title='bbox 1515 1811 1548 1840; x_wconf 93' lang='lat' dir='ltr'>in</span> <span class='ocrx_word' id='word_1_704' title='bbox 1571 1811 1664 1840; x_wconf 91' lang='lat' dir='ltr'>nobis</span> <span class='ocrx_word' id='word_1_705' title='bbox 1687 1811 1834 1850; x_wconf 83' lang='lat' dir='ltr'>gratiam:</span> <span class='ocrx_word' id='word_1_706' title='bbox 1867 1811 1986 1841; x_wconf 90' lang='lat' dir='ltr'>scilicet</span> <span class='ocrx_word' id='word_1_707' title='bbox 2013 1811 2189 1846; x_wconf 90' lang='lat' dir='ltr'>meritorie,</span> <span class='ocrx_word' id='word_1_708' title='bbox 2215 1817 2246 1841; x_wconf 90' lang='lat' dir='ltr'>et</span> <span class='ocrx_word' id='word_1_709' title='bbox 2270 1811 2422 1842; x_wconf 89' lang='lat' dir='ltr'>effective.</span> 
     </span>
     <span class='ocr_line' id='line_1_101' title="bbox 1364 1853 2423 1894; baseline 0.002 -11"><span class='ocrx_word' id='word_1_710' title='bbox 1364 1853 1404 1883; x_wconf 90' lang='lat' dir='ltr'>Et</span> <span class='ocrx_word' id='word_1_711' title='bbox 1427 1853 1467 1883; x_wconf 93' lang='lat' dir='ltr'>de</span> <span class='ocrx_word' id='word_1_712' title='bbox 1487 1853 1587 1883; x_wconf 91' lang='lat' dir='ltr'>modo</span> <span class='ocrx_word' id='word_1_713' title='bbox 1604 1853 1735 1893; x_wconf 90' lang='lat' dir='ltr'>quidem</span> <span class='ocrx_word' id='word_1_714' title='bbox 1751 1855 1854 1884; x_wconf 90' lang='lat' dir='ltr'>meriti</span> <span class='ocrx_word' id='word_1_715' title='bbox 1877 1855 1964 1884; x_wconf 93' lang='lat' dir='ltr'>nulla</span> <span class='ocrx_word' id='word_1_716' title='bbox 1981 1860 2026 1884; x_wconf 89' lang='lat' dir='ltr'>est</span> <span class='ocrx_word' id='word_1_717' title='bbox 2042 1855 2244 1894; x_wconf 88' lang='lat' dir='ltr'>ambiguitas:</span> <span class='ocrx_word' id='word_1_718' title='bbox 2270 1856 2423 1894; x_wconf 91' lang='lat' dir='ltr'>quoniam</span> 
     </span>
     <span class='ocr_line' id='line_1_102' title="bbox 1363 1897 2422 1938; baseline 0.002 -11"><span class='ocrx_word' id='word_1_719' title='bbox 1363 1902 1469 1937; x_wconf 89' lang='lat' dir='ltr'>potest</span> <span class='ocrx_word' id='word_1_720' title='bbox 1492 1897 1603 1928; x_wconf 91' lang='lat' dir='ltr'>cadere</span> <span class='ocrx_word' id='word_1_721' title='bbox 1628 1898 1686 1927; x_wconf 92' lang='lat' dir='ltr'>sub</span> <span class='ocrx_word' id='word_1_722' title='bbox 1710 1898 1805 1928; x_wconf 91' lang='lat' dir='ltr'>unius</span> <span class='ocrx_word' id='word_1_723' title='bbox 1828 1899 1941 1928; x_wconf 90' lang='lat' dir='ltr'>merito</span> <span class='ocrx_word' id='word_1_724' title='bbox 1967 1898 2055 1938; x_wconf 92' lang='lat' dir='ltr'>quod</span> <span class='ocrx_word' id='word_1_725' title='bbox 2071 1899 2158 1928; x_wconf 91' lang='lat' dir='ltr'>Deus</span> <span class='ocrx_word' id='word_1_726' title='bbox 2177 1904 2261 1929; x_wconf 91' lang='lat' dir='ltr'>creet</span> <span class='ocrx_word' id='word_1_727' title='bbox 2276 1899 2309 1928; x_wconf 92' lang='lat' dir='ltr'>in</span> <span class='ocrx_word' id='word_1_728' title='bbox 2325 1899 2422 1929; x_wconf 88' lang='lat' dir='ltr'>altero</span> 
     </span>
     <span class='ocr_line' id='line_1_103' title="bbox 1362 1941 2421 1982; baseline 0.001 -11"><span class='ocrx_word' id='word_1_729' title='bbox 1362 1942 1504 1980; x_wconf 88' lang='lat' dir='ltr'>gratiam.</span> <span class='ocrx_word' id='word_1_730' title='bbox 1521 1941 1583 1972; x_wconf 89' lang='lat' dir='ltr'>Sed</span> <span class='ocrx_word' id='word_1_731' title='bbox 1600 1941 1639 1971; x_wconf 92' lang='lat' dir='ltr'>de</span> <span class='ocrx_word' id='word_1_732' title='bbox 1654 1941 1754 1972; x_wconf 90' lang='lat' dir='ltr'>modo</span> <span class='ocrx_word' id='word_1_733' title='bbox 1771 1941 1957 1972; x_wconf 89' lang='lat' dir='ltr'>efficientiae</span> <span class='ocrx_word' id='word_1_734' title='bbox 1981 1943 2154 1973; x_wconf 89' lang='lat' dir='ltr'>obscurum</span> <span class='ocrx_word' id='word_1_735' title='bbox 2171 1948 2233 1972; x_wconf 90' lang='lat' dir='ltr'>est:</span> <span class='ocrx_word' id='word_1_736' title='bbox 2258 1943 2421 1982; x_wconf 89' lang='lat' dir='ltr'>quoniam,</span> 
     </span>
     <span class='ocr_line' id='line_1_104' title="bbox 1363 1985 2422 2026; baseline 0.001 -11"><span class='ocrx_word' id='word_1_737' title='bbox 1363 1991 1398 2015; x_wconf 90' lang='lat' dir='ltr'>ut</span> <span class='ocrx_word' id='word_1_738' title='bbox 1421 1986 1454 2015; x_wconf 93' lang='lat' dir='ltr'>in</span> <span class='ocrx_word' id='word_1_739' title='bbox 1477 1985 1581 2015; x_wconf 89' lang='lat' dir='ltr'>Prima</span> <span class='ocrx_word' id='word_1_740' title='bbox 1599 1986 1690 2015; x_wconf 90' lang='lat' dir='ltr'>Parte</span> <span class='ocrx_word' id='word_1_741' title='bbox 1706 1986 1722 2002; x_wconf 41' lang='grc' dir='ltr'>ἢ*</span> <span class='ocrx_word' id='word_1_742' title='bbox 1745 1986 1889 2016; x_wconf 90' lang='lat' dir='ltr'>habitum</span> <span class='ocrx_word' id='word_1_743' title='bbox 1905 1992 1961 2021; x_wconf 91' lang='lat' dir='ltr'>est,</span> <span class='ocrx_word' id='word_1_744' title='bbox 1986 1996 2045 2016; x_wconf 90' lang='lat' dir='ltr'>nec</span> <span class='ocrx_word' id='word_1_745' title='bbox 2064 1987 2277 2026; x_wconf 89' lang='lat' dir='ltr'>principaliter</span> <span class='ocrx_word' id='word_1_746' title='bbox 2300 1996 2359 2017; x_wconf 91' lang='lat' dir='ltr'>nec</span> <span class='ocrx_word' id='word_1_747' title='bbox 2374 1987 2422 2017; x_wconf 92' lang='lat' dir='ltr'>in-</span> 
     </span>
     <span class='ocr_line' id='line_1_105' title="bbox 1362 2029 2422 2070; baseline 0.001 -11"><span class='ocrx_word' id='word_1_748' title='bbox 1362 2029 1606 2059; x_wconf 87' lang='lat' dir='ltr'>strumentaliter</span> <span class='ocrx_word' id='word_1_749' title='bbox 1621 2035 1727 2069; x_wconf 90' lang='lat' dir='ltr'>potest</span> <span class='ocrx_word' id='word_1_750' title='bbox 1743 2035 1883 2060; x_wconf 89' lang='lat' dir='ltr'>creatura</span> <span class='ocrx_word' id='word_1_751' title='bbox 1899 2030 2004 2070; x_wconf 90' lang='lat' dir='ltr'>aliqua</span> <span class='ocrx_word' id='word_1_752' title='bbox 2020 2040 2138 2066; x_wconf 87' lang='lat' dir='ltr'>creare;</span> <span class='ocrx_word' id='word_1_753' title='bbox 2156 2030 2299 2060; x_wconf 90' lang='lat' dir='ltr'>Christus</span> <span class='ocrx_word' id='word_1_754' title='bbox 2316 2036 2422 2061; x_wconf 90' lang='lat' dir='ltr'>autem</span> 
     </span>
     <span class='ocr_line' id='line_1_106' title="bbox 1362 2072 2075 2104; baseline 0.001 -1"><span class='ocrx_word' id='word_1_755' title='bbox 1362 2072 1476 2103; x_wconf 91' lang='lat' dir='ltr'>dicitur</span> <span class='ocrx_word' id='word_1_756' title='bbox 1499 2073 1550 2103; x_wconf 92' lang='lat' dir='ltr'>hic</span> <span class='ocrx_word' id='word_1_757' title='bbox 1574 2073 1853 2103; x_wconf 88' lang='lat' dir='ltr'>instrumentaliter</span> <span class='ocrx_word' id='word_1_758' title='bbox 1876 2083 2075 2104; x_wconf 90' lang='lat' dir='ltr'>concurrere.</span> 
     </span>
    </p>

    <p class='ocr_par' dir='ltr' id='par_1_25' title="bbox 1358 2116 2422 2683">
     <span class='ocr_line' id='line_1_107' title="bbox 1417 2116 2422 2158; baseline 0.002 -12"><span class='ocrx_word' id='word_1_759' title='bbox 1417 2116 1546 2147; x_wconf 77' lang='lat' dir='ltr'>Etlicet</span> <span class='ocrx_word' id='word_1_760' title='bbox 1569 2117 1712 2156; x_wconf 87' lang='lat' dir='ltr'>quaestio</span> <span class='ocrx_word' id='word_1_761' title='bbox 1737 2117 1814 2147; x_wconf 90' lang='lat' dir='ltr'>haec</span> <span class='ocrx_word' id='word_1_762' title='bbox 1838 2118 1987 2157; x_wconf 85' lang='lat' dir='ltr'>perplexa</span> <span class='ocrx_word' id='word_1_763' title='bbox 2010 2123 2167 2158; x_wconf 87' lang='lat' dir='ltr'>appareat,</span> <span class='ocrx_word' id='word_1_764' title='bbox 2184 2127 2252 2148; x_wconf 92' lang='lat' dir='ltr'>non</span> <span class='ocrx_word' id='word_1_765' title='bbox 2267 2118 2361 2148; x_wconf 89' lang='lat' dir='ltr'>habet</span> <span class='ocrx_word' id='word_1_766' title='bbox 2376 2123 2422 2148; x_wconf 90' lang='lat' dir='ltr'>ta-</span> 
     </span>
     <span class='ocr_line' id='line_1_108' title="bbox 1362 2161 2421 2199; baseline 0.002 -9"><span class='ocrx_word' id='word_1_767' title='bbox 1362 2169 1436 2190; x_wconf 91' lang='lat' dir='ltr'>men</span> <span class='ocrx_word' id='word_1_768' title='bbox 1452 2161 1515 2190; x_wconf 91' lang='lat' dir='ltr'>hoc</span> <span class='ocrx_word' id='word_1_769' title='bbox 1530 2161 1563 2190; x_wconf 92' lang='lat' dir='ltr'>in</span> <span class='ocrx_word' id='word_1_770' title='bbox 1579 2161 1653 2190; x_wconf 92' lang='lat' dir='ltr'>loco</span> <span class='ocrx_word' id='word_1_771' title='bbox 1669 2161 1808 2191; x_wconf 92' lang='lat' dir='ltr'>multum</span> <span class='ocrx_word' id='word_1_772' title='bbox 1823 2161 2038 2191; x_wconf 91' lang='lat' dir='ltr'>dubitationis.</span> <span class='ocrx_word' id='word_1_773' title='bbox 2055 2161 2229 2199; x_wconf 89' lang='lat' dir='ltr'>Quoniam,</span> <span class='ocrx_word' id='word_1_774' title='bbox 2243 2162 2421 2192; x_wconf 90' lang='lat' dir='ltr'>secundum</span> 
     </span>
     <span class='ocr_line' id='line_1_109' title="bbox 1362 2204 2419 2241; baseline 0.002 -7"><span class='ocrx_word' id='word_1_775' title='bbox 1362 2214 1535 2234; x_wconf 91' lang='lat' dir='ltr'>commune</span> <span class='ocrx_word' id='word_1_776' title='bbox 1552 2204 1682 2239; x_wconf 91' lang='lat' dir='ltr'>dictum,</span> <span class='ocrx_word' id='word_1_777' title='bbox 1699 2205 1840 2234; x_wconf 89' lang='lat' dir='ltr'>actiones</span> <span class='ocrx_word' id='word_1_778' title='bbox 1857 2204 1983 2241; x_wconf 88' lang='lat' dir='ltr'>Christi,</span> <span class='ocrx_word' id='word_1_779' title='bbox 2000 2206 2065 2235; x_wconf 90' lang='lat' dir='ltr'>sive</span> <span class='ocrx_word' id='word_1_780' title='bbox 2081 2205 2193 2235; x_wconf 89' lang='lat' dir='ltr'>mediis</span> <span class='ocrx_word' id='word_1_781' title='bbox 2209 2207 2419 2241; x_wconf 90' lang='lat' dir='ltr'>sacramentis,</span> 
     </span>
     <span class='ocr_line' id='line_1_110' title="bbox 1362 2247 2421 2288; baseline 0.002 -10"><span class='ocrx_word' id='word_1_782' title='bbox 1362 2254 1397 2279; x_wconf 92' lang='lat' dir='ltr'>ut</span> <span class='ocrx_word' id='word_1_783' title='bbox 1421 2248 1563 2288; x_wconf 90' lang='lat' dir='ltr'>quotidie</span> <span class='ocrx_word' id='word_1_784' title='bbox 1593 2249 1627 2278; x_wconf 91' lang='lat' dir='ltr'>in</span> <span class='ocrx_word' id='word_1_785' title='bbox 1657 2248 1798 2278; x_wconf 89' lang='lat' dir='ltr'>Ecclesia</span> <span class='ocrx_word' id='word_1_786' title='bbox 1827 2247 1872 2284; x_wconf 88' lang='lat' dir='ltr'>fit,</span> <span class='ocrx_word' id='word_1_787' title='bbox 1903 2249 1968 2278; x_wconf 91' lang='lat' dir='ltr'>sive</span> <span class='ocrx_word' id='word_1_788' title='bbox 2000 2249 2119 2288; x_wconf 86' lang='lat' dir='ltr'>absque</span> <span class='ocrx_word' id='word_1_789' title='bbox 2149 2250 2360 2286; x_wconf 87' lang='lat' dir='ltr'>sacramentis,</span> <span class='ocrx_word' id='word_1_790' title='bbox 2385 2255 2421 2280; x_wconf 89' lang='lat' dir='ltr'>ut</span> 
     </span>
     <span class='ocr_line' id='line_1_111' title="bbox 1361 2291 2419 2332; baseline 0.001 -10"><span class='ocrx_word' id='word_1_791' title='bbox 1361 2292 1516 2322; x_wconf 90' lang='lat' dir='ltr'>latronem</span> <span class='ocrx_word' id='word_1_792' title='bbox 1539 2291 1732 2331; x_wconf 88' lang='lat' dir='ltr'>gratificavit,</span> <span class='ocrx_word' id='word_1_793' title='bbox 1757 2291 1872 2322; x_wconf 88' lang='lat' dir='ltr'>eodem</span> <span class='ocrx_word' id='word_1_794' title='bbox 1902 2291 2001 2322; x_wconf 92' lang='lat' dir='ltr'>modo</span> <span class='ocrx_word' id='word_1_795' title='bbox 2026 2292 2065 2322; x_wconf 93' lang='lat' dir='ltr'>ad</span> <span class='ocrx_word' id='word_1_796' title='bbox 2088 2293 2281 2323; x_wconf 89' lang='lat' dir='ltr'>creationem</span> <span class='ocrx_word' id='word_1_797' title='bbox 2303 2294 2419 2332; x_wconf 87' lang='lat' dir='ltr'>gratiae</span> 
     </span>
     <span class='ocr_line' id='line_1_112' title="bbox 1362 2335 2419 2376; baseline 0 -10"><span class='ocrx_word' id='word_1_798' title='bbox 1362 2341 1572 2366; x_wconf 90' lang='lat' dir='ltr'>concurrunt:</span> <span class='ocrx_word' id='word_1_799' title='bbox 1605 2345 1671 2365; x_wconf 91' lang='lat' dir='ltr'>non</span> <span class='ocrx_word' id='word_1_800' title='bbox 1700 2335 1882 2375; x_wconf 87' lang='lat' dir='ltr'>attingendo</span> <span class='ocrx_word' id='word_1_801' title='bbox 1914 2336 2031 2366; x_wconf 89' lang='lat' dir='ltr'>scilicet</span> <span class='ocrx_word' id='word_1_802' title='bbox 2054 2336 2155 2375; x_wconf 89' lang='lat' dir='ltr'>ipsam</span> <span class='ocrx_word' id='word_1_803' title='bbox 2178 2337 2309 2376; x_wconf 91' lang='lat' dir='ltr'>gratiam</span> <span class='ocrx_word' id='word_1_804' title='bbox 2337 2346 2419 2376; x_wconf 91' lang='lat' dir='ltr'>quae</span> 
     </span>
     <span class='ocr_line' id='line_1_113' title="bbox 1361 2379 2417 2419; baseline -0.001 -9"><span class='ocrx_word' id='word_1_805' title='bbox 1361 2386 1492 2416; x_wconf 88' lang='lat' dir='ltr'>creatur,</span> <span class='ocrx_word' id='word_1_806' title='bbox 1521 2379 1576 2410; x_wconf 89' lang='lat' dir='ltr'>sed</span> <span class='ocrx_word' id='word_1_807' title='bbox 1603 2379 1768 2419; x_wconf 87' lang='lat' dir='ltr'>efficiendo</span> <span class='ocrx_word' id='word_1_808' title='bbox 1797 2379 1915 2419; x_wconf 87' lang='lat' dir='ltr'>aliquid</span> <span class='ocrx_word' id='word_1_809' title='bbox 1942 2388 1998 2419; x_wconf 90' lang='lat' dir='ltr'>per</span> <span class='ocrx_word' id='word_1_810' title='bbox 2023 2379 2158 2410; x_wconf 89' lang='lat' dir='ltr'>modum</span> <span class='ocrx_word' id='word_1_811' title='bbox 2186 2379 2417 2419; x_wconf 89' lang='lat' dir='ltr'>dispositionis;</span> 
     </span>
     <span class='ocr_line' id='line_1_114' title="bbox 1361 2423 2418 2464; baseline -0.001 -10"><span class='ocrx_word' id='word_1_812' title='bbox 1361 2423 1450 2464; x_wconf 90' lang='lat' dir='ltr'>quod</span> <span class='ocrx_word' id='word_1_813' title='bbox 1466 2429 1512 2454; x_wconf 89' lang='lat' dir='ltr'>est</span> <span class='ocrx_word' id='word_1_814' title='bbox 1528 2433 1631 2453; x_wconf 86' lang='lat' dir='ltr'>creare</span> <span class='ocrx_word' id='word_1_815' title='bbox 1647 2424 1777 2463; x_wconf 87' lang='lat' dir='ltr'>gratiam</span> <span class='ocrx_word' id='word_1_816' title='bbox 1800 2423 2086 2453; x_wconf 89' lang='lat' dir='ltr'>instrumentaliter.</span> <span class='ocrx_word' id='word_1_817' title='bbox 2110 2423 2209 2460; x_wconf 91' lang='lat' dir='ltr'>Quod</span> <span class='ocrx_word' id='word_1_818' title='bbox 2224 2433 2290 2453; x_wconf 89' lang='lat' dir='ltr'>non</span> <span class='ocrx_word' id='word_1_819' title='bbox 2306 2424 2418 2453; x_wconf 89' lang='lat' dir='ltr'>incon-</span> 
     </span>
     <span class='ocr_line' id='line_1_115' title="bbox 1360 2467 2418 2506; baseline -0.001 -8"><span class='ocrx_word' id='word_1_820' title='bbox 1360 2469 1446 2498; x_wconf 86' lang='lat' dir='ltr'>venit</span> <span class='ocrx_word' id='word_1_821' title='bbox 1462 2477 1537 2498; x_wconf 92' lang='lat' dir='ltr'>cum</span> <span class='ocrx_word' id='word_1_822' title='bbox 1553 2473 1674 2498; x_wconf 86' lang='lat' dir='ltr'>creatur</span> <span class='ocrx_word' id='word_1_823' title='bbox 1693 2467 1812 2506; x_wconf 89' lang='lat' dir='ltr'>aliquid</span> <span class='ocrx_word' id='word_1_824' title='bbox 1827 2468 1860 2497; x_wconf 89' lang='lat' dir='ltr'>in</span> <span class='ocrx_word' id='word_1_825' title='bbox 1876 2468 2018 2497; x_wconf 90' lang='lat' dir='ltr'>subiecto</span> <span class='ocrx_word' id='word_1_826' title='bbox 2041 2467 2279 2506; x_wconf 82' lang='lat' dir='ltr'>praeexistente,</span> <span class='ocrx_word' id='word_1_827' title='bbox 2295 2467 2418 2506; x_wconf 90' lang='lat' dir='ltr'>praedi-</span> 
     </span>
     <span class='ocr_line' id='line_1_116' title="bbox 1360 2511 2417 2551; baseline -0.002 -9"><span class='ocrx_word' id='word_1_828' title='bbox 1360 2511 1528 2551; x_wconf 89' lang='lat' dir='ltr'>sponendo</span> <span class='ocrx_word' id='word_1_829' title='bbox 1552 2511 1591 2541; x_wconf 91' lang='lat' dir='ltr'>ad</span> <span class='ocrx_word' id='word_1_830' title='bbox 1613 2511 1699 2541; x_wconf 88' lang='lat' dir='ltr'>illam</span> <span class='ocrx_word' id='word_1_831' title='bbox 1722 2521 1789 2541; x_wconf 90' lang='lat' dir='ltr'>rem</span> <span class='ocrx_word' id='word_1_832' title='bbox 1816 2511 1999 2541; x_wconf 85' lang='lat' dir='ltr'>creandam:</span> <span class='ocrx_word' id='word_1_833' title='bbox 2031 2516 2067 2541; x_wconf 92' lang='lat' dir='ltr'>ut</span> <span class='ocrx_word' id='word_1_834' title='bbox 2089 2516 2175 2550; x_wconf 88' lang='lat' dir='ltr'>patet</span> <span class='ocrx_word' id='word_1_835' title='bbox 2198 2520 2271 2540; x_wconf 92' lang='lat' dir='ltr'>cum</span> <span class='ocrx_word' id='word_1_836' title='bbox 2296 2516 2417 2541; x_wconf 89' lang='lat' dir='ltr'>creatur</span> 
     </span>
     <span class='ocr_line' id='line_1_117' title="bbox 1360 2554 2416 2595; baseline -0.002 -9"><span class='ocrx_word' id='word_1_837' title='bbox 1360 2556 1465 2586; x_wconf 89' lang='lat' dir='ltr'>anima</span> <span class='ocrx_word' id='word_1_838' title='bbox 1487 2555 1677 2586; x_wconf 88' lang='lat' dir='ltr'>intellectiva</span> <span class='ocrx_word' id='word_1_839' title='bbox 1699 2555 1732 2585; x_wconf 89' lang='lat' dir='ltr'>in</span> <span class='ocrx_word' id='word_1_840' title='bbox 1756 2564 1891 2595; x_wconf 90' lang='lat' dir='ltr'>corpore</span> <span class='ocrx_word' id='word_1_841' title='bbox 1920 2555 2062 2584; x_wconf 89' lang='lat' dir='ltr'>humano</span> <span class='ocrx_word' id='word_1_842' title='bbox 2086 2560 2134 2584; x_wconf 87' lang='lat' dir='ltr'>tot</span> <span class='ocrx_word' id='word_1_843' title='bbox 2157 2554 2416 2594; x_wconf 90' lang='lat' dir='ltr'>dispositionibus</span> 
     </span>
     <span class='ocr_line' id='line_1_118' title="bbox 1358 2597 2416 2640; baseline -0.001 -11"><span class='ocrx_word' id='word_1_844' title='bbox 1358 2605 1544 2640; x_wconf 89' lang='lat' dir='ltr'>praeparato</span> <span class='ocrx_word' id='word_1_845' title='bbox 1561 2600 1599 2629; x_wconf 92' lang='lat' dir='ltr'>ab</span> <span class='ocrx_word' id='word_1_846' title='bbox 1616 2604 1727 2638; x_wconf 89' lang='lat' dir='ltr'>agente</span> <span class='ocrx_word' id='word_1_847' title='bbox 1742 2599 1886 2634; x_wconf 90' lang='lat' dir='ltr'>naturali,</span> <span class='ocrx_word' id='word_1_848' title='bbox 1903 2599 2110 2628; x_wconf 89' lang='lat' dir='ltr'>necessitante</span> <span class='ocrx_word' id='word_1_849' title='bbox 2133 2599 2282 2628; x_wconf 90' lang='lat' dir='ltr'>naturalis</span> <span class='ocrx_word' id='word_1_850' title='bbox 2298 2597 2416 2628; x_wconf 90' lang='lat' dir='ltr'>ordinis</span> 
     </span>
     <span class='ocr_line' id='line_1_119' title="bbox 1359 2643 2199 2683; baseline -0.002 -9"><span class='ocrx_word' id='word_1_851' title='bbox 1359 2644 1524 2674; x_wconf 87' lang='lat' dir='ltr'>exactione</span> <span class='ocrx_word' id='word_1_852' title='bbox 1547 2643 1703 2683; x_wconf 90' lang='lat' dir='ltr'>passivam</span> <span class='ocrx_word' id='word_1_853' title='bbox 1727 2643 1920 2672; x_wconf 89' lang='lat' dir='ltr'>creationem</span> <span class='ocrx_word' id='word_1_854' title='bbox 1943 2643 2042 2682; x_wconf 90' lang='lat' dir='ltr'>ipsius</span> <span class='ocrx_word' id='word_1_855' title='bbox 2066 2643 2199 2672; x_wconf 89' lang='lat' dir='ltr'>animae.</span> 
     </span>
    </p>

    <p class='ocr_par' dir='ltr' id='par_1_26' title="bbox 1354 2685 2416 3555">
     <span class='ocr_line' id='line_1_120' title="bbox 1413 2685 2416 2722; baseline -0.002 -5"><span class='ocrx_word' id='word_1_856' title='bbox 1413 2687 1517 2717; x_wconf 91' lang='lat' dir='ltr'>Altius</span> <span class='ocrx_word' id='word_1_857' title='bbox 1532 2693 1639 2717; x_wconf 90' lang='lat' dir='ltr'>tamen</span> <span class='ocrx_word' id='word_1_858' title='bbox 1655 2686 1778 2722; x_wconf 89' lang='lat' dir='ltr'>dicitur,</span> <span class='ocrx_word' id='word_1_859' title='bbox 1803 2686 1980 2716; x_wconf 91' lang='lat' dir='ltr'>secundum</span> <span class='ocrx_word' id='word_1_860' title='bbox 1996 2686 2251 2716; x_wconf 85' lang='lat' dir='ltr'>excellentiorem</span> <span class='ocrx_word' id='word_1_861' title='bbox 2267 2685 2416 2715; x_wconf 88' lang='lat' dir='ltr'>Auctoris</span> 
     </span>
     <span class='ocr_line' id='line_1_121' title="bbox 1359 2729 2415 2770; baseline -0.003 -9"><span class='ocrx_word' id='word_1_862' title='bbox 1359 2731 1536 2761; x_wconf 86' lang='lat' dir='ltr'>doctrinam</span> <span class='ocrx_word' id='word_1_863' title='bbox 1560 2730 1689 2761; x_wconf 88' lang='lat' dir='ltr'>inferius</span> <span class='ocrx_word' id='word_1_864' title='bbox 1712 2731 1746 2760; x_wconf 92' lang='lat' dir='ltr'>in</span> <span class='ocrx_word' id='word_1_865' title='bbox 1770 2739 1823 2770; x_wconf 93' lang='lat' dir='ltr'>qu.</span> <span class='ocrx_word' id='word_1_866' title='bbox 1840 2740 1911 2766; x_wconf 87' lang='lat' dir='ltr'>xm,</span> <span class='ocrx_word' id='word_1_867' title='bbox 1936 2735 1990 2759; x_wconf 89' lang='lat' dir='ltr'>art.</span> <span class='ocrx_word' id='word_1_868' title='bbox 2010 2739 2026 2759; x_wconf 87' lang='lat'><strong>2</strong></span> <span class='ocrx_word' id='word_1_869' title='bbox 2044 2731 2074 2765; x_wconf 41' lang='grc' dir='ltr'>δ’,</span> <span class='ocrx_word' id='word_1_870' title='bbox 2106 2729 2194 2769; x_wconf 93' lang='lat' dir='ltr'>quod</span> <span class='ocrx_word' id='word_1_871' title='bbox 2223 2730 2319 2768; x_wconf 89' lang='lat' dir='ltr'>gratia</span> <span class='ocrx_word' id='word_1_872' title='bbox 2349 2738 2415 2759; x_wconf 90' lang='lat' dir='ltr'>non</span> 
     </span>
     <span class='ocr_line' id='line_1_122' title="bbox 1359 2771 2415 2815; baseline -0.003 -10"><span class='ocrx_word' id='word_1_873' title='bbox 1359 2781 1479 2815; x_wconf 90' lang='lat' dir='ltr'>spectat</span> <span class='ocrx_word' id='word_1_874' title='bbox 1502 2775 1685 2814; x_wconf 89' lang='lat' dir='ltr'>simpliciter</span> <span class='ocrx_word' id='word_1_875' title='bbox 1708 2773 1747 2804; x_wconf 90' lang='lat' dir='ltr'>ad</span> <span class='ocrx_word' id='word_1_876' title='bbox 1769 2783 1870 2813; x_wconf 91' lang='lat' dir='ltr'>genus</span> <span class='ocrx_word' id='word_1_877' title='bbox 1893 2774 2075 2803; x_wconf 90' lang='lat' dir='ltr'>creationis:</span> <span class='ocrx_word' id='word_1_878' title='bbox 2101 2772 2155 2803; x_wconf 90' lang='lat' dir='ltr'>sed</span> <span class='ocrx_word' id='word_1_879' title='bbox 2179 2771 2217 2802; x_wconf 91' lang='lat' dir='ltr'>ad</span> <span class='ocrx_word' id='word_1_880' title='bbox 2240 2782 2340 2812; x_wconf 88' lang='lat' dir='ltr'>genus</span> <span class='ocrx_word' id='word_1_881' title='bbox 2356 2773 2415 2802; x_wconf 92' lang='lat' dir='ltr'>im-</span> 
     </span>
     <span class='ocr_line' id='line_1_123' title="bbox 1358 2815 2413 2853; baseline -0.003 -4"><span class='ocrx_word' id='word_1_882' title='bbox 1358 2819 1542 2849; x_wconf 89' lang='lat' dir='ltr'>mutationis</span> <span class='ocrx_word' id='word_1_883' title='bbox 1567 2823 1790 2853; x_wconf 86' lang='lat' dir='ltr'>creaturarum‚</span> <span class='ocrx_word' id='word_1_884' title='bbox 1814 2827 1881 2847; x_wconf 90' lang='lat' dir='ltr'>non</span> <span class='ocrx_word' id='word_1_885' title='bbox 1905 2816 2081 2847; x_wconf 90' lang='lat' dir='ltr'>secundum</span> <span class='ocrx_word' id='word_1_886' title='bbox 2105 2822 2234 2846; x_wconf 89' lang='lat' dir='ltr'>naturae</span> <span class='ocrx_word' id='word_1_887' title='bbox 2258 2815 2413 2852; x_wconf 89' lang='lat' dir='ltr'>ordinem,</span> 
     </span>
     <span class='ocr_line' id='line_1_124' title="bbox 1358 2859 2415 2900; baseline -0.003 -7"><span class='ocrx_word' id='word_1_888' title='bbox 1358 2863 1413 2893; x_wconf 88' lang='lat' dir='ltr'>sed</span> <span class='ocrx_word' id='word_1_889' title='bbox 1436 2862 1613 2893; x_wconf 89' lang='lat' dir='ltr'>secundum</span> <span class='ocrx_word' id='word_1_890' title='bbox 1634 2861 1779 2891; x_wconf 91' lang='lat' dir='ltr'>ordinem</span> <span class='ocrx_word' id='word_1_891' title='bbox 1794 2861 1918 2900; x_wconf 86' lang='lat' dir='ltr'>gratiae.</span> <span class='ocrx_word' id='word_1_892' title='bbox 1944 2860 2042 2897; x_wconf 90' lang='lat' dir='ltr'>Quod</span> <span class='ocrx_word' id='word_1_893' title='bbox 2058 2859 2248 2890; x_wconf 88' lang='lat' dir='ltr'>sufficienter</span> <span class='ocrx_word' id='word_1_894' title='bbox 2263 2860 2415 2899; x_wconf 89' lang='lat' dir='ltr'>probatur</span> 
     </span>
     <span class='ocr_line' id='line_1_125' title="bbox 1359 2904 2414 2946; baseline -0.003 -9"><span class='ocrx_word' id='word_1_895' title='bbox 1359 2916 1396 2937; x_wconf 84' lang='lat' dir='ltr'>ex</span> <span class='ocrx_word' id='word_1_896' title='bbox 1419 2907 1483 2936; x_wconf 95' lang='lat' dir='ltr'>hoc</span> <span class='ocrx_word' id='word_1_897' title='bbox 1507 2905 1595 2946; x_wconf 92' lang='lat' dir='ltr'>quod</span> <span class='ocrx_word' id='word_1_898' title='bbox 1619 2906 1724 2935; x_wconf 88' lang='lat' dir='ltr'>Deum</span> <span class='ocrx_word' id='word_1_899' title='bbox 1747 2914 1814 2934; x_wconf 91' lang='lat' dir='ltr'>non</span> <span class='ocrx_word' id='word_1_900' title='bbox 1837 2913 2022 2934; x_wconf 90' lang='lat' dir='ltr'>conservare</span> <span class='ocrx_word' id='word_1_901' title='bbox 2045 2904 2176 2943; x_wconf 87' lang='lat' dir='ltr'>gratiam</span> <span class='ocrx_word' id='word_1_902' title='bbox 2198 2913 2266 2933; x_wconf 92' lang='lat' dir='ltr'>non</span> <span class='ocrx_word' id='word_1_903' title='bbox 2290 2909 2336 2934; x_wconf 92' lang='lat' dir='ltr'>est</span> <span class='ocrx_word' id='word_1_904' title='bbox 2359 2914 2414 2934; x_wconf 90' lang='lat' dir='ltr'>an-</span> 
     </span>
     <span class='ocr_line' id='line_1_126' title="bbox 1358 2947 2414 2988; baseline -0.002 -8"><span class='ocrx_word' id='word_1_905' title='bbox 1358 2951 1508 2986; x_wconf 89' lang='lat' dir='ltr'>nihilare,</span> <span class='ocrx_word' id='word_1_906' title='bbox 1533 2955 1564 2979; x_wconf 90' lang='lat' dir='ltr'>et</span> <span class='ocrx_word' id='word_1_907' title='bbox 1586 2950 1687 2988; x_wconf 89' lang='lat' dir='ltr'>ipsam</span> <span class='ocrx_word' id='word_1_908' title='bbox 1711 2948 1852 2978; x_wconf 90' lang='lat' dir='ltr'>desinere</span> <span class='ocrx_word' id='word_1_909' title='bbox 1876 2957 1942 2977; x_wconf 90' lang='lat' dir='ltr'>esse</span> <span class='ocrx_word' id='word_1_910' title='bbox 1966 2956 2032 2977; x_wconf 92' lang='lat' dir='ltr'>non</span> <span class='ocrx_word' id='word_1_911' title='bbox 2056 2952 2102 2977; x_wconf 91' lang='lat' dir='ltr'>est</span> <span class='ocrx_word' id='word_1_912' title='bbox 2124 2947 2305 2977; x_wconf 86' lang='lat' dir='ltr'>annihilari:</span> <span class='ocrx_word' id='word_1_913' title='bbox 2339 2957 2414 2978; x_wconf 89' lang='lat' dir='ltr'>cum</span> 
     </span>
     <span class='ocr_line' id='line_1_127' title="bbox 1358 2991 2412 3032; baseline -0.002 -8"><span class='ocrx_word' id='word_1_914' title='bbox 1358 2995 1445 3024; x_wconf 91' lang='lat' dir='ltr'>Deus</span> <span class='ocrx_word' id='word_1_915' title='bbox 1468 2994 1546 3023; x_wconf 88' lang='lat' dir='ltr'>nihil</span> <span class='ocrx_word' id='word_1_916' title='bbox 1569 3001 1711 3032; x_wconf 91' lang='lat' dir='ltr'>unquam</span> <span class='ocrx_word' id='word_1_917' title='bbox 1735 2991 1902 3026; x_wconf 87' lang='lat' dir='ltr'>annihilet,</span> <span class='ocrx_word' id='word_1_918' title='bbox 1934 2991 2078 3030; x_wconf 90' lang='lat' dir='ltr'>quamvis</span> <span class='ocrx_word' id='word_1_919' title='bbox 2101 2991 2272 3020; x_wconf 87' lang='lat' dir='ltr'>annihilare</span> <span class='ocrx_word' id='word_1_920' title='bbox 2303 2992 2412 3030; x_wconf 90' lang='lat' dir='ltr'>possit.</span> 
     </span>
     <span class='ocr_line' id='line_1_128' title="bbox 1358 3034 2413 3075; baseline -0.003 -7"><span class='ocrx_word' id='word_1_921' title='bbox 1358 3038 1405 3068; x_wconf 84' lang='lat' dir='ltr'>Ex</span> <span class='ocrx_word' id='word_1_922' title='bbox 1427 3038 1490 3067; x_wconf 93' lang='lat' dir='ltr'>hoc</span> <span class='ocrx_word' id='word_1_923' title='bbox 1515 3037 1599 3066; x_wconf 89' lang='lat' dir='ltr'>enirn</span> <span class='ocrx_word' id='word_1_924' title='bbox 1623 3035 1712 3075; x_wconf 94' lang='lat' dir='ltr'>quod</span> <span class='ocrx_word' id='word_1_925' title='bbox 1735 3035 1886 3064; x_wconf 86' lang='lat' dir='ltr'>creationi</span> <span class='ocrx_word' id='word_1_926' title='bbox 1909 3040 1940 3064; x_wconf 89' lang='lat' dir='ltr'>et</span> <span class='ocrx_word' id='word_1_927' title='bbox 1963 3035 2195 3064; x_wconf 91' lang='lat' dir='ltr'>conservationi</span> <span class='ocrx_word' id='word_1_928' title='bbox 2219 3034 2342 3064; x_wconf 90' lang='lat' dir='ltr'>divinae</span> <span class='ocrx_word' id='word_1_929' title='bbox 2365 3044 2413 3065; x_wconf 90' lang='lat' dir='ltr'>re-</span> 
     </span>
     <span class='ocr_line' id='line_1_129' title="bbox 1357 3077 2412 3120; baseline -0.002 -9"><span class='ocrx_word' id='word_1_930' title='bbox 1357 3081 1493 3120; x_wconf 88' lang='lat' dir='ltr'>spondet</span> <span class='ocrx_word' id='word_1_931' title='bbox 1515 3079 1709 3114; x_wconf 88' lang='lat' dir='ltr'>annihilatio,</span> <span class='ocrx_word' id='word_1_932' title='bbox 1733 3077 1898 3108; x_wconf 84' lang='lat' dir='ltr'>manifeste</span> <span class='ocrx_word' id='word_1_933' title='bbox 1921 3079 2063 3117; x_wconf 90' lang='lat' dir='ltr'>sequitur</span> <span class='ocrx_word' id='word_1_934' title='bbox 2087 3077 2184 3118; x_wconf 83' lang='lat' dir='ltr'>quod,</span> <span class='ocrx_word' id='word_1_935' title='bbox 2209 3079 2234 3108; x_wconf 92' lang='lat' dir='ltr'>si</span> <span class='ocrx_word' id='word_1_936' title='bbox 2250 3079 2412 3118; x_wconf 89' lang='lat' dir='ltr'>corruptio</span> 
     </span>
     <span class='ocr_line' id='line_1_130' title="bbox 1357 3121 2414 3162; baseline -0.003 -7"><span class='ocrx_word' id='word_1_937' title='bbox 1357 3134 1413 3155; x_wconf 87' lang='lat' dir='ltr'>seu</span> <span class='ocrx_word' id='word_1_938' title='bbox 1437 3123 1548 3154; x_wconf 88' lang='lat' dir='ltr'>desitio</span> <span class='ocrx_word' id='word_1_939' title='bbox 1565 3123 1697 3153; x_wconf 92' lang='lat' dir='ltr'>alicuius</span> <span class='ocrx_word' id='word_1_940' title='bbox 1720 3131 1787 3152; x_wconf 91' lang='lat' dir='ltr'>non</span> <span class='ocrx_word' id='word_1_941' title='bbox 1804 3127 1849 3152; x_wconf 93' lang='lat' dir='ltr'>est</span> <span class='ocrx_word' id='word_1_942' title='bbox 1868 3122 2063 3157; x_wconf 84' lang='lat' dir='ltr'>annihilatio,</span> <span class='ocrx_word' id='word_1_943' title='bbox 2088 3121 2257 3161; x_wconf 88' lang='lat' dir='ltr'>productio</span> <span class='ocrx_word' id='word_1_944' title='bbox 2281 3131 2414 3162; x_wconf 89' lang='lat' dir='ltr'>quoque</span> 
     </span>
     <span class='ocr_line' id='line_1_131' title="bbox 1357 3165 2413 3205; baseline -0.002 -7"><span class='ocrx_word' id='word_1_945' title='bbox 1357 3167 1499 3198; x_wconf 84' lang='lat' dir='ltr'>eiusdem</span> <span class='ocrx_word' id='word_1_946' title='bbox 1523 3166 1679 3197; x_wconf 89' lang='lat' dir='ltr'>ordinaria</span> <span class='ocrx_word' id='word_1_947' title='bbox 1701 3175 1768 3195; x_wconf 91' lang='lat' dir='ltr'>non</span> <span class='ocrx_word' id='word_1_948' title='bbox 1793 3171 1838 3195; x_wconf 91' lang='lat' dir='ltr'>est</span> <span class='ocrx_word' id='word_1_949' title='bbox 1862 3166 1989 3196; x_wconf 88' lang='lat' dir='ltr'>creatio.</span> <span class='ocrx_word' id='word_1_950' title='bbox 2014 3165 2099 3203; x_wconf 90' lang='lat' dir='ltr'>Quia</span> <span class='ocrx_word' id='word_1_951' title='bbox 2122 3166 2216 3205; x_wconf 88' lang='lat' dir='ltr'>igitur</span> <span class='ocrx_word' id='word_1_952' title='bbox 2234 3167 2349 3205; x_wconf 87' lang='lat' dir='ltr'>gratiae</span> <span class='ocrx_word' id='word_1_953' title='bbox 2366 3167 2413 3196; x_wconf 93' lang='lat' dir='ltr'>in-</span> 
     </span>
     <span class='ocr_line' id='line_1_132' title="bbox 1356 3209 2413 3249; baseline -0.003 -7"><span class='ocrx_word' id='word_1_954' title='bbox 1356 3212 1439 3242; x_wconf 89' lang='lat' dir='ltr'>fusio</span> <span class='ocrx_word' id='word_1_955' title='bbox 1470 3220 1538 3241; x_wconf 93' lang='lat' dir='ltr'>non</span> <span class='ocrx_word' id='word_1_956' title='bbox 1561 3210 1744 3249; x_wconf 85' lang='lat' dir='ltr'>simpliciter</span> <span class='ocrx_word' id='word_1_957' title='bbox 1775 3210 1891 3239; x_wconf 90' lang='lat' dir='ltr'>creatio</span> <span class='ocrx_word' id='word_1_958' title='bbox 1916 3215 1978 3245; x_wconf 93' lang='lat' dir='ltr'>est,</span> <span class='ocrx_word' id='word_1_959' title='bbox 2009 3209 2064 3239; x_wconf 87' lang='lat' dir='ltr'>sed</span> <span class='ocrx_word' id='word_1_960' title='bbox 2093 3210 2228 3239; x_wconf 90' lang='lat' dir='ltr'>mutatio</span> <span class='ocrx_word' id='word_1_961' title='bbox 2257 3209 2413 3249; x_wconf 90' lang='lat' dir='ltr'>quaedam</span> 
     </span>
     <span class='ocr_line' id='line_1_133' title="bbox 1356 3253 2413 3293; baseline -0.002 -8"><span class='ocrx_word' id='word_1_962' title='bbox 1356 3256 1479 3285; x_wconf 90' lang='lat' dir='ltr'>animae</span> <span class='ocrx_word' id='word_1_963' title='bbox 1509 3255 1542 3284; x_wconf 92' lang='lat' dir='ltr'>in</span> <span class='ocrx_word' id='word_1_964' title='bbox 1566 3253 1677 3284; x_wconf 89' lang='lat' dir='ltr'>ordine</span> <span class='ocrx_word' id='word_1_965' title='bbox 1707 3253 1916 3293; x_wconf 87' lang='lat' dir='ltr'>gratuitorum</span> <span class='ocrx_word' id='word_1_966' title='bbox 1946 3253 1985 3283; x_wconf 87' lang='lat' dir='ltr'>ad</span> <span class='ocrx_word' id='word_1_967' title='bbox 2011 3253 2178 3283; x_wconf 87' lang='lat' dir='ltr'>caelestem</span> <span class='ocrx_word' id='word_1_968' title='bbox 2202 3255 2350 3292; x_wconf 90' lang='lat' dir='ltr'>patriam;</span> <span class='ocrx_word' id='word_1_969' title='bbox 2382 3259 2413 3283; x_wconf 92' lang='lat' dir='ltr'>et</span> 
     </span>
     <span class='ocr_line' id='line_1_134' title="bbox 1356 3296 2412 3329; baseline -0.003 0"><span class='ocrx_word' id='word_1_970' title='bbox 1356 3299 1395 3329; x_wconf 89' lang='lat' dir='ltr'>ad</span> <span class='ocrx_word' id='word_1_971' title='bbox 1418 3297 1601 3328; x_wconf 89' lang='lat' dir='ltr'>huiusmodi</span> <span class='ocrx_word' id='word_1_972' title='bbox 1625 3298 1817 3327; x_wconf 86' lang='lat' dir='ltr'>mutationes</span> <span class='ocrx_word' id='word_1_973' title='bbox 1841 3297 1980 3327; x_wconf 88' lang='lat' dir='ltr'>extendit</span> <span class='ocrx_word' id='word_1_974' title='bbox 1998 3307 2030 3327; x_wconf 91' lang='lat' dir='ltr'>se</span> <span class='ocrx_word' id='word_1_975' title='bbox 2054 3298 2159 3327; x_wconf 88' lang='lat' dir='ltr'>anima</span> <span class='ocrx_word' id='word_1_976' title='bbox 2175 3296 2290 3327; x_wconf 91' lang='lat' dir='ltr'>Christi</span> <span class='ocrx_word' id='word_1_977' title='bbox 2314 3302 2349 3327; x_wconf 93' lang='lat' dir='ltr'>ut</span> <span class='ocrx_word' id='word_1_978' title='bbox 2364 3297 2412 3327; x_wconf 89' lang='lat' dir='ltr'>in-</span> 
     </span>
     <span class='ocr_line' id='line_1_135' title="bbox 1355 3340 2413 3380; baseline -0.002 -8"><span class='ocrx_word' id='word_1_979' title='bbox 1355 3347 1566 3372; x_wconf 89' lang='lat' dir='ltr'>strumentum</span> <span class='ocrx_word' id='word_1_980' title='bbox 1597 3342 1805 3372; x_wconf 91' lang='lat' dir='ltr'>coniunctum</span> <span class='ocrx_word' id='word_1_981' title='bbox 1834 3341 1946 3371; x_wconf 90' lang='lat' dir='ltr'>Verbi:</span> <span class='ocrx_word' id='word_1_982' title='bbox 1982 3350 2049 3371; x_wconf 91' lang='lat' dir='ltr'>non</span> <span class='ocrx_word' id='word_1_983' title='bbox 2079 3340 2202 3371; x_wconf 86' lang='lat' dir='ltr'>videtur</span> <span class='ocrx_word' id='word_1_984' title='bbox 2230 3340 2413 3380; x_wconf 88' lang='lat' dir='ltr'>negandum</span> 
     </span>
     <span class='ocr_line' id='line_1_136' title="bbox 1354 3385 2412 3425; baseline -0.002 -9"><span class='ocrx_word' id='word_1_985' title='bbox 1354 3386 1486 3425; x_wconf 89' lang='lat' dir='ltr'>gratiam</span> <span class='ocrx_word' id='word_1_986' title='bbox 1519 3385 1628 3425; x_wconf 88' lang='lat' dir='ltr'>attingi</span> <span class='ocrx_word' id='word_1_987' title='bbox 1662 3385 1940 3415; x_wconf 89' lang='lat' dir='ltr'>instrumentaliter</span> <span class='ocrx_word' id='word_1_988' title='bbox 1978 3385 2016 3414; x_wconf 90' lang='lat' dir='ltr'>ab</span> <span class='ocrx_word' id='word_1_989' title='bbox 2051 3385 2175 3414; x_wconf 92' lang='lat' dir='ltr'>actione</span> <span class='ocrx_word' id='word_1_990' title='bbox 2209 3385 2412 3414; x_wconf 89' lang='lat' dir='ltr'>humanitatis</span> 
     </span>
     <span class='ocr_line' id='line_1_137' title="bbox 1356 3428 2412 3468; baseline -0.001 -9"><span class='ocrx_word' id='word_1_991' title='bbox 1356 3429 1488 3466; x_wconf 89' lang='lat' dir='ltr'>Christi;</span> <span class='ocrx_word' id='word_1_992' title='bbox 1513 3428 1569 3460; x_wconf 91' lang='lat' dir='ltr'>sed</span> <span class='ocrx_word' id='word_1_993' title='bbox 1591 3428 1763 3459; x_wconf 89' lang='lat' dir='ltr'>dicendum</span> <span class='ocrx_word' id='word_1_994' title='bbox 1786 3428 1875 3468; x_wconf 91' lang='lat' dir='ltr'>quod</span> <span class='ocrx_word' id='word_1_995' title='bbox 1898 3428 2028 3458; x_wconf 87' lang='lat' dir='ltr'>effectus</span> <span class='ocrx_word' id='word_1_996' title='bbox 2043 3429 2101 3458; x_wconf 89' lang='lat' dir='ltr'>iste</span> <span class='ocrx_word' id='word_1_997' title='bbox 2125 3428 2181 3467; x_wconf 92' lang='lat' dir='ltr'>qui</span> <span class='ocrx_word' id='word_1_998' title='bbox 2204 3434 2250 3458; x_wconf 83' lang='lat' dir='ltr'>est</span> <span class='ocrx_word' id='word_1_999' title='bbox 2273 3428 2412 3458; x_wconf 89' lang='lat' dir='ltr'>animam</span> 
     </span>
     <span class='ocr_line' id='line_1_138' title="bbox 1354 3471 2410 3513; baseline -0.002 -10"><span class='ocrx_word' id='word_1_1000' title='bbox 1354 3472 1528 3513; x_wconf 89' lang='lat' dir='ltr'>gratificari,</span> <span class='ocrx_word' id='word_1_1001' title='bbox 1546 3483 1583 3503; x_wconf 88' lang='lat' dir='ltr'>ex</span> <span class='ocrx_word' id='word_1_1002' title='bbox 1595 3473 1647 3503; x_wconf 88' lang='lat' dir='ltr'>illa</span> <span class='ocrx_word' id='word_1_1003' title='bbox 1662 3478 1749 3513; x_wconf 90' lang='lat' dir='ltr'>parte</span> <span class='ocrx_word' id='word_1_1004' title='bbox 1766 3482 1829 3512; x_wconf 90' lang='lat' dir='ltr'>qua</span> <span class='ocrx_word' id='word_1_1005' title='bbox 1844 3473 2010 3502; x_wconf 88' lang='lat' dir='ltr'>intervenit</span> <span class='ocrx_word' id='word_1_1006' title='bbox 2026 3471 2266 3512; x_wconf 89' lang='lat' dir='ltr'>quodammodo</span> <span class='ocrx_word' id='word_1_1007' title='bbox 2283 3472 2410 3507; x_wconf 88' lang='lat' dir='ltr'>creatio,</span> 
     </span>
     <span class='ocr_line' id='line_1_139' title="bbox 1355 3516 2412 3555; baseline -0.003 -7"><span class='ocrx_word' id='word_1_1008' title='bbox 1355 3523 1401 3547; x_wconf 93' lang='lat' dir='ltr'>est</span> <span class='ocrx_word' id='word_1_1009' title='bbox 1431 3517 1613 3548; x_wconf 88' lang='lat' dir='ltr'>immediate</span> <span class='ocrx_word' id='word_1_1010' title='bbox 1643 3527 1661 3547; x_wconf 88' lang='lat' dir='ltr'>a</span> <span class='ocrx_word' id='word_1_1011' title='bbox 1691 3517 1779 3553; x_wconf 85' lang='lat' dir='ltr'>Deo;</span> <span class='ocrx_word' id='word_1_1012' title='bbox 1812 3516 1867 3546; x_wconf 90' lang='lat' dir='ltr'>sed</span> <span class='ocrx_word' id='word_1_1013' title='bbox 1897 3526 1934 3546; x_wconf 88' lang='lat' dir='ltr'>ex</span> <span class='ocrx_word' id='word_1_1014' title='bbox 1957 3516 2009 3546; x_wconf 92' lang='lat' dir='ltr'>illa</span> <span class='ocrx_word' id='word_1_1015' title='bbox 2032 3521 2119 3555; x_wconf 89' lang='lat' dir='ltr'>parte</span> <span class='ocrx_word' id='word_1_1016' title='bbox 2151 3525 2214 3555; x_wconf 92' lang='lat' dir='ltr'>qua</span> <span class='ocrx_word' id='word_1_1017' title='bbox 2244 3516 2412 3546; x_wconf 84' lang='lat' dir='ltr'>intervenit</span> 
     </span>
    </p>
   </div>
   <div class='ocr_carea' id='block_1_19' title="bbox 2449 1992 2659 2020">
    <p class='ocr_par' dir='ltr' id='par_1_27' title="bbox 2449 1992 2659 2020">
     <span class='ocr_line' id='line_1_140' title="bbox 2449 1992 2659 2020; baseline 0.005 -7"><span class='ocrx_word' id='word_1_1018' title='bbox 2449 1992 2460 2003; x_wconf 78' lang='lat'>⁸</span> <span class='ocrx_word' id='word_1_1019' title='bbox 2471 1992 2517 2019; x_wconf 91' lang='lat' dir='ltr'>Qu.</span> <span class='ocrx_word' id='word_1_1020' title='bbox 2526 1998 2577 2019; x_wconf 68' lang='lat' dir='ltr'>xxx,</span> <span class='ocrx_word' id='word_1_1021' title='bbox 2587 1995 2628 2014; x_wconf 81' lang='lat' dir='ltr'>art.</span> <span class='ocrx_word' id='word_1_1022' title='bbox 2639 1998 2659 2020; x_wconf 86' lang='grc'>5.</span> 
     </span>
    </p>
   </div>
   <div class='ocr_carea' id='block_1_20' title="bbox 2443 2734 2652 2782">
    <p class='ocr_par' dir='ltr' id='par_1_28' title="bbox 2443 2734 2652 2782">
     <span class='ocr_line' id='line_1_141' title="bbox 2443 2734 2652 2756; baseline 0.005 -1"><span class='ocrx_word' id='word_1_1023' title='bbox 2443 2735 2453 2744; x_wconf 76' lang='lat'>⁸</span> <span class='ocrx_word' id='word_1_1024' title='bbox 2468 2734 2503 2755; x_wconf 78' lang='lat' dir='ltr'>Cf.</span> <span class='ocrx_word' id='word_1_1025' title='bbox 2514 2734 2570 2756; x_wconf 89' lang='lat' dir='ltr'>ibid.</span> <span class='ocrx_word' id='word_1_1026' title='bbox 2580 2734 2652 2756; x_wconf 90' lang='lat' dir='ltr'>Com-</span> 
     </span>
     <span class='ocr_line' id='line_1_142' title="bbox 2443 2764 2514 2782; baseline 0.014 -1"><span class='ocrx_word' id='word_1_1027' title='bbox 2443 2764 2514 2782; x_wconf 83' lang='lat' dir='ltr'>ment.</span> 
     </span>
    </p>
   </div>
  </div>
 </body>
</html>
