2872 3970
105 1202 118 1211 ³
129 1199 179 1222 Lib.
188 1199 219 1225 V,
229 1204 279 1226 cap.
289 1205 320 1220 xi.

206 1257 223 1273 α

110 1415 123 1427 ⁸
134 1415 157 1437 1·
167 1414 221 1442 11²⁸,
231 1416 320 1442 quaest.

109 1447 228 1483 numu,—
236 1444 281 1489 ιᾶ
300 1446 322 1487 ᾗ

109 1473 322 1520 ἕειῖίξᾶἱιωιιιιι,

111 1527 150 1548 qu.
165 1526 190 1547 u,
204 1523 246 1541 ιη.
263 1526 282 1541 ¹.

111 1787 123 1797 ⁸
136 1785 243 1827 Num.r6.

212 1818 226 1846 ρ

115 1992 125 2002 '⁴
138 1990 207 2012 Vers.
221 1996 258 2012 20.

115 2097 124 2107 ⁸
140 2096 218 2119 elon.
234 2096 292 2119 Ord.
302 2097 325 2118 in

115 2123 180 2145 loan.
188 2129 238 2151 cap.
245 2129 260 2151 i,
266 2129 326 2145 vers.

122 2728 133 2739 ’
147 2726 214 2749 Vei-s.
232 2732 266 2754 ¹9·

221 2889 235 2914 δ

124 2939 136 2951 ”
149 2939 217 2961 Vers.
234 2944 265 2967 ¹5,
282 2938 316 2960 ¹6.

1037 240 1300 286 QUAESTIO
1329 241 1361 286 1,
1391 239 1682 278 ARTICULUS
1710 240 1759 276 IV

2467 248 2509 284 l7

1061 400 1273 443 ARTICU
1281 400 1378 443 LUS
1416 400 1689 451 QUARTUS

417 503 574 534 UTRUM
598 502 710 533 DEUS
733 502 1028 534 PRINCIPALIUS
1051 502 1330 533 INCARNATUS
1353 502 1512 533 FUERIT
1537 502 1579 532 IN
1602 502 1834 532 REMEDIUM
1857 501 2116 532 ACTUALIUM
2139 500 2439 531 PECCATORUM

961 546 1089 584 QUAM
1114 547 1156 576 IN
1179 547 1413 577 REMEDIUM
1442 546 1688 577 ORIGINALIS
1711 546 1900 576 PECCATI

643 634 674 659 Ill
695 635 778 663 Sent„
799 626 893 663 disan,
913 641 956 666 qu.
975 641 994 663 ι,
1012 639 1058 659 art.
1080 642 1103 665 2,
1122 635 1154 659 ad
1174 633 1203 664 63
1224 634 1265 658 De
1283 634 1412 659 Articulis
1431 634 1524 662 XLII,
1544 638 1590 659 art.
1610 641 1702 664 xxvm3
1723 633 1764 658 De
1782 633 1911 658 Articulis
1929 633 2065 662 XXXVI,
2085 637 2132 657 art.
2151 639 2221 657 xxxix.

375 735 441 776 μή]
479 743 531 786 24(
554 735 576 759 D
597 734 769 764 QUARTUM
788 734 840 759 sm
860 734 1096 760 PROCEDITUR.
1119 722 1279 759 Videtur
1299 722 1405 770 quod

454 764 526 832 (ἑῇ,
554 775 661 812 Deus
695 774 941 824 principalius
976 774 1193 812 incarnatus
1225 775 1335 820 fuerit
1367 774 1407 811 in

362 820 409 873 'JV
422 841 481 871 ’ς’
503 829 524 865 '6
554 827 771 864 remedium
791 827 997 864 actualium
1021 835 1268 876 peccatorum
1287 839 1407 876 quam

400 854 497 907 ᾆξ’»
512 870 594 916 Xin
614 879 830 917 remedium
850 880 1040 928 originalis
1065 880 1220 929 peccati.
1251 881 1407 926 Quanto

344 932 448 969 enim
467 940 669 980 peccatum
690 940 744 969 est
762 932 925 980 gravius,
946 941 1050 970 tanto
1070 932 1190 980 magis
1214 934 1408 969 humanae

343 984 454 1022 saluti
482 985 716 1031 adversatur,
745 993 902 1035 propter
929 998 1048 1035 quam
1076 986 1182 1022 Deus
1211 993 1266 1022 est
1289 985 1409 1022 incar-

344 1046 467 1075 natus.
505 1038 582 1075 Sed
609 1046 811 1087 peccatum
846 1040 992 1076 actuale
1021 1046 1076 1077 est
1103 1038 1256 1086 gravius
1291 1050 1411 1087 quam

345 1090 526 1138 originale
550 1098 770 1140 peccatum:
800 1091 963 1128 minima
982 1091 1086 1127 enim
1105 1103 1232 1140 poena
1251 1091 1413 1128 debetur

345 1143 517 1191 originali
545 1151 714 1192 peccato,
735 1152 777 1180 ut
801 1144 1037 1191 Augustinus
1056 1143 1155 1190 dicit,
1180 1145 1322 1181 Contra
1351 1146 1411 1180 Iu-

345 1197 488 1233 lianum
516 1196 546 1232 ²⁸.
591 1197 692 1244 Ergo
734 1196 980 1245 principalius
1021 1196 1229 1233 incarnatio
1273 1196 1413 1233 Christi

346 1248 545 1286 ordinatur
562 1249 611 1285 ad
631 1249 862 1286 deletionem
885 1248 1091 1286 actualium
1119 1257 1366 1298 peccatorum
1383 1254 1411 1285 α.

401 1312 436 1337 2.
466 1298 703 1347 PRAETEREA',
736 1308 894 1350 peccato
930 1300 1102 1348 originali
1137 1313 1217 1338 non
1253 1302 1414 1338 debetur

346 1365 474 1402 poena
509 1366 661 1400 sensus,
691 1354 759 1390 sed
793 1355 923 1391 solum
956 1366 1086 1402 poena
1119 1354 1269 1399 damni,
1299 1362 1342 1391 ut
1374 1354 1413 1391 in

347 1407 529 1443 Secundo
548 1406 568 1428 ’¹‘
596 1406 772 1443 habitum
801 1413 874 1442 est:
903 1406 979 1443 Sed
1009 1406 1182 1443 Christus
1210 1407 1314 1443 venit
1342 1419 1413 1456 pro

347 1458 599 1496 satisfactione
632 1466 881 1508 peccatorum
908 1470 1079 1508 poenam
1107 1471 1241 1496 sensus
1269 1459 1347 1509 pati
1374 1459 1414 1496 in

348 1522 472 1555 cruce,
501 1523 581 1548 non
608 1519 739 1548 autem
766 1523 936 1560 poenam
963 1511 1113 1548 damni:
1144 1512 1236 1561 quia
1262 1513 1414 1549 nullum

349 1563 541 1602 defectum
576 1563 710 1601 habuit
743 1564 896 1601 divinae
924 1563 1081 1601 visionis
1115 1572 1179 1602 aut
1213 1565 1412 1602 fruitionis.

350 1617 452 1664 Ergo
489 1617 736 1666 principalius
773 1617 878 1654 venit
914 1617 962 1654 ad
999 1617 1233 1654 deletionem
1269 1618 1415 1667 peccati

351 1669 506 1706 actualis
535 1682 654 1718 quam
682 1669 884 1716 originalis.

406 1722 440 1758 3.
470 1723 702 1765 Pastinum,
723 1722 820 1759 sicut
835 1722 1137 1772 Chrysostomus
1155 1722 1254 1769 dicit,
1272 1723 1311 1760 in
1326 1725 1355 1760 ΙΙ
1371 1724 1416 1760 de

354 1775 648 1824 Compunctione
659 1775 791 1812 Cordis
797 1774 827 1821 ³¹⁵,
838 1776 898 1812 hic
912 1781 963 1812 est
976 1771 1130 1824 affeetus
1141 1774 1155 1804 β
1168 1777 1269 1812 serm·
1274 1776 1414 1824 fidelis,

351 1832 389 1863 ut
407 1828 587 1875 beneficia
613 1827 757 1864 domini
771 1829 831 1863 sui
854 1840 949 1876 quae
971 1824 1218 1864 communiter
1245 1830 1417 1865 omnibus

350 1879 438 1917 data
465 1885 562 1926 sunt,
591 1881 698 1928 quasi
721 1881 792 1916 sibi
816 1880 888 1916 soli
914 1882 1093 1929 praestita
1122 1886 1284 1929 reputet:
1312 1883 1419 1930 quasi

351 1933 450 1968 enim
488 1932 533 1968 de
563 1944 602 1968 se
632 1932 711 1968 solo
748 1933 900 1981 loquens
935 1932 1075 1970 Paulus
1111 1935 1161 1970 ita
1197 1935 1340 1980 scribit,
1369 1935 1420 1970 ad

355 1984 475 2022 Galat.
497 1996 518 2021 11
536 1984 573 2021 *ι
602 1985 744 2021 Dilexit
770 1997 841 2031 me,
862 1991 895 2021 et
913 1986 1062 2022 tradidit
1087 1987 1320 2035 semetipsum
1343 1999 1418 2035 pro

352 2049 423 2074 me.
461 2037 539 2074 Sed
572 2037 728 2087 propria
763 2045 917 2086 peccata
951 2046 1080 2075 nostra
1115 2046 1204 2076 sunt
1237 2039 1417 2076 actualia:

353 2089 534 2137 originale
570 2089 675 2127 enim
709 2098 765 2126 est
799 2090 998 2128 commune
1026 2098 1222 2141 peccatum
1242 2092 1273 2128 ³¹⁸.
1317 2093 1420 2140 Ergo

354 2143 460 2180 hunc
487 2142 670 2180 affectum
698 2142 886 2180 debemus
919 2144 1073 2191 habere,
1102 2152 1145 2181 ut
1172 2144 1422 2181 aestimemus

354 2207 446 2232 eum
460 2194 717 2244 principaliter
734 2203 892 2245 propter
909 2197 1071 2234 actualia
1088 2205 1244 2246 peccata
1258 2197 1420 2234 venisse.

410 2248 484 2284 SED
513 2259 658 2284 CONTRA
690 2260 756 2285 EST
791 2249 898 2297 quod
932 2249 1106 2286 Ioan.1*
1133 2250 1287 2287 dicitur:
1324 2252 1423 2287 Ecce

354 2301 490 2350 Agnus
517 2301 599 2346 Dei,
629 2313 714 2337 ecce
741 2304 805 2350 qui
829 2302 920 2338 tollit
941 2308 1097 2352 peccata
1117 2307 1132 2331 Υ
1159 2304 1300 2340 mundi.

408 2354 634 2390 RESPONDEO
654 2365 836 2391 DICENDUM
856 2355 963 2403 quod
982 2363 1131 2392 certum
1150 2363 1206 2392 est
1226 2356 1423 2394 Christum

355 2405 508 2443 venisse
533 2406 574 2442 in
597 2407 703 2443 hunc
730 2407 926 2444 mundum
953 2420 1034 2444 non
1061 2410 1190 2445 solum
1217 2409 1267 2445 ad
1295 2410 1424 2446 delen-

357 2458 454 2495 dum
481 2458 575 2496 illud
603 2466 806 2508 peccatum
841 2460 949 2509 quod
983 2461 1202 2498 traductum
1230 2469 1286 2498 est
1313 2462 1424 2510 origi-

357 2510 492 2548 naliter
533 2511 573 2548 in
608 2519 801 2560 posteros,
837 2513 904 2549 sed
946 2513 1061 2550 etiam
1102 2514 1151 2551 ad
1192 2514 1424 2552 deletionem

359 2563 538 2600 omnium
566 2572 814 2612 peccatorum
841 2577 941 2614 quae
961 2567 1214 2615 postmodum
1243 2569 1426 2616 superad-

360 2615 438 2653 dita
461 2623 570 2652 sunt:
597 2628 678 2653 non
706 2618 813 2666 quod
841 2618 974 2655 omnia
1001 2619 1200 2656 deleantur
1228 2621 1350 2669 (quod
1371 2629 1427 2657 est

359 2675 517 2718 propter
557 2669 748 2706 desectum
789 2671 1015 2718 hominum,
1050 2671 1116 2720 qui
1155 2672 1307 2710 Christo
1345 2686 1425 2710 non

360 2722 577 2768 inhaerent,
606 2722 822 2760 secundum
856 2723 949 2760 illud
976 2725 1079 2761 Ioan.
1101 2737 1133 2762 111
1152 2724 1188 2762 ⁹¹²:
1227 2727 1331 2763 Venit
1358 2727 1426 2764 lux

360 2776 398 2811 in
418 2774 611 2819 mundum,
632 2780 665 2811 et
683 2774 891 2812 dilexerunt
917 2777 1084 2814 homines
1111 2780 1234 2828 magis
1256 2781 1426 2816 tenebras

362 2839 474 2876 quam
502 2827 649 2874 lucem),
669 2827 736 2864 sed
759 2827 851 2876 quia
878 2828 958 2877 ipse
987 2830 1158 2867 exhibuit
1185 2832 1293 2879 quod
1321 2832 1425 2869 suffi-

361 2879 466 2916 ciens
494 2879 562 2916 fuit
590 2879 638 2915 ad
658 2891 817 2916 omnem
836 2878 849 2902 δ
877 2881 1119 2919 deletionem.
1150 2884 1260 2920 Unde
1289 2884 1426 2922 dicitur

361 2934 472 2970 Rom.
493 2944 516 2968 v
529 2932 568 2968 *z
598 2932 689 2968 Non
708 2934 799 2968 sicut
826 2933 1007 2980 delictum,
1026 2937 1079 2972 sic
1097 2942 1130 2972 et
1149 2936 1308 2973 donum.-
1335 2950 1424 2974 nam

362 2985 537 3022 iudicium
557 2997 606 3021 ex
625 2997 699 3021 uno
719 2987 755 3021 in
775 2985 1132 3034 condemnationem,
1151 2991 1277 3038 gratia
1302 2996 1424 3027 autem

363 3050 413 3075 ex
439 3038 561 3074 multis
588 3037 725 3074 delictis
752 3039 789 3073 in
819 3039 1122 3086 iustificationem.

420 3171 447 3207 α)
462 3177 674 3205 peccatorum.—
691 3181 770 3206 quam
795 3173 935 3206 originalis
958 3173 1027 3198 addit
1045 3175 1092 3204 εΗ,
1111 3182 1190 3207 quam
1213 3176 1251 3201 ad
1273 3176 1429 3202 deletionem
1456 3180 1458 3203 Ι

366 3209 507 3242 originalis
526 3208 596 3233 addit
614 3209 632 3239 Ι,
652 3209 692 3233 cui
708 3209 812 3240 peccati
830 3209 927 3233 addunt
945 3209 1080 3235 editiones.

420 3243 446 3276 β)
465 3243 584 3278 affectus.
596 3258 616 3262 -
632 3244 735 3274 Tertia;
753 3243 868 3278 effectus.
1259 3269 1263 3272 ,

420 3279 447 3313 γ)
463 3282 583 3311 peccata.
596 3293 616 3298 -
629 3283 768 3311 peccatum
785 3279 819 3310 1>;
838 3285 898 3312 post
916 3280 1011 3304 mundi
1028 3280 1101 3304 tertia
1115 3280 1185 3304 addit
1202 3281 1274 3313 quod
1291 3288 1429 3313 exponens

368 3314 443 3339 Beda
462 3314 542 3340 dictt:
557 3317 695 3346 peecatum
714 3313 834 3347 (peccata
853 3313 894 3349 bc)
913 3315 1006 3339 mundi
1024 3315 1123 3340 dicitur
1141 3315 1273 3348 originale
1287 3320 1428 3348 peccatum

368 3350 440 3382 quod
457 3352 497 3375 est
514 3357 652 3375 commune
669 3350 751 3375 totius
771 3350 872 3375 mundi.

421 3383 447 3419 ὃ)
465 3391 608 3410 omnem-
626 3386 743 3410 omnium
763 3385 860 3410 EIsGH
879 3390 904 3409 et
923 3385 946 3415 b,
965 3385 1083 3410 omnium
1098 3389 1270 3417 peccatorum
1291 3387 1334 3412 Pc.

511 3595 621 3620 Sunium:
639 3595 741 3621 Tutior..
760 3596 792 3621 D.
810 3596 925 3620 ΤιιοΜΑε
939 3596 971 3621 Τ.
986 3596 1048 3621 VIII.

1515 722 1642 758 Tanto
1678 729 1807 758 autem
1843 721 2089 770 principalius
2117 721 2165 757 ad
2194 720 2355 757 alicuius
2383 720 2527 769 peccati

1463 774 1695 811 deletionem
1717 774 1890 810 Christus
1909 774 2023 819 venit,
2045 781 2188 822 quanto
2216 773 2307 810 illud
2326 781 2528 822 peccatum

1464 826 1589 863 maius
1608 834 1673 863 est.
1695 826 1843 863 Dicitur
1862 835 1991 863 autem
2011 826 2135 863 maius
2155 826 2297 875 aliquid
2317 825 2526 875 dupliciter.

1465 880 1552 916 Uno
1590 880 1729 925 modo,
1764 879 1967 916 intensive:
2007 879 2102 916 sicut
2140 886 2195 915 est
2231 878 2355 915 maior
2391 879 2528 915 albedo

1466 944 1565 980 quae
1595 939 1649 968 est
1678 931 1870 968 intensior.
1908 933 1955 968 Et
1982 944 2052 980 per
2079 933 2183 968 hunc
2212 931 2375 968 modum
2405 931 2529 968 maius

1466 992 1521 1020 est
1549 992 1751 1032 peccatum
1779 986 1924 1021 actuale
1945 996 2063 1032 quam
2097 984 2294 1032 originale:
2325 984 2416 1033 quia
2443 985 2530 1033 plus

1467 1037 1582 1073 habet
1597 1037 1645 1073 de
1661 1037 1805 1074 ratione
1821 1037 2035 1082 voluntarii,
2047 1045 2089 1073 ut
2103 1037 2142 1073 in
2158 1037 2338 1074 Secundo
2349 1037 2369 1058 ’¹‘
2383 1037 2530 1073 dictum

1468 1097 1534 1126 est.
1550 1111 1575 1115 —
1591 1089 1676 1125 Alio
1697 1090 1816 1126 modo
1837 1090 1974 1126 dicitur
1993 1089 2135 1138 aliquid
2164 1090 2289 1126 maius
2318 1089 2529 1126 extensive:

1468 1141 1564 1178 sicut
1592 1141 1730 1178 dicitur
1757 1141 1881 1178 maior
1907 1142 2043 1178 albedo
2064 1154 2162 1190 quae
2183 1150 2237 1178 est
2257 1142 2295 1178 in
2315 1142 2451 1178 maiori
2471 1155 2532 1179 su-

1467 1193 1635 1243 perficie.
1674 1195 1720 1230 Et
1750 1195 1824 1231 hoc
1853 1195 1972 1231 modo
2008 1202 2209 1243 peccatum
2245 1194 2435 1241 originale,
2465 1207 2533 1243 per

1468 1247 1577 1295 quod
1597 1254 1722 1283 totum
1740 1258 1861 1294 genus
1890 1247 2109 1283 humanum
2137 1246 2313 1294 inficitur.
2335 1255 2389 1283 est
2408 1247 2533 1283 maius

1469 1299 1642 1348 quolibet
1669 1305 1680 1320 ε
1714 1307 1870 1348 peccato
1908 1299 2062 1343 actuali,
2096 1300 2203 1347 quod
2241 1307 2295 1335 est
2331 1299 2533 1348 proprium

1469 1351 1668 1400 singularis
1686 1364 1885 1400 personae.
1910 1353 1957 1388 Et
1976 1359 2164 1400 quantum
2184 1352 2232 1388 ad
2253 1353 2338 1397 hoc,
2362 1352 2534 1389 Christus

1468 1404 1715 1454 principalius
1744 1405 1848 1441 venit
1876 1405 1924 1441 ad
1952 1405 2165 1441 tollendum
2194 1404 2373 1452 originale
2402 1417 2534 1453 pecca-

1469 1465 1573 1494 tum:
1604 1457 1834 1506 inquantum
1856 1459 1994 1494 bonum
2012 1459 2132 1507 gentis
2151 1457 2333 1495 divinius<
2353 1464 2404 1494 est
2423 1471 2533 1507 quam

1469 1512 1607 1547 bonum
1637 1512 1756 1555 unius,
1785 1518 1827 1547 ut
1854 1510 1990 1547 dicitur
2018 1509 2056 1546 in
2085 1511 2098 1546 Ι
2126 1511 2242 1547 Ethic.
2262 1510 2283 1531 ’³‘

1522 1564 1579 1599 AD
1610 1575 1743 1600 PRIMUM
1772 1575 1870 1599 ERGO
1899 1575 2080 1600 memnon
2109 1563 2215 1611 quod
2245 1563 2338 1599 ratio
2366 1563 2427 1600 illa
2446 1575 2534 1612 pro-

1468 1616 1568 1652 cedit
1596 1615 1643 1651 de
1673 1615 1861 1651 intensiva
1888 1615 2152 1662 magnitudine
2180 1616 2337 1664 peccati.

1523 1670 1580 1705 Αι)
1609 1680 1798 1704 SECUNDUM
1827 1680 2008 1704 DiCENDUM
2043 1668 2150 1716 quod
2178 1676 2335 1716 peccato
2365 1669 2535 1716 originali

1470 1721 1509 1757 in
1528 1721 1654 1757 sutura
1681 1719 1927 1756 retributione
1947 1732 2027 1756 non
2047 1720 2208 1756 debetur
2234 1733 2361 1769 poena
2381 1734 2533 1758 sensus:

1470 1772 1727 1822 poenalitates
1752 1779 1882 1809 tamen
1915 1785 2010 1820 quas
2043 1772 2266 1809 sensibiliter
2293 1773 2332 1809 in
2361 1774 2433 1810 hac
2460 1774 2537 1811 vita

1470 1825 1650 1874 patimur,
1676 1825 1772 1861 sicut
1800 1825 1954 1871 famem,
1975 1825 2087 1870 sitim,
2109 1833 2274 1862 mortem
2303 1833 2340 1862 et
2367 1826 2439 1862 alia
2468 1827 2536 1863 hu-

1471 1878 1652 1923 iusmodi,
1674 1890 1720 1914 ex
1739 1885 1896 1926 peccato
1926 1877 2097 1925 originali
2125 1879 2351 1926 procedunt.
2383 1880 2430 1915 Et
2449 1879 2536 1915 ideo

1473 1930 1657 1976 Christus,
1687 1937 1729 1967 ut
1757 1931 1868 1979 plene
1902 1942 1972 1979 pro
2005 1938 2161 1979 peccato
2196 1931 2366 1979 originali
2400 1932 2537 1968 satissa-

1473 1991 1585 2027 ceret,
1606 1982 1727 2020 voluit
1755 1982 1972 2019 sensibilem
2001 1983 2176 2020 dolorem
2200 1984 2289 2032 pati,
2310 1992 2352 2020 ut
2371 1992 2537 2021 mortem

1474 2044 1510 2073 et
1537 2036 1610 2073 alia
1637 2035 1864 2072 huiusmodi
1892 2035 1931 2072 in
1959 2035 2083 2084 seipso
2113 2045 2400 2073 consummaret
2420 2043 2449 2073 η.

1527 2090 1584 2125 AD
1617 2100 1776 2126 Tamum
1813 2101 1994 2126 mCENDUM
2031 2089 2149 2137 quod,
2184 2089 2279 2126 sicut
2313 2090 2540 2139 Chrysosto-

1476 2153 1564 2178 mus
1592 2141 1735 2178 ibidem
1764 2141 1908 2177 inducit
1927 2139 1951 2187 θ,
1972 2142 2090 2178 verba
2119 2141 2180 2178 illa
2208 2142 2357 2179 dicebat
2377 2144 2540 2191 Aposto-

1476 2196 1547 2239 lus,
1569 2206 1642 2230 non
1664 2196 1770 2243 quasi
1791 2194 1997 2230 diminuere
2023 2194 2149 2231 volens
2176 2195 2404 2244 amplissima
2424 2202 2456 2232 et
2469 2209 2542 2245 per

1472 2249 1604 2298 *orbem
1639 2253 1826 2283 terrarum
1862 2245 1997 2295 diffitsa
2033 2247 2169 2284 Christi
2202 2260 2380 2284 munera:
2413 2249 2478 2285 sed
2504 2254 2542 2285 ut

1472 2312 1545 2349 pro
1574 2301 1743 2336 omnibus
1769 2311 1808 2335 se
1834 2299 1953 2336 solum
1982 2299 2160 2336 indicaret
2192 2302 2408 2337 obnoxium.
2444 2302 2544 2343 Quid

1477 2354 1576 2389 enim
1612 2354 1758 2389 interest
1784 2353 1816 2388 si
1842 2357 1875 2388 et
1902 2352 1984 2388 aliis
2012 2354 2210 2401 praestitit,
2237 2365 2322 2389 cum
2357 2366 2452 2402 quae
2478 2356 2544 2391 tibi

1477 2411 1561 2442 sunt
1582 2406 1760 2455 praestita
1780 2407 1829 2441 ita
1849 2406 1996 2454 integra
2020 2410 2104 2441 sunt
2126 2411 2159 2441 et
2182 2406 2231 2441 ita
2244 2406 2413 2454 perfecta
2439 2409 2545 2455 quasi

1480 2458 1573 2495 nulli
1590 2458 1656 2494 alii
1673 2470 1723 2494 ex
1741 2459 1796 2494 his
1814 2457 1955 2506 aliquid
1970 2458 2090 2505 suerit
2112 2458 2361 2506 praestitum?
2389 2459 2446 2494 Ex
2466 2459 2542 2495 hoc

1479 2522 1569 2558 ergo
1598 2510 1706 2559 quod
1739 2509 1874 2559 aliquis
1906 2510 2019 2546 debet
2047 2509 2117 2546 sibi
2145 2518 2320 2559 reputare
2355 2510 2541 2548 beneficia

1481 2563 1620 2600 Christi
1647 2562 1824 2612 praestita
1850 2575 1942 2608 esse,
1964 2575 2043 2599 non
2063 2563 2175 2599 debet
2203 2563 2414 2600 existimare
2435 2564 2541 2612 quod

1479 2629 1559 2653 non
1588 2615 1661 2653 sint
1689 2615 1866 2665 praestita
1898 2615 1988 2652 aliis.
2028 2616 2075 2651 Et
2101 2615 2187 2652 ideo
2217 2628 2295 2652 non
2330 2616 2543 2653 excluditur

1480 2668 1574 2717 quin
1593 2668 1840 2717 principalius
1868 2668 2014 2704 venerit
2033 2668 2184 2704 abolere
2208 2676 2408 2716 peccatum
2428 2668 2542 2705 totius

1481 2729 1639 2758 naturae
1655 2733 1774 2770 quam
1788 2729 1989 2770 peccatum
2009 2720 2124 2757 unius
2143 2733 2340 2769 personae.
2359 2722 2435 2758 Sed
2450 2721 2542 2758 illud

1480 2781 1681 2823 peccatum
1710 2785 1919 2810 commune
1940 2779 1947 2793 ²
1976 2773 2025 2809 ita
2044 2773 2205 2821 perfecte
2235 2781 2410 2810 curatum
2429 2782 2484 2810 est
2503 2774 2541 2811 in

1481 2839 1721 2875 unoquoque
1741 2838 1785 2863 ac
1805 2825 1834 2862 si
1863 2826 1902 2862 in
1930 2838 1976 2861 eo
2005 2827 2087 2861 solo
2117 2833 2213 2861 esset
2241 2834 2428 2863 curatum.
2450 2849 2474 2854 -
2495 2828 2543 2864 Et

1479 2887 1674 2929 praeterea
1688 2885 1715 2925 ²,
1731 2886 1887 2927 propter
1906 2877 2092 2914 unionem
2108 2877 2280 2924 caritatis,
2296 2886 2419 2915 totum
2435 2881 2542 2928 quod

1480 2931 1662 2969 omnibus
1690 2938 1745 2967 est
1773 2930 2003 2979 impensum,
2033 2930 2299 2979 unusquisque
2333 2931 2445 2968 debet
2473 2932 2543 2969 sibi

1479 2990 1703 3028 adscribere.

1537 3176 1559 3210 ε)
1578 3177 1700 3209 quolibet.
1714 3191 1732 3195 -
1746 3177 1806 3202 Om.
1826 3178 1849 3202 H
1870 3183 1895 3203 et
1913 3178 2047 3204 editiones.

1536 3212 1561 3241 ζ)
1581 3212 1704 3237 divinius.
1717 3226 1736 3231 —
1754 3216 1781 3237 et
1799 3213 1956 3238 eminentius
1975 3214 2043 3238 addit
2060 3214 2142 3239 tertia.

1535 3246 1564 3280 η)
1581 3251 1786 3273 consummaret.
1798 3262 1817 3267 ·-
1834 3252 2001 3274 consumeret
2020 3249 2102 3274 tertia.
2121 3249 2159 3274 Cf.
2179 3256 2222 3281 qu.
2241 3256 2300 3280 xxn,
2321 3255 2367 3275 art.
2389 3249 2411 3280 3,
2430 3259 2454 3281 η.

1536 3281 1560 3315 θ)
1580 3283 1691 3308 inducit.
1703 3297 1723 3301 —
1741 3283 1806 3308 dicit
1826 3283 1889 3309 PGI.

1537 3317 1556 3350 ι)
1575 3325 1720 3343 commune.
1733 3332 1751 3336 -
1769 3321 1884 3343 naturae
1903 3319 1985 3351 pHsG
2004 3324 2029 3344 et
2048 3319 2181 3349 editiones,
2200 3327 2253 3344 om.
2273 3319 2322 3351 pG.

1535 3353 1561 3387 κ)
1576 3357 1728 3385 praeterea.
1742 3367 1762 3372 —
1779 3353 1839 3379 ideo
1858 3354 1991 3386 editiones,
2009 3363 2062 3380 om.
2081 3362 2107 3380 a.

2557 1044 2566 1054 ⁸
2577 1043 2599 1064 Ι*
2614 1043 2668 1067 11⁸⁶.
2680 1046 2772 1070 quaest.

2557 1076 2641 1097 uxxn,
2648 1074 2690 1091 art.
2697 1077 2715 1096 ι,

2557 1103 2577 1118 2.

2657 1465 2671 1493 ζ

2562 1512 2646 1560 sfii's.
2659 1518 2720 1559 '1202'

2722 1075 2770 1097 arg.

2732 1511 2772 1533 8-
