2872 3970
916 286 1180 333 QUAESTIO
1209 288 1307 333 LIII,
1341 288 1632 326 ARTICULUS
1660 289 1705 326 III
2318 295 2389 331 505

222 364 380 409 tertium
407 364 480 402 sub
507 363 634 412 gratia.
673 386 698 391 -
725 363 859 412 Incipit
877 369 889 385 ⁵
924 363 1039 401 etiam
1070 364 1110 401 in
1146 364 1285 401 Christi
1340 365 1505 414 spatium
1524 365 1655 414 viginti
1684 374 1852 415 quatuor
1878 367 2074 404 horarum.
2105 370 2162 415 Et,
2184 370 2280 408 sicut
2307 371 2396 409 dicit

224 416 502 462 :esurrectione
528 416 659 455 tertius
676 424 796 454 status
815 416 1056 454 Sanctorum.
1086 418 1190 454 Nam
1212 416 1284 465 pri-
1340 418 1586 465 Augustinus,
1615 418 1655 454 in
1682 419 1733 455 IV
1761 419 1805 455 de
1836 420 1871 456 T
1869 420 1940 456 rin.
1961 419 1997 466 ²¹²,
2027 433 2106 458 nox
2132 435 2245 472 usque
2271 425 2322 461 ad
2346 425 2395 461 di·
2424 434 2432 443 ·

221 482 314 517 mus
340 469 410 509 fuit
434 469 508 506 sub
535 469 668 517 figuris
698 469 808 516 legis;
847 469 1060 515 secundm,
1089 470 1161 506 sub
1188 469 1285 506 veri-
1339 470 1502 507 luculum
1542 482 1615 520 quo
1656 472 1812 507 Domini
1849 474 2068 510 resurrectio
2108 475 2296 513 declarata
2332 483 2394 523 est,

220 521 440 569 {mzfiddr
455 521 587 559 tertius
604 521 675 559 erit
691 521 732 559 in
758 520 978 559 aeternitate
992 522 1146 570 gloriae,
1167 534 1286 570 quam
1339 523 1391 559 ad
1415 524 1561 559 tertium
1583 525 1742 572 pertinet
1769 524 1876 560 diem.
1914 525 2012 566 Quia
2031 526 2142 572 Deus,
2175 542 2194 560 «
2217 530 2280 577 qui
2305 529 2397 566 dixit

223 574 402 619 Christus
429 574 663 622 resurgendo
691 573 897 611 inchoavit.
1339 575 1385 612 de
1409 577 1568 612 tenebris
1594 576 1718 612 lumen
1739 581 1757 603 η
1782 577 1990 613 clarescere
2010 592 2044 623 ›>,
2074 585 2112 615 ut
2133 591 2206 628 per
2231 583 2395 630 gratiam

230 655 243 661 γ.
276 628 337 665 An
364 638 500 665 nemun
526 637 626 665 anco
646 638 828 665 DICENDUM
846 627 955 675 quod
979 634 1148 676 caputet
1166 638 1286 664 mem·
1341 630 1429 665 novi
1459 630 1682 665 Testamenti
1705 635 1739 665 et
1767 631 2088 678 particzpationem
2123 636 2398 671 resurrectionis

224 679 296 723 bra
321 679 612 718 confomantur
639 679 679 716 in
706 686 852 726 natura,
872 679 940 717 sed
967 691 1048 717 non
1073 679 1114 716 in
1131 679 1285 716 virtute:
1341 681 1481 716 Christi
1514 681 1739 727 audiremuS,
1771 696 1790 714 «
1811 683 1943 720 Fuistis
1979 683 2177 731 aliquando
2213 688 2395 732 tenebrae,

223 731 469 776 excellentior
492 739 551 768 est
577 731 683 769 enim
710 731 831 769 vinus
859 731 991 780 capitis
1016 744 1138 780 quam
1164 741 1285 768 mem-
1342 745 1441 769 nunc
1466 739 1588 770 autem
1611 734 1682 770 lux
1696 736 1735 770 in
1759 735 1923 772 Domino
1941 750 1974 782 »,
1995 737 2153 775 insinuat
2179 740 2282 775 nobis
2310 751 2396 787 quo-

226 785 399 827 bromm.
437 785 487 822 Et
511 783 620 830 ideo,
647 784 698 821 ad
730 784 1071 822 demonstrandam
1105 785 1288 822 excellen-
1312 783 1315 835 Ι
1342 785 1540 822 dammodo
1561 786 1660 834 quod
1684 799 1707 822 a
1737 793 1841 823 nocte
1859 788 1934 824 dies
1960 795 2080 825 sumat
2107 791 2260 827 initium.
2300 793 2398 828 Sicut

226 836 321 880 tiam
346 836 494 879 virtutis
522 836 674 883 Christi,-
693 836 928 874 conveniens
947 836 1015 874 fuit
1035 837 1164 886 ipsum
1182 837 1289 874 tertia
1341 839 1441 874 enim
1464 840 1583 886 primi
1597 839 1685 884 dies,
1699 845 1855 888 propter
1871 841 2046 887 flaturum
2065 843 2223 879 hominis
2241 844 2395 892 lapsum,

225 889 290 933 die
309 901 516 938 resurgere,
535 889 701 927 aliorum
729 889 1004 926 resurrectione
1033 890 1146 927 dilata
1164 900 1288 938 usque
1341 902 1366 926 a
1382 890 1466 926 luce
1484 892 1521 927 in
1541 897 1704 928 noctem.-
1731 893 1781 928 ita
1799 894 1865 938 isti,
1885 899 2035 942 propter
2061 895 2219 932 hominis
2246 908 2397 946 repara—

225 941 426 987 adfinem
453 941 602 980 mundi.
1341 944 1491 987 tzbnem,
1519 955 1543 979 a
1569 945 1726 980 tenebris
1751 945 1803 981 ad
1828 945 1946 982 lucem
1972 953 2241 996 computantur.

279 995 338 1033 Aa>
365 1004 556 1034 SECUNDUM
582 1006 764 1033 mesanum
790 994 900 1043 quod
927 994 1094 1032 detentio
1127 993 1289 1031 coactio·
1396 995 1445 1031 Et
1470 994 1521 1031 ita
1547 1003 1650 1044 patet
1677 997 1795 1045 quod,
1822 997 1936 1034 etiam
1963 999 1994 1035 si
2022 999 2149 1036 media
2177 1009 2287 1037 nocte
2316 1013 2396 1038 sur—

227 1059 320 1091 nem
355 1047 555 1096 quandam
586 1046 780 1096 importat.
816 1047 990 1084 Christus
1022 1054 1154 1084 autem
1186 1048 1290 1084 nulla
1344 1047 1509 1092 rexisset,
1528 1056 1658 1096 posset
1685 1049 1758 1085 dici
1787 1049 1847 1086 die
1867 1050 1973 1087 tertia
1995 1063 2086 1088 eum
2106 1053 2322 1100 surrexisse,
2342 1054 2397 1090 in-

227 1099 448 1144 accessitate
475 1099 609 1139 mortis
643 1100 843 1138 tenebatur
869 1099 1083 1146 adstrictus,
1112 1100 1180 1136 sed
1212 1107 1291 1136 erat
1343 1099 1545 1147 telligendo
1573 1101 1621 1137 de
1650 1101 1710 1137 die
1735 1103 1905 1139 naturali.
1935 1104 2051 1140 Nunc
2078 1113 2218 1152 autem,
2240 1118 2331 1143 cum
2358 1106 2398 1143 in

166 1173 176 1186 ι
227 1153 324 1197 ,iata
362 1158 528 1193 mortuos
564 1153 661 1190 liber
690 1152 721 1188 ⁹¹⁶.
768 1153 817 1191 Et
855 1152 944 1190 ideo
987 1151 1210 1201 aliquandiu
1247 1151 1290 1188 in
1343 1151 1512 1189 diluculo
1532 1151 1544 1174 ⁶
1571 1153 1790 1199 surrexerit,
1818 1162 1942 1203 potest
1967 1156 2042 1193 dici
2071 1159 2176 1205 quod
2203 1158 2264 1195 die
2291 1158 2399 1195 tertia

228 1212 352 1249 nam-te
378 1205 540 1251 mansit,
570 1217 650 1242 non
678 1204 789 1254 quasi
816 1205 1011 1251 detentus,
1039 1205 1108 1241 sed
1135 1204 1291 1253 propria
1344 1204 1515 1249 surrexit,
1537 1205 1650 1241 etiam
1669 1206 1892 1255 accipiendo
1911 1208 2015 1245 diem
2036 1209 2278 1256 artificialem,
2299 1223 2398 1260 quae

226 1258 442 1318 uoluntate:
478 1257 654 1307 quandiu
689 1257 870 1295 iudicavit
897 1258 973 1294 hoc
1009 1270 1091 1294 esse
1119 1268 1290 1294 necessa·
1344 1264 1522 1293 causatur
1549 1269 1595 1294 ex
1621 1258 1835 1306 praesentia
1863 1260 1968 1296 solis:
2002 1261 2093 1310 quia
2121 1261 2197 1299 iarn
2225 1265 2282 1300 sol
2309 1264 2399 1300 inci-

228 1322 332 1351 raum
359 1310 408 1351 ad
435 1309 727 1349 instructionem
747 1309 840 1347 fidei
867 1318 1030 1348 nostrae.
1059 1309 1207 1347 Dicitur
1224 1322 1290 1346 au·
1344 1308 1472 1358 piebat
1500 1321 1629 1346 aerem
1656 1310 1851 1348 illustrare.
1881 1313 1991 1349 Unde
2013 1321 2049 1350 et
2067 1315 2186 1351 Marci
2214 1317 2278 1352 ult.
2298 1316 2318 1337 ’²³
2345 1315 2399 1352 di·
2428 1327 2435 1337 ·
2473 1332 2507 1347 ers
2530 1331 2541 1346 2

227 1370 308 1406 tam
322 1362 448 1401 statim
461 1363 544 1401 fieri
557 1363 666 1412 quod
680 1363 724 1400 fit
737 1362 845 1401 brevi
863 1362 1085 1411 interposito
1103 1369 1289 1410 tempore.
1344 1361 1442 1398 citur
1469 1362 1577 1410 quod
1603 1363 1783 1400 mulieres
1801 1373 1990 1402 venerunt
2018 1367 2065 1402 ad
2086 1376 2398 1415 monumentum,

282 1416 340 1452 An
358 1427 518 1454 'suarium
533 1428 715 1455 monimum
730 1416 848 1465 quod,
864 1415 960 1453 sicut
979 1427 1095 1466 supra
1107 1414 1128 1436 ‘¹‘
1147 1415 1292 1452 dietum
1345 1420 1425 1451 orto
1455 1416 1529 1451 iam
1548 1415 1634 1452 sole.
1666 1416 1783 1462 Quod
1812 1428 1891 1453 non
1914 1425 1970 1454 est
1988 1419 2220 1456 contrarium
2241 1421 2274 1458 ei
2294 1422 2399 1470 quod

229 1475 295 1515 est,
319 1467 499 1509 »Christus
534 1468 737 1508 resurrexit
773 1468 873 1507 cirea
902 1468 1136 1510 diluculum,
1166 1467 1292 1504 illuce-
1344 1468 1505 1504 Ioannes
1532 1467 1632 1512 dicit,
1654 1481 1738 1505 cum
1764 1470 1887 1506 adhuc
1911 1473 2085 1508 tenebrae
2115 1479 2241 1519 essent,
2262 1481 2304 1510 ut
2322 1475 2399 1511 Au-

229 1528 357 1561 scente
375 1521 454 1560 iam
482 1521 555 1569 die,
576 1522 626 1559 ad
653 1521 948 1570 significandum
967 1521 1074 1570 quod
1093 1532 1163 1569 per
1181 1531 1291 1557 suam
1343 1519 1516 1568 gustinus
1548 1519 1654 1567 dicit,
1684 1520 1723 1557 in
1751 1521 1848 1558 libro
1874 1523 1920 1559 de
1958 1525 2147 1561 Consensu
2183 1528 2330 1576 Evang.
2358 1526 2397 1563 *ς

229 1574 549 1616 resurrectionem
576 1586 649 1613 nos
676 1574 726 1612 ad
754 1575 882 1612 lucem
899 1574 1041 1623 gloriae
1067 1573 1290 1611 inducebat:
1345 1574 1443 1622 quia,
1462 1573 1522 1610 die
1538 1579 1723 1622 surgente,
1745 1575 1921 1624 reliquiae
1941 1579 2178 1614 tenebrarum
2196 1584 2297 1624 tanto
2321 1591 2399 1616 ma-

229 1626 327 1670 sicut
344 1634 521 1666 mortuus
541 1635 596 1665 est
612 1627 952 1676 advesperascente
971 1626 1050 1664 iam
1066 1626 1130 1663 die
1158 1633 1194 1662 et
1210 1633 1291 1662 ten·
1343 1627 1403 1675 gis
1431 1631 1688 1672 extenuantur,
1718 1633 1854 1676 quanto
1881 1630 2004 1678 magis
2030 1631 2150 1666 oritur
2176 1631 2244 1668 lux
2251 1645 2265 1675 ‚·
2293 1632 2399 1680 quod

229 1679 374 1718 dentet
402 1680 442 1717 in
469 1680 665 1727 tenebram,
695 1680 744 1717 ad
772 1679 1056 1717 ostendendum
1088 1678 1196 1728 quod
1221 1689 1292 1726 per
1345 1685 1475 1715 autern
1509 1677 1598 1714 dicit
1631 1679 1803 1725 Marcus,
1836 1695 1855 1713 «
1875 1687 1957 1717 orto
1985 1683 2060 1719 iam
2087 1683 2174 1729 sole,
2197 1699 2216 1717 »
2248 1696 2321 1721 non
2349 1686 2401 1721 sic

229 1743 342 1775 suam
370 1740 536 1771 mortem
559 1733 769 1771 destrueret
787 1732 962 1770 tenebras
989 1733 1129 1780 culpae,
1143 1738 1181 1768 et
1198 1742 1290 1779 poe·
1345 1731 1599 1780 accipiendum
1627 1737 1678 1768 est
1700 1738 1879 1782 tanquam
1907 1735 1982 1770 iam
2000 1740 2008 1755 ⁸
2035 1735 2091 1771 sol
2117 1737 2193 1784 ipse
2219 1737 2402 1783 videretur

239 3203 480 3250 ‘monumenta
499 3209 629 3252 aperta
655 3208 749 3248 sunt,
770 3208 804 3238 et
824 3202 938 3239 multa
964 3214 1125 3251 corpora
1145 3203 1296 3238 Sancto·
1353 3199 1446 3237 ratio
1475 3212 1497 3237 a
1516 3207 1639 3237 morte
1666 3199 1705 3236 in
1725 3199 1853 3236 vitam.
1883 3197 2092 3248 Dupliciter
2113 3206 2242 3237 autem
2270 3199 2404 3249 aliquis

240 3268 325 3302 rum
345 3257 409 3307 qui
425 3255 664 3302 dormierant,
683 3260 936 3293 surrexerunt.
966 3254 1059 3304 Non
1080 3265 1169 3301 ergo
1190 3253 1297 3294 Chri·
1353 3252 1508 3301 eripitur
1535 3265 1557 3289 a
1585 3259 1719 3289 morte.
1749 3253 1836 3289 Uno
1864 3252 1996 3298 modo,
2019 3253 2146 3288 solum
2173 3264 2196 3289 a
2222 3260 2346 3290 morte
2365 3252 2404 3289 in

239 3316 324 3353 stus
344 3304 416 3349 'fiiit
443 3308 591 3357 primus
619 3307 909 3355 resurgentium.
1351 3313 1456 3341 actu:
1495 3313 1536 3341 ut
1564 3304 1701 3341 scilicet
1729 3303 1863 3352 aliquis
1890 3303 2019 3340 vivere
2051 3303 2203 3353 incipiat
2229 3304 2404 3354 qualiter—

285 3361 332 3398 ·3.
351 3362 591 3407 PRAETEREA,
618 3360 715 3397 sicut
744 3359 916 3396 Christus
941 3370 1012 3407 per
1039 3369 1150 3395 suam
1178 3369 1298 3394 resur·
1352 3368 1521 3406 cumque
1548 3363 1755 3406 postquam
1782 3363 1957 3393 mortuus
1989 3356 2120 3403 fuerat.
2157 3356 2242 3394 Alio
2270 3354 2402 3404 inodo,

242 3413 451 3459 rectionem
488 3421 543 3451 est
579 3425 694 3450 causa
730 3420 880 3450 nostrae
918 3409 1221 3460 resurrectioniS,
1250 3409 1299 3447 ita
1353 3417 1394 3446 ut
1413 3409 1547 3458 aliquis
1566 3408 1745 3446 liberetur
1767 3420 1847 3446 non
1866 3408 1992 3446 solum
2011 3421 2033 3445 a
2051 3417 2185 3459 morte,
2206 3408 2272 3446 sed
2292 3408 2405 3451 etiam

139 3450 210 3507 ΤΧ]
242 3471 313 3521 per
347 3476 459 3513 suam
485 3465 648 3515 gratiam
686 3472 741 3501 est
774 3476 889 3502 causa
912 3462 927 3493 β
954 3471 1105 3507 nostrae
1140 3461 1297 3512 gratiae:
1353 3474 1376 3498 a
1403 3461 1621 3499 necessitate
1658 3468 1712 3508 et,
1741 3460 1847 3510 quod
1884 3462 1970 3510 plus
2006 3469 2082 3508 est,
2110 3474 2132 3498 a
2163 3461 2404 3510 possibilitate

246 3603 254 3607 -
285 3587 325 3624 Διι)
339 3589 471 3621 primm-
482 3588 545 3614 Om.
561 3587 656 3621 pBOE,
669 3587 775 3619 primus
793 3586 874 3611 saco
892 3594 944 3611 non
963 3587 988 3611 in
1007 3587 1160 3618 scriptorum
1179 3592 1263 3610 manu.
1325 3588 1328 3615 ι
1407 3582 1434 3618 β)
1452 3591 1542 3609 causa.
1559 3598 1579 3603 -κ
1596 3583 1656 3608 Om.
1677 3583 1772 3608 BCDE.

384 3641 494 3666 Summe
512 3641 614 3666 Tutor.
633 3640 664 3665 D.
677 3640 791 3664 'saonae
809 3639 841 3664 T.
854 3639 919 3664 Vlll.
2231 3636 2265 3669 64

2427 1532 2436 1542 ³
2451 1531 2500 1552 Lib.
2522 1531 2565 1557 111,
2585 1537 2627 1558 cap

2427 1564 2488 1580 xxxv.
2503 1564 2564 1579 num.
2581 1557 2614 1585 65.

123 1780 173 1839 ..ΤνχἸ
229 1797 315 1827 nae-
344 1786 393 1824 Et
419 1793 550 1824 tamen
578 1785 714 1824 dicitur
731 1785 838 1823 tertia
865 1785 926 1823 die
949 1783 1210 1829 resurrexisse,
1228 1795 1291 1820 ac-
1344 1793 1455 1832 super
1481 1789 1640 1830 terram,
1672 1785 1739 1821 sed
1762 1791 1939 1834 tanquam
1967 1798 2010 1823 eo
2032 1787 2210 1836 proxima
2237 1791 2402 1827 veniente

115 1855 124 1879 :-
140 1876 142 1878 .
229 1837 408 1888 cipiendo
446 1838 550 1878 diem
578 1850 649 1888 pro
686 1838 749 1876 die
776 1837 958 1884 naturali,
987 1849 1087 1886 quae
1122 1835 1292 1874 eontinet
1346 1837 1383 1872 in
1411 1837 1478 1872 has
1500 1842 1637 1884 partes.

116 1916 121 1936 l

197 1972 202 1984 Ι
231 1971 251 1979 ,=
280 1969 294 1986 Ι
322 1960 430 1993 Μρες,
447 1973 468 1980 -.
486 1960 605 1992 Ιιεωρῑτ
626 1960 656 1985 Ρ.
1399 1954 1423 1989 θ)
1442 1957 1469 1981 in
1490 1956 1616 1982 diluculo.
1633 1971 1652 1976 -
1669 1958 1785 1983 diluculo
1803 1959 1833 1984 P.

118 1995 156 2029 ἦ,
275 1959 306 2030 2
327 1996 459 2026 mente.
476 2009 496 2015 -
513 1996 652 2021 recedente
669 1995 805 2023 editiones,
820 2008 840 2013 —
857 1994 908 2019 Pro
928 1994 963 2027 ia,
980 1993 1019 2019 ad
1037 1993 1077 2018 ΡΙ.
1400 1990 1419 2025 ι)
1439 1992 1502 2016 fam.
1519 2007 1538 2010 —
1556 1992 1616 2018 Om.
1640 1993 1736 2026 BCDF,
1755 2000 1815 2026 post
1839 1994 1894 2026 ipse
1917 1995 1989 2027 ponit
2007 1995 2036 2020 E.
2053 2009 2073 2014 -
2092 1995 2141 2020 Pro
2159 2003 2198 2025 eo,
2217 2004 2255 2022 ex
2273 1997 2304 2026 G,
2323 1998 2356 2022 dg
2373 1998 2404 2023 Ρ,

115 2036 125 2064 ,³
231 2029 236 2031 ’
261 1995 312 2066 ’35
329 2029 429 2057 lumem
443 2045 463 2050 ,,
481 2032 565 2057 lucem
583 2030 613 2056 p·
1346 2027 1396 2051 Pro
1415 2027 1542 2056 veniente,
1562 2029 1718 2053 adveniente
1736 2029 1777 2055 Pl.

232 2092 250 2133 s
906 2105 1240 2139 commentaria
1254 2101 1433 2135 Caram·
1435 2103 1515 2135 aus
1538 2104 1736 2136 Caietam

113 2198 133 2227 ῃ
232 2193 400 2261 Tmus
429 2187 541 2218 clarus.
564 2205 587 2209 -
617 2186 654 2217 In
678 2195 814 2226 corpore
837 2186 932 2216 unica
959 2185 1142 2226 conclusio:
1170 2182 1292 2217 Conve-
1347 2177 1469 2213 ratione
1492 2182 1630 2220 litterali,
1655 2190 1686 2214 et
1709 2190 1846 2226 quatuor
1868 2186 2018 2227 mysticis.
2049 2187 2090 2218 Et
2113 2188 2220 2218 omnia
2243 2188 2325 2219 clare
2347 2198 2402 2229 pa-

234 2231 238 2234 ”
281 2231 464 2274 ⁴m’ensfm't
478 2231 643 2262 Christum
663 2239 837 2272 resurgere
859 2229 952 2260 tertio
978 2230 1038 2261 die.
1059 2229 1215 2260 Probatur
1230 2240 1294 2261 una
1347 2235 1415 2259 tent
1437 2231 1470 2260 in
1494 2229 1605 2259 littera.

1037 2383 1353 2425 ARTICULUS
1382 2382 1611 2425 TERTIUS

118 2488 138 2513 ’ᾗ
158 2518 162 2527 ⁴
867 2474 1024 2507 UTRUM
1048 2474 1261 2507 CHRISTUS
1284 2475 1418 2506 PRIMO
1442 2474 1771 2506 RESURREXERIT

115 2533 144 2572 5Ῐῖ
510 2553 544 2578 IV
564 2553 651 2583 sent„
672 2552 730 2578 dist.
749 2560 818 2584 xmu,
838 2557 886 2577 art.
905 2552 928 2582 3,
948 2552 997 2585 qu'*
1018 2559 1041 2584 ι,
1061 2553 1093 2577 ad
1114 2552 1140 2584 33
1163 2553 1306 2585 Compend.
1329 2553 1425 2581 neat..
1445 2560 1499 2585 cap.
1518 2560 1632 2582 ccxxxvi,
1652 2559 1771 2584 ccxxxtx3
1792 2553 1821 2577 In
1841 2552 1951 2582 Matth„
1972 2560 2026 2585 cap.
2045 2561 2125 2584 xxv11;

115 2590 134 2628 ¹J
899 2588 907 2612 Ι
926 2588 963 2612 ad
984 2589 1053 2617 Cor„
1073 2596 1128 2620 cap.
1147 2596 1187 2619 xv,
1206 2589 1263 2613 lect.
1283 2596 1323 2619 ηις
1343 2589 1387 2613 Ad
1407 2589 1514 2617 Coloss„
1535 2596 1591 2620 cap.
1609 2596 1626 2619 1,
1647 2589 1703 2612 lect.
1722 2595 1746 2613 v.

263 2692 422 2738 ,iaefn'sff‘as
445 2689 468 2714 Ι)
487 2688 647 2714 TERTIUM
672 2688 724 2713 slc
743 2687 978 2713 pnoennrrun.
1007 2675 1168 2712 Videtur
1189 2676 1296 2725 quod
1350 2675 1567 2712 secundum
1603 2675 1695 2712 illud
1733 2676 1835 2712 Ioan.
1865 2688 1874 2712 1
1902 2675 1940 2712 *ε
1979 2677 2037 2712 De
2070 2676 2292 2724 plenitudine
2327 2678 2403 2713 eius
2430 2687 2518 2710 ’πη
2536 2687 2570 2709 ,6.

119 2728 136 2781 {f
268 2720 425 2789 9310.ss?
449 2729 622 2778 Christus
651 2741 731 2766 non
758 2727 886 2778 primo
906 2734 923 2750 ‘¹‘
949 2729 1162 2766 resurrexit.
1191 2730 1294 2767 Nam
1351 2741 1478 2767 omnes
1496 2730 1714 2777 accepimus.
1743 2728 1821 2765 Sed
1840 2727 1900 2764 alii
1918 2728 2024 2776 prius
2051 2736 2223 2777 tempore
2245 2728 2402 2776 gratiam

119 2795 145 2831 12
256 2775 372 2833 ’ἢὸ-ν,
388 2781 414 2821 ²?
430 2780 487 2820 in
513 2781 633 2822 veteri
651 2782 901 2821 Testamento
929 2794 999 2830 per
1021 2782 1146 2818 Eliam
1165 2789 1202 2818 et
1221 2781 1296 2818 Eli·
1352 2780 1570 2818 habuerunt
1601 2792 1719 2830 quam
1749 2780 1939 2817 Christus:
1979 2780 2073 2817 sicut
2105 2792 2239 2817 omnes
2274 2782 2402 2817 Patres

243 2822 386 2870 Affiffi'v
404 2828 583 2872 saeum
611 2834 729 2884 aliqui
747 2833 956 2872 resuscitati
982 2836 1158 2882 leguntur
1175 2834 1212 2870 *ε
1243 2846 1296 2871 se·
1351 2834 1488 2871 veteris
1516 2833 1762 2870 Testamenti.
1799 2833 1900 2880 Ergo
1930 2832 2043 2870 etiam
2075 2832 2190 2881 aliqui
2221 2832 2326 2882 prius
2354 2832 2403 2870 ad

132 2883 185 2936 J,
237 2888 411 2935 cundum
439 2888 531 2925 illud
559 2889 657 2925 Heh.
678 2900 712 2924 xi
730 2887 767 2924 *z
796 2887 1028 2938 Aca-eperunt
1055 2887 1226 2924 mulieres
1253 2887 1298 2924 de
1353 2885 1668 2924 resurrectionem
1709 2886 1949 2934 corporalem
1988 2893 2245 2934 pervenerunt
2285 2897 2403 2934 quam

120 2967 148 2979 „⁴
170 2940 187 2958 ³*
237 2942 506 2988 resurrectione
531 2946 697 2978 mortuos
723 2951 818 2977 suos.
849 2938 1028 2978 Similiter
1055 2940 1170 2978 etiam
1190 2939 1297 2977 Chri-
1354 2938 1537 2980 Christus.

236 2996 328 3040 stus,
347 3001 435 3034 ante
461 2992 683 3043 passionem
703 3004 827 3039 suam,
846 2999 928 3029 tres*
941 3000 1116 3030 mortuos
1144 2992 1297 3031 suscita-
1406 2993 1480 3030 SED
1499 3002 1643 3028 CONTRA
1664 3002 1729 3027 EST
1747 2989 1854 3038 quod
1873 2989 2009 3026 dicitur
2026 2991 2040 3026 I
2063 2991 2149 3027 Cor.
2165 3001 2212 3027 xv
2226 2990 2265 3026 *ε
2298 2991 2403 3027 Chri·
2432 2999 2440 3008 ⁸
2456 2999 2513 3020 vm
2536 3004 2563 3020 ιο

131 3045 158 3096 ξ
171 3050 212 3096 ξς
237 3045 329 3088 ,νίῐῖ
352 3046 445 3085 Non
457 3057 550 3094 ergo
566 3045 739 3084 Christus
752 3045 822 3083 fuit
839 3043 987 3093 primus
1007 3044 1295 3092 resurgentium.
1351 3050 1424 3080 stus
1451 3044 1653 3080 resurrexit
1680 3055 1702 3079 a
1731 3043 1884 3078 mortuis
1905 3044 2092 3091 primitiae
2123 3043 2405 3079 dormientium:

130 3111 145 3151 3
163 3127 173 3148 3
188 3103 211 3151 ξς
268 3124 270 3127 ·
291 3110 328 3135 2.
349 3099 580 3144 Paternum,
600 3098 735 3134 Matth.
750 3108 845 3135 xxvn
858 3095 889 3142 ²¹⁸,
910 3097 1007 3133 inter
1025 3097 1097 3134 alia
1115 3097 1298 3133 miracula
1353 3096 1488 3133 Glossa
1506 3095 1544 3131 *z
1575 3096 1660 3144 quia
1672 3096 1780 3144 prius
1804 3100 1967 3143 tempore
1985 3100 2017 3131 et
2035 3092 2403 3144 dignitate'surrexit.
2432 3105 2586 3152 e1¹⁰m¹il¹³
2602 3105 2642 3152 les.

173 3165 181 3173 ·
238 3162 339 3200 quae
358 3150 398 3187 in
411 3149 590 3200 passione
605 3150 744 3187 Christi
759 3149 988 3195 acciderunt,
1005 3157 1178 3186 narratur
1191 3149 1297 3199 quod
1404 3149 1626 3185 Respoimso
1646 3158 1825 3184 mCENDUM
1844 3147 1950 3195 quod
1969 3145 2191 3184 resurrectio
2220 3154 2275 3184 est
2299 3159 2404 3197 repa·
2433 3137 2533 3179 ιιᾱοῗῖἓε.
2548 3135 2641 3186 ii-“m'
