2872 3970
28 605 33 608 ”
55 624 60 636 ,Α
79 620 81 624 -
101 610 229 633 decons-³01.

99 653 106 659 .
129 637 168 659 ιῑι».
189 636 229 664 111,

982 265 1246 311 QUAESTIO
1275 266 1328 312 X,
1358 264 1648 303 ARTICULUS
1677 267 1722 303 III

260 345 435 380 causaliter,
459 345 492 374 in
507 344 614 374 Verbo
631 343 740 374 omnia
756 343 795 373 ad
811 352 843 373 se
859 343 1041 382 spectantia.
1067 343 1108 373 Et
1128 349 1174 373 est
1192 343 1322 373 indubie

259 398 380 420 verum.
404 388 568 426 Quoniam
591 388 641 417 vel
664 388 732 427 ipsa
750 387 830 417 visio
846 387 943 417 Verbi
959 392 1005 416 est
1020 387 1149 417 illorum
1165 387 1255 423 visio,
1272 387 1328 416 vel.

259 438 306 463 est
326 442 420 463 causa
442 433 572 473 visionis
595 431 734 462 illorum.
759 430 923 468 Quoniam
940 440 977 460 ex
993 431 1055 460 hoc
1070 431 1141 470 ipso
1159 430 1248 470 quod
1267 431 1322 460 ali-

259 477 330 516 quis
353 476 439 507 videt
460 476 613 511 Verbum,
637 475 771 506 debetur
793 475 851 504 sibi
875 473 964 514 quod
987 484 1046 504 suo
1063 480 1209 514 tempore
1227 475 1321 504 inno-

258 525 379 551 tescant
401 521 460 550 sibi
483 519 656 560 spectantia
679 518 719 549 ad
742 529 792 549 se:
817 518 906 548 aliter
921 518 1000 548 visio
1018 518 1072 548 illa
1094 528 1162 548 non
1177 518 1321 548 substan-

257 565 370 595 n'aliter
404 565 610 595 constitueret
644 564 789 598 beatum;
825 561 988 592 beatitudo
1024 563 1109 592 enim
1143 567 1189 591 est
1219 566 1321 592 status

258 609 401 639 omnium
415 608 574 638 bonorum
592 607 833 648 aggregatione
845 606 1012 647 perfectus
1027 606 1053 635 *.
1079 606 1119 636 Et
1142 605 1320 636 secundum

256 654 331 689 hoc,
354 658 442 693 patet
465 652 682 682 obiectionem
706 660 837 680 cessare.

311 696 529 736 Quocumque
542 700 650 726 autem
665 694 764 725 modo
777 695 969 734 intelligatur
984 695 1017 724 in
1032 694 1210 734 proposito,
1226 693 1321 723 infert

256 742 414 772 intentum
425 740 556 770 litterae.
573 739 660 770 Tum
677 739 751 779 quia
766 739 875 768 omnia
890 738 1020 769 fuerunt
1035 739 1175 768 subiecta
1192 737 1319 767 Christo

255 785 294 815 ab
316 785 445 815 instanti
468 783 688 823 conceptionis
712 793 797 818 suae,
821 783 855 812 in
875 792 942 822 quo
966 782 1025 812 fuit
1047 783 1158 812 beatus
1181 781 1319 811 videndo

255 829 407 860 Verbum.
436 828 478 858 Et
499 828 545 858 sic
568 828 601 857 in
623 828 729 867 primo
754 837 848 857 sensu
872 836 1040 867 processus
1070 826 1231 856 invenitur
1254 825 1320 855 effi-

255 882 322 904 cax.
345 891 368 895 -
391 872 478 902 Tum
502 872 578 911 quia
600 872 633 901 in
657 871 784 902 Christo
811 881 879 901 non
902 871 997 900 habet
1019 870 1130 900 locum
1153 879 1238 900 nova
1260 878 1320 898 no-

253 917 322 947 titia
344 926 401 957 per
423 916 630 946 revelationes
653 925 763 951 novas,
787 921 823 946 ut
846 916 879 945 in
898 915 965 944 aliis
981 915 1096 944 beatis:
1122 923 1158 944 ac
1174 923 1230 953 per
1245 913 1318 948 hoc,

254 960 412 1001 quidquid
435 960 502 990 aliis
525 960 623 990 beatis
647 960 797 990 convenit
821 969 858 989 ex
881 959 1004 989 visione
1027 958 1124 988 Verbi
1146 957 1320 987 formaliter

253 1005 304 1035 vel
330 1005 505 1039 causaliter,
530 1004 657 1034 Christo
682 1004 832 1034 convenit
850 1002 1029 1033 secundum
1044 1003 1146 1042 ipsam
1162 1001 1319 1031 visionem

254 1049 350 1079 Verbi
374 1048 557 1079 formaliter.
581 1049 622 1078 Et
645 1048 689 1078 sic
712 1048 846 1078 habetur
868 1048 1038 1077 intentum.

309 1093 363 1123 IV.
385 1093 421 1123 In
437 1091 552 1123 eodem
568 1101 730 1132 processu,
746 1097 824 1122 nota
839 1091 929 1131 quod
943 1092 1077 1126 Auctor,
1094 1088 1319 1129 distinguendo

235 1137 286 1177 ‚ly
310 1137 418 1167 omnia
441 1137 475 1167 in
499 1137 607 1166 omnia
631 1135 826 1175 quandoque
849 1137 883 1166 in
899 1141 982 1171 actu,
1005 1134 1056 1165 vel
1072 1135 1105 1164 in
1121 1134 1231 1164 omnia
1253 1133 1319 1163 sive

253 1181 287 1211 in
310 1186 384 1211 actu
406 1181 472 1211 sive
494 1180 528 1210 in
551 1181 704 1220 potentia,
724 1180 895 1219 appellavit
910 1180 1046 1220 primam
1062 1178 1319 1208 distributionem

246 1225 393 1266 proprie,
418 1230 449 1254 et
472 1223 646 1255 secundam
669 1224 772 1265 large,
790 1233 827 1254 ea
849 1224 972 1254 ratione
996 1223 1071 1263 quia
1091 1232 1172 1262 quae
1189 1226 1263 1251 sunt
1285 1221 1319 1251 in

252 1269 407 1308 potentia,
423 1277 490 1298 non
506 1273 597 1304 sunt;
615 1273 655 1302 et,
672 1269 753 1298 sicut
769 1267 982 1298 excluduntur
998 1277 1015 1297 a
1030 1276 1167 1297 numero
1184 1266 1318 1301 entium,

251 1313 296 1343 ita
319 1312 531 1343 excluduntur
554 1322 572 1342 a
593 1321 730 1342 numero
754 1313 911 1342 omnium.
945 1311 1035 1342 Fecit
1058 1316 1165 1341 autern
1188 1310 1252 1339 hoc
1276 1310 1318 1339 ob

253 1356 483 1397 dignificandos
506 1365 670 1386 sermones
693 1356 733 1386 de
757 1355 901 1386 Christo:
927 1361 962 1385 ut
981 1355 1109 1390 scilicet,
1134 1354 1319 1393 simpliciter

250 1401 428 1442 loquendo,
452 1399 675 1430 affirmandum
691 1399 820 1431 doceret
841 1399 931 1440 quod
947 1399 1101 1434 Christus,
1125 1399 1318 1438 inquantum

251 1446 364 1482 homo,
387 1445 479 1475 novit
502 1444 621 1474 omnia.

305 1489 345 1520 V.
369 1488 516 1520 Secunda
539 1489 705 1519 conclusio
730 1494 792 1519 est:
816 1489 933 1518 Anima
952 1488 1071 1518 Christi
1094 1497 1159 1518 non
1179 1486 1316 1517 novitia

256 1533 356 1564 Verbo
381 1533 489 1564 omnia
519 1543 602 1574 quae
627 1538 703 1564 sunt
732 1534 765 1563 in
792 1533 864 1564 sola
885 1533 1033 1573 potentia
1055 1532 1127 1562 Dei.
1163 1531 1318 1561 Probatur

250 1577 401 1608 ducendo
425 1577 464 1608 ad
487 1577 694 1616 impossibile.
722 1577 807 1615 Quia
829 1587 924 1607 nosse
948 1577 1057 1606 omnia
1081 1585 1163 1616 quae
1187 1580 1261 1605 sunt
1283 1575 1317 1604 in

252 1622 320 1652 sola
343 1622 403 1652 Dei
426 1622 587 1661 potentia,
615 1626 662 1651 est
685 1621 958 1661 comprehendere
981 1621 1090 1650 omnia
1120 1629 1202 1660 quae
1229 1619 1317 1649 Deus

251 1671 358 1706 potest
380 1665 493 1696 facer'e.
518 1666 603 1706 Ergo
628 1671 675 1696 est
698 1665 969 1705 comprehendere
993 1664 1132 1695 divinam
1155 1665 1316 1693 virtutem.

251 1711 337 1750 Ergo
361 1715 408 1740 est
431 1709 702 1750 comprehendere
718 1709 858 1740 divinam
874 1709 1052 1739 essentiam.
1077 1707 1176 1746 Quod
1196 1714 1242 1737 est
1257 1709 1317 1737 im-

250 1754 412 1794 possibile.
427 1773 451 1776 —
465 1755 570 1784 Prima
585 1754 814 1793 consequentia
829 1754 991 1793 probatur.
1005 1753 1090 1790 Quia
1105 1753 1203 1782 virtus
1219 1761 1317 1791 quae-

250 1798 327 1829 libet
350 1798 631 1839 comprehenditur
663 1807 720 1837 per
747 1798 966 1837 cognitionem
996 1797 1143 1826 omniurn
1174 1796 1207 1825 in
1234 1805 1317 1835 quae

249 1847 367 1883 potest.

305 1886 368 1917 Ubi
391 1892 468 1917 nota
491 1895 604 1916 omnes
627 1886 683 1916 has
701 1885 938 1926 propositiones
961 1885 1053 1924 loqui
1075 1883 1115 1914 de
1130 1884 1243 1913 notitia
1259 1893 1316 1913 seu

251 1931 538 1971 comprehensione
562 1930 720 1965 omnium,
736 1940 804 1960 non
818 1930 852 1960 in
868 1930 987 1969 seipsis,
1004 1928 1060 1959 sed
1075 1929 1108 1958 in
1125 1928 1242 1963 Verbo,
1259 1937 1316 1958 seu

249 1985 356 2006 causa.
391 1975 440 2005 Ex
469 1974 758 2014 comprehensione
790 1975 876 2004 enim
907 1973 1056 2003 omnium
1079 1972 1252 2002 effectuum
1282 1973 1316 2002 in

249 2019 360 2060 seipsis
382 2028 451 2049 non
472 2018 606 2049 infertur
629 2019 874 2058 comprehensio
898 2027 1012 2048 causae
1035 2017 1154 2047 altioris
1178 2015 1315 2052 ordinis,

251 2069 282 2094 et
303 2064 489 2104 praesertim
510 2063 544 2093 in
567 2061 729 2093 infinitum
752 2061 932 2092 excedentis
956 2061 1065 2091 omnia
1088 2070 1171 2101 quae
1190 2066 1264 2090 sunt
1282 2061 1316 2091 in

249 2108 394 2148 potentia
417 2117 490 2137 sua:
515 2107 617 2147 qualis
641 2113 687 2137 est
710 2107 807 2142 Deus,
832 2115 907 2136 cum
928 2106 1038 2135 omnia
1056 2105 1118 2135 sint
1134 2105 1218 2135 entia
1233 2105 1315 2134 limi-

248 2157 324 2188 tata,
347 2153 416 2192 ipse
431 2156 540 2182 autem
563 2151 651 2181 Deus
674 2151 714 2181 sit
735 2150 898 2180 infinitum
919 2160 996 2180 esse.
1021 2149 1084 2180 Sed
1107 2159 1145 2179 ex
1169 2159 1316 2189 compre-

250 2197 406 2226 hensione
429 2196 577 2226 omnium
599 2195 801 2235 possibilium
823 2195 858 2226 in
880 2204 937 2224 sua
961 2204 1055 2224 causa
1077 2193 1211 2224 infertur
1226 2203 1316 2224 com-

250 2241 420 2282 prehensio
443 2240 527 2270 illius
549 2240 673 2269 virtutis
697 2239 891 2275 causativae‚
916 2248 999 2278 quae
1019 2239 1054 2268 in
1076 2238 1244 2278 proposito
1269 2244 1316 2268 est

249 2285 485 2324 omnipotentia
508 2283 623 2319 divina,
648 2289 679 2313 et
698 2288 932 2322 consequenter
948 2283 1193 2322 comprehensio
1210 2292 1316 2313 essen-

249 2330 311 2359 tiae
335 2328 469 2359 djvinae.
493 2328 577 2358 Nam
600 2328 633 2357 in
656 2327 711 2357 tali
726 2325 826 2357 modo
850 2326 1066 2367 cognoscendi
1082 2326 1224 2366 cognitio
1240 2337 1315 2367 pos-

248 2373 390 2403 sibilium
419 2373 563 2412 sequitur
584 2371 768 2402 naturaliter
791 2372 1010 2412 cognitionem
1034 2380 1163 2401 causae:
1199 2381 1236 2402 ac
1258 2381 1316 2411 per

249 2418 323 2453 hoc,
347 2417 450 2447 maior
471 2417 637 2451 maiorem,
662 2421 693 2446 et
708 2415 837 2446 tandem
852 2412 990 2446 maxima
1005 2416 1187 2446 maximam.
1212 2416 1316 2446 Maior

250 2467 358 2492 autem
387 2461 588 2501 possibilium
612 2461 754 2500 cognitio
784 2461 892 2490 haberi
922 2470 990 2490 non
1020 2465 1127 2500 potest
1156 2461 1190 2490 in
1221 2470 1315 2491 causa

249 2515 349 2546 quarn
371 2511 408 2536 ut
430 2505 549 2535 omniav
563 2504 874 2545 comprehendantur
897 2505 930 2534 in
953 2504 1015 2540 illa,
1040 2510 1076 2534 ut
1098 2510 1185 2545 patet
1208 2505 1241 2535 in
1260 2515 1315 2535 co-

249 2550 393 2590 gnitione
408 2549 586 2589 primorum
601 2549 849 2589 principiorum:
872 2554 992 2588 quanto
1009 2550 1095 2579 enim
1112 2549 1225 2589 aliquis
1243 2559 1314 2590 per-

249 2594 364 2625 fectius
386 2593 516 2623 illorum
537 2598 682 2633 penetrat
702 2594 862 2629 virtutem,
886 2598 975 2623 tanto
990 2593 1082 2633 plura
1097 2594 1130 2623 in
1146 2593 1206 2624 illis
1230 2599 1261 2624 et
1277 2604 1315 2624 ex

249 2639 311 2669 illis
334 2638 516 2678 cognoscit;
540 2637 621 2668 adeo
643 2642 689 2673 ut,
714 2647 789 2668 curn
813 2638 922 2667 omnia
945 2647 983 2668 ex
1007 2643 1038 2667 et
1059 2637 1169 2667 inillis
1193 2648 1314 2678 cogno-

248 2682 370 2713 scibilia
393 2682 464 2722 quis
487 2681 738 2721 comprehendit,
761 2687 827 2712 tam
850 2681 989 2722 perfecte
1004 2682 1058 2712 illa
1072 2683 1163 2712 novit
1185 2688 1221 2713 ut
1243 2693 1314 2723 per-

249 2726 363 2757 fectius
375 2726 528 2766 cognosci
538 2731 716 2765 nequeant;
733 2725 889 2766 adaequat
903 2725 1063 2766 siquidem
1077 2732 1155 2756 tunc
1171 2729 1313 2767 cognitio

248 2770 557 2811 cognoscibilitatem
580 2769 719 2800 illorum.

305 2814 345 2845 Et
368 2815 447 2844 scito
472 2813 561 2854 quod
583 2814 713 2844 materia
735 2814 809 2851 ista,
838 2824 878 2845 an
901 2815 941 2845 sit
962 2815 1113 2855 possibile
1137 2821 1313 2847 creaturam

249 2868 445 2899 cognoscere
469 2859 578 2888 omnia
597 2858 631 2888 in
651 2857 769 2894 Verbo,
794 2864 825 2888 et
840 2869 880 2889 an
896 2859 976 2889 visio
993 2861 1140 2890 omnium
1156 2861 1189 2890 in
1205 2861 1312 2891 Verbo

246 2903 289 2933 sit
311 2903 568 2943 comprehensio,
591 2902 626 2932 in
641 2907 697 2932 art.
711 2902 730 2932 8
747 2912 801 2942 qu.
818 2913 862 2933 xn
876 2903 974 2934 Primi
989 2903 1076 2934 Libri
1099 2904 1240 2935 discussa
1255 2911 1311 2941 est,

248 2947 304 2978 ubi
327 2956 518 2987 responsum
541 2952 589 2977 est
611 2946 710 2977 Scoto
730 2952 761 2977 et
784 2947 866 2977 aliis<
890 2957 952 2978 nec
974 2947 1147 2987 repetenda
1170 2948 1255 2979 duxi.

303 2991 356 3022 VI.
382 2991 490 3022 Tertia
513 2990 678 3021 conclusio
703 2996 765 3021 est:
789 2991 906 3021 Anima
932 2991 1053 3023 Christi
1073 2993 1134 3023 scit
1157 2993 1190 3023 in
1212 2994 1311 3024 Verbo

2372 266 2437 302 151

1378 344 1485 374 omnia
1509 354 1591 384 quae
1605 350 1681 375 sunt
1704 345 1736 375 in
1755 346 1901 385 potentia
1926 350 2104 375 creaturae.
2130 346 2293 376 Probatur.
2325 346 2442 376 Anima

1377 387 1493 418 Christi
1517 389 1760 428 comprehendit
1778 390 1810 419 in
1827 390 1933 419 Verbo
1958 390 2062 419 omnis
2083 395 2241 420 creaturae
2261 390 2439 420 essentiam.

1377 431 1471 471 Ergo,
1488 433 1637 462 virtutem
1661 438 1692 463 et
1710 434 1896 473 potentiam.
1918 433 2013 473 Ergo,
2031 434 2139 463 omnia
2162 434 2194 463 in
2219 443 2300 473 quae
2325 439 2439 473 potest.

1431 475 1549 505 Omnia
1571 477 1795 516 relinquuntur
1810 478 1843 508 in
1859 477 1960 507 littera
1983 486 2041 517 pro
2067 478 2294 507 constantibus.
2312 478 2352 507 Et
2367 487 2440 508 vere

1375 525 1538 555 constant,
1570 521 1815 560 praesupposito
1840 521 2056 551 antecedente.
2093 521 2191 559 Quod
2215 521 2441 552 rationabiliter

1375 562 1547 593 affirmatur
1570 563 1609 594 de
1633 565 1738 594 anima
1762 565 1894 596 Christi:
1921 566 1995 605 quia
2018 565 2224 596 tribuendum
2240 566 2268 596 ei
2285 571 2331 595 est
2347 565 2440 605 quid-

1376 606 1453 646 quid
1476 614 1581 646 potest
1605 609 1807 639 excellentiae
1830 610 1934 640 tribui.

1430 651 1496 681 VII.
1523 652 1557 681 In
1581 654 1789 692 responsione
1817 653 1855 683 ad
1879 653 2073 689 secundum,
2105 659 2182 684 nota
2207 655 2330 694 prim0‚
2361 654 2440 684 illud

1375 696 1523 725 verbum:
1549 697 1665 726 Anima
1692 698 1811 728 Christi
1839 698 1899 727 scit
1922 699 1954 728 in
1985 698 2083 728 Verbo
2112 698 2219 728 omnia
2247 707 2328 738 quae
2351 698 2439 728 Deus

1375 738 1407 768 in
1434 739 1536 779 seipso
1567 741 1628 770 scit
1655 741 1788 772 scientia
1819 742 1961 772 visionis.
1993 742 2131 772 Habebit
2161 742 2247 772 enim
2273 742 2404 772 inferius
2423 743 2439 758 ᾗ

1375 784 1596 822 quaestionem
1619 795 1687 815 non
1710 795 1849 825 parvam.

1428 827 1514 857 Nota
1537 828 1696 864 secundo,
1728 829 1817 869 quod
1841 830 1926 860 aliud
1951 835 1997 860 est
2020 830 2124 860 dicere
2156 831 2297 860 animam
2321 830 2438 861 Christi

1374 871 1452 901 scire
1477 873 1585 902 omnia
1608 879 1685 903 nota
1701 873 1771 903 Deo
1795 874 1925 904 scientia
1941 875 2080 909 visionis,
2102 880 2132 904 et
2150 884 2218 904 non
2234 875 2312 904 scire
2329 875 2437 905 omnia

1373 920 1450 944 nota
1473 915 1544 946 Deo
1568 917 1704 956 simplici
1720 918 1942 957 intelligentia:
1968 924 1998 948 et
2015 918 2100 948 aliud
2116 924 2163 948 est
2179 918 2282 948 dicere
2298 919 2437 949 animam

1374 958 1491 989 Christi
1514 961 1592 990 scire
1623 967 1747 991 tantum
1771 972 1807 991 ea
1839 972 1920 1001 quae
1944 968 2018 992 sunt
2041 968 2117 992 nota
2141 963 2211 992 Deo
2238 963 2369 992 scientia
2392 963 2437 992 vi-

1373 1003 1481 1033 sionis.
1517 1004 1681 1042 Quoniam
1711 1006 1773 1035 hoc
1806 1006 1947 1036 secundo
1981 1006 2102 1036 dictum
2133 1006 2234 1036 aufert
2270 1008 2308 1036 ab
2332 1007 2437 1037 anima

1374 1047 1491 1077 Christi
1507 1048 1665 1088 quidquid
1679 1055 1795 1079 notum
1809 1056 1854 1080 est
1870 1050 1940 1080 Deo
1957 1051 2093 1090 simplici
2105 1051 2320 1090 intelligentia.
2338 1050 2437 1088 Quod

1373 1097 1497 1121 constat
1521 1102 1587 1122 esse
1611 1092 1726 1123 falsum
1742 1103 1779 1123 ex
1795 1094 1897 1124 littera
1921 1094 2044 1124 dicente
2060 1096 2076 1111 ³*
2093 1094 2182 1134 quod
2198 1095 2303 1124 anima
2320 1095 2436 1125 Christi

1372 1136 1462 1166 novit
1492 1137 1593 1166 multa
1624 1137 1657 1166 in
1683 1138 1827 1176 potentia
1856 1147 2025 1177 nunquam
2051 1139 2084 1168 in
2111 1144 2194 1168 actu.
2230 1138 2323 1169 Unde
2350 1144 2437 1178 patet

1373 1189 1459 1210 error
1482 1180 1584 1216 Scoti‚
1609 1182 1666 1220 qui
1688 1182 1751 1211 hoc
1774 1181 1898 1212 videtur
1920 1183 2086 1221 imponere
2109 1183 2253 1218 Auctori,
2279 1183 2312 1212 in
2336 1192 2390 1222 qu.
2415 1193 2438 1213 11

1372 1234 1424 1254 x1v
1440 1223 1509 1254 dist.
1527 1225 1568 1254 III
1585 1224 1670 1255 Sent.

1427 1269 1508 1298 VIII.
1534 1269 1569 1298 In
1592 1270 1801 1309 responsione
1826 1270 1865 1300 ad
1888 1271 2033 1306 tertium,
2066 1270 2191 1301 adverte
2223 1270 2328 1311 quod,
2361 1271 2436 1311 quia

1372 1322 1475 1342 unum
1499 1318 1530 1343 et
1553 1313 1639 1343 idem
1663 1319 1709 1343 est
1731 1314 1842 1344 lumen
1865 1315 2011 1344 claritatis
2035 1315 2159 1345 divinae
2182 1316 2215 1345 in
2239 1316 2368 1345 scientia
2390 1316 2436 1344 vi-

1372 1357 1470 1386 sionis
1494 1363 1525 1387 et
1548 1358 1698 1397 simplicis
1721 1358 1957 1398 intelligentiae,
1981 1359 2054 1389 ideo
2078 1359 2179 1389 littera
2197 1369 2263 1389 non
2280 1360 2437 1389 subsumit

1373 1401 1461 1440 quod
1478 1402 1608 1431 scientia
1623 1402 1753 1432 visionis
1769 1403 1801 1432 in
1817 1403 1888 1432 Deo
1905 1408 1951 1432 est
1967 1403 2094 1433 clarior:
2116 1403 2171 1433 sed
2187 1404 2330 1433 absolute
2347 1403 2436 1443 quod

1370 1446 1505 1476 scientia
1527 1446 1590 1476 Dei
1620 1446 1745 1476 excedit
1767 1447 1799 1476 in
1825 1447 1983 1488 infinitum
2013 1452 2168 1487 quantum
2191 1447 2234 1477 ad
2257 1448 2434 1478 claritatem

1371 1490 1576 1531 cognitionis.
1598 1490 1759 1527 Quocirca
1775 1500 1919 1521 excessus
1935 1492 1968 1521 in
1983 1490 2144 1521 infinitum
2161 1491 2346 1522 conceditur
2361 1493 2435 1522 sim-

1371 1535 1510 1574 pliciter:
1541 1533 1716 1574 parificatio
1741 1540 1848 1565 autern
1871 1544 1938 1564 non
1962 1535 2155 1575 simpliciter,
2179 1535 2234 1565 sed
2258 1535 2434 1566 secundum

1372 1578 1465 1618 quid;
1491 1579 1553 1609 hoc
1578 1584 1637 1614 est,
1663 1579 1771 1618 quoad
1795 1578 1931 1618 aliquid;
1958 1579 2022 1609 hoc
2046 1585 2107 1615 est,
2133 1579 2240 1619 quoad
2262 1589 2434 1610 numerum

1371 1624 1523 1654 scitorum
1547 1623 1678 1653 scientia
1700 1623 1840 1652 visionis.

1425 1668 1477 1698 IX.
1495 1668 1530 1697 In
1547 1667 1658 1697 eadem
1682 1668 1889 1706 responsione
1913 1666 2047 1697 dubium
2063 1668 2200 1697 occurrit
2216 1677 2254 1697 ex
2270 1668 2433 1704 Durando,

1370 1712 1403 1741 in
1428 1711 1467 1741 III
1492 1711 1589 1746 Sent„
1614 1711 1682 1741 dist.
1704 1721 1765 1746 xxv,
1790 1720 1844 1750 qu.
1861 1721 1881 1746 1,
1907 1717 1961 1740 art.
1980 1720 1997 1740 2
2015 1712 2042 1747 *‚
2066 1717 2194 1741 tenente
2218 1711 2307 1751 quod
2330 1713 2435 1742 anima

1371 1755 1488 1785 Christi
1503 1754 1588 1784 videt
1603 1755 1636 1784 in
1648 1755 1755 1784 Verbo
1773 1754 1930 1794 quidquid
1945 1754 2030 1784 videt
2045 1755 2196 1791 Verbum,
2214 1755 2322 1794 quoad
2338 1765 2435 1795 quae-

1370 1800 1508 1829 stionem
1531 1798 1608 1838 quid
1630 1803 1696 1828 est:
1720 1803 1751 1828 et
1773 1799 1818 1828 sic
1841 1799 1971 1828 scientia
1994 1799 2117 1828 animae
2142 1799 2258 1829 Christi
2282 1805 2436 1839 aequatur

1370 1842 1494 1872 divinae
1518 1843 1668 1872 scientiae
1699 1842 1850 1881 simplicis
1873 1843 2098 1882 intelligentiae
2130 1843 2237 1882 quoad
2263 1853 2435 1874 numerum

1370 1887 1533 1922 scitorum,
1550 1886 1624 1916 licet
1639 1895 1706 1916 non
1723 1886 1831 1926 quoad
1847 1887 2019 1916 claritatem
2036 1887 2237 1926 cognitionis.
2254 1888 2434 1928 Probatque

1369 1932 1433 1961 hoc
1456 1931 1511 1961 sic.
1535 1930 1654 1960 Videns
1678 1930 1785 1960 Deum
1807 1930 1893 1961 videt
1914 1931 2036 1961 visione
2057 1931 2148 1961 beata
2171 1931 2328 1971 quidquid
2343 1938 2435 1962 natu-

1369 1975 1473 2005 raliter
1496 1980 1747 2014 repraesentatur
1769 1976 1801 2005 in
1825 1974 1930 2005 divina
1954 1976 2097 2005 essentia.
2126 1976 2210 2015 Ergo
2234 1975 2319 2006 videt
2343 1976 2435 2016 quid-

1369 2019 1481 2050 ditates
1509 2020 1655 2049 omnium
1682 2019 1891 2059 possibilium.
1917 2037 1938 2041 -
1961 2019 2202 2059 Consequentia
2223 2026 2320 2060 patet.
2350 2021 2435 2058 Quia

1369 2063 1475 2094 divina
1499 2064 1633 2093 essentia
1658 2063 1840 2093 naturaliter
1862 2068 2075 2103 repraesentat
2094 2073 2225 2094 omnem
2248 2065 2434 2103 possibilem

1370 2107 1588 2148 quidditatem.
1619 2126 1642 2130 —
1667 2107 1869 2137 Antecedens
1895 2116 1970 2137 vero
2002 2108 2163 2147 probatur.
2195 2108 2279 2146 Quia
2309 2118 2369 2139 nec
2397 2119 2434 2139 ex

1367 2158 1456 2193 parte
1479 2152 1742 2192 repraesentantis
1765 2157 1820 2181 aut
1841 2152 2138 2191 repraesentationis
2157 2158 2204 2182 est
2222 2153 2434 2192 impedimen-

1368 2203 1452 2227 tum:
1478 2206 1553 2227 cum
1577 2205 1614 2226 ex
1637 2196 1771 2226 naturali
1794 2196 1979 2225 necessitate
1998 2196 2036 2225 sit
2051 2195 2236 2226 huiusmodi
2251 2206 2434 2236 repraesen-

1368 2242 1457 2272 tatio.
1488 2241 1556 2270 Nec
1581 2250 1617 2270 ex
1640 2245 1728 2280 parte
1752 2240 1990 2279 cognoscentis:
2024 2240 2098 2279 quia
2126 2245 2233 2279 potest
2259 2241 2292 2270 in
2318 2241 2431 2281 longe,

1368 2287 1470 2316 immo
1494 2284 1617 2315 infinite
1640 2285 1759 2319 maius,
1785 2283 1904 2314 scilicet
1926 2284 2094 2313 essentiam
2118 2284 2272 2320 divinam;
2302 2294 2376 2324 ergo
2402 2291 2433 2315 et

1368 2331 1401 2360 in
1425 2330 1534 2360 omnia
1557 2328 1718 2368 possibilia
1742 2327 1958 2368 quidditative,
1983 2336 2064 2367 quae
2088 2328 2121 2357 in
2140 2327 2301 2358 infinitum
2324 2330 2431 2359 minus

1369 2380 1443 2405 sunt
1466 2373 1704 2413 cognoscibilia.

1423 2418 1475 2448 Ad
1498 2419 1561 2448 hoc
1584 2417 1698 2447 dicitur
1721 2416 1810 2456 quod
1832 2415 2021 2446 antecedens
2044 2421 2090 2446 est
2113 2415 2237 2446 falsum.
2269 2417 2310 2447 Et
2332 2417 2371 2448 ad
2394 2418 2431 2448 il—

1348 2460 1429 2494 ‘lius
1451 2462 1676 2502 probationem
1699 2460 1813 2491 dicitur
1836 2459 1925 2500 quod
1947 2459 2213 2500 impedimentum
2228 2461 2261 2490 in
2276 2467 2430 2501 promptu

1369 2513 1424 2543 est,
1449 2512 1480 2537 et
1503 2511 1642 2546 apparet,
1667 2515 1705 2535 ex
1728 2510 1815 2544 parte
1839 2505 2071 2544 cognoscentis,
2096 2505 2151 2544 qui
2174 2514 2241 2534 non
2262 2511 2309 2535 est
2332 2515 2430 2545 capax

1366 2552 1465 2582 totius
1495 2549 1791 2590 repraesentationis
1821 2549 1969 2578 naturalis
1997 2548 2120 2578 divinae
2148 2550 2317 2584 essentiae,
2349 2550 2430 2580 sicut

1366 2606 1427 2626 nec
1444 2594 1739 2635 comprehensionis
1755 2593 1848 2623 illius.
1868 2611 1890 2614 —
1905 2593 1946 2622 Et
1962 2592 2000 2622 ad
2016 2593 2238 2632 probationem
2254 2593 2428 2630 inductam,

1367 2641 1496 2675 scilicet,
1509 2639 1618 2669 Potest
1631 2638 1663 2668 in
1681 2638 1779 2678 longe
1790 2637 1894 2667 maius
1906 2642 1976 2672 etc„
1989 2636 2199 2676 respondetur
2214 2637 2302 2677 quod
2318 2643 2430 2677 peccat

1367 2683 1545 2715 secundum
1568 2682 1703 2722 figuram
1727 2681 1883 2716 dictionis,
1907 2681 1965 2711 sub
1984 2690 2080 2720 posse
2103 2681 2134 2710 in
2152 2681 2255 2711 maius
2278 2686 2309 2711 et
2323 2682 2429 2712 minus

1366 2726 1585 2760 subsumendo
1604 2736 1701 2767 posse
1724 2726 1782 2756 tali
1805 2725 1910 2760 modo,
1934 2725 1997 2755 hoc
2021 2731 2075 2760 est,
2100 2734 2194 2765 posse
2209 2725 2314 2755 videre
2335 2725 2428 2765 quid-

1367 2773 1478 2803 ditates
1494 2771 1660 2812 possibiles
1675 2771 1708 2800 in
1720 2770 1837 2800 Verbo.
1854 2769 1936 2799 Nam
1952 2769 2026 2798 licet
2040 2769 2136 2808 longe
2149 2774 2179 2798 et
2190 2768 2312 2799 infinite
2325 2770 2427 2800 maius

1366 2818 1406 2847 sit
1417 2817 1523 2847 videre
1539 2817 1645 2846 Deum
1662 2824 1759 2854 quarn
1771 2813 1877 2843 videre
1889 2813 1998 2842 omnia
2010 2813 2078 2848 alia,
2091 2813 2186 2852 longe
2202 2818 2308 2843 tamen
2324 2815 2426 2845 maius

1367 2867 1413 2892 est
1435 2860 1542 2891 videre
1565 2860 1609 2890 sic
1633 2859 1739 2888 Deum
1769 2856 1858 2897 quod
1880 2857 1913 2886 in
1936 2857 2006 2895 ipso
2031 2857 2098 2886 viso
2125 2856 2290 2887 videantur
2313 2867 2426 2889 omnes

1367 2905 1557 2946 quidditates
1580 2902 1755 2943 possibiles,
1781 2910 1878 2941 quam
1901 2900 2007 2929 videre
2030 2900 2145 2930 Deum.

1421 2949 1462 2979 Et
1484 2949 1547 2978 hoc
1562 2948 1625 2977 iam
1645 2946 1795 2976 docuerat
1817 2945 1939 2974 Auctor
1954 2945 1979 2973 ἦ
2008 2943 2048 2973 Et
2070 2949 2176 2974 tamen
2192 2945 2249 2974 iste
2265 2955 2332 2975 non
2356 2955 2426 2976 eru-

1366 2994 1435 3024 buit
1458 2990 1650 3022 concludere
1675 2999 1711 3019 ex
1735 2989 1789 3019 tali
1812 2988 1983 3028 sophistica
2006 2988 2139 3018 ratione.

1051 3137 1368 3180 ARTICULUS
1398 3134 1625 3178 TERTIUS

612 3230 768 3260 UTRUM
791 3230 932 3261 ANIMA
955 3230 1127 3263 CHRISTI
1151 3231 1298 3262 Ροεειτ
1322 3228 1614 3261 COGNOSCERE
1637 3227 1827 3258 INFlNlTA
1850 3227 1893 3258 IN
1916 3227 2060 3258 VERBO

438 3309 470 3334 111
489 3309 572 3338 Sem„
591 3310 650 3335 dist.
669 3317 718 3340 ην,
738 3315 784 3335 art.
805 3317 828 3339 2.
848 3310 898 3344 qu⁸
919 3318 942 3340 2,
961 3311 993 3336 ad
1014 3318 1042 3342 23
1062 3311 1112 3344 qu*
1130 3319 1156 3342 4,
1176 3311 1207 3335 ad
1227 3317 1256 3341 2;
1278 3310 1319 3335 De
1342 3309 1431 3338 Verit.‚
1451 3316 1495 3341 qu.
1514 3316 1553 3338 xit,
1573 3312 1619 3333 art.
1638 3315 1663 3338 4,
1684 3307 1715 3332 ad
1737 3313 1746 3331 1
1770 3315 1843 3340 sqq.;
1865 3307 1960 3337 Quodl.
1979 3307 2018 3336 111,
2038 3315 2081 3340 qu.
2101 3315 2128 3336 11,
2147 3313 2192 3333 art.
2214 3314 2236 3333 1.

441 3411 481 3435 D
499 3410 658 3436 TERTmM
678 3411 728 3436 sm
748 3411 983 3438 PROCEDITUR.
1013 3400 1173 3437 Videtur
1200 3398 1306 3446 quod
1366 3397 1452 3433 niti:
1482 3404 1598 3446 prout
1634 3395 1770 3433 dicitur
1805 3396 1844 3433 in
1872 3397 1917 3433 III
1944 3397 2090 3444 Physic.
2111 3395 2131 3417 ²¹⁶
2158 3396 2264 3444 quod
2301 3397 2421 3444 infini-

459 3451 589 3488 anima
627 3451 765 3489 Christi
800 3465 880 3490 non
917 3452 1037 3502 possit
1076 3462 1305 3499 cognoscere

442 3502 608 3541 infinita
627 3504 667 3541 in
680 3505 820 3542 Verbo.
849 3505 969 3552 Quod
989 3504 1091 3541 enim
1112 3502 1306 3540 infinitum

461 3565 731 3606 cognoscatur,
761 3565 946 3607 repugnat
980 3555 1193 3593 definitioni
1221 3555 1305 3592 infi-

1364 3456 1441 3486 tum
1469 3455 1519 3486 est
1537 3451 1639 3486 cuius
1667 3451 1901 3498 quantitatem
1923 3450 2179 3498 accipientibus
2205 3460 2350 3497 semper
2370 3453 2420 3485 est

1365 3502 1504 3551 aliquid
1529 3508 1635 3539 extra
1655 3504 1831 3552 accipere.
1862 3500 2096 3550 Impossibile
2124 3508 2250 3537 autern
2282 3509 2336 3537 est
2354 3501 2419 3537 de-

1365 3554 1579 3592 finitionem
1608 3567 1630 3592 a
1667 3554 1825 3591 definito
1861 3553 2046 3603 separari:
2085 3553 2176 3602 quia
2212 3554 2287 3590 hoc
2324 3561 2419 3589 esset

2467 746 2476 754 ⁸
2495 745 2545 765 Arx.
2565 751 2585 773 3,
2606 744 2679 767 Com-

2467 775 2536 792 ment.
2553 777 2615 792 num.
2631 778 2655 793 ιι.

2463 1096 2472 1105 ·
2487 1094 2512 1116 ln
2527 1100 2635 1122 corpore.

2461 1714 2471 1723 '⁵
2490 1713 2527 1734 Al.
2547 1713 2577 1734 111
2598 1713 2672 1740 Sent„

2462 1739 2516 1760 dist.
2531 1746 2576 1767 xiv,
2592 1746 2630 1767 qu.
2646 1746 2672 1761 n.

2454 2913 2463 2922 ⁶
2481 2912 2505 2933 In
2525 2917 2632 2940 corpore.
2651 2923 2662 2928 -

2453 2939 2490 2959 Cf.
2515 2938 2550 2959 De
2577 2938 2662 2964 Versa,

2452 2971 2555 3013 {1³³2
2579 2969 2620 2986 art.
2639 2971 2663 2992 5.

2449 3401 2455 3409 ¹
2473 3401 2528 3427 Cap.
2539 3407 2569 3423 vi.
2581 3407 2603 3422 n.
2615 3402 2635 3422 8.
2647 3413 2658 3418 -

2447 3427 2470 3448 S.
2487 3427 2530 3448 Th.
2546 3428 2597 3449 lect.
2612 3434 2643 3448 xi.
