2872 3970
172 1249 182 1259 ⁸
197 1247 262 1269 vers.
278 1248 312 1269 28.

186 2837 195 2845 ⁸
208 2835 283 2856 Tracr.
302 2835 349 2857 CV.
364 2836 391 2855 ad

185 2868 234 2888 cap.
243 2867 296 2887 xvu,
307 2868 364 2883 vers.
373 2868 390 2889 5.

193 3461 202 3469 ⁵
217 3459 281 3481 Ver».
298 3461 310 3481 8

414 303 489 328 212

410 372 488 406 bus,
518 379 599 410 quae
624 368 834 399 diversimode
866 378 883 398 a
907 368 1035 398 diversis
1062 367 1193 406 intelligi
1215 371 1366 406 possunt,
1398 364 1471 395 ideo

412 414 570 444 sufficiens
594 413 673 443 ratio
698 412 875 443 abstinendi
899 413 937 442 ab
957 412 1062 451 aliqua
1081 411 1245 440 locutione
1265 415 1311 440 est
1326 409 1402 449 fuga
1417 418 1472 448 ap—

410 458 580 498 parentiae,
596 467 637 487 ne
653 456 816 487 videamur
832 456 936 486 favere
952 455 1124 490 haereticis,
1143 455 1237 484 etiam
1253 454 1278 483 si
1295 454 1327 483 in
1342 453 1471 483 veritate

412 511 477 532 non
502 501 688 531 faveremus.

465 546 550 575 Nota
572 545 675 580 tertio,
701 544 790 584 quod
814 543 1052 574 communicare
1073 551 1147 572 cum
1170 541 1335 571 haereticis
1358 541 1391 570 in
1414 549 1471 570 vo-

411 589 531 619 cabulis
553 589 750 629 prohibitum
775 594 821 618 est
844 587 951 628 quoad
973 587 1118 626 propria,
1142 594 1209 616 non
1233 590 1340 614 autem
1365 583 1472 624 quoad

411 633 605 663 communia.
636 632 719 662 Nam
742 633 775 662 in
798 632 846 662 his
870 641 952 671 quae
975 631 1056 660 bene
1081 639 1155 659 curn
1179 628 1320 659 Ecclesia
1344 627 1470 663 dicunt,

410 686 470 707 nos
492 686 558 706 non
583 676 858 706 communicamus
882 684 957 705 cum
980 674 1050 709 illis,
1076 673 1131 703 sed
1154 673 1213 712 ipsi
1233 673 1472 702 communicant

411 721 589 751 nobiscum.
625 719 687 750 Sed
713 720 747 749 in
769 720 807 749 iis
829 719 962 749 vocibus
993 727 1071 758 quas
1095 723 1204 747 contra
1227 716 1403 746 Ecclesiam
1426 715 1471 746 le-

411 770 501 799 vant,
534 769 646 803 utpote
669 763 745 803 ipsis
768 763 922 803 propriis,
954 761 1193 792 communicare
1216 769 1282 790 non
1307 759 1470 790 debemus.

411 807 497 838 Talis
521 813 627 838 autem
651 812 697 837 est
719 816 781 836 vox
805 807 872 842 ista,
899 806 1045 836 Christus
1068 809 1115 835 est
1136 809 1297 834 creatura.
1331 803 1471 844 Usurpa-

411 857 484 882 runt
507 851 664 891 siquidem
688 851 797 880 Ariani
820 859 935 880 vocem
961 850 1044 879 hanc
1071 848 1111 878 de
1135 847 1262 878 Christo
1293 847 1471 878 secundum

410 895 443 926 id
466 901 571 926 totum
601 894 689 934 quod
714 899 773 929 est,
798 900 828 924 et
851 902 917 924 non
941 892 1118 923 secundum
1142 897 1278 931 partem:
1314 901 1399 927 cum,
1423 901 1472 922 se-

411 938 552 969 cundum
576 939 748 973 veritatem,
773 947 839 968 non
859 938 919 968 nisi
935 937 1057 967 ratione
1072 937 1178 976 partis,
1202 936 1265 966 hoc
1290 941 1336 966 est
1358 936 1471 966 huma-

410 993 469 1014 nae
486 988 625 1018 naturae,
650 987 772 1012 creatus
789 982 837 1011 sit.
862 981 902 1011 Et
926 986 1094 1021 propterea
1118 981 1150 1010 in
1166 980 1225 1010 hac
1242 980 1471 1016 enuntiatione,

412 1026 558 1057 Christus
581 1031 627 1057 est
642 1030 802 1061 creatura,
827 1031 939 1066 utpote
955 1025 1119 1055 haereticis
1135 1024 1262 1064 propria
1285 1029 1395 1054 contra
1411 1024 1472 1054 Ec-

411 1070 522 1101 clesiae
547 1075 577 1100 et
600 1079 714 1100 vocem
739 1075 769 1099 et
792 1069 973 1105 veritatem,
1005 1078 1072 1099 non
1096 1073 1142 1098 est
1165 1067 1472 1099 communicandum

410 1123 484 1144 curn
507 1114 640 1144 Arianis.
665 1113 706 1143 Et
729 1112 801 1144 ideo
826 1118 872 1144 est
895 1113 1079 1153 simpliciter
1101 1111 1256 1151 neganda.

465 1158 516 1188 111.
542 1158 688 1188 Occurrit
714 1158 765 1187 hic
793 1156 943 1188 dubium:
976 1157 1051 1197 quia
1073 1165 1135 1186 vox
1160 1157 1218 1186 ista
1247 1165 1314 1186 non
1337 1156 1470 1193 Ariana,

409 1201 464 1232 sed
487 1202 677 1242 Evangelica
697 1207 759 1237 est;
784 1211 820 1231 ac
836 1211 892 1241 per
907 1201 981 1237 hoc,
997 1210 1065 1231 non
1081 1201 1210 1240 propria
1225 1201 1400 1237 haereticis,
1416 1200 1472 1231 sed

410 1246 600 1282 communis,
612 1251 643 1276 et
653 1244 892 1285 frequentanda.
905 1245 1060 1276 Probatur
1072 1249 1281 1284 assumptum,
1292 1244 1436 1275 loan.x1v
1444 1246 1470 1281 *,

411 1300 447 1321 ex
468 1290 570 1320 verbis
586 1289 718 1319 Domini
734 1287 876 1325 dicentis,
901 1290 968 1319 sine
985 1288 1247 1319 determinatione
1263 1288 1385 1328 aliqua:
1410 1289 1472 1319 Pa-

410 1339 460 1364 ter
482 1334 588 1364 maior
610 1343 659 1364 me
682 1338 737 1363 est.
762 1333 795 1364 Si
811 1334 896 1363 enirn
914 1332 1057 1363 Christus
1082 1332 1225 1363 absolute
1242 1338 1272 1362 et
1287 1332 1472 1372 simpliciter

410 1378 496 1413 dixit,
513 1378 610 1408 Pater
626 1377 732 1407 maior
746 1386 796 1407 me
811 1382 865 1412 est,
883 1376 971 1417 quod
988 1382 1034 1407 est
1050 1376 1164 1412 dicere,
1187 1376 1262 1417 Ego
1278 1385 1349 1407 sum
1365 1376 1473 1407 minor

410 1423 526 1459 Patre;
557 1427 588 1451 et
610 1421 696 1451 idem
720 1426 766 1451 est
789 1421 945 1451 iudicium
968 1420 1007 1450 de
1030 1421 1088 1450 ista
1112 1426 1142 1451 et
1165 1420 1204 1450 de
1228 1420 1297 1456 illa,
1325 1420 1471 1452 Christus

410 1470 457 1497 est
478 1471 638 1500 creatura,
663 1471 700 1495 ut
714 1465 748 1494 in
763 1465 864 1495 littera
879 1464 1010 1495 dicitur:
1036 1473 1237 1503 consequens
1254 1470 1301 1495 est
1315 1470 1351 1494 ut
1367 1464 1471 1496 dicere

410 1511 488 1540 haec
519 1519 585 1540 non
608 1510 647 1539 sit
678 1509 916 1539 communicare
946 1509 979 1538 in
1003 1508 1166 1538 vocabulis
1197 1517 1272 1538 cum
1295 1509 1470 1545 haereticis,

410 1553 465 1584 sed
489 1554 598 1583 sectari
622 1553 813 1592 Evangelica
835 1553 947 1588 verba,
981 1551 1174 1582 destruendo
1205 1557 1312 1582 tamen
1342 1561 1471 1583 sensum

410 1598 650 1628 haereticorum.
674 1596 749 1626 Non
773 1597 858 1626 enim
882 1596 1088 1636 prohibemur
1103 1596 1193 1635 loqui
1218 1601 1249 1625 et
1272 1595 1471 1635 frequentare

410 1642 589 1672 locut-iones
616 1650 722 1671 sacrae
745 1640 924 1680 Scripturae
947 1640 1029 1670 male
1054 1641 1211 1679 expositas
1234 1640 1272 1669 ab
1296 1640 1470 1670 haereticis.

410 1686 580 1725 Alioquin,
610 1690 771 1724 oporteret
793 1693 916 1714 novum
940 1693 1065 1724 semper
1088 1683 1222 1714 modum
1246 1683 1401 1723 loquendi
1424 1685 1472 1714 in—

410 1730 534 1760 venire:
560 1728 649 1768 quod
672 1734 718 1758 est
741 1728 876 1758 fatuum.

468 1772 520 1803 Ad
542 1773 605 1802 hoc
629 1772 742 1802 dicitur
769 1771 857 1812 quod
881 1772 1023 1802 Salvator
1045 1781 1111 1802 non
1135 1771 1211 1802 dixit
1234 1772 1302 1801 sine
1326 1770 1473 1802 determi—

412 1818 550 1851 natione,
574 1817 671 1846 Pater
693 1816 799 1846 maior
817 1826 866 1846 me
889 1821 944 1846 est.
969 1816 1133 1853 Quoniam
1157 1815 1306 1855 apposuit
1328 1816 1409 1846 hanc
1425 1816 1473 1846 lo-

413 1861 576 1891 cutionem
599 1866 635 1890 ut
658 1861 814 1890 rationem
837 1859 1070 1899 praecedentis,
1103 1859 1142 1889 de
1165 1859 1270 1899 seipso
1294 1859 1472 1890 secundum

413 1910 607 1944 assumptam
621 1909 766 1934 naturam
782 1903 951 1943 loquentis.
969 1903 1022 1933 Ait
1038 1903 1139 1933 enim:
1159 1902 1349 1933 Gauderetis
1365 1903 1473 1944 utique

412 1949 488 1989 quia
512 1948 594 1978 vado
618 1947 661 1978 ad
683 1948 820 1983 Patrem,
845 1948 920 1987 quia
942 1948 1041 1977 Pater
1063 1947 1170 1977 maior
1191 1956 1241 1977 me
1259 1951 1314 1977 est.
1340 1946 1473 1978 Constat

414 1993 499 2023 enim
524 1991 645 2032 liquido
670 1991 758 2031 quod
781 1991 959 2022 secundum
982 1992 1155 2022 humanam
1171 1995 1317 2021 naturam
1332 1991 1419 2021 vadit
1433 1991 1473 2022 ad

413 2037 538 2066 Patrem
557 2037 632 2076 quia
655 2037 745 2066 Pater
760 2036 861 2066 maior
877 2040 923 2066 est
938 2036 1026 2075 ipso:
1051 2035 1164 2075 procul
1180 2034 1278 2065 dubio
1295 2035 1473 2066 secundum

413 2081 499 2110 illam
522 2085 667 2110 naturam
690 2079 867 2110 secundum
883 2089 980 2119 quam
1003 2078 1088 2109 vadit
1107 2078 1146 2109 ad
1162 2079 1304 2115 Patrem;
1329 2079 1473 2120 alioquin

414 2125 572 2154 maioritas
602 2133 669 2154 non
692 2129 772 2154 esset
795 2123 873 2153 ratio
899 2123 994 2153 eundi
1018 2122 1057 2153 ad
1080 2123 1214 2153 Patrem.
1250 2122 1297 2152 Ex
1321 2129 1473 2154 contextu

414 2169 508 2208 igitur
531 2168 661 2203 litterae,
686 2177 751 2208 quo
776 2167 935 2198 maioritas
954 2167 1052 2197 Patris
1076 2167 1155 2196 ratio
1173 2167 1269 2197 eundi
1293 2166 1332 2197 ad
1347 2167 1473 2198 Patrem

414 2213 554 2252 ponitur,
579 2211 804 2242 determinatur
826 2211 985 2241 maioritas
1008 2211 1077 2250 ipsa
1099 2211 1198 2240 Patris
1222 2210 1261 2241 ad
1284 2211 1401 2241 Filium
1425 2221 1473 2242 se-

415 2255 557 2286 cundum
580 2256 752 2286 humanam
775 2261 929 2290 naturam,
954 2254 1131 2285 secundum
1149 2264 1246 2295 quam
1261 2255 1347 2285 vadit
1362 2255 1474 2286 adPa-

1115 286 1378 334 QUAESTIO
1408 285 1512 333 XVI,
1542 285 1834 323 ARTICULUS
1862 286 1914 323 IX

1526 369 1616 394 trem.
1641 364 1717 394 Non
1741 369 1788 394 est
1811 374 1886 404 ergo
1909 364 2110 404 Evangelica‚
2135 364 2191 395 sed
2212 365 2329 396 Ariana
2351 375 2424 402 vox,
2443 365 2590 398 Christus

1526 413 1573 438 est
1594 408 1703 438 minor
1724 409 1830 444 Patre,
1858 408 2004 439 Christus
2027 413 2075 439 est
2096 414 2257 440 creatura.

1582 451 1633 482 IV.
1659 451 1806 482 Secunda
1830 452 1995 482 conclusio
2011 453 2038 488 θ,
2062 461 2119 483 seu
2142 453 2249 493 potius
2272 453 2381 493 regula
2404 453 2588 484 universalis

1526 501 1591 526 est:
1622 495 1674 526 Ea
1700 504 1783 536 quae
1809 505 1875 526 non
1895 501 2036 536 possunt
2056 497 2215 537 suspicari
2238 497 2410 528 conuenire
2426 507 2589 538 personae

1528 539 1648 570 Christi
1659 539 1832 570 secundum
1844 543 1887 575 se,
1900 539 2045 570 absolute
2056 540 2266 581 affirmantur
2276 541 2316 572 de
2327 541 2466 577 Christo,
2478 550 2589 582 quam-

1526 583 1573 614 vis
1595 583 1700 614 solum
1725 583 1852 614 ratione
1875 588 2014 615 naturae
2035 584 2196 616 humanae
2218 585 2267 615 illi
2290 585 2492 616 conveniant.
2526 585 2589 616 Ubi

1525 633 1611 663 nota,
1636 627 1774 663 Novitie,
1798 627 1974 658 Auctorem
1997 628 2030 658 in
2045 628 2105 658 hac
2120 628 2221 659 littera
2245 628 2438 669 distinguere
2453 638 2490 660 ea
2505 638 2588 669 quae

1526 671 1722 701 conveniunt
1746 670 1873 702 Christo
1897 672 2018 702 ratione
2041 672 2200 703 humanae
2223 678 2363 709 naturae,
2387 673 2421 703 in
2445 672 2510 703 duo
2534 682 2589 713 ge-

1525 724 1611 746 nera.
1633 715 1716 746 Nam
1733 714 1891 755 quaedam
1906 721 1980 746 sunt
1995 725 2078 756 quae
2093 716 2127 746 in
2143 715 2374 748 dubitationem
2389 717 2498 749 venire
2513 726 2589 758 pos-

1525 765 1600 790 sunt
1623 769 1663 789 an
1686 759 1879 790 conveniant
1893 769 2050 800 personae
2070 759 2248 792 secundum
2264 770 2314 791 se:
2339 759 2498 801 quaedam
2511 769 2588 792 vero

1527 812 1609 843 quae
1633 802 1715 833 clare
1739 803 1910 833 convenire
1933 803 2152 844 intelliguntur
2174 804 2280 835 solum
2302 805 2425 836 ratione
2445 810 2587 836 naturae.

1526 847 1567 878 Et
1590 846 1628 877 de
1653 846 1796 877 secundo
1819 856 1934 887 genere
1958 847 2092 878 habetur
2114 848 2223 888 regula
2246 848 2336 889 quod
2358 849 2543 889 simpliciter
2558 854 2591 880 et

1526 891 1671 921 absolute
1694 890 1890 922 affirmantur
1913 890 1952 921 de
1977 891 2122 922 Christo:
2147 898 2183 922 ut
2201 901 2269 923 esse
2283 893 2486 932 crucifixum,
2501 902 2590 924 mor-

1526 939 1626 971 tuum,
1644 941 1703 966 etc.
1728 934 1778 965 De
1801 935 1906 975 primo
1930 941 2039 966 autem
2061 944 2178 976 genere
2200 936 2347 967 traditam
2362 945 2431 967 esse
2445 937 2590 978 regulam

1526 980 1725 1015 contrariam,
1750 979 1870 1010 scilicet
1893 979 1982 1019 quod
2004 989 2072 1010 non
2094 979 2288 1020 simpliciter,
2313 979 2369 1012 sed
2391 989 2467 1012 cum
2486 980 2589 1013 deter-

1525 1024 1701 1054 minatione
1725 1022 1909 1053 affirmanda
1932 1029 2006 1054 sunt
2029 1023 2068 1054 de
2092 1023 2237 1061 Christo,
2267 1029 2399 1055 testatur
2422 1030 2590 1056 contextus

1524 1067 1655 1104 litterae,
1681 1077 1765 1103 cum,
1789 1066 1943 1108 ponendo
1960 1067 2091 1098 secundi
2106 1068 2231 1108 generis
2245 1068 2398 1108 regulam,
2423 1068 2514 1100 dicit:
2537 1068 2590 1100 Ea

1525 1121 1601 1142 vero
1625 1111 1665 1142 de
1687 1111 1809 1152 quibus.
1833 1111 1893 1141 Per
1915 1111 1998 1142 hanc
2022 1110 2181 1152 siquidem
2204 1111 2397 1143 adversative
2421 1113 2590 1144 continua-

1525 1156 1648 1186 tionem
1663 1161 1767 1186 textus
1781 1155 1953 1186 insinuavit
1968 1155 2057 1196 quod
2073 1156 2106 1186 in
2122 1156 2183 1186 illis
2199 1155 2336 1192 duobus,
2348 1155 2468 1187 scilicet
2482 1155 2592 1188 minor

1524 1200 1622 1230 Patre
1645 1205 1676 1230 et
1698 1204 1860 1235 creatura,
1885 1200 1994 1230 omnia
2016 1200 2128 1230 similis
2142 1201 2267 1240 generis
2282 1200 2454 1237 intellexit;
2478 1210 2516 1231 ac
2533 1209 2591 1242 pet

1525 1244 1598 1279 hoc,
1622 1244 1835 1274 universalem
1858 1243 2010 1284 regulam.

1580 1288 1736 1318 Probatur
1757 1293 1866 1318 autem
1889 1288 1922 1318 in
1946 1288 2047 1318 littera
2070 1294 2206 1329 utraque
2228 1288 2338 1328 regula
2361 1298 2399 1319 ex
2422 1289 2592 1320 communi

1525 1342 1586 1363 usu
1609 1331 1763 1372 loquendi
1793 1333 1825 1362 in
1853 1332 2071 1372 corporalibus
2098 1332 2263 1364 humanis:
2296 1342 2334 1363 ex
2365 1342 2405 1364 eo
2436 1332 2527 1373 quod
2555 1333 2590 1369 in

1524 1376 1584 1407 illis
1601 1375 1775 1406 differentia
1790 1375 1975 1406 huiusmodi
1992 1382 2141 1406 servatur.
2167 1376 2415 1416 Distinguuntur
2430 1376 2590 1418 siquidem

1526 1426 1557 1451 et
1579 1421 1612 1451 in
1627 1420 1688 1450 illis
1712 1420 1897 1450 communia
1914 1420 1973 1450 toti
1990 1425 2021 1450 et
2035 1420 2126 1460 parti,
2143 1430 2161 1451 a
2177 1420 2313 1461 propriis
2328 1421 2419 1461 parti.
2443 1420 2486 1452 Et
2500 1430 2590 1452 com—

1525 1465 1644 1500 munia,
1670 1465 1695 1494 si
1714 1463 1892 1494 secundum
1908 1469 2031 1504 partem
2046 1469 2171 1495 tantum
2187 1465 2305 1500 insunt,
2321 1474 2389 1495 non
2405 1465 2590 1505 simpliciter

1525 1509 1731 1539 enuntiantur
1754 1507 1794 1538 de
1817 1513 1903 1538 toto:
1927 1517 1995 1538 non
2011 1509 2097 1538 enim
2113 1508 2249 1539 dicimus
2272 1508 2362 1548 quod
2385 1509 2529 1551 aethiops
2543 1515 2592 1541 est

1525 1552 1625 1587 albus,
1650 1551 1706 1582 sed
1729 1551 1818 1591 quod
1841 1557 1888 1582 est
1911 1551 2002 1582 albus
2025 1552 2142 1582 dentes.
2167 1551 2231 1583 Sed
2252 1552 2335 1583 bene
2350 1551 2485 1583 dicimus
2500 1553 2591 1594 quod

1526 1601 1573 1626 est
1596 1595 1740 1636 crispus:
1764 1596 1909 1635 quamvis
1933 1595 2020 1625 solos
2044 1596 2177 1636 capillos
2199 1595 2314 1626 habeat
2336 1596 2467 1636 crispos.

1581 1640 1619 1670 V.
1644 1639 1685 1669 Et
1708 1640 1787 1669 scito
1810 1639 1863 1669 hic
1886 1643 2032 1669 neutram
2068 1639 2285 1670 obiectionem
2308 1639 2468 1676 Durandi,
2492 1641 2526 1671 in
2549 1640 2591 1672 111

1527 1684 1624 1719 Sem„
1638 1683 1707 1714 dist.
1722 1693 1752 1713 xr
1764 1683 1791 1719 ξ
1808 1682 1942 1713 militare
1959 1688 2069 1713 contra
2084 1688 2285 1723 praesentem
2301 1682 2495 1714 doctrinam:
2516 1685 2592 1725 quia
2618 1693 2630 1704 ·

1527 1728 1567 1758 ad
1582 1737 1649 1758 rem
1666 1728 1768 1767 ipsam
1792 1731 1936 1766 spectant
1958 1727 2080 1757 ambae.
2104 1727 2228 1757 Auctor
2243 1732 2351 1758 autem
2366 1727 2407 1758 ad
2422 1727 2592 1760 dubitatio-

1526 1781 1602 1803 nem
1627 1777 1657 1802 et
1681 1780 1819 1801 errorem
1842 1769 2008 1801 vitandum
2023 1770 2134 1807 tendit,
2151 1776 2183 1802 et
2198 1780 2293 1811 super
2319 1771 2382 1802 hoc
2406 1771 2519 1803 fundat
2533 1771 2592 1805 do-

1528 1816 1661 1847 ctrinam
1680 1815 1778 1846 hanc:
1803 1820 1839 1845 ut
1861 1820 1948 1855 patet
1971 1815 2004 1845 in
2027 1815 2138 1845 littera.

1582 1859 1623 1890 Et
1646 1864 1814 1900 propterea
1837 1868 1897 1889 nec
1921 1858 2024 1888 obstat
2047 1858 2136 1898 quod
2158 1858 2302 1890 Christus
2318 1859 2432 1890 dicitur
2447 1859 2592 1893 absolute

1527 1904 1656 1945 genitus
1680 1913 1721 1934 ex
1745 1902 1856 1933 Maria
1877 1902 2018 1943 Virgine.
2035 1920 2056 1925 —
2079 1902 2148 1933 Nec
2174 1903 2278 1933 obstat
2293 1903 2382 1944 quod
2396 1904 2538 1935 humana
2560 1908 2592 1936 et

1529 1948 1635 1978 divina
1657 1953 1779 1982 natura,
1797 1951 1851 1977 aut
1877 1947 2092 1986 suppositum,
2113 1956 2180 1977 non
2207 1956 2240 1977 se
2263 1947 2382 1978 habent
2410 1953 2447 1978 ut
2467 1953 2591 1989 partes,

1527 1993 1609 2023 sicut
1633 1991 1738 2031 capilli
1762 1996 1794 2021 et
1817 1990 1946 2021 dentes:
1970 1999 2031 2021 nec
2054 1990 2276 2031 praedicantur
2298 1990 2339 2022 de
2355 1991 2492 2029 Christo,
2509 1993 2592 2024 sicut

1528 2037 1669 2076 crispum
1685 2040 1739 2065 aut
1755 2035 1864 2065 album
1881 2044 1958 2065 esse.
1975 2035 2213 2075 Argumentum
2225 2035 2312 2066 enim
2327 2044 2346 2066 a
2357 2036 2453 2067 simHi
2467 2037 2591 2077 optime

1528 2080 1623 2110 servit
1645 2078 1685 2109 ad
1708 2078 1844 2109 modum
1867 2078 2023 2119 loquendi
2045 2078 2340 2119 comprobandum,
2372 2079 2530 2121 quidquid
2551 2081 2592 2113 eit

1529 2123 1568 2154 de
1591 2132 1698 2153 rerum
1722 2121 1913 2162 disparitate.
2558 2146 2559 2149 η

1583 2167 1636 2197 VI.
1661 2167 1696 2197 ln
1720 2167 1930 2207 responsione
1957 2166 1997 2198 ad
2019 2167 2172 2208 primum,
2196 2167 2322 2198 adverte
2349 2168 2591 2209 responsionem

1528 2221 1595 2242 non
1618 2211 1840 2246 voluntariam,
1864 2210 1919 2241 sed
1943 2217 2104 2252 sumptam
2128 2221 2166 2242 ex
2188 2216 2276 2242 textu
2300 2212 2440 2252 Magistri
2458 2211 2592 2250 Senten-

1528 2257 1654 2291 tiarum,
1670 2255 1704 2285 in
1727 2255 1848 2290 Tertio,
1866 2254 1935 2285 dist.
1952 2265 1993 2291 xr,
2010 2256 2065 2286 ubi
2089 2256 2167 2286 haec
2189 2260 2340 2286 tractat-ur
2361 2257 2502 2287 materia.
2548 2287 2549 2290 ,

1230 2405 1548 2447 ARTICULUS
1578 2406 1780 2448 NONUS

756 2508 912 2539 UTRUM
935 2508 1041 2538 ILLE
1061 2507 1210 2544 HOMO,
1236 2507 1567 2540 DEMONSTRATO
1593 2508 1794 2545 cnmsro,
1818 2507 2101 2539 JNCOEPERJT
2117 2507 2229 2538 ESSE

1104 2595 1135 2619 111
1155 2595 1238 2625 Sent„
1258 2595 1315 2621 dist.
1335 2602 1379 2624 ΧΠ,
1398 2603 1442 2628 qu.
1461 2603 1484 2626 ις
1502 2595 1546 2620 Ad
1564 2595 1651 2625 Rom„
1671 2603 1727 2629 cap.
1746 2603 1763 2624 ι,
1782 2595 1840 2621 lect.
1858 2603 1896 2621 m.

467 2719 476 2726 ,
596 2698 601 2708 ‹
626 2689 647 2713 D
676 2687 803 2712 NONUM
831 2687 883 2712 Sic
911 2686 1147 2712 PROCEDITUR.
1177 2673 1337 2711 Videtur
1369 2675 1476 2723 quod

627 2729 687 2765 ille
705 2730 827 2774 homo,
847 2727 1110 2764 demonstrato
1132 2727 1295 2774 Christo,
1311 2729 1476 2776 incoepe-

608 2779 674 2818 rit
702 2794 787 2818 esse.
822 2780 922 2817 Dicit
955 2779 1059 2816 enim
1089 2780 1338 2828 Augustinus,
1367 2792 1478 2829 super

627 2837 734 2871 Ioan.
755 2834 794 2870 ³⁶:
823 2834 1044 2882 Priusquam
1076 2833 1234 2869 mundus
1271 2839 1379 2878 esset,
1411 2845 1478 2869 nec

420 2899 486 2923 nos
513 2899 676 2933 eramus,
707 2899 773 2923 nec
801 2888 877 2935 ipse
904 2886 1084 2922 mediator
1109 2886 1183 2922 Dei
1208 2891 1241 2922 et
1267 2887 1475 2931 hominum,

420 2941 529 2976 homo
561 2941 723 2976 Christus
741 2941 854 2975 Iesus.
886 2939 961 2975 Sed
982 2938 1074 2974 illud
1094 2939 1199 2987 quod
1219 2950 1299 2975 non
1325 2949 1478 2987 semper

420 2991 498 3038 suit,
528 2991 692 3041 incoepit
720 3004 812 3028 esse.
843 2992 944 3039 Ergo
973 2990 1032 3027 ille
1061 2991 1193 3039 homo,
1217 2991 1476 3028 demonstrato

423 3044 584 3089 Christo,
614 3044 778 3093 incoepit
806 3056 898 3080 esse.

477 3109 510 3132 2.
544 3097 780 3143 Proernam,
812 3096 983 3133 Christus
1020 3095 1186 3146 incoepit
1223 3108 1304 3133 esse
1342 3097 1474 3134 homo.

423 3149 499 3185 Sed
527 3160 607 3184 esse
627 3148 825 3185 hominem
854 3156 908 3185 est
936 3161 1017 3186 esse
1037 3149 1265 3198 simpliciter.
1296 3150 1397 3198 Ergo
1417 3149 1476 3186 ille

424 3201 543 3237 horno
572 3200 736 3249 incoepit
764 3213 844 3236 esse
873 3201 1099 3250 simpliciter.

479 3252 511 3288 3.
542 3252 772 3299 PRAETEREA,
801 3253 910 3290 homo
939 3253 1115 3302 importat
1134 3254 1377 3304 suppositum
1405 3255 1476 3292 hu-

425 3316 560 3341 manae
589 3312 756 3341 naturae.
796 3304 871 3341 Sed
901 3305 1071 3342 Christus
1108 3319 1185 3343 non
1221 3307 1288 3344 fuit
1325 3319 1477 3357 semper

426 3356 666 3414 suppositum
703 3357 896 3392 humanae
924 3365 1090 3394 naturae.
1129 3360 1229 3407 Ergo
1259 3360 1379 3397 homo
1416 3360 1475 3397 ille

428 3416 590 3456 incoepit
618 3420 710 3444 esse.

481 3460 552 3496 SED
581 3472 721 3497 CONTRA
743 3471 807 3496 EST
826 3460 931 3509 quod
952 3459 1087 3497 dicitur
1106 3463 1202 3499 Heb.
1224 3464 1287 3500 ult.
1307 3464 1343 3501 *x
1374 3467 1476 3502 Iesus

432 3510 592 3547 Christus
620 3513 700 3548 heri
725 3518 758 3548 et
786 3512 902 3558 hodie,
932 3514 1007 3561 ipse
1034 3518 1066 3549 et
1094 3515 1130 3550 in
1159 3517 1315 3553 saecula,

484 3564 701 3601 Rssrrmmzo
730 3576 907 3601 monimum
943 3565 1047 3613 quod
1078 3577 1155 3602 non
1184 3574 1238 3603 est
1270 3567 1476 3606 dicendum

1531 2676 1637 2724 quod
1666 2676 1726 2712 ille
1752 2677 1881 2722 homo,
1910 2675 2171 2712 demonstrato
2193 2674 2363 2722 Christo,
2393 2677 2593 2727 incoeperit

1531 2740 1626 2774 esse,
1657 2728 1686 2764 si
1715 2727 1808 2764 nihil
1846 2728 2017 2765 addatur.
2056 2729 2105 2764 Et
2141 2729 2217 2764 hoc
2252 2728 2395 2778 duplici
2432 2729 2589 2767 ratione.

1531 2780 1662 2817 Primo
1690 2780 1861 2830 quidem,
1882 2780 1972 2829 quia
1994 2780 2135 2817 locutio
2164 2789 2219 2817 est
2247 2781 2465 2830 simpliciter
2486 2782 2590 2831 falsa,

1531 2833 1747 2870 secundum
1766 2833 1993 2870 sententiam
2013 2833 2232 2871 Catholicae
2260 2833 2352 2871 fidei
2370 2833 2402 2882 ¹⁸⁸,
2422 2846 2500 2884 qua
2521 2845 2591 2885 po-

1532 2885 1660 2922 nimus
1688 2885 1726 2922 in
1767 2886 1918 2923 Christo
1955 2898 2080 2923 unum
2118 2885 2362 2936 suppositum
2397 2894 2435 2924 et
2470 2898 2591 2925 unam

1531 2938 1781 2988 hypostasim,
1801 2938 1897 2975 sicut
1916 2947 1952 2976 et
1971 2951 2090 2976 unam
2116 2951 2334 2988 personam.
2365 2939 2588 2977 Secundum

1531 2992 1607 3028 hoc
1635 2991 1739 3028 enirn
1759 2999 1907 3041 oportet
1926 2993 2033 3041 quod
2061 2991 2100 3028 in
2129 2993 2205 3029 hoc
2227 2992 2335 3041 quod
2362 2991 2510 3039 dicitur,
2530 2992 2591 3030 ille

1530 3045 1652 3090 homo,
1683 3044 1943 3082 demonstrato
1974 3044 2141 3091 Christo,
2171 3045 2388 3093 designetur
2414 3043 2589 3094 supposi-

1531 3104 1614 3133 tum
1643 3104 1862 3134 aeternum:
1900 3097 2010 3134 cuius
2038 3097 2246 3135 aeternitati
2283 3104 2468 3147 repugnat
2498 3096 2589 3134 inci·

1531 3161 1621 3199 pere
1641 3162 1734 3186 esse.
1764 3150 1875 3188 Unde
1896 3151 1991 3188 haec
2018 3158 2073 3188 est
2100 3150 2208 3188 falsa:
2237 3151 2316 3188 Hic
2337 3150 2448 3187 homo
2470 3151 2589 3187 incoe-

1525 3205 1582 3252 pit
1609 3215 1694 3240 esse.
1723 3225 1748 3229 -
1777 3203 1860 3240 Nec
1888 3203 2011 3240 obstat
2047 3203 2154 3253 quod
2191 3202 2356 3252 incipere
2384 3213 2466 3240 esse
2498 3213 2589 3240 con-

1531 3254 1634 3292 venit
1653 3256 1847 3293 humanae
1866 3264 2037 3303 naturae,
2058 3268 2158 3305 quae
2176 3252 2409 3304 significatur
2426 3266 2496 3304 per
2514 3255 2589 3293 hoc

1531 3320 1676 3346 nomen
1710 3310 1843 3346 homo.-
1869 3308 1960 3358 quia
1992 3309 2178 3346 terminus
2212 3307 2251 3345 in
2285 3307 2455 3345 subiecto
2490 3307 2589 3357 posi-

1530 3369 1591 3398 tus
1619 3373 1697 3398 non
1725 3369 1874 3398 tenetur
1901 3361 2107 3399 formaliter
2133 3372 2204 3410 pro
2240 3368 2386 3406 natura,
2411 3360 2478 3397 sed
2510 3372 2588 3398 ma·

1530 3413 1585 3462 gis
1612 3413 1854 3451 materialiter
1880 3426 1951 3464 pro
1980 3413 2178 3464 supposito
2196 3412 2228 3460 ²⁸,
2257 3420 2299 3450 ut
2325 3423 2440 3462 supra
2465 3412 2506 3434 *¹⁸
2533 3412 2588 3450 di-

1530 3474 1635 3503 ctum
1663 3474 1728 3504 est.

1585 3519 1765 3556 Secundo
1793 3519 1895 3568 quia,
1916 3518 2031 3558 etiam
2055 3518 2086 3556 si
2105 3526 2202 3557 esset
2228 3529 2330 3564 vera,
2351 3530 2431 3555 non
2458 3525 2588 3556 tamen

1531 3578 1627 3607 esset
1647 3583 1691 3608 ea
1710 3572 1899 3610 utendum
1927 3572 2072 3621 absque
2096 3569 2422 3619 determinatione,
2442 3570 2492 3608 ad
2510 3570 2587 3608 evi·

2615 455 2625 465 ⁴
2640 453 2676 476 ef.
2690 459 2756 476 num.
2770 460 2787 477 r.
2808 464 2814 471 x
2834 464 2836 467 >

2616 3415 2775 3469 23:322
2799 3431 2808 3470 ,ζ
2851 3460 2856 3467 .
