2872 3970
336 227 383 252 22
1071 217 1333 264 QUAESTIO
1363 217 1410 264 11,
1439 216 1731 254 ARTICULUs
1759 217 1773 253 1

494 574 495 577 Ν
1008 499 1420 578 QUAEsTlo
1464 499 1846 556 SECUNDA

358 632 443 672 DE
476 630 654 671 MODO
690 629 936 670 UNIONIS
958 629 1139 669 VERBI
1171 627 1507 668 INCARNATI
1542 626 1848 678 QUANTUM
1881 628 1967 669 AD
2001 628 2184 671 IPSAM
2217 629 2497 671 UNIONEM

1123 751 1157 776 IN
1186 751 1369 776 DUODECIM
1397 750 1597 776 ARTICULOS
1624 750 1737 775 DrVISA

424 860 529 884 EINDE
566 845 889 883 considerandum
927 852 980 880 est
1015 844 1063 880 de
1098 844 1218 880 modo
1248 842 1430 887 unionis}

424 899 539 937 Verbi
575 898 756 936 incarnati
784 897 814 933 ²¹⁸.
854 898 902 933 Et
940 896 1088 945 primo,
1126 903 1315 944 quantum
1353 895 1402 932 ad

342 953 464 1001 ipsam
483 951 688 993 unionem;
717 950 898 995 secundo,
920 956 1108 998 quantum
1128 948 1177 985 ad
1195 960 1402 997 personam

342 1012 601 1042 assumentem
619 1003 659 1049 *3
689 1002 816 1049 tertio,
846 1009 1035 1051 quantum
1064 1001 1113 1037 ad
1141 1009 1317 1038 naturam
1345 1013 1402 1038 as-

343 1065 537 1106 sumptam
556 1056 586 1092 ²¹².

343 1109 453 1147 Circa
480 1109 652 1158 primurn
680 1115 917 1157 quaeruntur
945 1106 1164 1144 duodecim.

396 1162 546 1199 Primo:
576 1169 707 1198 utrum
743 1160 837 1197 unio
866 1159 982 1197 Verbi
1018 1158 1200 1196 incarnati
1229 1159 1273 1196 sit
1309 1159 1405 1195 facta

449 1215 488 1251 in
517 1221 662 1251 natura.

398 1267 597 1305 Secundo:
627 1274 758 1303 utrum
787 1265 833 1302 sit
860 1265 955 1302 facta
984 1264 1022 1301 in
1050 1277 1226 1314 persona.

397 1319 548 1357 Tertio:
578 1326 709 1356 utrum
741 1319 787 1355 sit
814 1319 909 1355 facta
938 1317 975 1354 in
1013 1317 1212 1367 supposito
1247 1319 1308 1354 vel
1336 1317 1405 1366 hy-

450 1372 603 1421 postasi.

397 1426 566 1472 Quarto:
597 1432 726 1461 utrum
762 1435 926 1472 persona
954 1425 1014 1459 vel
1048 1422 1262 1472 hypostasis
1301 1422 1406 1459 Chri-

450 1478 494 1514 sti
522 1485 607 1526 post
636 1476 936 1513 incarnationem
965 1475 1010 1511 sit
1037 1474 1262 1524 composita.

1510 842 1677 890 Quinto:
1707 851 1838 880 utrum
1875 843 1920 881 sit
1947 845 2044 882 sacta
2078 845 2205 895 aliqua
2236 846 2330 883 unio
2367 845 2520 883 animae

1563 903 1598 932 et
1625 895 1798 945 corporis
1826 895 1865 936 in
1894 897 2059 935 Christo.

1511 948 1646 985 Sexto:
1667 956 1799 985 utrum
1814 957 1948 986 natura
1963 951 2135 987 humana
2148 950 2258 988 fuerit
2272 950 2378 988 unita
2388 950 2520 988 Verbo

1564 1001 1853 1038 accidentaliter.

1512 1054 1706 1102 Septimo:
1737 1061 1868 1091 utrum
1887 1054 1969 1104 ipsa
1988 1055 2081 1092 unio
2110 1055 2156 1093 sit
2174 1055 2316 1105 aliquid
2335 1064 2519 1094 creatum.

1512 1107 1683 1143 Octavo:
1712 1114 1843 1144 utrum
1871 1106 1916 1144 sit
1944 1107 2047 1145 idem
2075 1109 2182 1157 quod
2211 1108 2434 1158 assumptio.

1511 1159 1649 1196 Nono:
1679 1167 1809 1196 utrum
1840 1159 1885 1196 sit
1913 1160 2083 1200 maxima
2110 1161 2313 1199 unionum.

1511 1211 1694 1249 Decimo:
1723 1220 1855 1249 utrum
1891 1212 1986 1250 unio
2020 1213 2188 1251 duarum
2225 1222 2449 1252 naturarum
2482 1213 2521 1251 in

1567 1264 1719 1302 Christo
1747 1265 1858 1302 fuerit
1885 1265 1980 1302 facta
2008 1278 2077 1315 per
2103 1266 2273 1316 gratiam.

1512 1317 1749 1355 Undecimo:
1779 1325 1910 1357 utrum
1930 1330 2016 1355 earn
2045 1319 2172 1369 aliqua
2191 1319 2325 1356 merita
2349 1331 2522 1369 praeees-

1566 1378 1692 1406 serint.

1513 1422 1778 1460 Duodecimo:
1809 1430 1939 1460 utrum
1975 1423 2102 1473 aliqua
2134 1424 2250 1473 gratia
2270 1430 2287 1447 ‘¹
2314 1425 2424 1463 fuerit
2452 1426 2522 1462 ho-

1566 1474 1660 1512 mini
1690 1475 1842 1512 Christo
1870 1475 2061 1513 naturalis.

103 911 154 934 'Cf.
161 911 312 939 qu.1‚1nxrod.

102 1016 111 1024 ·
128 1015 176 1041 Qu.
192 1020 225 1035 ιιι.

103 1068 112 1077 ⁸
128 1066 175 1093 Qu.
193 1071 224 1087 iv.

1156 1591 1475 1634 ARTICULUS
1506 1592 1712 1634 PRIMUS

759 1695 912 1726 UTRUM
936 1694 1041 1725 uuio
1066 1693 1193 1724 VERm
1218 1693 1457 1724 INCARNATI
1486 1693 1552 1724 SlT
1576 1693 1723 1724 FACTA
1747 1693 1790 1724 IN
1814 1694 1905 1725 UNA
1927 1695 2109 1726 NATURA

539 1784 569 1808 111
590 1783 672 1812 Sent„
693 1782 750 1807 dist.
769 1790 793 1812 v,
807 1790 851 1814 qu.
870 1789 887 1811 1,
903 1787 949 1807 art.
971 1788 998 1810 2;
1019 1781 1052 1805 IV
1074 1782 1151 1806 Cont.
1172 1782 1262 1810 Gent„
1282 1788 1337 1812 cap.
1356 1787 1427 1809 xxxv,
1446 1787 1501 1810 ¹2¹3
1522 1780 1563 1805 De
1586 1781 1688 1806 Unione
1710 1780 1799 1810 Verbi,
1819 1787 1866 1807 art.
1887 1789 1916 1812 1;
1937 1783 1978 1808 De
2001 1782 2091 1812 Ver-it„
2110 1791 2155 1816 qu.
2173 1791 2213 1814 xx,
2232 1790 2278 1810 art.
2299 1792 2328 1816 ις

597 1818 739 1850 Compend.
763 1817 860 1847 neat..
880 1824 935 1849 cap.
954 1823 1028 1846 ccv1;
1048 1817 1077 1841 In
1099 1817 1182 1845 loun„
1202 1824 1256 1848 cap.
1275 1823 1293 1847 1,
1313 1816 1371 1841 lect.
1389 1822 1438 1845 vm
1457 1815 1501 1840 Aa
1513 1815 1598 1845 Rom.¹
1618 1823 1674 1848 cap.
1694 1823 1711 1846 1,
1727 1817 1784 1842 lect.
1803 1824 1835 1847 ¹¹3
1854 1817 1898 1842 Ad
1917 1818 2039 1850 Phuipp„
2059 1826 2114 1851 cap.
2133 1826 2160 1849 ιι,
2174 1820 2231 1845 lect.
2249 1827 2276 1845 n.

386 1938 394 1947 s
433 1922 445 1946 ιι
468 1932 533 1967 ,η
557 1920 579 1944 D
609 1918 743 1943 PRIMUM
772 1917 824 1942 stc
853 1916 1088 1942 PROCEmTUR.
1114 1903 1273 1940 Videtur
1301 1903 1407 1952 quod
1462 1903 1562 1950 dum,
1584 1917 1764 1954 nusquam
1792 1906 1935 1944 sublata
1963 1905 2171 1955 differentia
2193 1913 2413 1945 naturarum
2435 1921 2524 1958 pro-

481 1956 538 2003 5⁵3.
558 1959 651 1996 unio
680 1958 795 1995 Verbi
824 1957 1006 1994 incarnati
1035 1957 1079 1993 sit
1107 1957 1202 1993 sacta
1230 1956 1269 1992 in
1297 1968 1375 1992 una
1394 1954 1409 1985 β
1457 1962 1542 2005 pter
1561 1959 1748 1994 unionem.
1779 1959 1880 2007 Ergo
1900 1959 1994 1996 unio
2022 1971 2102 1996 non
2122 1968 2176 1996 est
2194 1960 2291 1997 facta
2318 1961 2357 1997 in
2376 1968 2523 1999 natura.

369 2042 376 2053 ,
498 1995 704 2050 'rnatura
736 2010 834 2047 Dicit
862 2010 964 2046 enim
995 2009 1173 2059 Cyrillus,
1200 2017 1235 2045 et
1263 2008 1408 2045 induci—
1435 2010 1437 2056 ξ
1516 2010 1740 2047 RESPONm-:o
1769 2023 1950 2049 mmmmm
1979 2013 2085 2060 quod
2113 2013 2161 2049 ad
2193 2012 2308 2050 huius
2336 2013 2525 2062 quaestio·

206 2075 222 2100 γ
407 2055 620 2101 ΨΘΧ
635 2064 673 2100 in
692 2063 803 2112 gestis
819 2062 978 2099 Concilii
994 2067 1008 2090 'f
1030 2060 1406 2099 Chalcedonensis*:
1436 2057 1437 2092 l
1463 2061 1520 2097 nis
1549 2062 1791 2110 evidentiam,
1820 2072 1969 2113 oportet
1997 2064 2237 2102 considerare
2265 2065 2359 2115 quid
2387 2065 2433 2103 sit
2460 2078 2526 2104 na-

110 2111 120 2120 ·
129 2109 189 2131 Part.
200 2109 230 2136 11,
241 2110 292 2130 Act.
304 2115 319 2130 ι.

206 2232 220 2255 δ

112 2340 122 2349 ·
136 2339 161 2360 In
177 2338 298 2366 symbolo.

209 2497 219 2512 Ξ

348 2120 437 2156 Νοη
467 2124 607 2167 oportet
643 2117 846 2166 intelligere
880 2116 971 2152 duas
1004 2121 1175 2160 naturas,
1203 2114 1269 2150 sed
1294 2125 1409 2150 unam
1436 2101 1437 2123 ¹
1462 2122 1558 2151 tura.
1593 2115 1803 2153 Sciendum
1831 2125 1886 2153 est
1922 2116 2033 2166 igitur
2060 2118 2166 2166 quod
2194 2130 2339 2156 nomen
2372 2125 2528 2157 naturae

350 2178 522 2209 naturam
559 2172 632 2207 Dei
665 2171 775 2207 Verbi
810 2170 1054 2205 incarnatam.
1094 2167 1212 2214 Quod
1251 2165 1410 2215 quidem
1436 2185 1438 2226 ἱ

349 2236 428 2261 non
449 2223 556 2260 fieret
574 2222 587 2245 δ
616 2222 686 2259 nisi
714 2221 808 2258 unio
837 2228 933 2257 esset
951 2220 989 2257 in
1009 2228 1156 2256 natura.
1186 2220 1288 2267 Ergo
1316 2218 1409 2256 unio
1436 2229 1438 2250 Α

348 2276 464 2313 Verbi
492 2275 673 2313 incarnati
701 2275 796 2311 sacta
825 2281 879 2310 est
908 2273 945 2309 in
974 2281 1119 2310 natura.
1436 2252 1438 2312 1

349 2381 540 2418 rationalis
560 2389 595 2418 et
619 2393 707 2417 caro
731 2378 965 2416 conveniunt
984 2378 1023 2415 in
1043 2378 1310 2415 constitutione
1339 2379 1410 2414 hu-

404 2341 437 2365 2.
468 2330 698 2372 PRAETEREA,
724 2325 952 2363 Athanasius
980 2325 1070 2362 dicit
1087 2325 1125 2362 *ε
1157 2324 1262 2362 Sicut
1281 2325 1411 2362 anima

1464 2179 1486 2203 a
1515 2167 1699 2205 nascendo
1737 2176 1791 2205 est
1819 2169 1965 2207 dictum
1993 2171 2055 2207 vel
2091 2179 2292 2220 sumptum
2311 2177 2330 2198 η
2347 2171 2378 2208 *.
2415 2172 2527 2210 Unde

1463 2219 1590 2269 primo
1621 2228 1675 2257 est
1702 2220 1927 2270 impositum
1960 2223 2036 2259 hoc
2064 2235 2209 2260 nomen
2237 2224 2286 2261 ad
2313 2223 2528 2272 significan·
2554 2228 2650 2258 tam·-
2663 2227 2704 2250 Μ’·
2723 2227 2770 2256 Wr

1465 2273 1561 2309 dum
1589 2274 1874 2321 generationem
1902 2275 2128 2323 viventium,
2149 2288 2248 2326 quae
2274 2276 2448 2314 nativitas
2465 2279 2528 2315 vel

1464 2326 1663 2374 pullulatio
1691 2326 1847 2364 dicitur:
1877 2335 1919 2365 ut
1946 2328 2094 2366 dicatur
2112 2336 2247 2366 natura
2274 2327 2383 2379 quasi
2412 2331 2527 2367 nasci·

1464 2384 1560 2416 tura.
1582 2400 1605 2406 -
1635 2379 1784 2416 Deinde
1803 2382 2027 2418 translatum
2046 2389 2102 2418 est
2128 2393 2274 2419 nomen
2301 2389 2459 2420 naturae
2478 2382 2527 2420 ad

349 2446 485 2471 manae
514 2442 681 2476 naturae,
703 2433 755 2469 sic
773 2433 879 2469 Deus
907 2439 943 2467 et
967 2432 1088 2468 homo
1117 2430 1353 2468 conveniunt
1370 2430 1411 2467 in
1466 2431 1761 2479 significandum
1795 2433 2027 2483 principium
2062 2434 2178 2473 huius
2209 2434 2472 2482 generationis.
2503 2457 2527 2464 -

349 2486 615 2524 constitutione
644 2485 802 2522 alicuius
830 2484 944 2521 unius
965 2492 1121 2521 naturae
1141 2489 1164 2520 ².
1196 2484 1296 2532 Ergo
1316 2483 1411 2520 facta
1437 2492 1439 2538 ξ
1466 2485 1514 2520 Et
1541 2485 1632 2533 quia
1659 2484 1892 2535 principium
1915 2485 2167 2535 generationis
2195 2487 2235 2524 in
2254 2487 2369 2524 rebus
2395 2487 2528 2525 viven-

349 2548 404 2576 est
432 2539 524 2576 unio
554 2539 592 2575 in
620 2547 766 2575 natura.

1437 2539 1439 2588 ξ
1465 2537 1566 2574 tibus
1595 2546 1649 2574 est
1676 2538 1936 2586 intrinsecum,
1956 2539 2112 2576 ulterius
2133 2539 2349 2577 derivatum
2377 2548 2432 2577 est
2459 2553 2528 2578 no-

405 2592 438 2628 3.
469 2593 700 2637 PRAETEREA,
721 2592 887 2627 duarum
907 2598 1131 2626 naturarum
1151 2602 1228 2626 una
1247 2601 1327 2626 non
1347 2589 1411 2626 de·
1437 2603 1439 2642 Ι
1466 2602 1557 2626 men
1586 2598 1743 2628 naturae
1771 2591 1819 2628 ad
1848 2591 2141 2640 significandum
2167 2592 2364 2642 quodlibet
2390 2593 2529 2642 princi-

350 2644 572 2681 nominatur
607 2656 652 2680 ex
680 2645 795 2680 altera
833 2643 903 2679 nisi
932 2643 1060 2691 aliquo
1100 2643 1220 2679 modo
1250 2642 1288 2678 in
1316 2641 1411 2678 invi·
1437 2656 1439 2696 g
1466 2643 1576 2691 pium
1604 2643 1852 2681 intrinsecum
1879 2653 2026 2681 motus:
2057 2645 2272 2682 secundum
2301 2646 2408 2695 quod
2440 2645 2529 2683 Phi-

350 2710 435 2734 cem
454 2704 764 2733 transmutentur.
787 2696 862 2733 Sed
882 2695 1011 2732 divina
1031 2703 1165 2732 natura
1185 2703 1220 2731 et
1239 2696 1412 2732 humana
1438 2698 1439 2734 i
1467 2697 1653 2745 losophus
1681 2696 1788 2743 dicit,
1818 2696 1857 2733 in
1885 2698 1915 2733 ΙΙ
1943 2699 2091 2746 Physic.
2111 2698 2286 2747 *‚-quod
2315 2704 2451 2736 natura
2478 2705 2529 2737 est
2556 2699 2567 2710 ⁸

351 2750 390 2786 in
411 2750 561 2786 Christo
581 2750 628 2786 ab
658 2749 823 2786 invicem
843 2748 1160 2785 denominantur:
1191 2747 1280 2784 dicit
1308 2748 1412 2784 enim
1461 2750 1689 2798 principium
1718 2755 1837 2786 motus
1860 2751 1897 2786 in
1926 2762 1969 2787 eo
1998 2752 2034 2787 in
2065 2763 2136 2800 quo
2156 2757 2206 2788 est
2227 2763 2301 2800 per
2326 2763 2366 2788 se
2393 2757 2426 2788 et
2453 2764 2528 2789 non

115 2809 324 2856 {Egjggissadse-
353 2803 514 2851 Cyrillus
533 2802 552 2823 ’⁸
580 2802 750 2838 divinam
779 2809 955 2838 naturam
983 2813 1064 2837 esse
1093 2803 1349 2845 incarnatam;
1376 2809 1412 2836 et
1438 2808 1440 2857 ζ
1466 2802 1667 2838 secundum
1695 2802 1875 2839 accidens.
1897 2823 1921 2830 -
1941 2803 2027 2840 Hoc
2051 2811 2180 2841 autem
2207 2803 2440 2853 principium
2467 2805 2530 2842 vel

115 2842 286 2883 ’essm-'XUL
352 2855 558 2903 Gregorius
577 2855 844 2891 Nazianzenus
863 2853 984 2890 dicit*
1003 2861 1178 2890 naturam
1199 2855 1412 2890 humanam
1438 2859 1440 2892 ἶ
1467 2854 1591 2891 forma
1619 2862 1683 2901 est,
1704 2856 1765 2891 vel
1793 2855 1961 2892 materia.
1991 2857 2103 2893 Unde
2129 2857 2366 2906 quandoque
2393 2864 2529 2894 natura

116 2918 237 2949 {Deme
250 2918 324 2943 Orth..
353 2920 433 2943 esse
453 2908 679 2955 deificatam‚·
698 2915 739 2944 ut
753 2915 854 2956 patet
873 2919 942 2955 per
961 2907 1247 2943 Damascenum
1258 2906 1289 2942 *.
1311 2907 1412 2954 Ergo
1439 2904 1440 2941 i
1468 2907 1605 2943 dicitur
1623 2907 1763 2944 forma:
1785 2908 2020 2957 quandoque
2035 2921 2128 2946 vero
2147 2909 2316 2946 materia.
2332 2930 2355 2937 -
2371 2910 2419 2946 Et
2438 2908 2528 2958 quia

115 2944 278 2996 iiii'iiiifw'
294 2951 324 2967 γ’·
354 2973 399 2996 ex
419 2961 568 2996 duabus
596 2960 739 2996 naturis
758 2960 909 2996 videtur
935 2971 1017 2995 esse
1045 2959 1140 2996 facta
1159 2971 1237 2996 una
1265 2966 1411 2996 natura.
1467 2959 1556 2996 finis
1583 2960 1835 3008 generationis
1863 2961 2043 2998 naturalis
2063 2970 2127 3009 est,
2148 2962 2188 2999 in
2215 2974 2262 2999 eo
2282 2962 2388 3011 quod
2415 2973 2527 3010 gene-

407 3014 479 3049 SED
508 3025 652 3049 CONTRA
672 3025 736 3049 EST
756 3013 862 3061 quod
883 3012 1018 3049 dicitur
1037 3011 1075 3048 in
1097 3011 1413 3049 determinatione
1468 3019 1582 3060 ratur,
1607 3014 1760 3050 essentia
1787 3015 1930 3063 speciei,
1959 3027 2070 3064 quam
2098 3017 2283 3065 significat
2309 3015 2470 3063 definitio
2488 3013 2526 3063 ¹⁸,

115 3068 324 3093 '¹¹³‘¹·¹¹vA0¹·v·
355 3065 513 3102 Concilii
543 3065 864 3102 Chalcedonensis
889 3064 928 3101 *z
967 3066 1197 3112 Confitemur
1230 3066 1267 3101 in
1298 3066 1414 3102 novis·
1469 3065 1557 3102 inde
1586 3073 1640 3101 est
1668 3066 1774 3115 quod
1803 3066 2027 3104 huiusmodi
2063 3067 2223 3104 essentia
2250 3066 2387 3116 speciei
2414 3079 2528 3105 voca-

213 3122 226 3150 ζ
353 3120 453 3154 simis
485 3118 609 3154 diebus
642 3118 776 3153 Filium
813 3119 885 3153 Dei
920 3116 1181 3166 unigenitum*
1210 3117 1413 3165 inconfuse,
1469 3126 1530 3154 tur
1558 3117 1668 3155 etiarn
1691 3126 1836 3156 natura.
1867 3120 1915 3157 Et
1943 3121 2018 3157 hoc
2037 3120 2157 3158 modo
2177 3118 2332 3156 Boetius
2350 3127 2527 3157 naturam

355 3170 646 3214 immutabiliter,
681 3170 851 3214 indivise,
887 3170 1177 3218 inseparabiliter
1213 3182 1415 3220 agnoscen-
1440 3189 1443 3220 i
1470 3170 1618 3215 definit,
1653 3171 1691 3207 in
1727 3171 1823 3209 libro
1861 3173 1905 3209 de
1936 3174 2090 3210 Duabus
2125 3173 2282 3210 Naturis
2307 3171 2338 3220 ²⁸,
2376 3171 2526 3210 dicens:

381 3335 385 3340 ·
410 3300 437 3358 ol?
455 3300 545 3332 aliqua
573 3300 672 3333 gratia.
694 3314 712 3318 -
737 3299 829 3332 gratia
857 3299 987 3330 BCGHIc,
1012 3301 1103 3332 gratia
1130 3301 1182 3326 Dei
1195 3302 1216 3331 b,
1230 3301 1323 3333 gratia
1341 3302 1416 3326 unio-

359 3342 398 3359 ms
434 3354 439 3359 .

411 3369 436 3402 β)
457 3377 517 3394 una.
530 3384 548 3388 —-
567 3370 627 3395 Om.
648 3370 675 3395 F.

411 3410 437 3442 γ)
459 3411 577 3436 Concilii.
590 3425 607 3428 —-
627 3411 646 3434 F
666 3416 691 3435 et
710 3411 796 3441 tertia;
817 3410 860 3434 IX
878 3410 996 3435 Concilii.

411 3444 436 3475 ὃ)
448 3446 537 3477 fieret.
549 3460 568 3464 —
586 3449 653 3470 esset
672 3446 735 3470 PGl.

412 3483 434 3511 ε)
454 3481 640 3506 Athanasius...
661 3481 738 3505 unius
763 3484 884 3505 naturae.
903 3495 921 3498 —
940 3480 1102 3505 Athanasius
1127 3481 1207 3505 dicit:
1226 3482 1301 3506 Sicut
1323 3482 1415 3507 anima

360 3515 499 3541 rationalis
512 3519 537 3540 et
549 3523 612 3541 caro
632 3524 698 3540 unus
718 3520 756 3541 est
775 3516 860 3543 homo,
875 3516 913 3540 ita
929 3516 999 3540 Deus
1013 3519 1037 3540 et
1051 3516 1127 3540 homo
1148 3523 1214 3540 unus
1233 3520 1271 3541 est
1287 3517 1414 3542 Christus.

1471 3303 1525 3327 Sed
1543 3304 1634 3329 anima
1654 3304 1793 3329 rationalis
1807 3309 1833 3329 et
1846 3311 1911 3329 caro
1928 3304 2088 3330 conveniunt
2101 3304 2128 3328 in
2142 3303 2330 3329 constitutione
2348 3304 2426 3329 unius
2439 3303 2530 3337 (unius

1443 3356 1444 3361 ,
1469 3347 1522 3364 om.
1544 3338 1635 3372 GHbc)
1655 3340 1788 3364 humanae
1807 3343 1928 3365 naturae.
1948 3339 1994 3364 Sic
2011 3346 2077 3372 ergo
2092 3339 2164 3364 Deus
2182 3341 2208 3364 et
2226 3339 2304 3364 homo
2322 3339 2482 3364 conveniunt
2500 3340 2526 3365 ἰη

1442 3389 1444 3404 2
1468 3374 1657 3400 constitutione
1676 3376 1754 3400 unius
1772 3374 1862 3407 (unius
1879 3382 1933 3400 om.
1952 3374 1983 3408 Ρ)
2001 3373 2114 3399 alicuius
2137 3377 2250 3399 naturae
2267 3374 2289 3399 E
2308 3378 2334 3399 et
2352 3374 2439 3405 tei-tiu
2459 3375 2527 3400 idem

1442 3406 1443 3436 ἶ
1469 3409 1489 3434 F
1509 3410 1608 3434 omisso
1629 3410 1700 3436 Sic...
1719 3413 1841 3435 naturae.

1521 3443 1546 3475 ζ)
1568 3445 1742 3478 unigenitum.
1754 3460 1774 3464 -
1792 3445 1818 3470 in
1838 3445 1940 3470 duabus
1959 3444 2064 3469 naturis
2083 3444 2180 3469 addunt
2194 3444 2214 3469 F
2228 3449 2253 3468 et
2271 3444 2344 3469 tertia
2363 3442 2464 3477 praeter
2475 3446 2528 3478 pH.

1522 3480 1549 3513 η)
1569 3480 1668 3505 dictum
1688 3482 1729 3506 ve!
1745 3483 1888 3512 sumptum.
1900 3494 1920 3499 -
1936 3484 2069 3512 sumptum
2090 3479 2171 3509 GlsH.
2191 3479 2289 3504 dIctum
2310 3479 2337 3505 Ρ.

2554 2177 2771 2225 ’cnm-timene-

2554 2261 2658 2304 ἕνῃ·
2673 2260 2706 2304 12²1,
2717 2262 2773 2303 *v*

2554 2297 2607 2331 ie'ct.
2622 2297 2645 2330 ι’
2709 2297 2715 2303 ’
2759 2297 2772 2310 '

2554 3011 2771 3061 3¹⁵{ss’tzzz‘x'

2555 3171 2565 3181 ⁰
2579 3170 2636 3198 cap.
2652 3176 2668 3192 ι.
