2872 3970
261 587 392 618 dieitur:
416 588 493 627 quia
515 588 686 618 rationalis
705 588 861 628 appetitus
883 597 1004 618 nornen
1021 594 1067 618 est
1081 589 1247 628 proprium
1262 598 1320 619 vo-

260 631 399 668 luntatis,
417 637 448 661 et
461 632 678 672 participative
694 632 800 662 solum
820 632 1094 662 communicatum
1116 633 1318 663 sensualitati.

1374 589 1544 663 rationalis,
1568 595 1599 620 et
1613 599 1739 630 semper
1752 591 1968 630 participative
1982 591 2139 628 voluntas,
2162 592 2195 622 in
2211 592 2355 631 quolibet
2370 602 2430 622 suo

1374 638 1448 663 actu
1506 634 1539 663 it.

933 291 1196 338 QUAESTIO
1226 293 1360 340 xv111,
1389 293 1680 331 ARTlcmus
1708 293 1754 331 111
2351 295 2425 332 233

15 372 58 413 ,1²
261 375 294 401 et
314 374 363 400 est
384 369 533 400 voluntas
550 369 786 410 participative.
820 369 990 399 Probatur:
1019 370 1094 409 quia
1115 370 1262 400 voluntas
1288 371 1321 400 in
1430 370 1481 401 111.
1505 371 1642 401 Adverte
1657 372 1710 402 hic
1733 371 1831 411 quod,
1849 373 1923 411 quia
1943 373 2047 402 omnis
2063 378 2169 403 motus
2185 374 2342 413 appetitus
2359 380 2430 403 sen-

20 410 61 455 ζ’·ἶ,
260 414 384 444 ratione
411 418 470 443 est.
505 413 588 444 Nam
621 414 702 443 sicut
728 423 746 443 a
771 414 893 443 ratione
919 414 1132 453 praecipiente
1162 414 1321 444 rationalis
1375 415 1458 445 sitivi
1472 415 1506 445 in
1519 414 1645 445 Christo
1661 415 1722 445 fuit
1732 416 1942 452 voluntarius3
1962 417 2115 456 quoniam
2131 418 2225 447 etiam
2236 422 2343 447 motus
2355 426 2431 457 pro-

27 456 69 491 νῖ
261 457 430 497 appetitus,
453 457 496 487 ita
519 466 537 486 a
558 457 723 487 voluntate
746 466 879 496 quoque
899 457 1112 497 praecipiente
1125 458 1322 488 voluntarius
1374 459 1435 498 prii
1457 459 1664 489 sensualitatis
1687 459 1721 489 in
1743 460 1871 499 propria
1894 460 2017 490 obiecta
2039 461 2208 490 voluntarii
2231 466 2331 496 erant,
2354 469 2430 491 nam

57 502 69 506 ”
262 501 430 541 appetitus,
454 501 511 540 qui
532 500 680 530 voluntas
695 506 836 536 vocatur,
854 500 916 530 dici
933 506 1049 540 potest.
1074 501 1187 537 Immo,
1205 511 1243 531 ex
1258 502 1321 531 hoc
1374 502 1551 532 voluntarie
1575 503 1712 538 esurivit,
1737 508 1769 533 et
1783 511 2044 543 unamquamque
2060 505 2174 534 virium
2197 505 2324 544 propria
2343 514 2430 534 exer-

17 558 23 570 :
39 554 81 590 “a'‘
261 544 332 584 ipso
356 543 446 584 quod
467 544 640 574 rationalis
661 544 819 584 appetitus
841 544 999 584 appetitus
1023 544 1146 581 dicitur,
1169 546 1320 575 voluntas
1376 555 1446 575 cere
1469 545 1640 585 disposuit:
1664 546 1738 576 ideo
1754 547 1787 576 in
1804 546 1930 577 Christo
1947 548 2104 587 appetitus
2121 549 2285 578 sensitivus
2305 557 2431 588 semper

1064 794 1381 837 ARTICULUS
1410 795 1638 837 TERTIUS

503 885 660 916 UTRUM
684 885 727 915 IN
752 885 941 916 CHRISTO
965 886 1156 916 FUERINT
1179 887 1298 917 DUAE
1321 887 1615 918 VOLUNTATES
1638 888 1858 926 QUANTUM
1881 888 1940 918 AD
1963 889 2192 919 RATIONEM

1090 964 1121 989 111
1141 965 1223 994 Sent„
1245 965 1304 990 dist.
1322 972 1383 995 xv11,
1402 970 1449 991 art.
1469 972 1493 996 1,
1513 966 1561 998 qun
1583 966 1605 990 3.

293 1067 351 1109 μὴ»
374 1069 446 1117 μζ(
473 1064 495 1088 D
514 1063 673 1089 TERTIUM
692 1063 744 1088 Sic
763 1064 997 1101 Pkocssnrrua.
1027 1051 1188 1089 Videtur
1212 1053 1319 1101 quod

286 1092 441 1161 Ἔζὺᾼὲιῆ
474 1104 514 1141 in
525 1103 677 1141 Christo
691 1104 846 1141 fuerunt
859 1105 959 1141 duae
970 1106 1184 1141 voluntates
1199 1117 1320 1154 quan-

278 1160 280 1165 ·
297 1139 439 1204 suabe
454 1154 459 1158 “
473 1164 558 1193 tum
577 1157 625 1193 ad
644 1157 843 1194 rationem.
874 1157 972 1194 Dicit
992 1157 1096 1194 enim
1115 1158 1320 1194 Damasce-

317 1185 414 1242 ἐξ)
428 1201 461 1244 N
474 1221 560 1253 nus,
581 1209 620 1245 in
648 1210 678 1245 II
706 1209 802 1246 libro
821 1209 852 1255 *,
874 1210 981 1258 quod
1008 1210 1151 1259 duplex
1170 1218 1225 1246 est
1252 1211 1321 1247 ho-

228 1258 236 1265 '
262 1260 378 1298 minis
405 1261 600 1299 voluntas:
631 1261 822 1308 naturalis,
850 1274 949 1311 quae
977 1270 1137 1299 vocatur
1164 1263 1323 1308 mele-sis,-

263 1312 301 1351 et
327 1312 530 1360 rationalis,
560 1326 659 1364 quae
686 1322 847 1351 vocatur
873 1315 1015 1352 bulesis.
1046 1315 1122 1352 Sed
1149 1315 1323 1352 Christus

263 1365 303 1403 in
330 1367 503 1404 humana
527 1374 663 1404 natura
688 1367 822 1404 habuit
850 1367 1039 1416 quidquid
1059 1368 1108 1405 ad
1126 1367 1322 1417 perfectio-

263 1427 356 1456 nem
392 1419 586 1457 humanae
619 1428 776 1457 naturae
812 1419 985 1469 pertinet.
1025 1421 1126 1469 Ergo
1162 1429 1323 1470 utraque

262 1471 545 1522 praedictarum
573 1474 817 1510 voluntatum
844 1473 912 1510 fuit
939 1473 979 1510 in
1009 1473 1171 1510 Christo.

318 1534 353 1561 2.
383 1523 622 1572 Pam-mm,
650 1526 709 1563 vis
738 1525 943 1575 appetitiva
977 1526 1256 1563 diversificatur
1285 1526 1324 1562 in

263 1576 423 1614 homine
461 1579 677 1615 secundum
712 1578 970 1616 diversitatem
1004 1578 1152 1616 virtutis
1189 1590 1324 1628 appre—

264 1629 465 1667 hensivae:
495 1629 649 1678 et'ideo‚
671 1631 887 1668 secundum
907 1631 1162 1668 differentiam
1190 1643 1324 1668 sensus

265 1686 302 1719 et
328 1682 551 1730 intellectus,
581 1683 857 1721 diversificatur
883 1683 923 1720 in
951 1683 1110 1721 homine
1136 1684 1324 1733 appetitus

265 1734 467 1772 sensitivus
496 1743 532 1772 et
551 1735 812 1773 intellectivus.
843 1737 919 1773 Sed
939 1736 1109 1773 similiter
1136 1745 1325 1786 quantum

265 1786 314 1826 ad
342 1789 693 1837 apprehensionem
721 1788 889 1826 hominis
923 1789 1079 1838 ponitur
1113 1789 1326 1826 differentia
1350 1810 1353 1824 .

264 1838 420 1878 rationis
449 1849 485 1878 et
512 1841 741 1879 intellectus:
772 1853 942 1890 quorum
961 1849 1170 1890 utrumque
1197 1842 1266 1878 fuit
1286 1841 1326 1878 in

266 1889 429 1930 Christo.
468 1894 570 1942 Ergo
596 1894 666 1931 fuit
703 1894 743 1931 in
775 1905 822 1931 eo
851 1894 993 1943 duplex
1020 1895 1218 1940 voluntas,
1248 1906 1327 1931 una

265 1944 538 1993 intellectualis,
567 1954 604 1983 et
631 1946 704 1984 alia
731 1946 934 1984 rationalis.

320 1998 354 2035 3.
381 1994 617 2045 ῬιιΑΕτΕιιεΑ,
637 2008 660 2036 a
683 1999 918 2048 quibusdam
935 1998 956 2021 ’¹‘
982 1999 1140 2048 ponitur
1157 1999 1197 2036 in
1218 1999 1326 2036 Chri-

231 2073 237 2079 ·
265 2051 323 2089 sto
347 2052 519 2089 voluntas
539 2054 696 2102 pietatis.
734 2053 846 2099 Quae
874 2058 955 2088 non
981 2060 1106 2101 potest
1133 2052 1227 2101 poni
1255 2052 1327 2089 nisi

265 2105 312 2142 ex
335 2110 446 2155 'parte
474 2105 640 2142 rationis.
678 2103 781 2153 Ergo
810 2104 850 2141 in
878 2104 1031 2142 Christo
1060 2117 1107 2141 ex
1133 2112 1240 2154 parte
1270 2117 1326 2142 ra-

264 2155 379 2194 tionis
400 2165 496 2194 sunt
516 2158 651 2208 ‘plures
678 2158 906 2194 voluntates.

319 2210 394 2246 Sin>
421 2215 567 2247 com
593 2219 659 2247 Εετ
694 2210 800 2259 quod
835 2209 876 2246 in
903 2208 1074 2259 quolibet
1108 2209 1242 2247 ordine
1272 2218 1327 2247 est

162 2310 168 2317 ¹
231 2285 238 2291 -
265 2263 392 2299 tinum
417 2262 588 2311 primum
611 2268 777 2299 ‘movens
795 2261 826 2299 *.
864 2262 941 2299 Sed
968 2263 1145 2300 voluntas
1178 2270 1233 2300 est
1253 2263 1327 2312 pri-

162 2337 168 2344 ·
202 2311 240 2371 3³
265 2327 378 2352 mum
409 2327 572 2352 movens
606 2315 645 2352 in
681 2326 819 2363 genere
856 2315 1121 2352 humanorum
1158 2322 1326 2353 actuum.

265 2364 368 2416 Ergo
394 2366 434 2404 in
458 2378 540 2405 uno
568 2367 727 2405 homine
750 2378 836 2404 'non
864 2375 919 2404 est
942 2367 1018 2404 ‘nisi
1045 2379 1124 2405 una
1150 2370 1328 2405 voluntas

265 2415 420 2510 {geoptie
444 2417 554 2467 dicta,
570 2423 670 2470 quae
697 2428 752 2457 est
766 2421 947 2457 vvoluntas
966 2420 1132 2457 rationis.
1155 2421 1328 2458 Christus

286 2475 289 2479 '
333 2478 397 2510 em
412 2477 479 2510 'est
505 2481 607 2510 unus
635 2474 767 2510 horno.
793 2470 899 2521 Ergo
924 2473 968 2510 'in
994 2472 1146 2510 Christo
1166 2481 1221 2510 est
1247 2481 1328 2510 tan-

266 2525 352 2562 tuin
374 2529 458 2563 nna
477 2526 662 2567 ‘voluntas
690 2527 874 2563 humana.

320 2578 544 2616 Respowmzo
572 2581 753 2616 menmium
782 2578 901 2628 quod,
927 2578 1027 2615 ‘sicut
1055 2578 1198 2615 dictum
1221 2585 1275 2615 est
1293 2577 1324 2625 ³¹²,

266 2626 446 2668 vblu'ritas
480 2631 716 2682 quandoque
753 2631 937 2680 accipitur
969 2639 1040 2680 pro
1069 2631 1262 2680 potentia,
1292 2639 1328 2668 et

267 2679 503 2734 quandoque
531 2688 602 2734 pro
618 2688 720 2722 actu.
751 2679 792 2722 Si
811 2691 853 2720 er
878 2695 901 2721 0
920 2685 1098 2721 voluntas
1123 2684 1328 2733 accipiatur

266 2736 339 2785 pro
359 2738 465 2783 actu,
495 2737 548 2774 sic
576 2743 726 2787 oportet
752 2737 796 2774 *in
863 2737 981 2774 hristo
1011 2744 1188 2786 exparte
1217 2737 1327 2774 ratio-

267 2787 326 2825 nis
345 2789 498 2838 ‘ponere
526 2787 623 2827 duas
648 2792 888 2836 voluntates,
917 2789 1028 2836 idest,
1058 2789 1154 2827 duas
1183 2789 1326 2839 species

267 2840 426 2879 actuum
443 2842 660 2880 voluntatis.
683 2844 873 2880 Voluntas
893 2842 1009 2889 enim,
1029 2849 1071 2879 ut
1090 2842 1129 2879 in
1149 2843 1327 2880 Secunda

181 2910 188 2918 ·
233 2911 240 2924 ›
267 2894 377 2931 Parte
391 2894 412 2916 '¹‘
430 2895 576 2932 dictum
595 2903 662 2942 est,
682 2903 719 2932 et
738 2902 793 2932 est
810 2895 909 2943 finis,
934 2902 970 2931 et
996 2902 1051 2932 est
1070 2903 1207 2932 eorum
1227 2905 1326 2944 quae

267 2945 356 2983 stifft
370 2947 423 2985 ad
441 2947 578 2985 finem:
608 2949 644 2985 ἐ”τ
668 2948 741 2985 alio
756 2947 880 2985 modo
899 2947 1021 2984 'fertur
1046 2947 1086 2984 in
1104 2955 1325 2997 utrumque.

272 3108 275 3109 ⁷
320 3088 337 3105 α
365 3080 478 3118 aliquid.
493 3087 514 3099 ‘-
531 3080 604 3112 quod
621 3080 748 3114 est-addit
765 3080 846 3106 tertia.

315 3110 334 3149 B
364 3114 475 3144 εἲῠιίῗάε,
494 3111 573 3148 ςἰιοὶί.
590 3129 610 3134 -
627 3113 728 3146 Tertia5
747 3116 871 3141 noluntas
906 3112 964 3141 ua'e.

357 3152 477 3177 Ἄίσαῆιν·
499 3150 649 3176 nomm...
667 3147 820 3175 animatis.
837 3164 857 3170 —
933 3148 1067 3181 &stettin
1088 3148 1204 3177 noema?
1218 3150 1256 3177 'at
1278 3153 1326 3177 κα-

266 3188 330 3212 tura
347 3189 374 3212 et
391 3189 431 3212 est
449 3186 560 3211 alterius
579 3185 693 3211 rationis
711 3189 738 3211 et
756 3189 796 3211 est
813 3189 888 3211 actus
907 3186 1061 3212 voluntatis.

1374 1053 1479 1090 Nam
1498 1053 1537 1089 in
1555 1053 1676 1090 finem
1694 1054 1811 1090 fertur
1837 1054 2055 1103 simpliciter
2078 1062 2114 1090 et
2132 1055 2316 1100 absolute,
2336 1056 2431 1093 sicut

1375 1105 1415 1142 in
1443 1106 1481 1142 id
1509 1106 1616 1154 quod
1644 1113 1699 1142 est
1727 1107 1941 1143 secundum
1970 1119 2008 1143 se
2037 1107 2203 1144 bonum:
2233 1108 2272 1144 in
2300 1108 2338 1144 id
2365 1121 2430 1145 au-

1375 1166 1454 1194 tem
1473 1159 1579 1206 quod
1600 1166 1655 1194 est
1673 1158 1722 1194 ad
1740 1158 1873 1204 finem,
1893 1160 2010 1195 fertur
2030 1172 2120 1196 cum
2139 1161 2307 1208 quadam
2327 1174 2430 1198 com-

1375 1211 1591 1260 paratione,
1621 1211 1836 1247 secundum
1865 1212 1970 1259 quod
2008 1212 2122 1249 habet
2150 1213 2358 1250 bonitatem
2386 1226 2431 1250 ex

1377 1263 1511 1300 ordine
1531 1264 1579 1300 ad
1599 1263 1713 1300 aliud.
1737 1264 1784 1300 Et
1803 1263 1890 1300 ideo
1910 1264 2061 1300 alterius
2082 1264 2235 1302 rationis
2255 1273 2310 1301 est
2328 1273 2432 1302 actus

1376 1316 1582 1353 voluntatis
1610 1316 1825 1353 secundum
1845 1316 1951 1365 quod
1977 1316 2094 1353 fertur
2111 1317 2151 1354 in
2170 1317 2312 1366 aliquid
2332 1323 2349 1339 ²
2377 1330 2433 1354 se·
2556 1330 2573 1346 α

1378 1369 1552 1406 cundum
1589 1381 1628 1405 se
1656 1369 1837 1414 volitum,
1866 1377 1908 1405 ut
1945 1369 2100 1416 sanitas,
2130 1371 2236 1418 quod
2261 1368 2276 1400 β
2303 1383 2325 1407 a
2358 1371 2433 1407 Da·
2560 1373 2574 1407 β

1378 1433 1559 1458 masceno
1587 1429 1747 1458 vocatur
1773 1422 1924 1468 thelesis,
1946 1421 2041 1458 idest
2066 1423 2224 1472 simplex
2254 1423 2433 1469 voluntas,
2530 1431 2533 1435 “

1378 1481 1415 1511 et
1442 1487 1464 1511 a
1491 1474 1679 1522 Magistris
1707 1482 1867 1511 vocatur
1884 1474 2051 1512 voluntas
2079 1481 2116 1512 ut
2144 1481 2297 1512 natura:
2324 1483 2360 1512 et
2383 1477 2433 1512 al—

1378 1527 1494 1563 terius
1532 1527 1685 1564 rationis
1718 1534 1773 1563 est
1806 1534 1911 1564 actus
1938 1528 2142 1564 voluntatis
2168 1533 2183 1554 ἵ
2220 1528 2434 1565 secundum
2561 1541 2578 1566 γ

1378 1580 1485 1629 quod
1513 1580 1629 1616 fertur
1656 1579 1696 1616 in
1724 1579 1866 1629 aliquid
1895 1580 2001 1628 quod
2030 1587 2084 1616 est
2111 1580 2273 1617 volitum
2307 1582 2434 1617 solum

1379 1644 1426 1669 ex
1454 1632 1587 1669 ordine
1616 1633 1664 1669 ad
1693 1633 1874 1678 alterum,
1904 1632 2000 1669 sicut
2027 1640 2082 1669 est
2110 1633 2277 1682 sumptio
2314 1633 2434 1670 medi-

1379 1685 1508 1730 cinae,
1538 1697 1656 1734 quem
1694 1684 1852 1734 quidem
1890 1685 2094 1722 voluntatis
2131 1693 2259 1722 actum
2295 1686 2435 1722 Dama-

1380 1749 1517 1774 scenus
1536 1745 1648 1774 vocat
1675 1738 1828 1774 hulesim
1846 1737 1877 1783 ²⁸,
1898 1737 1994 1773 idest
2019 1739 2285 1776 consz'lz’ativam
2310 1739 2435 1776 volun·
2463 1746 2473 1756 ⁸
2487 1745 2522 1767 Cf·
2537 1751 2585 1773 ars·
2601 1752 2619 1767 ¹-

1379 1796 1502 1836 tatem,
1518 1802 1540 1826 a
1558 1789 1746 1837 Magistris
1766 1797 1895 1826 autem
1914 1797 2074 1827 vocatur
2089 1791 2256 1828 voluntas
2275 1796 2312 1826 ut
2331 1792 2435 1827 ratio.

1380 1843 1487 1879 Haec
1515 1849 1645 1879 autem
1673 1841 1870 1878 diversitas
1890 1849 1995 1878 actus
2022 1853 2101 1879 non
2123 1842 2351 1879 diversificat
2369 1854 2437 1891 po-

1380 1894 1556 1931 tentiam:
1578 1894 1669 1943 quia
1686 1902 1848 1943 uterque
1868 1902 1973 1931 actus
1993 1894 2197 1931 attenditur
2214 1893 2227 1916 ὅ
2251 1895 2299 1932 ad
2318 1907 2438 1932 unam
2561 1903 2575 1928 δ

1381 1947 1569 1984 rationem
1598 1959 1849 1984 communem
1878 1947 2030 1994 obiecti,
2060 1948 2166 1996 quod
2195 1955 2250 1984 est
2275 1947 2435 1984 bonum.

1381 2001 1430 2037 Et
1457 2000 1544 2036 ideo
1569 1999 1779 2036 dicendum
1807 2007 1862 2036 est
1890 2000 2007 2048 quod,
2029 2000 2059 2036 si
2078 2001 2285 2049 loquamur
2303 2001 2350 2037 de
2369 2011 2437 2049 po-

1380 2052 1496 2089 tentia
1514 2052 1731 2098 voluntatis,
1753 2052 1792 2088 in
1813 2052 1963 2089 Christo
1988 2060 2043 2089 est
2067 2064 2146 2089 una
2164 2054 2244 2090 sola
2262 2054 2438 2090 voluntas

1381 2106 1554 2142 humana
1571 2104 1591 2126 '¹‘
1620 2104 1863 2141 essentialiter
1890 2113 1926 2141 et
1953 2113 2033 2142 non
2051 2105 2308 2154 participative
2328 2105 2436 2142 dicta.
2466 2111 2594 2139 ’D-1219-

1382 2158 1543 2195 Si‘vero
1572 2158 1779 2205 loquamur
1805 2158 1853 2194 de
1881 2159 2075 2194 voluntate
2104 2170 2203 2207 quae
2232 2165 2287 2194 est
2313 2166 2437 2204 actuS,

1382 2210 1435 2247 sic
1462 2209 1704 2258 distinguitur
1730 2209 1769 2245 in
1799 2209 1949 2246 Christo
1977 2210 2153 2247 voluntas
2182 2218 2280 2259 quae
2315 2218 2371 2247 est
2397 2219 2439 2247 ut

1382 2268 1529 2308 natura,
1550 2270 1648 2310 quae
1677 2260 1814 2298 dicitur
1833 2262 1992 2307 thelesis;
2020 2270 2056 2298 et
2082 2264 2260 2300 voluntas
2279 2268 2291 2284 ⁸
2319 2271 2361 2300 ut
2380 2268 2437 2300 ra·
2563 2279 2574 2295 ε

1381 2315 1447 2363 tio,
1477 2323 1575 2364 quae
1604 2314 1741 2351 dicitur
1767 2314 1908 2351 bulesis.

1435 2369 1492 2404 AD
1521 2378 1655 2404 prunum
1683 2378 1780 2404 ERGO
1808 2378 1988 2404 DICENDUM
2017 2367 2124 2416 quod
2152 2365 2235 2404 illae
2263 2369 2437 2404 volunta-

1382 2420 1471 2457 tes<
1499 2432 1579 2456 non
1617 2419 1919 2456 diversificantur
1955 2420 2170 2456 secundum
2205 2419 2435 2468 p0tentiam,
2559 2428 2574 2457 ζ

1383 2473 1450 2510 sed
1479 2475 1605 2509 solum
1634 2472 1848 2509 secundum
1876 2471 2127 2509 differentiam
2159 2479 2284 2518 actus,
2313 2479 2355 2508 ut
2382 2472 2436 2508 di-

1384 2533 1489 2564 ctum
1517 2533 1572 2562 est
1590 2525 1620 2561 ⁵¹⁶,
2463 2535 2473 2546 ·
2486 2534 2512 2556 Iu
2529 2541 2633 2563 corpore.

1435 2577 1492 2615 AD
1521 2588 1709 2615 SECUNDUM
1736 2587 1916 2614 menmium
1944 2578 2050 2626 quod
2078 2576 2191 2613 etiam
2228 2576 2435 2614 intellectus

1383 2639 1419 2668 et
1438 2630 1532 2668 ratio
1552 2638 1631 2667 non
1660 2637 1748 2666 sunt
1766 2630 1937 2667 diversae
1956 2629 2146 2679 potentiae
2164 2627 2201 2676 ⁵¹⁸,
2231 2637 2272 2666 ut
2299 2629 2338 2666 in
2357 2628 2435 2666 Pri·
2463 2636 2473 2646 ⁴
2486 2635 2514 2656 D·
2531 2635 2596 2662 ¹084·

1382 2690 1447 2721 ma
1471 2683 1584 2720 Parte
1603 2683 1623 2705 *
1651 2682 1795 2720 dictum
1823 2690 1888 2719 est.
2461 2718 2475 2740 a

1435 2736 1493 2773 An
1511 2743 1668 2773 TERTIUM
1687 2738 1866 2772 mcENDUM
1886 2735 1991 2784 quod
2014 2735 2181 2773 voluntas
2193 2735 2337 2783 pietatis
2355 2742 2435 2771 non
2477 2734 2483 2740 '

1381 2788 1533 2826 videtur
1560 2800 1641 2825 esse
1670 2787 1772 2824 aliud
1801 2797 1919 2837 quam
1937 2788 2113 2824 voluntas
2137 2796 2235 2835 quae
2263 2785 2434 2823 conside-

1383 2842 1486 2878 ratur
1513 2849 1555 2878 ut
1582 2848 1733 2877 natura:
1767 2839 1997 2889 inquantum
2024 2838 2162 2875 'scilicet
2188 2838 2320 2887 refugit
2348 2838 2434 2875 alie-

1381 2903 1479 2931 num
1506 2895 1653 2930 malum
1681 2893 1852 2929 absolute
1880 2891 2172 2929 consideratum.

2462 2692 2473 2703 ⁸
2485 2692 2532 2719 Qu.
2543 2697 2619 2719 unx,
2629 2695 2672 2713 art.

1434 3079 1448 3104 ὃ
1476 3079 1634 3104 attenditur.
1652 3092 1672 3097 -
1688 3078 1804 3103 attendit
1821 3078 1843 3104 E
1861 3083 1887 3103 et
1904 3078 1986 3104 tertia.

1433 3124 1443 3140 ε
1474 3115 1607 3140 voluntas.
1624 3127 1643 3132 -
1660 3121 1728 3146 quae
1745 3116 1784 3138 est
1803 3111 1871 3138 addit
1889 3114 1971 3139 tertia.

1431 3150 1457 3185 ζ)
1477 3148 1635 3174 νοΙιΜΜέεε.
1652 3157 1672 3168 ὲ-
1689 3146 1758 3173 dane
1777 3147 1926 3174 voluntates
1944 3147 1984 3174 ΡΙ.

942 3264 1274 3298 Commentario.
1295 3265 1547 3298 Cardjnalis
1567 3263 1768 3297 Caietam

327 3363 434 3384 nutus
458 3354 559 3385 clarus
577 3358 639 3384 est:
665 3355 836 3392 ortumque
852 3352 964 3383 habuit
983 3357 1021 3383 ex
1043 3349 1244 3383 distinctione
1267 3362 1324 3382 vo—
1378 3356 1424 3382 est
1447 3361 1512 3382 una
1536 3356 1658 3382 tantum
1681 3348 1831 3382 voluntas
1845 3350 1986 3382 humana
2002 3351 2212 3382 essentialiter
2233 3356 2264 3381 et
2279 3360 2343 3381 non
2353 3360 2434 3392 par—

270 3364 456 3428 Tluntatis
478 3403 544 3428 tam
567 3407 585 3427 a
607 3398 807 3427 Damasceno
832 3405 930 3436 quam
953 3396 1019 3426 aliis
1043 3395 1133 3426 facta.
1379 3395 1539 3436 ticipative
1561 3395 1646 3425 dicta
1662 3396 1688 3425 *ἦ

322 3440 359 3472 In
389 3451 523 3482 corpore
553 3441 676 3472 articuli
704 3439 914 3481 respondetur
949 3449 1024 3470 cum
1054 3440 1255 3470 distinetione
1285 3438 1325 3470 ad
1433 3438 1579 3470 Secunda
1602 3439 1777 3475 conclusio,
1800 3440 1886 3469 iuxta
1901 3438 2076 3470 secundum
2092 3439 2281 3474 membrum,
2306 3443 2367 3469 est:
2391 3439 2430 3470 In

269 3485 457 3524 quaesitum.
481 3485 650 3516 Distinctio
674 3490 730 3515 est.
766 3484 920 3514 Voluntas
942 3484 1043 3524 accipi
1065 3489 1171 3524 potest
1191 3484 1243 3514 vel
1265 3493 1324 3524 pro
1381 3483 1507 3513 Christo
1530 3488 1606 3513 sunt
1627 3483 1710 3513 duae
1733 3483 1931 3514 voluntates:
1952 3483 2072 3513 scilicet
2088 3484 2237 3514 voluntas
2252 3487 2288 3512 ut
2302 3487 2430 3520 natura,

267 3529 425 3568 potentia,
447 3529 499 3560 vel
520 3538 580 3569 pro
604 3534 686 3559 actu.
1379 3532 1410 3558 et
1431 3527 1581 3557 voluntas
1604 3531 1640 3557 ut
1661 3527 1757 3557 ratio.

322 3571 427 3603 Prima
449 3573 625 3609 conclusio,
649 3573 736 3603 iuxta
758 3572 897 3613 primum
917 3571 1114 3602 membrum:
1138 3571 1177 3601 In
1197 3571 1324 3602 Christo
1436 3571 1473 3601 ΙΙ.
1497 3570 1652 3601 Probatur
1674 3571 1779 3611 primo
1803 3570 1941 3601 secunda
1964 3570 2138 3602 conclusio.
2155 3570 2310 3601 Voluntas
2334 3575 2380 3601 est
2394 3570 2431 3601 fi-

409 3632 519 3658 Smuun
531 3632 634 3658 Tutor..
650 3632 683 3658 D.
703 3632 818 3657 Taena
836 3632 869 3657 T.
886 3632 951 3657 vm.
2259 3630 2291 3655 30

2460 3405 2471 3417 ⁸
2484 3405 2519 3427 cf.
2534 3411 2597 3427 num.
2609 3410 2643 3426 m.
