2872 3970
29 3285 32 3303 ᾗ
92 3267 131 3305 ,ζὲιέ

69 918 136 947 ϋηο.
159 917 214 938 un,

938 291 1200 341 QUAEsTm
1227 292 1332 340 Lxx,
1369 290 1659 350 ARTiCULus
1686 293 1701 328 1

646 526 1060 604 QUAESTIO
1102 525 1998 603 QUmQUAGESIMANoNA

763 644 847 686 DE
879 642 1215 686 IUDICIARIA
1249 644 1609 686 POTESTATE
1642 641 1879 686 CHRISTI

1066 761 1099 785 IN
1128 758 1194 785 SEX
1221 759 1422 785 ARTICULOS
1449 760 1562 785 DIVISA

321 866 429 893 smne
463 855 787 893 considerandum
820 862 876 891 est
917 854 964 890 de
1001 851 1197 890 iudiciaria
1229 862 1298 902 po-

323 916 454 946 testate
482 908 624 945 Christi
642 907 672 944 *ἢ

242 963 291 999 Et
317 961 417 998 circa
443 962 519 998 hoc
546 967 785 1009 quaeruntur
812 971 887 996 sex.

295 1013 446 1051 Primo:
476 1021 606 1050 utrum
634 1012 828 1050 iudiciaria
846 1019 1012 1061 potestas
1033 1011 1079 1048 sit
1097 1011 1300 1048 attribuen-

349 1067 399 1103 da
427 1066 591 1103 Christo.

298 1119 497 1157 Secundo:
545 1127 676 1156 utrum
722 1117 926 1155 conveniat
971 1116 1041 1153 sibi
1087 1117 1302 1153 secundum

351 1172 458 1222 quod
486 1179 541 1208 est
568 1173 701 1208 homo.

212 1243 243 1275 -Ᾰ
296 1224 448 1262 Tertio:
478 1232 610 1261 utrum
628 1223 739 1260 fuerit
765 1234 852 1261 eam
872 1235 918 1260 ex
936 1222 1072 1260 merito
1093 1228 1109 1244 α
1129 1222 1300 1271 adeptus.

297 1276 466 1324 Quarto:
496 1285 628 1314 utrum
647 1276 729 1313 eius
757 1283 922 1326 potestas
941 1273 1137 1312 iudiciaria
1154 1275 1202 1311 sit
1219 1275 1303 1312 uni—

349 1330 505 1367 versalis
532 1337 708 1379 respectu
735 1328 915 1366 onmium
942 1328 1160 1365 hominum.

1409 851 1577 900 Quinto:
1607 862 1750 901 utrum,
1771 863 1918 903 praeter
1944 853 2130 891 iudicium
2150 856 2256 904 quod
2283 856 2355 904 agit
2374 856 2412 893 in

1462 907 1537 943 hoc
1564 914 1749 955 tempore,
1771 907 1815 943 sit
1843 908 2099 956 expectandus
2128 909 2176 944 ad
2200 908 2412 946 universale

1462 958 1647 995 iudicium
1674 960 1844 996 futurum
1867 959 1892 996 β.

1411 1012 1546 1048 Sexto:
1576 1019 1707 1048 utrum
1727 1013 1807 1049 eius
1827 1012 2021 1049 iudiciaria
2040 1021 2204 1062 potestas
2233 1014 2346 1050 etiam
2366 1015 2414 1051 ad

1464 1066 1617 1111 angelos
1646 1077 1685 1100 se
1715 1066 1900 1101 extendat.

1411 1117 1469 1153 De
1499 1117 1721 1154 executione
1742 1125 1871 1154 autem
1890 1118 2012 1154 finalis
2032 1118 2159 1155 iudicii
2185 1119 2414 1156 convenien-

1358 1169 1432 1206 tius
1452 1177 1583 1217 agetur
1601 1182 1692 1206 cum
1711 1170 2039 1208 considerabimus
2068 1171 2115 1208 de
2135 1171 2192 1207 his
2213 1184 2311 1220 quae
2331 1184 2414 1220 per-

1358 1222 1479 1258 tinent
1512 1223 1560 1259 ad
1597 1222 1718 1259 finem
1746 1223 1882 1259 mundi
1901 1223 1931 1259 ²³⁸.
1970 1225 2086 1260 Nunc
2114 1232 2242 1260 autem
2279 1225 2416 1262 sufficit

1358 1276 1513 1334 eti-sola
1549 1282 1701 1323 tangere
1738 1287 1837 1324 quae
1875 1276 2063 1324 pertinent
2100 1277 2148 1313 ad
2187 1277 2324 1313 Christi
2362 1274 2415 1313 di-

1359 1335 1552 1375 gnitatem.

1052 1433 1370 1479 ARTICULUS
1401 1433 1606 1478 PRIMUS

532 1531 688 1562 UTRUM
712 1530 949 1561 IUDICIARIA
972 1530 1195 1561 POTESTAS
1219 1530 1284 1561 slT
1309 1530 1589 1561 SPECIALlTER
1612 1531 1924 1563 ATTRIBUENDA
1948 1532 2135 1563 CHRISTO

368 1611 402 1636 1v
422 1611 504 1641 Sena,
524 1611 581 1635 dist.
600 1617 676 1639 vau,
695 1617 739 1642 qu.
758 1617 775 1640 1,
795 1614 840 1635 art.
862 1617 885 1640 2,
905 1610 954 1642 qu·
975 1609 1004 1640 3;
1025 1609 1083 1634 dist.
1101 1617 1187 1640 xnvm,
1206 1618 1250 1641 qu.
1269 1617 1286 1640 1,
1306 1615 1352 1635 art.
1373 1616 1395 1640 ι,
1415 1610 1446 1633 ad
1465 1618 1496 1641 4;
1517 1609 1546 1634 In
1567 1610 1659 1643 Symb.
1678 1611 1778 1642 Apost„
1799 1616 1844 1636 art.
1865 1619 1893 1643 7;
1914 1612 1943 1636 In
1964 1612 2047 1642 Ioum,
2068 1620 2122 1644 cap.
2141 1621 2166 1643 V,
2185 1613 2242 1638 lect.
2261 1621 2294 1639 ιν.

332 1710 342 1734 l
364 1730 369 1738 ,

278 1706 325 1738 2„
382 1720 404 1733 l.
454 1700 478 1726 D
505 1699 638 1726 ptumum
666 1699 718 1725 slc
746 1699 982 1726 PROCEDrrUR.
1011 1688 1172 1725 Videtur
1199 1689 1305 1738 quod

273 1728 437 1802 ‘gffssq
455 1741 652 1778 iudiciaria
670 1748 836 1790 potestas
855 1754 935 1778 non
960 1741 1006 1778 sit
1022 1741 1235 1791 specialiter
1253 1749 1305 1778 at-

266 1798 379 1843 'lyv-
396 1782 659 1839 'fftribuenda
688 1793 851 1831 Christo.
890 1794 1079 1831 Iudicium
1108 1793 1213 1831 enim
1241 1794 1305 1831 ali-

270 1826 401 1881 ,ἕξ-ᾦ
416 1842 627 1896 &quorum
667 1846 819 1884 videtur
861 1847 1052 1896 pertinere
1093 1847 1142 1884 ad
1183 1847 1306 1883 dorni-

247 1913 364 1939 num:
394 1901 498 1938 unde
526 1899 664 1937 dicitur
689 1901 800 1936 Rom.
822 1900 933 1936 X1v*:
967 1902 1023 1937 Tu
1053 1903 1131 1948 quis
1159 1912 1216 1944 es,
1246 1901 1309 1948 qui

247 1953 387 1990 iudicas
422 1953 585 1990 alienum
627 1964 774 1989 servum
789 1952 810 1988 ξ)
855 1952 931 1989 Sed
968 1964 1050 1988 esse
1092 1951 1307 1988 Dominum

247 2013 507 2044 creaturarum
547 2012 602 2042 est
637 2017 848 2049 commune
885 2004 952 2043 toti
989 2004 1177 2042 Trinitati.
1215 2005 1307 2041 Non

248 2069 338 2107 ergo
367 2056 480 2096 debet
508 2055 659 2095 Christo
687 2055 897 2106 specialiter
928 2057 1079 2094 attribui
1114 2057 1309 2094 iudiciaria

249 2117 427 2161 potestas,
696 2159 698 2161 ‚
1043 2142 1046 2148 ,

305 2175 339 2200 2.
369 2162 609 2207 ΡΜΕΤΕΕΕΑ,
647 2160 784 2200 Daniel
816 2175 861 2199 vu
885 2162 904 2184 ’¹‘
937 2162 1090 2199 dicitur:
1128 2163 1310 2211 Antiquus

249 2216 406 2255 Dierum
433 2216 544 2258 sedit,-
571 2223 608 2252 et
634 2223 768 2264 postea
796 2215 972 2252 subditur
989 2215 1025 2252 *z
1055 2216 1239 2252 Iudicium
1258 2227 1309 2251 se-

250 2270 300 2307 dit
327 2275 360 2306 et
387 2269 473 2306 libri
498 2269 617 2318 aperti
632 2274 726 2305 sunt.
757 2267 834 2306 Sed
852 2265 1045 2318 Antiquus
1063 2268 1226 2304 Dierum
1254 2267 1309 2304 in-

65 2318 68 2323 ’
93 2316 161 2381 Trig-
181 2332 222 2359 fib.-
249 2318 425 2370 telligitur
443 2321 573 2358 Pater:
604 2320 704 2370 quia,
725 2329 767 2358 ut
794 2320 961 2358 Hilarius
981 2321 1069 2358 dicit
1086 2321 1118 2368 *‚
1143 2323 1180 2357 in
1200 2322 1312 2358 Patre

250 2381 301 2413 est
326 2376 534 2412 aeternitas.
564 2373 666 2421 Ergo
694 2371 890 2410 iudiciaria
917 2381 1083 2422 potestas
1108 2373 1228 2421 magis
1257 2381 1311 2410 est

251 2426 492 2465 attribuenda
519 2426 620 2463 Patri
649 2438 768 2485 quam
798 2425 960 2464 Christo.

307 2478 340 2517 3.
370 2481 606 2526 PRAETEREA,
635 2479 810 2516 elusdem
837 2478 989 2516 videtur
1007 2484 1022 2507 Υ
1050 2478 1218 2516 iudicare
1247 2491 1311 2516 cu-

251 2532 312 2570 ius
339 2540 395 2571 est
421 2544 590 2581 arguere.
628 2532 705 2570 Sed
734 2544 891 2580 arguere
925 2531 1087 2581 pertinet
1121 2532 1170 2568 ad
1199 2531 1312 2581 Spiri-

251 2594 336 2624 tum
365 2584 570 2623 Sanctum:
601 2584 689 2622 dicit
716 2585 822 2622 enim
850 2585 1052 2631 Dominus,
1082 2584 1310 2622 Ioan.XV1*:

257 2636 352 2676 Cum
379 2644 502 2676 autem
529 2640 669 2676 venerit
696 2638 767 2684 ille,
788 2636 927 2674 scilicet
956 2637 1118 2687 Spiritus
1138 2638 1312 2685 Sanctus,

253 2697 387 2742 arguet
405 2690 586 2728 mundum
614 2690 659 2728 de
680 2697 834 2740 peccato
854 2697 887 2727 et
906 2691 951 2727 de
977 2692 1109 2727 iustitia
1137 2696 1171 2728 et
1196 2691 1242 2727 de
1260 2693 1314 2727 iu-

253 2744 360 2782 dicio.
389 2742 492 2792 Ergo
519 2742 716 2781 iudiciaria
742 2751 907 2793 potestas
935 2743 1055 2792 magis
1083 2744 1197 2780 debet
1215 2744 1314 2781 attri-

253 2796 322 2834 bui
350 2795 506 2846 Spiritui
535 2794 675 2834 Sancto
704 2809 823 2845 quam
852 2793 1016 2833 Christo.

308 2850 382 2888 SED
410 2861 555 2887 CONTRA
574 2861 639 2887 1-:sT
667 2850 775 2898 quod
802 2848 940 2890 dicitur
956 2851 1036 2886 Act.
1053 2862 1076 2885 x
1090 2849 1109 2870 ²¹³
1137 2849 1185 2886 de
1207 2849 1314 2886 Chri-

255 2909 330 2940 sto:
368 2901 447 2940 Hic
474 2908 525 2940 est
552 2904 616 2952 qui
647 2902 857 2944 constitutus
884 2909 935 2939 est
962 2915 986 2939 a
1013 2903 1094 2939 Deo
1127 2903 1240 2939 iudex
1266 2904 1315 2940 vi-

254 2967 388 2998 vorum
417 2962 450 2992 et
477 2961 722 2993 mortuorum.

308 3005 533 3047 Responnsso
552 3020 732 3047 DICENDUM
761 3008 868 3057 quod
897 3005 945 3045 acl
973 3007 1160 3044 iudicium
1179 3007 1315 3044 facien-

258 3058 354 3097 dum
381 3058 450 3098 tria
487 3059 743 3109 requiruntur.
779 3058 910 3097 Primo
943 3058 1121 3109 quidem,
1150 3068 1316 3110 potestas
1342 3058 1344 3065 '

258 3112 431 3150 subditos
449 3111 667 3150 coercendi:
688 3113 792 3149 unde
813 3111 949 3150 dicitur
966 3113 1082 3150 Eccli.
1102 3113 1200 3150 vi1*:
1226 3114 1319 3150 Noli

259 3177 438 3215 quaerere
453 3166 549 3213 fieri
574 3165 697 3212 iudex,
717 3167 789 3203 nisi
812 3164 939 3203 valeas
964 3167 1096 3204 virtute
1114 3178 1288 3215 rumpere
1304 3164 1316 3186 δ

259 3219 473 3268 iniquitates.
487 3242 489 3244 -
504 3216 696 3264 Secundo,
717 3216 920 3267 requiritur
945 3216 1176 3256 rectitudinis
1201 3220 1315 3264 zelus,

258 3278 301 3308 ut
328 3270 467 3308 scilicet
486 3268 622 3319 aliquis
649 3282 730 3308 non
756 3282 802 3308 ex
822 3269 912 3308 odio
931 3272 993 3308 vel
1021 3269 1151 3318 livore,
1175 3272 1244 3308 sed
1272 3283 1317 3307 ex

259 3335 392 3361 amore
406 3320 567 3360 iustitiae
586 3321 772 3360 iudicium
790 3323 970 3373 proferat:
992 3324 1207 3361 secundum
1226 3323 1317 3360 illud

2444 1226 2454 1237 ⁴
2471 1226 2506 1247 Cf.
2527 1225 2653 1253 Supplem„

2444 1259 2481 1279 qu.
2490 1258 2593 1274 Lxxxvrn
2602 1257 2652 1280 sqq.

1359 1689 1536 1726 Proverb.
1554 1689 1634 1726 111*:
1662 1689 1780 1732 Quem
1795 1690 1893 1726 enim
1908 1690 2025 1740 diligit
2039 1692 2232 1738 Dominus,
2249 1687 2419 1743 corripit:
2447 1702 2456 1711 ·
2493 1707 2528 1722 ers
2555 1709 2561 1723 ι

1360 1748 1392 1778 et
1421 1744 1525 1791 quasi
1547 1748 1656 1791 pater
1684 1744 1720 1778 in
1738 1743 1825 1790 filio
1854 1746 2056 1792 complacet
2082 1746 2160 1781 sibi.
2190 1745 2334 1791 Tertio,
2362 1760 2418 1784 re-

1361 1794 1524 1843 quiritur
1551 1794 1746 1843 sapientia,
1776 1796 1990 1832 secundum
2014 1809 2132 1845 quam
2151 1798 2336 1835 formatur
2363 1800 2418 1836 iu-

1360 1847 1522 1884 dicium:
1544 1848 1647 1883 unde
1668 1847 1804 1884 dicitur
1821 1849 1935 1884 Eccli.
1955 1861 1979 1884 x
1997 1848 2034 1885 *;
2063 1850 2186 1886 Iudex
2202 1853 2347 1900 sapiens
2366 1855 2419 1889 iu·
2449 1858 2457 1867 ⁸
2494 1863 2517 1878 er
2555 1864 2562 1879 ¹

1361 1900 1494 1936 dicabit
1516 1901 1698 1948 populum
1725 1912 1844 1936 suum.
1880 1900 2008 1937 Prima
2036 1908 2165 1938 autem
2200 1903 2279 1940 duo
2314 1917 2419 1953 prae-

1361 1951 1565 2000 exiguntur
1595 1952 1644 1989 ad
1672 1952 1878 1989 iudicium:
1909 1954 1976 1989 sed
2003 1955 2158 2003 proprie
2186 1956 2338 1993 tertium
2366 1966 2421 1994 est

1363 2005 1579 2041 secundum
1597 2005 1705 2053 quod
1725 2005 1906 2053 accipitur
1923 2006 2047 2043 forma
2069 2007 2209 2054 iudicii,
2231 2009 2320 2058 quia
2339 2009 2421 2059 ipsa

1362 2057 1458 2094 ratio
1486 2057 1615 2094 iudicii
1634 2065 1689 2093 est
1707 2059 1766 2094 lex
1785 2058 1989 2106 sapientiae
2009 2061 2071 2096 vel
2089 2060 2266 2107 veritatis,
2287 2072 2420 2100 secun-

1362 2109 1459 2146 dum
1487 2121 1606 2158 quam
1634 2109 1833 2147 iudicatur.

1406 2163 1464 2198 *Et
1484 2162 1574 2210 quia
1593 2161 1710 2199 Fifius
1739 2170 1793 2199 est
1812 2164 1998 2210 Sapientia
2023 2166 2151 2213 genita
2170 2165 2200 2212 ³¹⁶,
2221 2173 2258 2202 et
2275 2168 2421 2205 Veritas
2450 2173 2458 2182 ·
2495 2179 2508 2194 u
2565 2179 2577 2193 ε
2614 2179 2650 2193 rm

1363 2227 1386 2251 a
1405 2215 1514 2251 Patre
1546 2215 1760 2263 procedens
1788 2223 1824 2251 et
1851 2215 1979 2264 ipsum
2006 2217 2168 2264 perfecte
2202 2231 2420 2268 repraesen-

1363 2275 1465 2312 tans,
1495 2267 1582 2303 ideo
1610 2268 1764 2316 proprie
1793 2268 1988 2305 iudiciaria
2015 2277 2181 2317 potestas
2209 2271 2422 2310 attribuitur

1365 2320 1460 2357 Filio
1481 2319 1563 2356 Dei.
1584 2321 1695 2357 Unde
1710 2320 1946 2368 Augustinus
1965 2321 2065 2369 dicit,
2085 2322 2124 2359 in
2144 2323 2240 2360 libro
2259 2326 2305 2362 de
2326 2328 2421 2363 Vera

1363 2373 1487 2422 Relig.
1503 2372 1542 2409 *z
1563 2374 1673 2410 Haec
1691 2379 1741 2409 est
1760 2375 2066 2411 incommutabilis
2085 2376 2148 2412 illa
2171 2378 2310 2414 Veritas
2329 2391 2423 2428 quae
2451 2387 2459 2396 ·
2494 2392 2506 2407 ³
2545 2391 2591 2407 ¹¹¹

1365 2426 1428 2463 lex
1455 2427 1621 2462 omnium
1649 2428 1784 2462 artium
1814 2433 1910 2463 recte
1936 2427 2078 2474 dicitur,
2107 2434 2141 2464 et
2167 2440 2231 2466 ars
2258 2433 2422 2481 omnipo·-

1365 2480 1469 2515 tentis
1495 2479 1668 2527 Artificis.
1709 2481 1755 2516 Ut
1782 2485 1903 2516 autem
1940 2492 2024 2526 nos,
2054 2487 2087 2516 et
2115 2493 2241 2518 omnes
2275 2486 2424 2521 animae

1367 2531 1578 2578 rationales,
1597 2532 1797 2568 secundum
1815 2534 2004 2570 veritatem
2033 2534 2077 2569 de
2104 2535 2339 2581 inferioribus
2366 2549 2423 2574 re·

1367 2591 1422 2622 cte
1449 2584 1664 2630 iudicamus,
1693 2586 1746 2621 sic
1772 2585 1818 2621 de
1845 2587 1959 2631 nohis,
1981 2587 2127 2634 quando
2156 2588 2271 2624 eidem
2293 2590 2423 2626 cohae-

1368 2650 1503 2683 remus,
1523 2638 1602 2674 sola
1631 2639 1709 2686 ipsa
1736 2639 1876 2675 Veritas
1894 2639 2039 2675 iudicat.
2069 2640 2128 2675 De
2146 2641 2224 2689 ipsa
2248 2653 2337 2678 uero
2356 2654 2424 2679 nec

1366 2692 1500 2728 Pater.-
1537 2702 1611 2727 non
1640 2692 1738 2727 enim
1775 2692 1896 2727 minus
1923 2697 1973 2727 est
2005 2704 2115 2740 quam
2148 2694 2233 2741 ipse.
2268 2696 2316 2731 Et
2343 2695 2449 2732 ideo·

1369 2756 1463 2793 quae
1489 2745 1600 2780 Pater
1628 2743 1773 2788 iudicat,
1796 2756 1869 2792 per
1896 2745 2013 2792 ipsam
2042 2745 2187 2790 iudicat.
2217 2747 2265 2782 Et
2291 2755 2424 2795 postea

1369 2795 1577 2833 concludit:
1620 2811 1638 2829 «
1660 2796 1772 2832 Pater
1792 2811 1811 2829 »
1851 2808 1943 2845 ergo
1984 2811 2001 2829 «
2025 2809 2099 2833 non
2128 2798 2263 2835 iudicat
2286 2800 2423 2848 'quem-

1370 2862 1493 2898 quam,
1512 2848 1577 2885 sed
1603 2860 1712 2885 omne
1739 2849 1912 2885 iudicium
1941 2849 2035 2886 dedit
2061 2851 2157 2886 Filio
2179 2866 2211 2887 ».

1423 2901 1479 2938 AD
1508 2913 1642 2937 PRIMUM
1662 2913 1758 2938 ERGO
1778 2912 1958 2938 DICENDUM
1978 2902 2084 2950 quod
2103 2915 2149 2939 ex
2164 2908 2175 2923 ²
2195 2903 2256 2940 illa
2279 2904 2424 2942 ratione

1370 2955 1554 3003 probatur
1581 2954 1687 3002 quod
1715 2953 1912 2990 iudiciaria
1936 2962 2101 3003 potestas
2129 2955 2175 2992 sit
2206 2957 2424 2994 communis

1369 3007 1435 3044 toti
1464 3006 1655 3043 Trinitati:
1693 3006 1799 3054 quod
1835 3014 1870 3042 et
1898 3018 2035 3044 verum
2072 3015 2137 3044 est.
2188 3009 2264 3046 Sed
2296 3017 2425 3047 tamen

1370 3072 1439 3109 per
1464 3060 1660 3108 quandam
1679 3058 2030 3107 appropriationem
2047 3059 2243 3098 iudiciaria
2260 3070 2425 3110 potestas

1343 3147 1345 3160 ἱ
1371 3111 1584 3149 attribuitur
1612 3111 1718 3156 Filio,
1748 3119 1790 3147 ut
1817 3111 1963 3148 dictum
1989 3120 2045 3149 est
2063 3113 2093 3149 ²³.

1423 3166 1480 3201 AD
1500 3176 1687 3201 SECUNDUM
1715 3175 1895 3201 DICENDUM
1923 3165 2042 3213 quod,
2068 3165 2164 3202 sicut
2191 3167 2426 3214 Augustinus

1371 3217 1469 3262 dicit⁷
1499 3217 1538 3253 in
1567 3217 1615 3253 VI
1644 3217 1688 3252 de
1720 3218 1754 3253 T
1751 3218 1820 3252 rin.
1841 3216 1871 3262 ³¹⁶,
1901 3216 2000 3254 Patri
2028 3217 2242 3255 attribuitur
2268 3220 2425 3257 aeterni·
2454 3224 2463 3234 ⁴
2497 3230 2510 3245 ⁸

1371 3278 1427 3306 tas
1452 3269 1463 3293 ζ
1491 3277 1646 3318 propter
1677 3269 2054 3307 commendationem
2091 3270 2285 3320 principii,
2318 3274 2426 3321 quod

1373 3322 1486 3359 etiam
1514 3321 1740 3370 importatur
1766 3321 1805 3358 in
1833 3322 1978 3359 ratione
2006 3323 2242 3360 aeternitatis.
2281 3324 2427 3363 Ibidem

314 3445 331 3462 α
361 3437 466 3463 merito.
483 3451 502 3455 —
520 3437 622 3462 meritis
640 3437 668 3462 Ρ.

313 3468 330 3504 β
358 3471 542 3504 expectandus
559 3471 622 3498 ad...
634 3471 770 3505 saturum.
781 3486 802 3491 -
819 3473 1002 3504 expectandus
1021 3472 1255 3506 aliud...futurum
1269 3472 1319 3505 pG,

261 3507 457 3540 expectandum
476 3507 577 3533 aliud...
588 3509 717 3541 futurum
732 3515 783 3540 per
801 3507 886 3539 ipsum
906 3509 984 3535 PIsG.

314 3541 342 3576 γ)
362 3542 476 3568 videtur.
493 3557 513 3561 -
530 3550 586 3568 esse
603 3543 672 3567 addit
690 3543 762 3567 tertia
780 3547 881 3575 praeter
900 3543 931 3569 G.

314 3576 341 3612 ὃ)
360 3585 490 3611 rumpere.
507 3592 527 3597 -
545 3579 694 3610 irrumpere
712 3577 780 3602 BFsl
798 3582 824 3603 et
842 3578 976 3604 editiones.

1427 3435 1449 3469 ε)
1469 3443 1512 3461 ex.
1525 3450 1543 3454 -—
1562 3436 1634 3460 HsGl
1650 3443 1667 3459 a
1686 3441 1711 3460 et
1729 3435 1867 3466 editiones;
1887 3444 1939 3461 orn.
1954 3437 2003 3467 EF,
2018 3437 2064 3461 lex
2083 3438 2167 3463 ceteri.
2179 3452 2198 3456 -
2216 3439 2266 3462 Pro
2284 3442 2310 3464 et
2328 3444 2428 3468 verum,

1374 3471 1453 3496 etiam
1474 3478 1564 3495 verum
1584 3471 1656 3501 BEF,
1676 3470 1844 3503 manifestum
1865 3472 1892 3502 F,
1912 3479 2001 3496 uerum
2022 3472 2049 3497 Ρ.

1426 3506 1451 3539 ζ)
1470 3506 1625 3531 aeternitas.
1643 3519 1662 3523 -
1680 3506 1701 3530 E
1725 3510 1751 3531 et
1778 3507 1851 3531 tertia
1879 3512 1979 3539 praeter
2005 3507 2060 3539 pG;
2085 3511 2205 3539 potestas
2230 3509 2376 3534 aeternitas
2400 3509 2428 3538 F,

1369 3541 1522 3572 paternitas
1550 3542 1634 3565 ceteri.
1657 3555 1676 3559 -
1702 3541 1751 3565 Pro
1779 3542 1858 3566 etiam
1889 3542 2051 3574 importatur
2078 3543 2113 3572 in,
2142 3543 2178 3568 ibi
2205 3543 2366 3576 importatur
2391 3545 2428 3574 bc,

1373 3576 1536 3608 importatur
1555 3576 1581 3599 in
1602 3576 1630 3601 P.

2454 3124 2464 3134 ⁴
2477 3123 2502 3144 ln
2518 3126 2623 3150 corpore.
