2872 3970
105 844 116 854 ⁸
123 843 159 875 Cf.
167 843 237 870 Proh,
246 843 318 865 Circa

103 876 212 898 primum.

105 2289 114 2298 ⁸
129 2286 251 2308 110131.οε
258 2286 316 2307 Arte

103 2315 176 2340 Poet„
186 2319 245 2335 vers,
262 2320 279 2339 ι,
295 2318 315 2333 2.

202 2393 215 2416 ὃ

350 199 373 235 6
1100 200 1363 247 QUAESTIO
1393 202 1424 249 1,

1455 202 1747 242 ARTICULUS
1775 205 1789 241 I

1082 465 1500 542 QUAESTIO
1547 468 1808 524 PRIMA

898 595 981 635 DE
1016 595 1475 637 CONVENIENTIA
1508 596 1986 640 INCARNATIONIS

1193 719 1227 744 IN
1256 720 1322 744 SEX
1349 720 1552 746 ARTICULOS
1578 721 1691 746 DlVlSA

427 847 506 871 mm
534 833 706 883 primurn
725 832 745 854 '¹‘
773 831 843 868 tria
870 831 1151 868 consideranda
1186 838 1414 868 occurrunt:

349 843 553 936 Cprimo
578 885 749 935 quidem,
775 885 823 921 de
847 883 1116 938 convenientia
1144 883 1416 921 incarnationis

345 939 465 988 ipsius
486 945 521 986 σι;
552 939 736 983 secundo,
758 938 805 975 de
832 937 953 974 modo
974 937 1130 974 unionis
1158 936 1275 974 Verbi
1294 936 1416 974 incar-

345 992 423 1030 nati
442 993 479 1038 *ς
509 992 630 1038 tertio,
652 991 699 1028 de
720 991 779 1027 his
799 1003 899 1041 quae
924 998 1219 1039 consequuntur
1246 990 1294 1027 ad
1315 991 1416 1028 hanc

345 1045 534 1082 unionem
553 1045 583 1081 *.

345 1098 457 1136 Circa
484 1098 658 1148 primum
686 1105 927 1146 quaeruntur
955 1109 1031 1134 sex.

398 1151 547 1188 Primo:
579 1159 712 1188 utrum
739 1150 976 1188 conveniens
994 1150 1108 1188 fuerit
1136 1151 1266 1187 Deum
1294 1150 1415 1187 incar-

452 1204 547 1241 nari.

399 1258 598 1295 Secundo:
629 1265 761 1295 utrum
796 1257 907 1295 fuerit
936 1256 1196 1294 necessarium
1229 1257 1278 1294 ad
1307 1268 1415 1306 repa·-

452 1310 642 1347 rationem
671 1310 834 1347 humani
862 1310 1023 1359 generis.

1523 832 1675 870 Tertio:
1706 841 1848 880 utrum,
1864 833 1895 871 si
1914 846 1995 872 non
2013 835 2144 872 suisset
2162 843 2364 885 peccatum
2383 835 2408 884 β,
2429 837 2536 874 Deus

1577 892 1796 930 incarnatus
1823 893 1964 931 fuisset.

1525 953 1694 1000 Quarto:
1733 961 1866 990 utrum
1901 953 2148 1004 principalius
2186 954 2231 992 sit
2265 961 2280 984 Υ
2318 955 2536 993 incarnatus

1577 1011 1626 1049 ad
1653 1012 1869 1050 tollendum
1904 1012 2084 1062 originale
2112 1022 2314 1064 peccatum
2352 1027 2471 1064 quam
2499 1028 2536 1052 a·

1544 1106 1553 1111 .
1577 1072 1712 1108 etuale.

1524 1129 1690 1177 Quinto:
1721 1137 1851 1168 utrum
1871 1131 2108 1169 conveniens
2126 1131 2238 1170 fuerit
2265 1133 2395 1170 Deum
2414 1132 2536 1171 incar-

1577 1190 1659 1227 nari
1688 1203 1710 1227 a
1737 1190 1927 1240 principio
1956 1192 2106 1230 mundi.

1524 1250 1658 1287 Sexto:
1688 1258 1819 1288 utrum
1848 1250 1930 1288 eius
1958 1251 2168 1291 incarnatio
2191 1252 2333 1290 differri
2361 1253 2537 1291 debuerit

1576 1321 1701 1358 usque
1730 1309 1769 1346 in
1797 1310 1918 1347 finem
1947 1311 2096 1349 mundi.

1161 1417 1480 1460 ARTICULUS
1514 1418 1719 1460 PRIMUS

911 1512 1068 1543 UTRUM
1092 1511 1252 1542 FUERIT
1277 1510 1557 1542 CONVENIENS
1581 1511 1706 1554 DEUM
1731 1512 1969 1543 INCARNARI

573 1604 603 1629 lll
624 1603 708 1631 Sem„
728 1603 786 1628 dist.
807 1610 823 1632 1,
844 1610 888 1635 qu.
907 1609 926 1631 1,
946 1606 992 1626 art.
1013 1608 1042 1631 ²3
1062 1600 1096 1625 IV
1118 1600 1193 1624 Cont.
1216 1600 1303 1628 Gent„
1324 1606 1379 1632 cap.
1399 1606 1444 1628 η,
1463 1606 1536 1630 xmx,
1555 1607 1614 1630 uu,
1634 1607 1689 1632 mv,
1709 1608 1756 1631 1.v;
1779 1601 1924 1633 compend.
1948 1601 2049 1632 Theol„
2069 1610 2126 1636 cap.
2144 1611 2191 1635 ce,
2211 1611 2263 1630 cci.

382 1708 439 1747 seg
460 1707 533 1750 tax<
555 1705 577 1730 D
607 1704 741 1729 PmMUM
771 1703 823 1727 sm
852 1701 1088 1727 PROCEDITUR.
1114 1687 1275 1725 Videtur
1302 1688 1410 1737 quod

372 1727 528 1800 &³5⁴0
556 1757 637 1782 non
664 1743 775 1782 fuerit
794 1742 1031 1780 conveniens
1050 1742 1180 1778 Deum
1209 1740 1408 1778 incarnari.

363 1786 412 1842 >f
425 1812 484 1838 v,
496 1781 660 1836 'fCum
695 1796 800 1834 enim
829 1797 935 1832 Deus
970 1795 1019 1832 ab
1057 1802 1213 1831 aeterno
1249 1793 1295 1830 sit
1329 1793 1411 1843 ipsa

404 1825 500 1877 §⁷²⁴⁸
516 1841 546 1883 Χ
557 1850 719 1888 essentia
733 1848 923 1896 bonitatis,
936 1847 988 1885 sic
1003 1847 1197 1897 optimum
1212 1855 1267 1883 est
1282 1846 1411 1896 ipsum

345 1919 426 1944 esse
456 1905 552 1942 sicut
580 1905 628 1942 ab
653 1911 808 1940 aeterno
835 1901 915 1939 fuit.
947 1900 1023 1938 Sed
1043 1901 1150 1937 Deus
1178 1899 1227 1936 ab
1255 1907 1411 1937 aeterno

343 1959 412 1997 fuit
431 1959 576 2007 absque
597 1955 705 1994 omni
724 1967 849 1992 carne.
880 1956 982 2002 Ergo
1003 1952 1412 1990 convenientissimum

344 2021 400 2049 est
427 2012 556 2061 ipsum
576 2023 656 2047 non
685 2022 767 2046 esse
796 2007 900 2045 carni
920 2007 1085 2044 unitum.
1115 2007 1208 2043 Non
1235 2018 1324 2054 ergo
1344 2005 1413 2042 fuit

344 2064 579 2103 conveniens
607 2065 737 2100 Deum
765 2059 965 2099 incarnari.

399 2130 433 2155 2.
464 2119 696 2162 PRAETEREA,
717 2127 817 2164 quae
837 2121 926 2151 sunt
945 2113 984 2150 in
1009 2112 1204 2150 infinitum
1223 2111 1411 2159 distantia,

343 2170 659 2209 inconvenienter
678 2169 908 2216 iunguntur:
940 2166 1037 2203 sicut
1057 2165 1336 2202 inconveniens
1355 2177 1412 2201 es-

344 2232 399 2262 set
427 2224 604 2261 iunctura
632 2221 662 2258 si
691 2221 777 2270 quis
811 2220 983 2270 pingeret
1017 2218 1227 2267 imaginem
1262 2218 1301 2255 in
1333 2230 1426 2267 qua*

343 2280 508 2315 humano
544 2277 655 2325 capiti
690 2276 819 2311 cervix
852 2275 1070 2322 iungeretur
1101 2273 1236 2321 equina
1264 2271 1294 2308 ²¹².
1335 2271 1412 2308 Sed

345 2332 451 2368 Deus
475 2338 511 2366 et
534 2341 623 2366 caro
652 2327 691 2364 in
714 2326 910 2364 infinitum
933 2325 1089 2362 distant:
1120 2337 1211 2361 cum
1239 2324 1346 2361 Deus
1366 2324 1413 2360 sit

345 2382 660 2432 simplicissimus,
681 2392 770 2417 caro
800 2387 930 2416 autem
959 2378 1174 2427 composita
1193 2375 1218 2423 ὅ,
1239 2385 1275 2413 et
1303 2389 1412 2426 prae-

346 2437 457 2486 cipue
474 2437 657 2472 humana.
679 2435 781 2482 Ergo
801 2431 1078 2469 inconveniens
1091 2430 1160 2468 fuit
1179 2430 1287 2479 quod
1305 2430 1412 2466 Deus

346 2489 450 2527 carni
479 2488 652 2525 uniretur
680 2488 887 2523 humanae.

402 2543 436 2579 3.
467 2543 699 2584 PRAETEREA‚
720 2539 774 2576 sic
801 2538 912 2575 distat
940 2549 1082 2586 corpus
1110 2549 1132 2573 a
1161 2548 1318 2573 summo
1338 2535 1413 2584 spi-

347 2596 421 2633 ritu
443 2595 539 2632 sicut
553 2599 564 2615 Ε
581 2592 723 2630 malitia
738 2605 760 2629 a
773 2603 934 2628 summa
948 2590 1128 2627 bonitate.
1158 2589 1233 2626 Sed
1250 2588 1412 2625 omnino

347 2657 444 2686 esset
472 2646 750 2684 inconveniens
787 2645 894 2693 quod
923 2644 1049 2689 Deus,
1079 2642 1146 2691 qui
1175 2650 1230 2678 est
1258 2654 1413 2678 summa

346 2701 508 2748 bonitas,
529 2699 714 2736 malitiam
742 2704 964 2734 assumeret.
999 2697 1101 2744 Ergo
1130 2707 1210 2732 non
1239 2702 1295 2732 est
1321 2707 1412 2731 con-

347 2754 506 2791 veniens
535 2752 642 2802 quod
670 2763 848 2788 summus
873 2749 1026 2799 spiritus
1054 2748 1244 2785 increatus
1272 2760 1414 2797 corpus

348 2814 570 2844 assumeret.

402 2873 438 2907 4.
469 2861 700 2904 PRAETEREA,
721 2855 1000 2894 inconveniens
1019 2863 1075 2892 est
1102 2862 1144 2892 ut
1172 2854 1239 2903 qui
1268 2853 1415 2891 excedit

349 2924 498 2961 magna,
519 2911 759 2948 contineatur
787 2910 826 2946 in
854 2909 1037 2954 minimo;
1074 2916 1110 2944 et
1145 2907 1207 2944 cui
1239 2907 1415 2944 imminet

350 2978 441 3003 cura
478 2976 730 3012 magnorum,
770 2963 819 2999 ad
855 2974 976 3012 parva
1012 2973 1052 2998 se
1088 2961 1296 2998 transferat.
1337 2960 1414 2997 Sed

350 3020 490 3064 Deum,
511 3017 577 3066 qui
605 3016 720 3053 totius
749 3015 887 3052 mundi
914 3027 1049 3052 curam
1083 3013 1194 3063 gerit,
1223 3021 1302 3050 tota
1329 3012 1414 3050 uni-

349 3071 507 3108 versitas
526 3081 662 3118 capere
691 3081 771 3105 non
791 3068 941 3105 sufficit.
972 3069 1073 3116 Ergo
1101 3067 1254 3104 videtur
1281 3066 1414 3104 incon-

350 3123 509 3161 veniens
537 3122 645 3170 quod
673 3123 770 3158 intra
798 3121 1057 3170 corpusculum
1084 3121 1266 3170 vagientis
1293 3120 1414 3167 infan-

351 3179 423 3214 tiae
441 3177 550 3213 lateat
577 3176 639 3211 cui
651 3186 790 3223 parum
811 3173 823 3197 ζ
846 3179 1000 3222 putatur
1022 3175 1239 3211 universitas
1247 3186 1260 3217 ‚·
1286 3178 1319 3209 et
1337 3178 1415 3209 tan-

407 3339 434 3374 α)
453 3340 543 3372 ipsius.
557 3354 575 3358 —
596 3339 695 3364 Christi
713 3338 847 3363 editiones.

407 3376 432 3408 β)
449 3379 595 3407 peccatum.
608 3389 627 3393 —
645 3382 690 3399 seu
710 3374 787 3398 homo
802 3377 930 3405 peccator
948 3373 1016 3398 addit
1036 3374 1063 3398 P.

407 3415 433 3443 γ)
453 3411 495 3435 sit.
508 3425 526 3429 —
545 3410 650 3440 PFGH;
664 3409 771 3443 suisset.

407 3446 432 3478 ὃ)
451 3446 604 3477 composita.
617 3459 636 3463 -
654 3445 688 3470 sit
708 3444 771 3477 (om.
792 3445 821 3477 Ρ)
843 3445 961 3469 maxime
980 3444 1126 3476 composita
1147 3444 1211 3469 PGI.

408 3486 429 3514 ε)
449 3482 511 3506 sic...
531 3481 606 3506 sicut.
620 3495 637 3499 —
657 3480 784 3511 PE1sCG;
803 3480 898 3505 sicut...
917 3480 963 3504 sic.

1463 1689 1525 1725 diu
1554 1701 1578 1726 a
1605 1689 1750 1726 sedibus
1777 1691 1851 1726 suis
1879 1691 1972 1727 absit
2008 1691 2069 1728 ille
2094 1692 2313 1742 Regnator,
2342 1699 2452 1743 atque
2487 1693 2539 1731 ad

1464 1754 1580 1778 unum
1617 1742 1877 1792 corpusculum
1905 1745 2013 1780 totius
2046 1745 2179 1782 mundi
2204 1757 2297 1782 cura
2332 1747 2536 1794 transfera-

1463 1800 1543 1839 tur;
1571 1802 1613 1831 ut
1640 1795 1874 1832 Volusianus
1903 1795 2031 1833 scribit
2059 1797 2107 1834 ad
2136 1797 2398 1846 Augustinum
2416 1799 2448 1837 ⁴5.

1519 1847 1593 1884 SED
1622 1859 1778 1895 CONTRA,
1800 1848 1894 1886 illud
1921 1849 2075 1887 videtur
2102 1862 2185 1887 esse
2220 1851 2534 1890 convenientissi-

1464 1913 1577 1938 mum
1596 1908 1638 1937 ut
1663 1913 1733 1950 per
1754 1900 1918 1939 visibilia
1936 1910 2200 1941 monstrentur
2218 1903 2423 1943 invisibilia
2440 1905 2532 1944 Dei:

1465 1954 1514 1990 ad
1542 1954 1619 1990 hoc
1646 1953 1751 1991 enim
1779 1962 1881 1992 totus
1909 1956 2083 1993 mundus
2111 1965 2166 1993 est
2193 1957 2332 2004 factus,
2362 1966 2405 1995 ut
2431 1965 2535 2008 patet

1464 2019 1534 2056 per
1566 2006 1658 2044 illud
1691 2007 1877 2056 Apostoli,
1905 2009 2018 2045 Rom.
2039 2021 2048 2046 1
2067 2008 2104 2046 *z
2134 2010 2342 2048 Invisibilia
2368 2011 2444 2048 Dei
2461 2023 2535 2062 per

1465 2072 1509 2096 ea
1538 2072 1633 2109 quae
1649 2060 1760 2108 facta
1786 2066 1880 2107 sunt,
1910 2061 2102 2108 intellecta,
2131 2065 2418 2113 conspiciuntur.
2456 2064 2534 2102 Sed

1465 2112 1562 2149 sicut
1590 2113 1856 2150 Damascenus
1884 2113 1993 2161 dicit,
2023 2114 2063 2151 in
2097 2115 2286 2165 principio
2315 2117 2361 2154 111
2389 2116 2474 2155 libri
2501 2115 2522 2139 ²*
2561 2122 2573 2133 ⁴

1463 2177 1534 2215 per
1561 2165 1832 2203 incarnationis
1851 2166 2079 2216 mysterium
2099 2174 2328 2206 monstratur
2344 2170 2456 2207 simul
2472 2146 2535 2208 bo3

1465 2220 1560 2256 nitas
1587 2225 1620 2255 et
1646 2220 1827 2268 sapientia
1861 2226 1895 2256 et
1928 2221 2061 2258 iustitia
2090 2227 2123 2258 et
2145 2223 2311 2271 potentia
2347 2222 2440 2269 Dei,
2472 2224 2536 2261 vel

1463 2271 1601 2309 virtus:
1631 2273 1776 2309 bonitas
1795 2273 1954 2322 quidem,
1975 2275 2152 2323 quoniam
2172 2287 2248 2312 non
2267 2275 2432 2325 despexit
2443 2288 2534 2326 pro-

1459 2326 1539 2374 prii
1556 2325 1750 2374 plasmatis
1775 2327 2050 2374 infirmitatem‚·
2076 2328 2210 2364 iustitia
2234 2339 2344 2375 vero,
2357 2330 2534 2378 quoniam

1465 2390 1539 2414 non
1566 2378 1682 2415 alium
1700 2379 1800 2426 facit
1826 2380 1975 2416 vincere
2001 2385 2207 2428 tyrannum
2223 2385 2253 2427 η,
2274 2393 2392 2430 neque
2409 2383 2449 2418 vi
2464 2383 2534 2419 eri-

1459 2433 1515 2480 pit
1543 2443 1592 2467 ex
1619 2437 1738 2468 morte
1772 2432 1984 2476 hominem‚·
2010 2433 2189 2484 sapientia
2216 2445 2326 2480 vero,
2356 2435 2533 2483 quoniam

1465 2485 1602 2521 invenit
1630 2484 1842 2532 difficillimi
1873 2484 2165 2522 decentissimam
2199 2486 2440 2532 solutionem‚·
2466 2499 2534 2538 po-

2562 1808 2592 1856 11.
2598 1807 2635 1856 ⁹1¹1⁸
2636 1806 2776 1861 f‘iiffexrxgl

2562 1860 2616 1888 piot.
2631 1861 2694 1888 Aug.

1464 2538 1576 2573 tentia
1595 2549 1696 2583 vero,
1712 2536 1792 2573 sive
1806 2536 1937 2584 virtus,
1954 2539 2109 2585 infinita,
2130 2540 2217 2587 quia
2237 2539 2329 2576 nihil
2345 2545 2397 2577 est
2414 2541 2535 2578 maius
2561 2565 2563 2567 >

1465 2602 1578 2638 quam
1597 2591 1720 2626 Deum
1737 2591 1834 2637 fieri
1858 2591 2058 2627 hominem.
2088 2591 2191 2639 Ergo
2211 2592 2448 2631 conveniens
2465 2591 2535 2633 fuit

1466 2643 1596 2679 Deum
1625 2642 1825 2679 incarnari.

1518 2696 1744 2732 REspoNnsso
1773 2707 1955 2733 DICENDUM
1984 2697 2091 2745 quod
2121 2696 2331 2747 unicuique
2361 2697 2414 2735 rei
2442 2702 2534 2736 con-

1466 2748 1626 2784 veniens
1654 2755 1710 2784 est
1738 2747 1831 2784 illud
1865 2749 1972 2797 quod
2007 2749 2190 2799 competit
2217 2750 2289 2787 sibi
2316 2751 2533 2793 secundum

1467 2800 1655 2838 rationem
1683 2800 1861 2850 propriae
1889 2809 2068 2839 naturae:
2099 2802 2195 2840 sicut
2214 2803 2364 2841 homini
2391 2815 2532 2842 conve-

1467 2854 1576 2891 niens
1605 2861 1660 2890 est
1688 2853 1902 2891 ratiocinari
1937 2854 2028 2904 quia
2056 2856 2132 2892 hoc
2165 2856 2346 2894 convenit
2376 2856 2448 2893 sibi
2474 2856 2532 2894 in-

1468 2914 1658 2956 quantum
1678 2914 1733 2943 est
1761 2906 1953 2944 rationalis
1972 2909 2189 2946 secundum
2210 2921 2322 2946 suam
2340 2915 2529 2946 naturam.

1467 2962 1552 3009 Ipsa
1571 2967 1701 2996 autem
1721 2967 1856 2996 natura
1885 2960 1957 2997 Dei
1977 2969 2032 2997 est
2050 2961 2201 2998 bonitas
2219 2960 2253 2998 ⁰:
2281 2968 2324 2998 ut
2341 2968 2444 3010 patet
2461 2973 2532 3011 per

1468 3011 1712 3062 Dionysium,
1728 3025 1737 3049 1
1757 3024 1839 3062 cap.
1856 3013 1901 3050 de
1918 3014 2003 3051 Div.
2023 3014 2139 3051 Nom.
2154 3013 2175 3036 '¹‘
2201 3013 2313 3052 Unde
2341 3012 2529 3063 quidquid

1468 3065 1631 3116 pertinet
1658 3066 1707 3102 ad
1736 3065 1925 3103 rationem
1953 3066 2057 3114 boni,
2087 3064 2320 3104 conveniens
2347 3074 2403 3103 est
2429 3066 2527 3104 Deo.

1523 3117 1689 3155 Pertinet
1724 3126 1854 3156 autem
1889 3119 1938 3156 ad
1966 3119 2154 3156 rationem
2187 3117 2281 3156 boni
2309 3126 2351 3156 ut
2377 3130 2418 3156 se
2447 3118 2528 3165 aliis

1469 3171 1751 3208 communicet:
1781 3179 1823 3208 ut
1849 3179 1951 3221 patet
1975 3184 2045 3221 per
2064 3170 2306 3220 Dionysium,
2326 3183 2362 3208 1v
2380 3183 2462 3221 cap.
2482 3172 2530 3210 de

1524 3339 1549 3373 ζ)
1565 3347 1674 3371 parum,
1687 3353 1706 3357 -
1719 3345 1774 3371 par
1793 3338 1843 3363 νίκ·
1861 3324 1894 3366 HJ
1903 3343 1992 3368 parva
2005 3335 2036 3365 G,
2046 3341 2135 3367 parva
2154 3334 2193 3360 vis
2212 3334 2249 3359 bc.
2262 3348 2281 3353 —
2299 3333 2365 3359 Infra
2383 3341 2450 3359 cura
2469 3334 2489 3359 E
2503 3340 2528 3359 et

1470 3375 1543 3400 tertia
1563 3380 1663 3407 praeter
1682 3375 1721 3405 H;
1741 3381 1792 3399 om.
2238 3404 2244 3410 .
2409 3405 2414 3410 Ι

1522 3409 1549 3442 η)
1569 3409 1720 3442 quoniam...
1740 3412 1896 3442 &crannum
1908 3420 1927 3425 -
1944 3405 2070 3438 quoniam
2094 3405 2198 3430 homine
2217 3407 2286 3430 victo
2304 3411 2356 3430 non
2375 3405 2430 3429 aluo
2448 3411 2527 3436 quam

1468 3445 1573 3469 homine
1590 3445 1661 3477 jecit
1685 3445 1756 3469 vinci
1780 3447 1926 3477 tyrannum
1947 3441 1980 3470 P;
2005 3447 2066 3465 mox
2090 3440 2189 3472 eripuit
2208 3439 2263 3470 PF3
2291 3445 2351 3473 post
2377 3439 2529 3474 difficillimi

1468 3480 1565 3504 addunt
1580 3480 1664 3511 pretii
1683 3479 1795 3504 PEsCG.

1521 3512 1545 3547 Θ)
1566 3515 1677 3540 bonitas.
1691 3530 1710 3534 —
1727 3513 1840 3540 essentia
1859 3511 1986 3537 bonitatis
2005 3510 2082 3536 PIsG.

2655 2969 2669 2995 θ

2559 3024 2567 3035 ·
2578 3024 2603 3047 S.
2613 3023 2660 3047 Th.
2670 3024 2722 3048 lect.
2733 3031 2771 3048 ιιι.
