<?xml version="1.0" encoding="UTF-8"?>
<!DOCTYPE html PUBLIC "-//W3C//DTD XHTML 1.0 Transitional//EN"
    "http://www.w3.org/TR/xhtml1/DTD/xhtml1-transitional.dtd">
<html xmlns="http://www.w3.org/1999/xhtml" xml:lang="en" lang="en">
 <head>
  <title>
</title>
<meta http-equiv="Content-Type" content="text/html;charset=utf-8" />
  <meta name='ocr-system' content='tesseract 3.04.00' />
  <meta name='ocr-capabilities' content='ocr_page ocr_carea ocr_par ocr_line ocrx_word'/>
</head>
<body>
  <div class='ocr_page' id='page_1' title='image "./operaomniaiussui11thom_0251.png"; bbox 0 0 2872 3970; ppageno 0'>
   <div class='ocr_carea' id='block_1_1' title="bbox 294 389 1355 648">
    <p class='ocr_par' dir='ltr' id='par_1_1' title="bbox 294 389 1355 595">
     <span class='ocr_line' id='line_1_1' title="bbox 347 389 1352 437; baseline 0 -11"><span class='ocrx_word' id='word_1_1' title='bbox 347 390 404 426; x_wconf 79' lang='lat' dir='ltr'>An</span> <span class='ocrx_word' id='word_1_2' title='bbox 433 400 622 426; x_wconf 78' lang='lat' dir='ltr'>SECUNDUM</span> <span class='ocrx_word' id='word_1_3' title='bbox 649 400 829 425; x_wconf 74' lang='lat' dir='ltr'>mei-:NDUM</span> <span class='ocrx_word' id='word_1_4' title='bbox 857 389 963 437; x_wconf 92' lang='lat' dir='ltr'>quod</span> <span class='ocrx_word' id='word_1_5' title='bbox 993 389 1165 426; x_wconf 89' lang='lat' dir='ltr'>Christus</span> <span class='ocrx_word' id='word_1_6' title='bbox 1191 389 1352 426; x_wconf 86' lang='lat' dir='ltr'>admira-</span> 
     </span>
     <span class='ocr_line' id='line_1_2' title="bbox 294 440 1353 491; baseline -0.001 -12"><span class='ocrx_word' id='word_1_7' title='bbox 294 442 407 479; x_wconf 85' lang='lat' dir='ltr'>batur</span> <span class='ocrx_word' id='word_1_8' title='bbox 434 442 481 478; x_wconf 93' lang='lat' dir='ltr'>de</span> <span class='ocrx_word' id='word_1_9' title='bbox 509 441 586 478; x_wconf 87' lang='lat' dir='ltr'>fide</span> <span class='ocrx_word' id='word_1_10' title='bbox 622 440 853 478; x_wconf 87' lang='lat' dir='ltr'>centurionis</span> <span class='ocrx_word' id='word_1_11' title='bbox 885 453 965 478; x_wconf 93' lang='lat' dir='ltr'>non</span> <span class='ocrx_word' id='word_1_12' title='bbox 997 453 1042 478; x_wconf 91' lang='lat' dir='ltr'>ea</span> <span class='ocrx_word' id='word_1_13' title='bbox 1070 442 1214 478; x_wconf 90' lang='lat' dir='ltr'>ratione</span> <span class='ocrx_word' id='word_1_14' title='bbox 1247 442 1353 491; x_wconf 93' lang='lat' dir='ltr'>quod</span> 
     </span>
     <span class='ocr_line' id='line_1_3' title="bbox 295 493 1355 543; baseline -0.001 -12"><span class='ocrx_word' id='word_1_15' title='bbox 295 501 392 532; x_wconf 89' lang='lat' dir='ltr'>esset</span> <span class='ocrx_word' id='word_1_16' title='bbox 418 506 558 542; x_wconf 86' lang='lat' dir='ltr'>magna</span> <span class='ocrx_word' id='word_1_17' title='bbox 585 501 775 542; x_wconf 89' lang='lat' dir='ltr'>quantum</span> <span class='ocrx_word' id='word_1_18' title='bbox 803 493 852 530; x_wconf 91' lang='lat' dir='ltr'>ad</span> <span class='ocrx_word' id='word_1_19' title='bbox 879 493 1029 543; x_wconf 90' lang='lat' dir='ltr'>ipsum:</span> <span class='ocrx_word' id='word_1_20' title='bbox 1064 494 1131 530; x_wconf 89' lang='lat' dir='ltr'>sed</span> <span class='ocrx_word' id='word_1_21' title='bbox 1159 494 1249 543; x_wconf 89' lang='lat' dir='ltr'>quia</span> <span class='ocrx_word' id='word_1_22' title='bbox 1277 502 1355 531; x_wconf 86' lang='lat' dir='ltr'>erat</span> 
     </span>
     <span class='ocr_line' id='line_1_4' title="bbox 294 545 862 595; baseline -0.004 -11"><span class='ocrx_word' id='word_1_23' title='bbox 294 558 435 595; x_wconf 86' lang='lat' dir='ltr'>magna</span> <span class='ocrx_word' id='word_1_24' title='bbox 462 554 652 595; x_wconf 86' lang='lat' dir='ltr'>quantum</span> <span class='ocrx_word' id='word_1_25' title='bbox 680 545 729 582; x_wconf 84' lang='lat' dir='ltr'>ad</span> <span class='ocrx_word' id='word_1_26' title='bbox 757 545 862 583; x_wconf 89' lang='lat' dir='ltr'>alios.</span> 
     </span>
    </p>

    <p class='ocr_par' dir='ltr' id='par_1_2' title="bbox 348 598 1354 648">
     <span class='ocr_line' id='line_1_5' title="bbox 348 598 1354 648; baseline 0 -12"><span class='ocrx_word' id='word_1_27' title='bbox 348 601 405 636; x_wconf 84' lang='lat' dir='ltr'>An</span> <span class='ocrx_word' id='word_1_28' title='bbox 432 610 590 636; x_wconf 68' lang='lat' dir='ltr'>TER’nUM</span> <span class='ocrx_word' id='word_1_29' title='bbox 617 610 799 635; x_wconf 74' lang='lat' dir='ltr'>DICENDUM</span> <span class='ocrx_word' id='word_1_30' title='bbox 826 599 934 647; x_wconf 91' lang='lat' dir='ltr'>quod</span> <span class='ocrx_word' id='word_1_31' title='bbox 960 598 1040 648; x_wconf 93' lang='lat' dir='ltr'>ipse</span> <span class='ocrx_word' id='word_1_32' title='bbox 1059 607 1206 648; x_wconf 88' lang='lat' dir='ltr'>poterat</span> <span class='ocrx_word' id='word_1_33' title='bbox 1233 600 1354 636; x_wconf 89' lang='lat' dir='ltr'>facere</span> 
     </span>
    </p>
   </div>
   <div class='ocr_carea' id='block_1_2' title="bbox 288 861 1354 946">
    <p class='ocr_par' dir='ltr' id='par_1_3' title="bbox 288 861 1354 946">
     <span class='ocr_line' id='line_1_6' title="bbox 288 861 1354 902; baseline 0 -10"><span class='ocrx_word' id='word_1_34' title='bbox 288 862 399 902; x_wconf 77' lang='lat' dir='ltr'>potuit</span> <span class='ocrx_word' id='word_1_35' title='bbox 425 870 492 892; x_wconf 83' lang='lat' dir='ltr'>esse</span> <span class='ocrx_word' id='word_1_36' title='bbox 519 861 703 891; x_wconf 84' lang='lat' dir='ltr'>admiratio.</span> <span class='ocrx_word' id='word_1_37' title='bbox 736 861 825 892; x_wconf 89' lang='lat' dir='ltr'>Haec</span> <span class='ocrx_word' id='word_1_38' title='bbox 855 862 1020 892; x_wconf 90' lang='lat' dir='ltr'>conclusio</span> <span class='ocrx_word' id='word_1_39' title='bbox 1050 863 1155 902; x_wconf 89' lang='lat' dir='ltr'>primo</span> <span class='ocrx_word' id='word_1_40' title='bbox 1185 863 1354 902; x_wconf 89' lang='lat' dir='ltr'>probatur;</span> 
     </span>
     <span class='ocr_line' id='line_1_7' title="bbox 295 904 1354 946; baseline 0 -10"><span class='ocrx_word' id='word_1_41' title='bbox 295 904 410 936; x_wconf 88' lang='lat' dir='ltr'>deinde</span> <span class='ocrx_word' id='word_1_42' title='bbox 432 904 572 935; x_wconf 89' lang='lat' dir='ltr'>redditur</span> <span class='ocrx_word' id='word_1_43' title='bbox 589 906 669 935; x_wconf 87' lang='lat' dir='ltr'>ratio</span> <span class='ocrx_word' id='word_1_44' title='bbox 690 914 787 945; x_wconf 86' lang='lat' dir='ltr'>quare</span> <span class='ocrx_word' id='word_1_45' title='bbox 803 906 861 935; x_wconf 89' lang='lat' dir='ltr'>ista</span> <span class='ocrx_word' id='word_1_46' title='bbox 875 906 1019 945; x_wconf 84' lang='lat' dir='ltr'>potentia</span> <span class='ocrx_word' id='word_1_47' title='bbox 1041 907 1145 946; x_wconf 90' lang='lat' dir='ltr'>posita</span> <span class='ocrx_word' id='word_1_48' title='bbox 1161 912 1208 936; x_wconf 90' lang='lat' dir='ltr'>est</span> <span class='ocrx_word' id='word_1_49' title='bbox 1223 907 1256 936; x_wconf 88' lang='lat' dir='ltr'>in</span> <span class='ocrx_word' id='word_1_50' title='bbox 1272 912 1354 936; x_wconf 90' lang='lat' dir='ltr'>actu.</span> 
     </span>
    </p>
   </div>
   <div class='ocr_carea' id='block_1_3' title="bbox 116 1352 1367 3144">
    <p class='ocr_par' dir='ltr' id='par_1_4' title="bbox 297 1352 1362 1719">
     <span class='ocr_line' id='line_1_8' title="bbox 480 1352 1359 1401; baseline 0.001 -13"><span class='ocrx_word' id='word_1_51' title='bbox 480 1380 483 1388; x_wconf 68' lang='grc'>,</span> <span class='ocrx_word' id='word_1_52' title='bbox 508 1366 530 1391; x_wconf 84' lang='lat' dir='ltr'>n</span> <span class='ocrx_word' id='word_1_53' title='bbox 555 1356 685 1391; x_wconf 83' lang='lat' dir='ltr'>’NONUM</span> <span class='ocrx_word' id='word_1_54' title='bbox 713 1365 765 1390; x_wconf 76' lang='lat' dir='ltr'>sm</span> <span class='ocrx_word' id='word_1_55' title='bbox 793 1364 1028 1390; x_wconf 77' lang='lat' dir='ltr'>PROCEDITUR.</span> <span class='ocrx_word' id='word_1_56' title='bbox 1065 1352 1224 1389; x_wconf 91' lang='lat' dir='ltr'>Videtur</span> <span class='ocrx_word' id='word_1_57' title='bbox 1252 1353 1359 1401; x_wconf 91' lang='lat' dir='ltr'>quod</span> 
     </span>
     <span class='ocr_line' id='line_1_9' title="bbox 509 1405 1360 1443; baseline -0.001 0"><span class='ocrx_word' id='word_1_58' title='bbox 509 1406 548 1443; x_wconf 91' lang='lat' dir='ltr'>in</span> <span class='ocrx_word' id='word_1_59' title='bbox 569 1405 720 1443; x_wconf 88' lang='lat' dir='ltr'>Christo</span> <span class='ocrx_word' id='word_1_60' title='bbox 748 1417 829 1442; x_wconf 92' lang='lat' dir='ltr'>non</span> <span class='ocrx_word' id='word_1_61' title='bbox 856 1405 994 1442; x_wconf 82' lang='lat' dir='ltr'>fuerit</span> <span class='ocrx_word' id='word_1_62' title='bbox 985 1418 1051 1443; x_wconf 80' lang='lat' dir='ltr'>ira.</span> <span class='ocrx_word' id='word_1_63' title='bbox 1080 1405 1228 1442; x_wconf 86' lang='lat' dir='ltr'>Dicitur</span> <span class='ocrx_word' id='word_1_64' title='bbox 1255 1405 1360 1442; x_wconf 92' lang='lat' dir='ltr'>enim</span> 
     </span>
     <span class='ocr_line' id='line_1_10' title="bbox 316 1451 1359 1510; baseline -0.002 -14"><span class='ocrx_word' id='word_1_65' title='bbox 316 1465 318 1469; x_wconf 91' lang='lat'>&#39;</span> <span class='ocrx_word' id='word_1_66' title='bbox 346 1451 363 1469; x_wconf 92' lang='grc'><strong><em>’</em></strong></span> <span class='ocrx_word' id='word_1_67' title='bbox 468 1459 662 1510; x_wconf 77' lang='lat' dir='ltr'>Iac.1*:</span> <span class='ocrx_word' id='word_1_68' title='bbox 691 1460 760 1495; x_wconf 87' lang='lat' dir='ltr'>Ira</span> <span class='ocrx_word' id='word_1_69' title='bbox 779 1460 877 1495; x_wconf 88' lang='lat' dir='ltr'>enim</span> <span class='ocrx_word' id='word_1_70' title='bbox 904 1459 979 1496; x_wconf 77' lang='lat' dir='ltr'>viri</span> <span class='ocrx_word' id='word_1_71' title='bbox 1004 1459 1175 1495; x_wconf 83' lang='lat' dir='ltr'>iustitiam</span> <span class='ocrx_word' id='word_1_72' title='bbox 1194 1459 1268 1494; x_wconf 90' lang='lat' dir='ltr'>Dei</span> <span class='ocrx_word' id='word_1_73' title='bbox 1285 1471 1359 1495; x_wconf 90' lang='lat' dir='ltr'>non</span> 
     </span>
     <span class='ocr_line' id='line_1_11' title="bbox 354 1481 1359 1570; baseline -0.001 -22.035"><span class='ocrx_word' id='word_1_74' title='bbox 354 1481 499 1548; x_wconf 41' lang='grc' dir='ltr'>ἑὲ)</span> <span class='ocrx_word' id='word_1_75' title='bbox 467 1506 694 1562; x_wconf 41' lang='lat' dir='ltr'>&amp;operatum</span> <span class='ocrx_word' id='word_1_76' title='bbox 726 1511 803 1549; x_wconf 88' lang='lat' dir='ltr'>Sed</span> <span class='ocrx_word' id='word_1_77' title='bbox 831 1510 1020 1570; x_wconf 87' lang='lat' dir='ltr'>quidquid</span> <span class='ocrx_word' id='word_1_78' title='bbox 1048 1510 1116 1548; x_wconf 86' lang='lat' dir='ltr'>fuit</span> <span class='ocrx_word' id='word_1_79' title='bbox 1144 1510 1183 1548; x_wconf 92' lang='lat' dir='ltr'>in</span> <span class='ocrx_word' id='word_1_80' title='bbox 1209 1510 1359 1548; x_wconf 91' lang='lat' dir='ltr'>Christo</span> 
     </span>
     <span class='ocr_line' id='line_1_12' title="bbox 297 1563 1362 1613; baseline -0.002 -11"><span class='ocrx_word' id='word_1_81' title='bbox 297 1565 346 1603; x_wconf 88' lang='lat' dir='ltr'>ad</span> <span class='ocrx_word' id='word_1_82' title='bbox 374 1564 554 1602; x_wconf 86' lang='lat' dir='ltr'>iustitiam</span> <span class='ocrx_word' id='word_1_83' title='bbox 586 1564 658 1602; x_wconf 88' lang='lat' dir='ltr'>Dei</span> <span class='ocrx_word' id='word_1_84' title='bbox 689 1563 888 1613; x_wconf 88' lang='lat' dir='ltr'>pertinuit:</span> <span class='ocrx_word' id='word_1_85' title='bbox 918 1564 999 1612; x_wconf 89' lang='lat' dir='ltr'>ipse</span> <span class='ocrx_word' id='word_1_86' title='bbox 1028 1563 1131 1600; x_wconf 91' lang='lat' dir='ltr'>enim</span> <span class='ocrx_word' id='word_1_87' title='bbox 1156 1565 1284 1612; x_wconf 80' lang='lat' dir='ltr'>factus</span> <span class='ocrx_word' id='word_1_88' title='bbox 1312 1569 1362 1600; x_wconf 83' lang='lat' dir='ltr'>est</span> 
     </span>
     <span class='ocr_line' id='line_1_13' title="bbox 298 1616 1360 1664; baseline -0.003 -9"><span class='ocrx_word' id='word_1_89' title='bbox 298 1619 403 1655; x_wconf 81' lang='lat' dir='ltr'>nobis</span> <span class='ocrx_word' id='word_1_90' title='bbox 437 1619 569 1655; x_wconf 83' lang='lat' dir='ltr'>iustitia</span> <span class='ocrx_word' id='word_1_91' title='bbox 597 1630 621 1654; x_wconf 87' lang='lat' dir='ltr'>a</span> <span class='ocrx_word' id='word_1_92' title='bbox 648 1618 742 1663; x_wconf 86' lang='lat' dir='ltr'>Deo,</span> <span class='ocrx_word' id='word_1_93' title='bbox 771 1624 813 1654; x_wconf 94' lang='lat' dir='ltr'>ut</span> <span class='ocrx_word' id='word_1_94' title='bbox 841 1616 978 1653; x_wconf 86' lang='lat' dir='ltr'>dicitur</span> <span class='ocrx_word' id='word_1_95' title='bbox 1005 1617 1019 1652; x_wconf 95' lang='lat' dir='ltr'>I</span> <span class='ocrx_word' id='word_1_96' title='bbox 1051 1618 1137 1653; x_wconf 85' lang='lat' dir='ltr'>Cor.</span> <span class='ocrx_word' id='word_1_97' title='bbox 1164 1616 1221 1652; x_wconf 71' lang='lat'>1⁵¹⁶.</span> <span class='ocrx_word' id='word_1_98' title='bbox 1259 1617 1360 1664; x_wconf 90' lang='lat' dir='ltr'>Ergo</span> 
     </span>
     <span class='ocr_line' id='line_1_14' title="bbox 297 1669 1170 1719; baseline -0.003 -11"><span class='ocrx_word' id='word_1_99' title='bbox 297 1670 450 1708; x_wconf 84' lang='lat' dir='ltr'>videtur</span> <span class='ocrx_word' id='word_1_100' title='bbox 476 1670 584 1719; x_wconf 92' lang='lat' dir='ltr'>quod</span> <span class='ocrx_word' id='word_1_101' title='bbox 612 1670 651 1707; x_wconf 93' lang='lat' dir='ltr'>in</span> <span class='ocrx_word' id='word_1_102' title='bbox 680 1669 832 1707; x_wconf 90' lang='lat' dir='ltr'>Christo</span> <span class='ocrx_word' id='word_1_103' title='bbox 860 1681 940 1706; x_wconf 91' lang='lat' dir='ltr'>non</span> <span class='ocrx_word' id='word_1_104' title='bbox 968 1669 1078 1706; x_wconf 87' lang='lat' dir='ltr'>fuerit</span> <span class='ocrx_word' id='word_1_105' title='bbox 1106 1669 1170 1706; x_wconf 89' lang='lat' dir='ltr'>ira.</span> 
     </span>
    </p>

    <p class='ocr_par' dir='ltr' id='par_1_5' title="bbox 151 1721 1363 1876">
     <span class='ocr_line' id='line_1_15' title="bbox 354 1721 1363 1781; baseline -0.002 -21"><span class='ocrx_word' id='word_1_106' title='bbox 354 1735 388 1760; x_wconf 86' lang='lat'>2.</span> <span class='ocrx_word' id='word_1_107' title='bbox 419 1722 679 1769; x_wconf 72' lang='lat' dir='ltr'>PRAETEREA,</span> <span class='ocrx_word' id='word_1_108' title='bbox 671 1735 726 1759; x_wconf 80' lang='lat' dir='ltr'>ira</span> <span class='ocrx_word' id='word_1_109' title='bbox 751 1721 1038 1759; x_wconf 87' lang='lat' dir='ltr'>mansuetudini</span> <span class='ocrx_word' id='word_1_110' title='bbox 1066 1721 1291 1781; x_wconf 86' lang='lat' dir='ltr'>opponitur:</span> <span class='ocrx_word' id='word_1_111' title='bbox 1321 1730 1363 1758; x_wconf 91' lang='lat' dir='ltr'>ut</span> 
     </span>
     <span class='ocr_line' id='line_1_16' title="bbox 116 1774 1363 1831; baseline -0.002 -17.913"><span class='ocrx_word' id='word_1_112' title='bbox 116 1789 208 1831; x_wconf 61' lang='lat' dir='ltr'><strong>··zffi·</strong></span> <span class='ocrx_word' id='word_1_113' title='bbox 219 1789 270 1831; x_wconf 58' lang='lat'>1¹4²</span> <span class='ocrx_word' id='word_1_114' title='bbox 298 1784 401 1826; x_wconf 90' lang='lat' dir='ltr'>patet</span> <span class='ocrx_word' id='word_1_115' title='bbox 427 1776 466 1812; x_wconf 90' lang='lat' dir='ltr'>in</span> <span class='ocrx_word' id='word_1_116' title='bbox 495 1777 546 1812; x_wconf 94' lang='lat' dir='ltr'>IV</span> <span class='ocrx_word' id='word_1_117' title='bbox 572 1777 689 1813; x_wconf 82' lang='lat' dir='ltr'>Ethic.</span> <span class='ocrx_word' id='word_1_118' title='bbox 710 1775 730 1796; x_wconf 69' lang='lat'>²¹⁶</span> <span class='ocrx_word' id='word_1_119' title='bbox 759 1775 836 1812; x_wconf 89' lang='lat' dir='ltr'>Sed</span> <span class='ocrx_word' id='word_1_120' title='bbox 862 1774 1035 1811; x_wconf 89' lang='lat' dir='ltr'>Christus</span> <span class='ocrx_word' id='word_1_121' title='bbox 1062 1774 1131 1811; x_wconf 87' lang='lat' dir='ltr'>fuit</span> <span class='ocrx_word' id='word_1_122' title='bbox 1158 1775 1324 1811; x_wconf 81' lang='lat' dir='ltr'>maxime</span> <span class='ocrx_word' id='word_1_123' title='bbox 1346 1780 1363 1795; x_wconf 79' lang='lat'>‘²</span> 
     </span>
     <span class='ocr_line' id='line_1_17' title="bbox 298 1826 1214 1876; baseline -0.003 -10"><span class='ocrx_word' id='word_1_124' title='bbox 298 1836 534 1866; x_wconf 88' lang='lat' dir='ltr'>mansuetus.</span> <span class='ocrx_word' id='word_1_125' title='bbox 565 1829 666 1876; x_wconf 91' lang='lat' dir='ltr'>Ergo</span> <span class='ocrx_word' id='word_1_126' title='bbox 695 1827 735 1864; x_wconf 88' lang='lat' dir='ltr'>in</span> <span class='ocrx_word' id='word_1_127' title='bbox 765 1827 915 1864; x_wconf 91' lang='lat' dir='ltr'>Christo</span> <span class='ocrx_word' id='word_1_128' title='bbox 945 1839 1025 1864; x_wconf 93' lang='lat' dir='ltr'>non</span> <span class='ocrx_word' id='word_1_129' title='bbox 1052 1827 1121 1863; x_wconf 84' lang='lat' dir='ltr'>fuit</span> <span class='ocrx_word' id='word_1_130' title='bbox 1149 1826 1214 1863; x_wconf 89' lang='lat' dir='ltr'>ira.</span> 
     </span>
    </p>

    <p class='ocr_par' dir='ltr' id='par_1_6' title="bbox 298 1879 1364 2194">
     <span class='ocr_line' id='line_1_18' title="bbox 354 1879 1362 1928; baseline -0.003 -10"><span class='ocrx_word' id='word_1_131' title='bbox 354 1881 389 1918; x_wconf 86' lang='lat'>3.</span> <span class='ocrx_word' id='word_1_132' title='bbox 419 1882 651 1928; x_wconf 63' lang='lat' dir='ltr'>Pmmnnm,</span> <span class='ocrx_word' id='word_1_133' title='bbox 682 1879 889 1928; x_wconf 87' lang='lat' dir='ltr'>Gregorius</span> <span class='ocrx_word' id='word_1_134' title='bbox 918 1879 1018 1926; x_wconf 84' lang='lat' dir='ltr'>dicit,</span> <span class='ocrx_word' id='word_1_135' title='bbox 1048 1879 1087 1916; x_wconf 93' lang='lat' dir='ltr'>in</span> <span class='ocrx_word' id='word_1_136' title='bbox 1115 1880 1149 1916; x_wconf 88' lang='lat' dir='ltr'>V</span> <span class='ocrx_word' id='word_1_137' title='bbox 1167 1880 1310 1916; x_wconf 87' lang='lat' dir='ltr'>Moral.</span> <span class='ocrx_word' id='word_1_138' title='bbox 1331 1879 1362 1925; x_wconf 68' lang='lat'>²¹²,</span> 
     </span>
     <span class='ocr_line' id='line_1_19' title="bbox 299 1932 1364 1983; baseline -0.003 -12"><span class='ocrx_word' id='word_1_139' title='bbox 299 1934 407 1983; x_wconf 91' lang='lat' dir='ltr'>quod</span> <span class='ocrx_word' id='word_1_140' title='bbox 426 1936 484 1971; x_wconf 88' lang='lat' dir='ltr'>ira</span> <span class='ocrx_word' id='word_1_141' title='bbox 506 1946 578 1983; x_wconf 87' lang='lat' dir='ltr'>per</span> <span class='ocrx_word' id='word_1_142' title='bbox 595 1935 723 1971; x_wconf 82' lang='lat' dir='ltr'>vitium</span> <span class='ocrx_word' id='word_1_143' title='bbox 751 1939 926 1970; x_wconf 85' lang='lat' dir='ltr'>excaecat</span> <span class='ocrx_word' id='word_1_144' title='bbox 953 1932 1101 1969; x_wconf 89' lang='lat' dir='ltr'>oculum</span> <span class='ocrx_word' id='word_1_145' title='bbox 1129 1934 1279 1975; x_wconf 86' lang='lat' dir='ltr'>mentis,·</span> <span class='ocrx_word' id='word_1_146' title='bbox 1306 1934 1364 1968; x_wconf 88' lang='lat' dir='ltr'>ira</span> 
     </span>
     <span class='ocr_line' id='line_1_20' title="bbox 298 1984 1363 2036; baseline -0.003 -12"><span class='ocrx_word' id='word_1_147' title='bbox 298 1999 387 2025; x_wconf 81' lang='lat' dir='ltr'>vero</span> <span class='ocrx_word' id='word_1_148' title='bbox 419 1999 492 2036; x_wconf 85' lang='lat' dir='ltr'>per</span> <span class='ocrx_word' id='word_1_149' title='bbox 528 1987 644 2035; x_wconf 71' lang='lat' dir='ltr'>zelum</span> <span class='ocrx_word' id='word_1_150' title='bbox 686 1988 805 2036; x_wconf 82' lang='lat' dir='ltr'>ipsum</span> <span class='ocrx_word' id='word_1_151' title='bbox 845 1987 977 2022; x_wconf 85' lang='lat' dir='ltr'>turbat.</span> <span class='ocrx_word' id='word_1_152' title='bbox 1022 1985 1100 2022; x_wconf 90' lang='lat' dir='ltr'>Sed</span> <span class='ocrx_word' id='word_1_153' title='bbox 1137 1984 1176 2021; x_wconf 92' lang='lat' dir='ltr'>in</span> <span class='ocrx_word' id='word_1_154' title='bbox 1212 1984 1363 2022; x_wconf 89' lang='lat' dir='ltr'>Christo</span> 
     </span>
     <span class='ocr_line' id='line_1_21' title="bbox 300 2038 1364 2087; baseline -0.004 -10"><span class='ocrx_word' id='word_1_155' title='bbox 300 2039 438 2078; x_wconf 89' lang='lat' dir='ltr'>mentis</span> <span class='ocrx_word' id='word_1_156' title='bbox 466 2040 601 2076; x_wconf 90' lang='lat' dir='ltr'>oculus</span> <span class='ocrx_word' id='word_1_157' title='bbox 627 2051 708 2076; x_wconf 90' lang='lat' dir='ltr'>non</span> <span class='ocrx_word' id='word_1_158' title='bbox 735 2038 804 2075; x_wconf 88' lang='lat' dir='ltr'>fuit</span> <span class='ocrx_word' id='word_1_159' title='bbox 831 2050 958 2087; x_wconf 91' lang='lat' dir='ltr'>neque</span> <span class='ocrx_word' id='word_1_160' title='bbox 987 2045 1209 2074; x_wconf 86' lang='lat' dir='ltr'>excaecatus</span> <span class='ocrx_word' id='word_1_161' title='bbox 1238 2050 1364 2086; x_wconf 92' lang='lat' dir='ltr'>neque</span> 
     </span>
     <span class='ocr_line' id='line_1_22' title="bbox 299 2090 1363 2140; baseline -0.003 -10"><span class='ocrx_word' id='word_1_162' title='bbox 299 2093 484 2130; x_wconf 88' lang='lat' dir='ltr'>turbatus.</span> <span class='ocrx_word' id='word_1_163' title='bbox 514 2093 616 2140; x_wconf 89' lang='lat' dir='ltr'>Ergo</span> <span class='ocrx_word' id='word_1_164' title='bbox 636 2091 676 2128; x_wconf 92' lang='lat' dir='ltr'>in</span> <span class='ocrx_word' id='word_1_165' title='bbox 696 2091 848 2128; x_wconf 89' lang='lat' dir='ltr'>Christo</span> <span class='ocrx_word' id='word_1_166' title='bbox 867 2103 948 2128; x_wconf 93' lang='lat' dir='ltr'>non</span> <span class='ocrx_word' id='word_1_167' title='bbox 967 2090 1035 2128; x_wconf 87' lang='lat' dir='ltr'>fuit</span> <span class='ocrx_word' id='word_1_168' title='bbox 1054 2090 1108 2127; x_wconf 88' lang='lat' dir='ltr'>ira</span> <span class='ocrx_word' id='word_1_169' title='bbox 1127 2103 1197 2140; x_wconf 88' lang='lat' dir='ltr'>per</span> <span class='ocrx_word' id='word_1_170' title='bbox 1214 2090 1363 2138; x_wconf 90' lang='lat' dir='ltr'>vitium,</span> 
     </span>
     <span class='ocr_line' id='line_1_23' title="bbox 301 2145 717 2194; baseline -0.002 -12"><span class='ocrx_word' id='word_1_171' title='bbox 301 2157 374 2182; x_wconf 92' lang='lat' dir='ltr'>nec</span> <span class='ocrx_word' id='word_1_172' title='bbox 400 2145 456 2182; x_wconf 88' lang='lat' dir='ltr'>ira</span> <span class='ocrx_word' id='word_1_173' title='bbox 482 2157 552 2194; x_wconf 90' lang='lat' dir='ltr'>per</span> <span class='ocrx_word' id='word_1_174' title='bbox 579 2146 717 2182; x_wconf 90' lang='lat' dir='ltr'>zelum.</span> 
     </span>
    </p>

    <p class='ocr_par' dir='ltr' id='par_1_7' title="bbox 301 2195 1366 2342">
     <span class='ocr_line' id='line_1_24' title="bbox 355 2195 1364 2246; baseline -0.003 -11"><span class='ocrx_word' id='word_1_175' title='bbox 355 2198 429 2236; x_wconf 85' lang='lat' dir='ltr'>SED</span> <span class='ocrx_word' id='word_1_176' title='bbox 458 2210 602 2235; x_wconf 81' lang='lat' dir='ltr'>CONTRA</span> <span class='ocrx_word' id='word_1_177' title='bbox 630 2209 695 2234; x_wconf 76' lang='lat' dir='ltr'>Esr</span> <span class='ocrx_word' id='word_1_178' title='bbox 723 2197 830 2246; x_wconf 92' lang='lat' dir='ltr'>quod</span> <span class='ocrx_word' id='word_1_179' title='bbox 858 2197 961 2233; x_wconf 89' lang='lat' dir='ltr'>Ioan.</span> <span class='ocrx_word' id='word_1_180' title='bbox 989 2208 1010 2233; x_wconf 92' lang='lat'>11</span> <span class='ocrx_word' id='word_1_181' title='bbox 1029 2196 1048 2218; x_wconf 76' lang='lat'>’¹‘</span> <span class='ocrx_word' id='word_1_182' title='bbox 1077 2195 1214 2233; x_wconf 88' lang='lat' dir='ltr'>dicitur</span> <span class='ocrx_word' id='word_1_183' title='bbox 1241 2196 1289 2232; x_wconf 92' lang='lat' dir='ltr'>de</span> <span class='ocrx_word' id='word_1_184' title='bbox 1318 2208 1364 2232; x_wconf 93' lang='lat' dir='ltr'>eo</span> 
     </span>
     <span class='ocr_line' id='line_1_25' title="bbox 301 2249 1366 2299; baseline -0.002 -11"><span class='ocrx_word' id='word_1_185' title='bbox 301 2263 383 2288; x_wconf 91' lang='lat' dir='ltr'>esse</span> <span class='ocrx_word' id='word_1_186' title='bbox 412 2250 615 2299; x_wconf 89' lang='lat' dir='ltr'>impletum</span> <span class='ocrx_word' id='word_1_187' title='bbox 643 2250 751 2299; x_wconf 89' lang='lat' dir='ltr'>quod</span> <span class='ocrx_word' id='word_1_188' title='bbox 778 2249 818 2286; x_wconf 94' lang='lat' dir='ltr'>in</span> <span class='ocrx_word' id='word_1_189' title='bbox 845 2250 1000 2287; x_wconf 84' lang='lat' dir='ltr'>Psalmo</span> <span class='ocrx_word' id='word_1_190' title='bbox 1023 2249 1043 2271; x_wconf 75' lang='lat'>&#39;¹‘</span> <span class='ocrx_word' id='word_1_191' title='bbox 1071 2249 1223 2298; x_wconf 87' lang='lat' dir='ltr'>legitur:</span> <span class='ocrx_word' id='word_1_192' title='bbox 1258 2250 1366 2286; x_wconf 85' lang='lat' dir='ltr'>Zelus</span> 
     </span>
     <span class='ocr_line' id='line_1_26' title="bbox 301 2303 823 2342; baseline -0.006 0"><span class='ocrx_word' id='word_1_193' title='bbox 301 2304 432 2342; x_wconf 84' lang='lat' dir='ltr'>domus</span> <span class='ocrx_word' id='word_1_194' title='bbox 458 2309 544 2340; x_wconf 86' lang='lat' dir='ltr'>tuae</span> <span class='ocrx_word' id='word_1_195' title='bbox 570 2303 726 2340; x_wconf 85' lang='lat' dir='ltr'>comedit</span> <span class='ocrx_word' id='word_1_196' title='bbox 753 2315 823 2340; x_wconf 90' lang='lat' dir='ltr'>me.</span> 
     </span>
    </p>

    <p class='ocr_par' dir='ltr' id='par_1_8' title="bbox 301 2354 1367 3144">
     <span class='ocr_line' id='line_1_27' title="bbox 354 2354 1366 2404; baseline -0.002 -11"><span class='ocrx_word' id='word_1_197' title='bbox 354 2357 578 2394; x_wconf 79' lang='lat' dir='ltr'>RESPONDEO</span> <span class='ocrx_word' id='word_1_198' title='bbox 613 2368 796 2393; x_wconf 84' lang='lat' dir='ltr'>DICENDUM</span> <span class='ocrx_word' id='word_1_199' title='bbox 831 2355 956 2404; x_wconf 88' lang='lat' dir='ltr'>quod,</span> <span class='ocrx_word' id='word_1_200' title='bbox 986 2354 1082 2391; x_wconf 88' lang='lat' dir='ltr'>sicut</span> <span class='ocrx_word' id='word_1_201' title='bbox 1114 2354 1154 2391; x_wconf 92' lang='lat' dir='ltr'>in</span> <span class='ocrx_word' id='word_1_202' title='bbox 1188 2354 1366 2392; x_wconf 87' lang='lat' dir='ltr'>Secunda</span> 
     </span>
     <span class='ocr_line' id='line_1_28' title="bbox 301 2407 1366 2454; baseline -0.003 -7"><span class='ocrx_word' id='word_1_203' title='bbox 301 2410 413 2447; x_wconf 86' lang='lat' dir='ltr'>Parte</span> <span class='ocrx_word' id='word_1_204' title='bbox 432 2408 452 2430; x_wconf 74' lang='lat'>&#39;¹‘</span> <span class='ocrx_word' id='word_1_205' title='bbox 479 2409 625 2446; x_wconf 90' lang='lat' dir='ltr'>dictum</span> <span class='ocrx_word' id='word_1_206' title='bbox 653 2416 719 2454; x_wconf 78' lang='lat' dir='ltr'>est,</span> <span class='ocrx_word' id='word_1_207' title='bbox 749 2407 805 2445; x_wconf 89' lang='lat' dir='ltr'>ira</span> <span class='ocrx_word' id='word_1_208' title='bbox 832 2415 887 2444; x_wconf 90' lang='lat' dir='ltr'>est</span> <span class='ocrx_word' id='word_1_209' title='bbox 914 2408 1072 2444; x_wconf 85' lang='lat' dir='ltr'>effectus</span> <span class='ocrx_word' id='word_1_210' title='bbox 1100 2407 1277 2444; x_wconf 87' lang='lat' dir='ltr'>tristitiae.</span> <span class='ocrx_word' id='word_1_211' title='bbox 1308 2408 1366 2444; x_wconf 88' lang='lat' dir='ltr'>Ex</span> 
     </span>
     <span class='ocr_line' id='line_1_29' title="bbox 301 2459 1367 2509; baseline -0.003 -10"><span class='ocrx_word' id='word_1_212' title='bbox 301 2461 446 2500; x_wconf 87' lang='lat' dir='ltr'>tristitia</span> <span class='ocrx_word' id='word_1_213' title='bbox 473 2461 578 2499; x_wconf 92' lang='lat' dir='ltr'>enim</span> <span class='ocrx_word' id='word_1_214' title='bbox 606 2460 719 2499; x_wconf 89' lang='lat' dir='ltr'>alicui</span> <span class='ocrx_word' id='word_1_215' title='bbox 745 2461 844 2498; x_wconf 87' lang='lat' dir='ltr'>illata</span> <span class='ocrx_word' id='word_1_216' title='bbox 863 2460 1111 2509; x_wconf 85' lang='lat' dir='ltr'>consequitur</span> <span class='ocrx_word' id='word_1_217' title='bbox 1129 2460 1168 2497; x_wconf 92' lang='lat' dir='ltr'>in</span> <span class='ocrx_word' id='word_1_218' title='bbox 1188 2472 1247 2506; x_wconf 87' lang='lat' dir='ltr'>eo,</span> <span class='ocrx_word' id='word_1_219' title='bbox 1268 2459 1367 2497; x_wconf 89' lang='lat' dir='ltr'>circa</span> 
     </span>
     <span class='ocr_line' id='line_1_30' title="bbox 302 2513 1366 2564; baseline -0.003 -12"><span class='ocrx_word' id='word_1_220' title='bbox 302 2514 524 2552; x_wconf 89' lang='lat' dir='ltr'>sensitivam</span> <span class='ocrx_word' id='word_1_221' title='bbox 557 2522 724 2564; x_wconf 84' lang='lat' dir='ltr'>partem,</span> <span class='ocrx_word' id='word_1_222' title='bbox 761 2513 949 2563; x_wconf 90' lang='lat' dir='ltr'>appetitus</span> <span class='ocrx_word' id='word_1_223' title='bbox 985 2513 1191 2563; x_wconf 90' lang='lat' dir='ltr'>repellendi</span> <span class='ocrx_word' id='word_1_224' title='bbox 1226 2513 1366 2550; x_wconf 90' lang='lat' dir='ltr'>illatam</span> 
     </span>
     <span class='ocr_line' id='line_1_31' title="bbox 302 2565 1365 2615; baseline -0.002 -11"><span class='ocrx_word' id='word_1_225' title='bbox 302 2566 483 2604; x_wconf 88' lang='lat' dir='ltr'>iniuriam</span> <span class='ocrx_word' id='word_1_226' title='bbox 516 2565 578 2605; x_wconf 82' lang='lat' dir='ltr'>vel</span> <span class='ocrx_word' id='word_1_227' title='bbox 606 2566 677 2604; x_wconf 88' lang='lat' dir='ltr'>sibi</span> <span class='ocrx_word' id='word_1_228' title='bbox 704 2568 766 2604; x_wconf 89' lang='lat' dir='ltr'>vel</span> <span class='ocrx_word' id='word_1_229' title='bbox 793 2566 885 2604; x_wconf 91' lang='lat' dir='ltr'>aliis.</span> <span class='ocrx_word' id='word_1_230' title='bbox 921 2567 969 2603; x_wconf 89' lang='lat' dir='ltr'>Et</span> <span class='ocrx_word' id='word_1_231' title='bbox 992 2566 1046 2603; x_wconf 92' lang='lat' dir='ltr'>sic</span> <span class='ocrx_word' id='word_1_232' title='bbox 1073 2566 1128 2603; x_wconf 89' lang='lat' dir='ltr'>ira</span> <span class='ocrx_word' id='word_1_233' title='bbox 1156 2574 1211 2602; x_wconf 91' lang='lat' dir='ltr'>est</span> <span class='ocrx_word' id='word_1_234' title='bbox 1238 2565 1365 2615; x_wconf 87' lang='lat' dir='ltr'>passio</span> 
     </span>
     <span class='ocr_line' id='line_1_32' title="bbox 303 2619 1366 2669; baseline -0.003 -11"><span class='ocrx_word' id='word_1_235' title='bbox 303 2619 517 2669; x_wconf 85' lang='lat' dir='ltr'>composita</span> <span class='ocrx_word' id='word_1_236' title='bbox 531 2631 578 2656; x_wconf 86' lang='lat' dir='ltr'>ex</span> <span class='ocrx_word' id='word_1_237' title='bbox 591 2619 735 2657; x_wconf 73' lang='lat' dir='ltr'>tristitia</span> <span class='ocrx_word' id='word_1_238' title='bbox 749 2627 786 2656; x_wconf 92' lang='lat' dir='ltr'>et</span> <span class='ocrx_word' id='word_1_239' title='bbox 800 2619 970 2669; x_wconf 90' lang='lat' dir='ltr'>appetitu</span> <span class='ocrx_word' id='word_1_240' title='bbox 989 2619 1189 2656; x_wconf 87' lang='lat' dir='ltr'>vindictae.</span> <span class='ocrx_word' id='word_1_241' title='bbox 1210 2619 1366 2655; x_wconf 91' lang='lat' dir='ltr'>Dictum</span> 
     </span>
     <span class='ocr_line' id='line_1_33' title="bbox 303 2671 1364 2722; baseline -0.002 -12"><span class='ocrx_word' id='word_1_242' title='bbox 303 2681 359 2710; x_wconf 92' lang='lat' dir='ltr'>est</span> <span class='ocrx_word' id='word_1_243' title='bbox 376 2672 396 2694; x_wconf 75' lang='lat'>’¹‘</span> <span class='ocrx_word' id='word_1_244' title='bbox 424 2680 551 2709; x_wconf 88' lang='lat' dir='ltr'>autern</span> <span class='ocrx_word' id='word_1_245' title='bbox 582 2672 690 2722; x_wconf 92' lang='lat' dir='ltr'>quod</span> <span class='ocrx_word' id='word_1_246' title='bbox 709 2673 748 2709; x_wconf 95' lang='lat' dir='ltr'>in</span> <span class='ocrx_word' id='word_1_247' title='bbox 769 2672 920 2710; x_wconf 91' lang='lat' dir='ltr'>Christo</span> <span class='ocrx_word' id='word_1_248' title='bbox 948 2671 1092 2709; x_wconf 88' lang='lat' dir='ltr'>tristitia</span> <span class='ocrx_word' id='word_1_249' title='bbox 1120 2684 1201 2708; x_wconf 90' lang='lat' dir='ltr'>esse</span> <span class='ocrx_word' id='word_1_250' title='bbox 1230 2671 1364 2720; x_wconf 87' lang='lat' dir='ltr'>potuit.</span> 
     </span>
     <span class='ocr_line' id='line_1_34' title="bbox 303 2724 1366 2775; baseline -0.001 -13"><span class='ocrx_word' id='word_1_251' title='bbox 303 2725 505 2775; x_wconf 88' lang='lat' dir='ltr'>Appetitus</span> <span class='ocrx_word' id='word_1_252' title='bbox 520 2724 635 2762; x_wconf 87' lang='lat' dir='ltr'>etiam</span> <span class='ocrx_word' id='word_1_253' title='bbox 649 2724 838 2762; x_wconf 87' lang='lat' dir='ltr'>vindictae</span> <span class='ocrx_word' id='word_1_254' title='bbox 854 2725 1090 2774; x_wconf 86' lang='lat' dir='ltr'>quandoque</span> <span class='ocrx_word' id='word_1_255' title='bbox 1105 2732 1159 2761; x_wconf 90' lang='lat' dir='ltr'>est</span> <span class='ocrx_word' id='word_1_256' title='bbox 1174 2737 1264 2762; x_wconf 91' lang='lat' dir='ltr'>cum</span> <span class='ocrx_word' id='word_1_257' title='bbox 1279 2736 1366 2774; x_wconf 93' lang='lat' dir='ltr'>pec-</span> 
     </span>
     <span class='ocr_line' id='line_1_35' title="bbox 304 2777 1366 2827; baseline -0.001 -12"><span class='ocrx_word' id='word_1_258' title='bbox 304 2786 404 2816; x_wconf 90' lang='lat' dir='ltr'>cato:</span> <span class='ocrx_word' id='word_1_259' title='bbox 421 2778 578 2827; x_wconf 89' lang='lat' dir='ltr'>quando</span> <span class='ocrx_word' id='word_1_260' title='bbox 599 2777 737 2815; x_wconf 87' lang='lat' dir='ltr'>scilicet</span> <span class='ocrx_word' id='word_1_261' title='bbox 755 2777 891 2827; x_wconf 91' lang='lat' dir='ltr'>aliquis</span> <span class='ocrx_word' id='word_1_262' title='bbox 905 2777 1114 2815; x_wconf 86' lang='lat' dir='ltr'>vindictam</span> <span class='ocrx_word' id='word_1_263' title='bbox 1133 2777 1281 2826; x_wconf 89' lang='lat' dir='ltr'>quaerit</span> <span class='ocrx_word' id='word_1_264' title='bbox 1295 2777 1366 2814; x_wconf 91' lang='lat' dir='ltr'>sibi</span> 
     </span>
     <span class='ocr_line' id='line_1_36' title="bbox 304 2829 1365 2880; baseline -0.002 -12"><span class='ocrx_word' id='word_1_265' title='bbox 304 2832 450 2880; x_wconf 90' lang='lat' dir='ltr'>absque</span> <span class='ocrx_word' id='word_1_266' title='bbox 474 2829 609 2867; x_wconf 89' lang='lat' dir='ltr'>ordine</span> <span class='ocrx_word' id='word_1_267' title='bbox 637 2829 803 2868; x_wconf 90' lang='lat' dir='ltr'>rationis.</span> <span class='ocrx_word' id='word_1_268' title='bbox 833 2831 881 2868; x_wconf 90' lang='lat' dir='ltr'>Et</span> <span class='ocrx_word' id='word_1_269' title='bbox 899 2830 953 2867; x_wconf 91' lang='lat' dir='ltr'>sic</span> <span class='ocrx_word' id='word_1_270' title='bbox 980 2830 1035 2867; x_wconf 86' lang='lat' dir='ltr'>ira</span> <span class='ocrx_word' id='word_1_271' title='bbox 1054 2830 1092 2867; x_wconf 91' lang='lat' dir='ltr'>in</span> <span class='ocrx_word' id='word_1_272' title='bbox 1114 2830 1264 2867; x_wconf 91' lang='lat' dir='ltr'>Christo</span> <span class='ocrx_word' id='word_1_273' title='bbox 1284 2842 1365 2867; x_wconf 89' lang='lat' dir='ltr'>esse</span> 
     </span>
     <span class='ocr_line' id='line_1_37' title="bbox 304 2882 1366 2933; baseline -0.001 -12"><span class='ocrx_word' id='word_1_274' title='bbox 304 2896 384 2921; x_wconf 92' lang='lat' dir='ltr'>non</span> <span class='ocrx_word' id='word_1_275' title='bbox 408 2883 548 2933; x_wconf 89' lang='lat' dir='ltr'>potuit:</span> <span class='ocrx_word' id='word_1_276' title='bbox 579 2883 655 2920; x_wconf 92' lang='lat' dir='ltr'>hoc</span> <span class='ocrx_word' id='word_1_277' title='bbox 682 2882 788 2920; x_wconf 90' lang='lat' dir='ltr'>enirn</span> <span class='ocrx_word' id='word_1_278' title='bbox 815 2883 952 2920; x_wconf 90' lang='lat' dir='ltr'>dicitur</span> <span class='ocrx_word' id='word_1_279' title='bbox 979 2885 1037 2920; x_wconf 89' lang='lat' dir='ltr'>ira</span> <span class='ocrx_word' id='word_1_280' title='bbox 1059 2896 1132 2932; x_wconf 84' lang='lat' dir='ltr'>per</span> <span class='ocrx_word' id='word_1_281' title='bbox 1149 2885 1275 2920; x_wconf 82' lang='lat' dir='ltr'>vitium</span> <span class='ocrx_word' id='word_1_282' title='bbox 1289 2883 1320 2919; x_wconf 72' lang='lat'>²¹⁶.</span> <span class='ocrx_word' id='word_1_283' title='bbox 1341 2905 1366 2909; x_wconf 86' lang='lat'>—</span> 
     </span>
     <span class='ocr_line' id='line_1_38' title="bbox 305 2935 1365 2986; baseline -0.002 -12"><span class='ocrx_word' id='word_1_284' title='bbox 305 2937 554 2985; x_wconf 84' lang='lat' dir='ltr'>Quandoque</span> <span class='ocrx_word' id='word_1_285' title='bbox 582 2948 676 2973; x_wconf 90' lang='lat' dir='ltr'>vero</span> <span class='ocrx_word' id='word_1_286' title='bbox 704 2935 786 2973; x_wconf 91' lang='lat' dir='ltr'>talis</span> <span class='ocrx_word' id='word_1_287' title='bbox 814 2936 1002 2985; x_wconf 88' lang='lat' dir='ltr'>appetitus</span> <span class='ocrx_word' id='word_1_288' title='bbox 1022 2943 1077 2972; x_wconf 90' lang='lat' dir='ltr'>est</span> <span class='ocrx_word' id='word_1_289' title='bbox 1096 2936 1177 2972; x_wconf 90' lang='lat' dir='ltr'>sine</span> <span class='ocrx_word' id='word_1_290' title='bbox 1197 2943 1365 2986; x_wconf 81' lang='lat' dir='ltr'>peccato,</span> 
     </span>
     <span class='ocr_line' id='line_1_39' title="bbox 304 2987 1367 3038; baseline -0.004 -10"><span class='ocrx_word' id='word_1_291' title='bbox 304 2989 426 3028; x_wconf 90' lang='lat' dir='ltr'>immo</span> <span class='ocrx_word' id='word_1_292' title='bbox 461 2997 515 3026; x_wconf 89' lang='lat' dir='ltr'>est</span> <span class='ocrx_word' id='word_1_293' title='bbox 548 2987 766 3026; x_wconf 90' lang='lat' dir='ltr'>laudabilis:</span> <span class='ocrx_word' id='word_1_294' title='bbox 802 2996 896 3037; x_wconf 88' lang='lat' dir='ltr'>puta</span> <span class='ocrx_word' id='word_1_295' title='bbox 930 3000 1020 3025; x_wconf 90' lang='lat' dir='ltr'>cum</span> <span class='ocrx_word' id='word_1_296' title='bbox 1056 2988 1191 3038; x_wconf 88' lang='lat' dir='ltr'>aliquis</span> <span class='ocrx_word' id='word_1_297' title='bbox 1226 2988 1367 3037; x_wconf 91' lang='lat' dir='ltr'>appetit</span> 
     </span>
     <span class='ocr_line' id='line_1_40' title="bbox 303 3040 1367 3080; baseline -0.002 0"><span class='ocrx_word' id='word_1_298' title='bbox 303 3042 513 3080; x_wconf 88' lang='lat' dir='ltr'>vindictam</span> <span class='ocrx_word' id='word_1_299' title='bbox 542 3041 757 3078; x_wconf 91' lang='lat' dir='ltr'>secundum</span> <span class='ocrx_word' id='word_1_300' title='bbox 786 3041 963 3078; x_wconf 92' lang='lat' dir='ltr'>ordinem</span> <span class='ocrx_word' id='word_1_301' title='bbox 999 3040 1172 3078; x_wconf 91' lang='lat' dir='ltr'>iustitiae.</span> <span class='ocrx_word' id='word_1_302' title='bbox 1216 3042 1264 3078; x_wconf 91' lang='lat' dir='ltr'>Et</span> <span class='ocrx_word' id='word_1_303' title='bbox 1292 3042 1367 3078; x_wconf 90' lang='lat' dir='ltr'>hoc</span> 
     </span>
     <span class='ocr_line' id='line_1_41' title="bbox 303 3093 1366 3144; baseline -0.003 -11"><span class='ocrx_word' id='word_1_304' title='bbox 303 3103 464 3133; x_wconf 89' lang='lat' dir='ltr'>vocatur</span> <span class='ocrx_word' id='word_1_305' title='bbox 492 3097 550 3132; x_wconf 87' lang='lat' dir='ltr'>ira</span> <span class='ocrx_word' id='word_1_306' title='bbox 573 3107 645 3144; x_wconf 84' lang='lat' dir='ltr'>per</span> <span class='ocrx_word' id='word_1_307' title='bbox 673 3094 838 3142; x_wconf 69' lang='lat' dir='ltr'>zelum*:</span> <span class='ocrx_word' id='word_1_308' title='bbox 869 3093 958 3130; x_wconf 89' lang='lat' dir='ltr'>dicit</span> <span class='ocrx_word' id='word_1_309' title='bbox 985 3093 1090 3130; x_wconf 91' lang='lat' dir='ltr'>enim</span> <span class='ocrx_word' id='word_1_310' title='bbox 1118 3093 1366 3142; x_wconf 83' lang='lat' dir='ltr'>Augustinus,</span> 
     </span>
    </p>
   </div>
   <div class='ocr_carea' id='block_1_4' title="bbox 0 319 507 3970">
    <p class='ocr_par' dir='ltr' id='par_1_9' title="bbox 0 319 507 3970">
     <span class='ocr_line' id='line_1_42' title="bbox 0 319 507 1747; baseline -0.373 1"><span class='ocrx_word' id='word_1_311' title='bbox 0 319 198 1747; x_wconf 95' lang='lat' dir='ltr'> </span> <span class='ocrx_word' id='word_1_312' title='bbox 297 1361 507 1560; x_wconf 95' lang='lat' dir='ltr'>  </span> 
     </span>
     <span class='ocr_line' id='line_1_43' title="bbox 0 1747 278 1896; baseline 0 0"><span class='ocrx_word' id='word_1_313' title='bbox 0 1747 157 1896; x_wconf 95' lang='lat' dir='ltr'>   </span> <span class='ocrx_word' id='word_1_314' title='bbox 174 1864 278 1896; x_wconf 95' lang='lat' dir='ltr'> </span> 
     </span>
     <span class='ocr_line' id='line_1_44' title="bbox 0 1896 278 2535; baseline 0 -338"><span class='ocrx_word' id='word_1_315' title='bbox 0 1896 278 2535; x_wconf 95' lang='lat' dir='ltr'>        </span> <span class='ocrx_word' id='word_1_316' title='bbox 193 2197 278 2241; x_wconf 95' lang='lat' dir='ltr'> </span> 
     </span>
     <span class='ocr_line' id='line_1_45' title="bbox 0 2535 174 3970; baseline 0 -888"><span class='ocrx_word' id='word_1_317' title='bbox 0 2535 174 3970; x_wconf 95' lang='lat' dir='ltr'>     </span> 
     </span>
    </p>
   </div>
   <div class='ocr_carea' id='block_1_5' title="bbox 75 1872 274 1954">
    <p class='ocr_par' dir='ltr' id='par_1_10' title="bbox 75 1872 274 1954">
     <span class='ocr_line' id='line_1_46' title="bbox 75 1872 274 1924; baseline -0.005 -4.964"><span class='ocrx_word' id='word_1_318' title='bbox 75 1898 97 1914; x_wconf 65' lang='lat'>·-„=</span> <span class='ocrx_word' id='word_1_319' title='bbox 108 1908 119 1915; x_wconf 56' lang='lat'>1·</span> <span class='ocrx_word' id='word_1_320' title='bbox 126 1872 274 1924; x_wconf 58' lang='lat' dir='ltr'>.xx.“v‚nl.xxx;</span> 
     </span>
     <span class='ocr_line' id='line_1_47' title="bbox 80 1926 240 1954; baseline -0.006 -8"><span class='ocrx_word' id='word_1_321' title='bbox 80 1936 88 1954; x_wconf 51' lang='lat' dir='ltr'><em>f</em></span> <span class='ocrx_word' id='word_1_322' title='bbox 94 1926 144 1946; x_wconf 62' lang='grc' dir='ltr'>τοι.</span> <span class='ocrx_word' id='word_1_323' title='bbox 158 1929 240 1945; x_wconf 74' lang='lat' dir='ltr'>xxxin.</span> 
     </span>
    </p>
   </div>
   <div class='ocr_carea' id='block_1_6' title="bbox 71 2203 202 2234">
    <p class='ocr_par' dir='ltr' id='par_1_11' title="bbox 71 2203 202 2234">
     <span class='ocr_line' id='line_1_48' title="bbox 71 2203 202 2234; baseline -0.015 -8"><span class='ocrx_word' id='word_1_324' title='bbox 71 2203 79 2234; x_wconf 52' lang='lat' dir='ltr'>J</span> <span class='ocrx_word' id='word_1_325' title='bbox 98 2206 152 2226; x_wconf 70' lang='lat' dir='ltr'>m.</span> <span class='ocrx_word' id='word_1_326' title='bbox 169 2209 202 2230; x_wconf 76' lang='lat'>¹7.</span> 
     </span>
    </p>
   </div>
   <div class='ocr_carea' id='block_1_7' title="bbox 22 2259 273 2284">
    <p class='ocr_par' dir='ltr' id='par_1_12' title="bbox 22 2247 273 2288">
     <span class='ocr_line' id='line_1_49' title="bbox 22 2259 273 2284; baseline -0.012 -5"><span class='ocrx_word' id='word_1_327' title='bbox 22 2259 24 2261; x_wconf 81' lang='grc'>’</span> <span class='ocrx_word' id='word_1_328' title='bbox 91 2263 94 2266; x_wconf 89' lang='lat'>·</span> <span class='ocrx_word' id='word_1_329' title='bbox 127 2262 206 2284; x_wconf 74' lang='lat' dir='ltr'>uvm,</span> <span class='ocrx_word' id='word_1_330' title='bbox 214 2261 273 2277; x_wconf 81' lang='lat' dir='ltr'>vers,</span> 
     </span>
    </p>
   </div>
   <div class='ocr_carea' id='block_1_8' title="bbox 26 2409 274 2540">
    <p class='ocr_par' dir='ltr' id='par_1_13' title="bbox 26 2409 274 2520">
     <span class='ocr_line' id='line_1_50' title="bbox 76 2409 273 2441; baseline -0.016 -6.918"><span class='ocrx_word' id='word_1_331' title='bbox 76 2409 163 2441; x_wconf 31' lang='lat' dir='ltr'>.11”¹-v,</span> <span class='ocrx_word' id='word_1_332' title='bbox 185 2417 208 2432; x_wconf 89' lang='grc' dir='ltr'>ιι.</span> <span class='ocrx_word' id='word_1_333' title='bbox 213 2416 273 2437; x_wconf 68' lang='lat' dir='ltr'>uvi,</span> 
     </span>
     <span class='ocr_line' id='line_1_51' title="bbox 119 2426 274 2466; baseline 0 0"><span class='ocrx_word' id='word_1_334' title='bbox 119 2442 140 2466; x_wconf 77' lang='grc'><strong>3</strong></span> <span class='ocrx_word' id='word_1_335' title='bbox 154 2443 167 2459; x_wconf 85' lang='grc'>·</span> <span class='ocrx_word' id='word_1_336' title='bbox 195 2443 220 2466; x_wconf 98' lang='grc'><strong>3</strong></span> <span class='ocrx_word' id='word_1_337' title='bbox 239 2426 274 2459; x_wconf 77' lang='lat'>11⁸</span> 
     </span>
     <span class='ocr_line' id='line_1_52' title="bbox 26 2469 273 2540; baseline 0.004 -56"><span class='ocrx_word' id='word_1_338' title='bbox 26 2498 27 2501; x_wconf 13' lang='grc' dir='ltr'><strong>Ἴ</strong></span> <span class='ocrx_word' id='word_1_339' title='bbox 87 2469 184 2540; x_wconf 33' lang='lat'>3:¹²³</span> <span class='ocrx_word' id='word_1_340' title='bbox 194 2469 273 2520; x_wconf 53' lang='grc' dir='ltr'>εἶναι,</span> 
     </span>
    </p>
   </div>
   <div class='ocr_carea' id='block_1_9' title="bbox 61 2869 224 2926">
    <p class='ocr_par' dir='ltr' id='par_1_14' title="bbox 61 2869 224 2926">
     <span class='ocr_line' id='line_1_53' title="bbox 61 2869 224 2926; baseline 0.006 -22"><span class='ocrx_word' id='word_1_341' title='bbox 61 2915 62 2918; x_wconf 16' lang='lat'>¹</span> <span class='ocrx_word' id='word_1_342' title='bbox 75 2869 115 2926; x_wconf 22' lang='lat'>3³1⁵?</span> <span class='ocrx_word' id='word_1_343' title='bbox 142 2888 189 2911; x_wconf 72' lang='lat' dir='ltr'>urg.</span> <span class='ocrx_word' id='word_1_344' title='bbox 204 2890 224 2912; x_wconf 84' lang='lat'>3.</span> 
     </span>
    </p>
   </div>
   <div class='ocr_carea' id='block_1_10' title="bbox 125 3094 200 3118">
    <p class='ocr_par' dir='ltr' id='par_1_15' title="bbox 125 3094 200 3118">
     <span class='ocr_line' id='line_1_54' title="bbox 125 3094 200 3118; baseline 0.013 -1"><span class='ocrx_word' id='word_1_345' title='bbox 125 3110 131 3117; x_wconf 91' lang='lat'>.</span> <span class='ocrx_word' id='word_1_346' title='bbox 145 3094 200 3118; x_wconf 67' lang='lat' dir='ltr'>ibid.</span> 
     </span>
    </p>
   </div>
   <div class='ocr_carea' id='block_1_11' title="bbox 358 3223 1178 3297">
    <p class='ocr_par' dir='ltr' id='par_1_16' title="bbox 358 3223 1178 3297">
     <span class='ocr_line' id='line_1_55' title="bbox 358 3223 1178 3260; baseline -0.004 -8"><span class='ocrx_word' id='word_1_347' title='bbox 358 3226 386 3260; x_wconf 84' lang='grc' dir='ltr'>α)</span> <span class='ocrx_word' id='word_1_348' title='bbox 405 3227 533 3252; x_wconf 82' lang='lat' dir='ltr'>maxime.</span> <span class='ocrx_word' id='word_1_349' title='bbox 551 3239 571 3244; x_wconf 94' lang='lat'>—</span> <span class='ocrx_word' id='word_1_350' title='bbox 589 3226 670 3250; x_wconf 84' lang='lat' dir='ltr'>etiam</span> <span class='ocrx_word' id='word_1_351' title='bbox 690 3224 809 3249; x_wconf 78' lang='lat' dir='ltr'>maxime</span> <span class='ocrx_word' id='word_1_352' title='bbox 827 3223 856 3253; x_wconf 78' lang='lat' dir='ltr'>F.</span> <span class='ocrx_word' id='word_1_353' title='bbox 875 3231 928 3249; x_wconf 89' lang='lat' dir='ltr'>om.</span> <span class='ocrx_word' id='word_1_354' title='bbox 947 3224 1021 3248; x_wconf 79' lang='lat' dir='ltr'>tertia</span> <span class='ocrx_word' id='word_1_355' title='bbox 1040 3228 1142 3255; x_wconf 83' lang='lat' dir='ltr'>praeter</span> <span class='ocrx_word' id='word_1_356' title='bbox 1159 3224 1178 3249; x_wconf 89' lang='lat'>1.</span> 
     </span>
     <span class='ocr_line' id='line_1_56' title="bbox 358 3259 766 3297; baseline -0.01 -9"><span class='ocrx_word' id='word_1_357' title='bbox 358 3262 384 3297; x_wconf 86' lang='grc' dir='ltr'>β)</span> <span class='ocrx_word' id='word_1_358' title='bbox 403 3263 448 3288; x_wconf 85' lang='lat' dir='ltr'>ad.</span> <span class='ocrx_word' id='word_1_359' title='bbox 466 3277 484 3281; x_wconf 92' lang='lat'><em>-</em></span> <span class='ocrx_word' id='word_1_360' title='bbox 502 3265 529 3287; x_wconf 83' lang='lat' dir='ltr'>et</span> <span class='ocrx_word' id='word_1_361' title='bbox 547 3261 583 3286; x_wconf 84' lang='lat' dir='ltr'>ad</span> <span class='ocrx_word' id='word_1_362' title='bbox 603 3261 622 3285; x_wconf 76' lang='lat' dir='ltr'>F</span> <span class='ocrx_word' id='word_1_363' title='bbox 641 3266 666 3285; x_wconf 86' lang='lat' dir='ltr'>et</span> <span class='ocrx_word' id='word_1_364' title='bbox 685 3259 766 3284; x_wconf 87' lang='lat' dir='ltr'>tertia.</span> 
     </span>
    </p>
   </div>
   <div class='ocr_carea' id='block_1_12' title="bbox 307 3424 1367 3643">
    <p class='ocr_par' dir='ltr' id='par_1_17' title="bbox 307 3424 1367 3601">
     <span class='ocr_line' id='line_1_57' title="bbox 366 3424 1366 3466; baseline -0.005 -7"><span class='ocrx_word' id='word_1_365' title='bbox 366 3438 473 3459; x_wconf 77' lang='lat' dir='ltr'>rrums</span> <span class='ocrx_word' id='word_1_366' title='bbox 491 3428 592 3459; x_wconf 89' lang='lat' dir='ltr'>clarus</span> <span class='ocrx_word' id='word_1_367' title='bbox 608 3433 663 3458; x_wconf 90' lang='lat' dir='ltr'>est.</span> <span class='ocrx_word' id='word_1_368' title='bbox 679 3445 702 3449; x_wconf 91' lang='lat'><em>-</em></span> <span class='ocrx_word' id='word_1_369' title='bbox 725 3426 761 3456; x_wconf 93' lang='lat' dir='ltr'>In</span> <span class='ocrx_word' id='word_1_370' title='bbox 784 3435 918 3466; x_wconf 88' lang='lat' dir='ltr'>corpore</span> <span class='ocrx_word' id='word_1_371' title='bbox 937 3425 1058 3455; x_wconf 89' lang='lat' dir='ltr'>articuli</span> <span class='ocrx_word' id='word_1_372' title='bbox 1081 3429 1154 3454; x_wconf 91' lang='lat' dir='ltr'>sunt</span> <span class='ocrx_word' id='word_1_373' title='bbox 1180 3424 1261 3455; x_wconf 89' lang='lat' dir='ltr'>duae</span> <span class='ocrx_word' id='word_1_374' title='bbox 1289 3433 1366 3454; x_wconf 93' lang='lat' dir='ltr'>con-</span> 
     </span>
     <span class='ocr_line' id='line_1_58' title="bbox 308 3439 1364 3512; baseline -0.003 -11"><span class='ocrx_word' id='word_1_375' title='bbox 308 3439 527 3503; x_wconf 87' lang='lat' dir='ltr'>Tclusiones</span> <span class='ocrx_word' id='word_1_376' title='bbox 548 3471 750 3512; x_wconf 87' lang='lat' dir='ltr'>responsivae</span> <span class='ocrx_word' id='word_1_377' title='bbox 771 3470 925 3510; x_wconf 88' lang='lat' dir='ltr'>quaesito.</span> <span class='ocrx_word' id='word_1_378' title='bbox 950 3469 1054 3499; x_wconf 85' lang='lat' dir='ltr'>Prima</span> <span class='ocrx_word' id='word_1_379' title='bbox 1074 3474 1136 3499; x_wconf 87' lang='lat' dir='ltr'>est:</span> <span class='ocrx_word' id='word_1_380' title='bbox 1162 3468 1219 3499; x_wconf 85' lang='lat' dir='ltr'>Ira</span> <span class='ocrx_word' id='word_1_381' title='bbox 1234 3478 1297 3509; x_wconf 82' lang='lat' dir='ltr'>per</span> <span class='ocrx_word' id='word_1_382' title='bbox 1319 3469 1364 3499; x_wconf 83' lang='lat' dir='ltr'>vi-</span> 
     </span>
     <span class='ocr_line' id='line_1_59' title="bbox 308 3512 1367 3556; baseline -0.005 -10"><span class='ocrx_word' id='word_1_383' title='bbox 308 3515 386 3546; x_wconf 84' lang='lat' dir='ltr'>tium</span> <span class='ocrx_word' id='word_1_384' title='bbox 410 3525 474 3546; x_wconf 87' lang='lat' dir='ltr'>non</span> <span class='ocrx_word' id='word_1_385' title='bbox 491 3516 602 3556; x_wconf 82' lang='lat' dir='ltr'>potuit</span> <span class='ocrx_word' id='word_1_386' title='bbox 624 3525 691 3546; x_wconf 80' lang='lat' dir='ltr'>esse</span> <span class='ocrx_word' id='word_1_387' title='bbox 714 3515 746 3545; x_wconf 89' lang='lat' dir='ltr'>in</span> <span class='ocrx_word' id='word_1_388' title='bbox 773 3514 910 3545; x_wconf 82' lang='lat' dir='ltr'>Christo.</span> <span class='ocrx_word' id='word_1_389' title='bbox 927 3530 947 3535; x_wconf 91' lang='lat'>—</span> <span class='ocrx_word' id='word_1_390' title='bbox 971 3512 1116 3543; x_wconf 87' lang='lat' dir='ltr'>Secunda</span> <span class='ocrx_word' id='word_1_391' title='bbox 1139 3518 1204 3542; x_wconf 86' lang='lat' dir='ltr'>est:</span> <span class='ocrx_word' id='word_1_392' title='bbox 1229 3512 1285 3542; x_wconf 87' lang='lat' dir='ltr'>Ira</span> <span class='ocrx_word' id='word_1_393' title='bbox 1304 3522 1367 3553; x_wconf 83' lang='lat' dir='ltr'>per</span> 
     </span>
     <span class='ocr_line' id='line_1_60' title="bbox 307 3559 715 3601; baseline 0.003 -12"><span class='ocrx_word' id='word_1_394' title='bbox 307 3559 409 3599; x_wconf 69' lang='lat' dir='ltr'>zelum</span> <span class='ocrx_word' id='word_1_395' title='bbox 422 3559 497 3601; x_wconf 82' lang='lat' dir='ltr'>suit</span> <span class='ocrx_word' id='word_1_396' title='bbox 519 3560 551 3590; x_wconf 86' lang='lat' dir='ltr'>in</span> <span class='ocrx_word' id='word_1_397' title='bbox 577 3559 715 3590; x_wconf 86' lang='lat' dir='ltr'>Christo.</span> 
     </span>
    </p>

    <p class='ocr_par' dir='ltr' id='par_1_18' title="bbox 361 3600 1365 3643">
     <span class='ocr_line' id='line_1_61' title="bbox 361 3600 1365 3643; baseline -0.002 -11"><span class='ocrx_word' id='word_1_398' title='bbox 361 3602 516 3634; x_wconf 81' lang='lat' dir='ltr'>Probatur</span> <span class='ocrx_word' id='word_1_399' title='bbox 539 3603 704 3634; x_wconf 88' lang='lat' dir='ltr'>conclusio</span> <span class='ocrx_word' id='word_1_400' title='bbox 728 3608 862 3643; x_wconf 90' lang='lat' dir='ltr'>utraque</span> <span class='ocrx_word' id='word_1_401' title='bbox 882 3601 991 3632; x_wconf 90' lang='lat' dir='ltr'>simul:</span> <span class='ocrx_word' id='word_1_402' title='bbox 1016 3600 1233 3637; x_wconf 86' lang='lat' dir='ltr'>monstrando,</span> <span class='ocrx_word' id='word_1_403' title='bbox 1250 3601 1365 3641; x_wconf 88' lang='lat' dir='ltr'>primo,</span> 
     </span>
    </p>
   </div>
   <div class='ocr_carea' id='block_1_13' title="bbox 985 311 1366 358">
    <p class='ocr_par' dir='ltr' id='par_1_19' title="bbox 985 311 1366 358">
     <span class='ocr_line' id='line_1_62' title="bbox 985 311 1366 358; baseline 0 -10"><span class='ocrx_word' id='word_1_404' title='bbox 985 311 1247 357; x_wconf 86' lang='lat' dir='ltr'>QUAESTIO</span> <span class='ocrx_word' id='word_1_405' title='bbox 1277 312 1366 358; x_wconf 85' lang='lat' dir='ltr'>xv,</span> 
     </span>
    </p>
   </div>
   <div class='ocr_carea' id='block_1_14' title="bbox 1385 1370 1391 1885">
    <p class='ocr_par' dir='ltr' id='par_1_20' title="bbox 1385 1370 1391 1885">
     <span class='ocr_line' id='line_1_63' title="bbox 1385 1370 1391 1885; baseline 0 0"><span class='ocrx_word' id='word_1_406' title='bbox 1385 1370 1391 1885; x_wconf 95' lang='lat' dir='ltr'> </span> 
     </span>
    </p>
   </div>
   <div class='ocr_carea' id='block_1_15' title="bbox 1391 2595 1397 3270">
    <p class='ocr_par' dir='ltr' id='par_1_21' title="bbox 1391 2595 1397 3270">
     <span class='ocr_line' id='line_1_64' title="bbox 1391 2595 1397 3270; baseline 0 0"><span class='ocrx_word' id='word_1_407' title='bbox 1391 2595 1397 3270; x_wconf 95' lang='lat' dir='ltr'> </span> 
     </span>
    </p>
   </div>
   <div class='ocr_carea' id='block_1_16' title="bbox 1401 311 1771 349">
    <p class='ocr_par' dir='ltr' id='par_1_22' title="bbox 1401 311 1771 349">
     <span class='ocr_line' id='line_1_65' title="bbox 1401 311 1771 349; baseline 0 -1"><span class='ocrx_word' id='word_1_408' title='bbox 1401 311 1692 349; x_wconf 92' lang='lat' dir='ltr'>ARTICULUS</span> <span class='ocrx_word' id='word_1_409' title='bbox 1720 312 1771 348; x_wconf 95' lang='lat' dir='ltr'>IX</span> 
     </span>
    </p>
   </div>
   <div class='ocr_carea' id='block_1_17' title="bbox 1410 389 2467 584">
    <p class='ocr_par' dir='ltr' id='par_1_23' title="bbox 1410 389 2467 584">
     <span class='ocr_line' id='line_1_66' title="bbox 1410 389 2466 436; baseline 0.002 -10"><span class='ocrx_word' id='word_1_410' title='bbox 1410 389 1541 427; x_wconf 92' lang='lat' dir='ltr'>omnia</span> <span class='ocrx_word' id='word_1_411' title='bbox 1576 390 1790 426; x_wconf 91' lang='lat' dir='ltr'>secundum</span> <span class='ocrx_word' id='word_1_412' title='bbox 1818 389 1997 426; x_wconf 86' lang='lat' dir='ltr'>virtutem</span> <span class='ocrx_word' id='word_1_413' title='bbox 2034 389 2222 436; x_wconf 84' lang='lat' dir='ltr'>divinam,</span> <span class='ocrx_word' id='word_1_414' title='bbox 2252 391 2466 428; x_wconf 90' lang='lat' dir='ltr'>secundum</span> 
     </span>
     <span class='ocr_line' id='line_1_67' title="bbox 1410 442 2466 491; baseline 0.002 -12"><span class='ocrx_word' id='word_1_415' title='bbox 1410 454 1528 491; x_wconf 89' lang='lat' dir='ltr'>quam</span> <span class='ocrx_word' id='word_1_416' title='bbox 1557 442 1595 478; x_wconf 92' lang='lat' dir='ltr'>in</span> <span class='ocrx_word' id='word_1_417' title='bbox 1624 455 1671 479; x_wconf 93' lang='lat' dir='ltr'>eo</span> <span class='ocrx_word' id='word_1_418' title='bbox 1700 442 1899 479; x_wconf 89' lang='lat' dir='ltr'>admiratio</span> <span class='ocrx_word' id='word_1_419' title='bbox 1928 454 2008 479; x_wconf 93' lang='lat' dir='ltr'>non</span> <span class='ocrx_word' id='word_1_420' title='bbox 2037 450 2130 479; x_wconf 87' lang='lat' dir='ltr'>erat:</span> <span class='ocrx_word' id='word_1_421' title='bbox 2162 443 2227 479; x_wconf 91' lang='lat' dir='ltr'>sed</span> <span class='ocrx_word' id='word_1_422' title='bbox 2256 445 2382 480; x_wconf 90' lang='lat' dir='ltr'>solum</span> <span class='ocrx_word' id='word_1_423' title='bbox 2411 456 2466 480; x_wconf 89' lang='lat' dir='ltr'>se-</span> 
     </span>
     <span class='ocr_line' id='line_1_68' title="bbox 1410 494 2467 543; baseline 0.002 -12"><span class='ocrx_word' id='word_1_424' title='bbox 1410 495 1583 532; x_wconf 91' lang='lat' dir='ltr'>cundum</span> <span class='ocrx_word' id='word_1_425' title='bbox 1610 495 1823 532; x_wconf 88' lang='lat' dir='ltr'>humanam</span> <span class='ocrx_word' id='word_1_426' title='bbox 1843 494 2038 532; x_wconf 88' lang='lat' dir='ltr'>scientiam</span> <span class='ocrx_word' id='word_1_427' title='bbox 2058 495 2404 543; x_wconf 82' lang='lat' dir='ltr'>experimentalem‚</span> <span class='ocrx_word' id='word_1_428' title='bbox 2426 504 2467 533; x_wconf 90' lang='lat' dir='ltr'>ut</span> 
     </span>
     <span class='ocr_line' id='line_1_69' title="bbox 1411 547 1687 584; baseline 0 0"><span class='ocrx_word' id='word_1_429' title='bbox 1411 547 1556 584; x_wconf 92' lang='lat' dir='ltr'>dictum</span> <span class='ocrx_word' id='word_1_430' title='bbox 1584 555 1639 584; x_wconf 93' lang='lat' dir='ltr'>est</span> <span class='ocrx_word' id='word_1_431' title='bbox 1657 547 1687 584; x_wconf 73' lang='lat'>²¹².</span> 
     </span>
    </p>
   </div>
   <div class='ocr_carea' id='block_1_18' title="bbox 2393 314 2461 361">
    <p class='ocr_par' dir='ltr' id='par_1_24' title="bbox 2393 314 2461 361">
     <span class='ocr_line' id='line_1_70' title="bbox 2393 314 2461 361; baseline 0 -11"><span class='ocrx_word' id='word_1_432' title='bbox 2393 314 2461 361; x_wconf 86' lang='lat'>195</span> 
     </span>
    </p>
   </div>
   <div class='ocr_carea' id='block_1_19' title="bbox 2495 546 2663 574">
    <p class='ocr_par' dir='ltr' id='par_1_25' title="bbox 2495 546 2663 574">
     <span class='ocr_line' id='line_1_71' title="bbox 2495 546 2663 574; baseline 0.006 -7"><span class='ocrx_word' id='word_1_433' title='bbox 2495 548 2503 557; x_wconf 78' lang='lat'>⁴</span> <span class='ocrx_word' id='word_1_434' title='bbox 2518 546 2542 567; x_wconf 90' lang='lat' dir='ltr'>In</span> <span class='ocrx_word' id='word_1_435' title='bbox 2559 552 2663 574; x_wconf 87' lang='lat' dir='ltr'>corpore.</span> 
     </span>
    </p>
   </div>
   <div class='ocr_carea' id='block_1_20' title="bbox 967 695 1795 729">
    <p class='ocr_par' dir='ltr' id='par_1_26' title="bbox 967 695 1795 729">
     <span class='ocr_line' id='line_1_72' title="bbox 967 695 1795 729; baseline 0.002 -2"><span class='ocrx_word' id='word_1_436' title='bbox 967 695 1300 728; x_wconf 79' lang='lat' dir='ltr'>Commentaria</span> <span class='ocrx_word' id='word_1_437' title='bbox 1323 696 1573 729; x_wconf 72' lang='lat' dir='ltr'>Cardinalis</span> <span class='ocrx_word' id='word_1_438' title='bbox 1595 696 1795 729; x_wconf 75' lang='lat' dir='ltr'>Caietam</span> 
     </span>
    </p>
   </div>
   <div class='ocr_carea' id='block_1_21' title="bbox 297 773 2468 861">
    <p class='ocr_par' dir='ltr' id='par_1_27' title="bbox 297 773 2468 861">
     <span class='ocr_line' id='line_1_73' title="bbox 297 773 2467 846; baseline 0.002 -43"><span class='ocrx_word' id='word_1_439' title='bbox 297 783 461 846; x_wconf 77' lang='lat' dir='ltr'>Trruws</span> <span class='ocrx_word' id='word_1_440' title='bbox 478 773 579 804; x_wconf 81' lang='lat' dir='ltr'>clarus</span> <span class='ocrx_word' id='word_1_441' title='bbox 595 779 651 803; x_wconf 90' lang='lat' dir='ltr'>est.</span> <span class='ocrx_word' id='word_1_442' title='bbox 667 791 690 795; x_wconf 98' lang='lat'><em>-</em></span> <span class='ocrx_word' id='word_1_443' title='bbox 712 773 747 803; x_wconf 90' lang='lat' dir='ltr'>In</span> <span class='ocrx_word' id='word_1_444' title='bbox 767 783 902 813; x_wconf 87' lang='lat' dir='ltr'>corpore</span> <span class='ocrx_word' id='word_1_445' title='bbox 918 774 1012 804; x_wconf 89' lang='lat' dir='ltr'>unica</span> <span class='ocrx_word' id='word_1_446' title='bbox 1035 780 1082 805; x_wconf 88' lang='lat' dir='ltr'>est</span> <span class='ocrx_word' id='word_1_447' title='bbox 1106 775 1288 805; x_wconf 89' lang='lat' dir='ltr'>conclusio:</span> <span class='ocrx_word' id='word_1_448' title='bbox 1314 775 1352 804; x_wconf 88' lang='lat' dir='ltr'>In</span> <span class='ocrx_word' id='word_1_449' title='bbox 1409 775 1536 805; x_wconf 88' lang='lat' dir='ltr'>Christo</span> <span class='ocrx_word' id='word_1_450' title='bbox 1559 785 1619 806; x_wconf 90' lang='lat' dir='ltr'>nec</span> <span class='ocrx_word' id='word_1_451' title='bbox 1643 776 1820 806; x_wconf 88' lang='lat' dir='ltr'>secundum</span> <span class='ocrx_word' id='word_1_452' title='bbox 1849 777 2011 807; x_wconf 86' lang='lat' dir='ltr'>scientiam</span> <span class='ocrx_word' id='word_1_453' title='bbox 2040 777 2189 813; x_wconf 86' lang='lat' dir='ltr'>divinam,</span> <span class='ocrx_word' id='word_1_454' title='bbox 2213 787 2272 807; x_wconf 91' lang='lat' dir='ltr'>nec</span> <span class='ocrx_word' id='word_1_455' title='bbox 2296 778 2467 807; x_wconf 84' lang='lat' dir='ltr'>humanam</span> 
     </span>
     <span class='ocr_line' id='line_1_74' title="bbox 357 817 2468 861; baseline 0.002 -14"><span class='ocrx_word' id='word_1_456' title='bbox 357 817 484 848; x_wconf 85' lang='lat' dir='ltr'>Christo</span> <span class='ocrx_word' id='word_1_457' title='bbox 507 817 612 847; x_wconf 87' lang='lat' dir='ltr'>solum</span> <span class='ocrx_word' id='word_1_458' title='bbox 639 822 793 857; x_wconf 82' lang='lat' dir='ltr'>quantum</span> <span class='ocrx_word' id='word_1_459' title='bbox 821 817 864 848; x_wconf 86' lang='lat' dir='ltr'>ad</span> <span class='ocrx_word' id='word_1_460' title='bbox 885 818 1050 848; x_wconf 85' lang='lat' dir='ltr'>scientiam</span> <span class='ocrx_word' id='word_1_461' title='bbox 1074 819 1353 859; x_wconf 70' lang='lat' dir='ltr'>experimentalem</span> <span class='ocrx_word' id='word_1_462' title='bbox 1409 820 1441 848; x_wconf 94' lang='lat' dir='ltr'>in</span> <span class='ocrx_word' id='word_1_463' title='bbox 1464 820 1582 855; x_wconf 89' lang='lat' dir='ltr'>Verbo,</span> <span class='ocrx_word' id='word_1_464' title='bbox 1606 829 1665 849; x_wconf 91' lang='lat' dir='ltr'>nec</span> <span class='ocrx_word' id='word_1_465' title='bbox 1681 820 1823 856; x_wconf 86' lang='lat' dir='ltr'>inditam,</span> <span class='ocrx_word' id='word_1_466' title='bbox 1841 820 1895 850; x_wconf 89' lang='lat' dir='ltr'>sed</span> <span class='ocrx_word' id='word_1_467' title='bbox 1911 826 2035 851; x_wconf 86' lang='lat' dir='ltr'>tanturn</span> <span class='ocrx_word' id='word_1_468' title='bbox 2052 822 2339 861; x_wconf 83' lang='lat' dir='ltr'>experimentalem‚</span> <span class='ocrx_word' id='word_1_469' title='bbox 2363 822 2468 861; x_wconf 90' lang='lat' dir='ltr'>potuit</span> 
     </span>
    </p>
   </div>
   <div class='ocr_carea' id='block_1_22' title="bbox 1410 863 2469 939">
    <p class='ocr_par' dir='ltr' id='par_1_28' title="bbox 1410 863 2469 939">
     <span class='ocr_line' id='line_1_75' title="bbox 1410 863 2233 905; baseline 0.004 -13"><span class='ocrx_word' id='word_1_470' title='bbox 1410 872 1575 893; x_wconf 89' lang='lat' dir='ltr'>occurrere</span> <span class='ocrx_word' id='word_1_471' title='bbox 1599 863 1719 903; x_wconf 87' lang='lat' dir='ltr'>aliquid</span> <span class='ocrx_word' id='word_1_472' title='bbox 1740 874 1863 894; x_wconf 92' lang='lat' dir='ltr'>novum</span> <span class='ocrx_word' id='word_1_473' title='bbox 1888 870 1918 894; x_wconf 93' lang='lat' dir='ltr'>et</span> <span class='ocrx_word' id='word_1_474' title='bbox 1940 865 2114 895; x_wconf 87' lang='lat' dir='ltr'>insolitum.</span> <span class='ocrx_word' id='word_1_475' title='bbox 2138 866 2233 905; x_wconf 84' lang='lat' dir='ltr'>Ergo.</span> 
     </span>
     <span class='ocr_line' id='line_1_76' title="bbox 1465 907 2469 939; baseline 0.003 -3"><span class='ocrx_word' id='word_1_476' title='bbox 1465 907 1558 937; x_wconf 86' lang='lat' dir='ltr'>Ratio</span> <span class='ocrx_word' id='word_1_477' title='bbox 1582 913 1669 937; x_wconf 91' lang='lat' dir='ltr'>actus</span> <span class='ocrx_word' id='word_1_478' title='bbox 1693 913 1739 938; x_wconf 90' lang='lat' dir='ltr'>est</span> <span class='ocrx_word' id='word_1_479' title='bbox 1761 908 1926 939; x_wconf 84' lang='lat' dir='ltr'>instructio</span> <span class='ocrx_word' id='word_1_480' title='bbox 1950 914 2066 939; x_wconf 83' lang='lat' dir='ltr'>nostra.</span> <span class='ocrx_word' id='word_1_481' title='bbox 2095 908 2311 939; x_wconf 89' lang='lat' dir='ltr'>Confirmatur</span> <span class='ocrx_word' id='word_1_482' title='bbox 2334 909 2469 939; x_wconf 84' lang='lat' dir='ltr'>auctori-</span> 
     </span>
    </p>
   </div>
   <div class='ocr_carea' id='block_1_23' title="bbox 348 948 1678 990">
    <p class='ocr_par' dir='ltr' id='par_1_29' title="bbox 348 948 1678 990">
     <span class='ocr_line' id='line_1_77' title="bbox 348 948 1678 990; baseline 0.002 -12"><span class='ocrx_word' id='word_1_483' title='bbox 348 949 497 979; x_wconf 87' lang='lat' dir='ltr'>Probatio</span> <span class='ocrx_word' id='word_1_484' title='bbox 522 954 577 979; x_wconf 89' lang='lat' dir='ltr'>est.</span> <span class='ocrx_word' id='word_1_485' title='bbox 612 948 789 979; x_wconf 89' lang='lat' dir='ltr'>Admiratio</span> <span class='ocrx_word' id='word_1_486' title='bbox 819 955 864 979; x_wconf 88' lang='lat' dir='ltr'>est</span> <span class='ocrx_word' id='word_1_487' title='bbox 887 949 926 980; x_wconf 91' lang='lat' dir='ltr'>de</span> <span class='ocrx_word' id='word_1_488' title='bbox 950 959 1036 988; x_wconf 71' lang='lat' dir='ltr'>novo</span> <span class='ocrx_word' id='word_1_489' title='bbox 1067 956 1097 980; x_wconf 92' lang='lat' dir='ltr'>et</span> <span class='ocrx_word' id='word_1_490' title='bbox 1119 950 1258 980; x_wconf 90' lang='lat' dir='ltr'>insolito.</span> <span class='ocrx_word' id='word_1_491' title='bbox 1295 949 1357 980; x_wconf 88' lang='lat' dir='ltr'>Sed</span> <span class='ocrx_word' id='word_1_492' title='bbox 1411 955 1474 980; x_wconf 89' lang='lat' dir='ltr'>tate</span> <span class='ocrx_word' id='word_1_493' title='bbox 1498 951 1678 990; x_wconf 84' lang='lat' dir='ltr'>Augustini.</span> 
     </span>
    </p>
   </div>
   <div class='ocr_carea' id='block_1_24' title="bbox 1027 1101 1745 1226">
    <p class='ocr_par' dir='ltr' id='par_1_30' title="bbox 1027 1101 1745 1226">
     <span class='ocr_line' id='line_1_78' title="bbox 1112 1101 1661 1145; baseline 0.002 -2"><span class='ocrx_word' id='word_1_494' title='bbox 1112 1101 1430 1144; x_wconf 89' lang='lat' dir='ltr'>ARTICULUS</span> <span class='ocrx_word' id='word_1_495' title='bbox 1462 1103 1661 1145; x_wconf 88' lang='lat' dir='ltr'>NONUS</span> 
     </span>
     <span class='ocr_line' id='line_1_79' title="bbox 1027 1195 1745 1226; baseline 0 -1"><span class='ocrx_word' id='word_1_496' title='bbox 1027 1195 1184 1226; x_wconf 86' lang='lat' dir='ltr'>UTRUM</span> <span class='ocrx_word' id='word_1_497' title='bbox 1208 1195 1251 1225; x_wconf 80' lang='lat' dir='ltr'>IN</span> <span class='ocrx_word' id='word_1_498' title='bbox 1275 1195 1464 1226; x_wconf 87' lang='lat' dir='ltr'>CHRISTO</span> <span class='ocrx_word' id='word_1_499' title='bbox 1489 1195 1648 1226; x_wconf 87' lang='lat' dir='ltr'>FUERIT</span> <span class='ocrx_word' id='word_1_500' title='bbox 1673 1196 1745 1226; x_wconf 90' lang='lat' dir='ltr'>IRA</span> 
     </span>
    </p>
   </div>
   <div class='ocr_carea' id='block_1_25' title="bbox 833 1273 1939 1307">
    <p class='ocr_par' dir='ltr' id='par_1_31' title="bbox 833 1273 1939 1307">
     <span class='ocr_line' id='line_1_80' title="bbox 833 1273 1939 1307; baseline 0.002 -10"><span class='ocrx_word' id='word_1_501' title='bbox 833 1273 864 1297; x_wconf 91' lang='lat'>111</span> <span class='ocrx_word' id='word_1_502' title='bbox 885 1273 968 1303; x_wconf 67' lang='lat' dir='ltr'>Sent„</span> <span class='ocrx_word' id='word_1_503' title='bbox 988 1274 1046 1299; x_wconf 88' lang='lat' dir='ltr'>dist.</span> <span class='ocrx_word' id='word_1_504' title='bbox 1065 1281 1106 1304; x_wconf 84' lang='lat' dir='ltr'>xv,</span> <span class='ocrx_word' id='word_1_505' title='bbox 1125 1281 1169 1306; x_wconf 88' lang='lat' dir='ltr'>qu.</span> <span class='ocrx_word' id='word_1_506' title='bbox 1189 1281 1216 1303; x_wconf 84' lang='grc' dir='ltr'>ιι,</span> <span class='ocrx_word' id='word_1_507' title='bbox 1235 1279 1281 1299; x_wconf 82' lang='lat' dir='ltr'>art.</span> <span class='ocrx_word' id='word_1_508' title='bbox 1302 1280 1325 1303; x_wconf 83' lang='lat'>2,</span> <span class='ocrx_word' id='word_1_509' title='bbox 1345 1273 1395 1306; x_wconf 69' lang='lat' dir='ltr'>qu*</span> <span class='ocrx_word' id='word_1_510' title='bbox 1416 1281 1447 1304; x_wconf 82' lang='lat'>23</span> <span class='ocrx_word' id='word_1_511' title='bbox 1470 1274 1613 1305; x_wconf 80' lang='lat' dir='ltr'>Compend.</span> <span class='ocrx_word' id='word_1_512' title='bbox 1637 1274 1736 1304; x_wconf 85' lang='lat' dir='ltr'>Theol.,</span> <span class='ocrx_word' id='word_1_513' title='bbox 1755 1282 1810 1307; x_wconf 84' lang='lat' dir='ltr'>cap.</span> <span class='ocrx_word' id='word_1_514' title='bbox 1830 1281 1939 1300; x_wconf 78' lang='lat' dir='ltr'>ccxxxii.</span> 
     </span>
    </p>
   </div>
   <div class='ocr_carea' id='block_1_26' title="bbox 1411 1353 2712 2774">
    <p class='ocr_par' dir='ltr' id='par_1_32' title="bbox 1411 1353 2475 1548">
     <span class='ocr_line' id='line_1_81' title="bbox 1411 1353 2475 1403; baseline 0.002 -13"><span class='ocrx_word' id='word_1_515' title='bbox 1411 1366 1522 1403; x_wconf 84' lang='lat' dir='ltr'>super</span> <span class='ocrx_word' id='word_1_516' title='bbox 1549 1355 1656 1390; x_wconf 81' lang='lat' dir='ltr'>Ioan.</span> <span class='ocrx_word' id='word_1_517' title='bbox 1686 1353 1725 1400; x_wconf 52' lang='lat'>²3,</span> <span class='ocrx_word' id='word_1_518' title='bbox 1755 1354 1862 1403; x_wconf 91' lang='lat' dir='ltr'>quod</span> <span class='ocrx_word' id='word_1_519' title='bbox 1896 1355 1971 1402; x_wconf 69' lang='lat' dir='ltr'>zelo</span> <span class='ocrx_word' id='word_1_520' title='bbox 2005 1355 2135 1391; x_wconf 86' lang='lat' dir='ltr'>domus</span> <span class='ocrx_word' id='word_1_521' title='bbox 2169 1356 2242 1391; x_wconf 88' lang='lat' dir='ltr'>Dei</span> <span class='ocrx_word' id='word_1_522' title='bbox 2273 1356 2475 1392; x_wconf 86' lang='lat' dir='ltr'>comeditur</span> 
     </span>
     <span class='ocr_line' id='line_1_82' title="bbox 1414 1407 2474 1456; baseline 0.003 -14"><span class='ocrx_word' id='word_1_523' title='bbox 1414 1407 1478 1455; x_wconf 85' lang='lat' dir='ltr'>qui</span> <span class='ocrx_word' id='word_1_524' title='bbox 1507 1408 1634 1443; x_wconf 88' lang='lat' dir='ltr'>omnia</span> <span class='ocrx_word' id='word_1_525' title='bbox 1664 1419 1842 1455; x_wconf 82' lang='lat' dir='ltr'>perversa</span> <span class='ocrx_word' id='word_1_526' title='bbox 1871 1420 1964 1456; x_wconf 85' lang='lat' dir='ltr'>quae</span> <span class='ocrx_word' id='word_1_527' title='bbox 1998 1407 2092 1444; x_wconf 84' lang='lat' dir='ltr'>videt</span> <span class='ocrx_word' id='word_1_528' title='bbox 2126 1410 2223 1456; x_wconf 82' lang='lat' dir='ltr'>cupit</span> <span class='ocrx_word' id='word_1_529' title='bbox 2258 1409 2474 1452; x_wconf 84' lang='lat' dir='ltr'>emendare;</span> 
     </span>
     <span class='ocr_line' id='line_1_83' title="bbox 1414 1459 2475 1511; baseline 0.003 -16"><span class='ocrx_word' id='word_1_530' title='bbox 1414 1465 1457 1505; x_wconf 76' lang='lat' dir='ltr'>et,</span> <span class='ocrx_word' id='word_1_531' title='bbox 1486 1461 1519 1496; x_wconf 75' lang='lat' dir='ltr'>si</span> <span class='ocrx_word' id='word_1_532' title='bbox 1549 1459 1748 1496; x_wconf 86' lang='lat' dir='ltr'>emendare</span> <span class='ocrx_word' id='word_1_533' title='bbox 1780 1472 1853 1496; x_wconf 85' lang='lat' dir='ltr'>non</span> <span class='ocrx_word' id='word_1_534' title='bbox 1881 1462 2011 1509; x_wconf 78' lang='lat' dir='ltr'>possit,</span> <span class='ocrx_word' id='word_1_535' title='bbox 2041 1461 2170 1497; x_wconf 85' lang='lat' dir='ltr'>tolerat</span> <span class='ocrx_word' id='word_1_536' title='bbox 2203 1467 2235 1497; x_wconf 86' lang='lat' dir='ltr'>et</span> <span class='ocrx_word' id='word_1_537' title='bbox 2266 1463 2390 1511; x_wconf 79' lang='lat' dir='ltr'>gemit.</span> <span class='ocrx_word' id='word_1_538' title='bbox 2428 1462 2475 1498; x_wconf 91' lang='lat' dir='ltr'>Et</span> 
     </span>
     <span class='ocr_line' id='line_1_84' title="bbox 1413 1511 1935 1548; baseline 0 0"><span class='ocrx_word' id='word_1_539' title='bbox 1413 1511 1495 1548; x_wconf 89' lang='lat' dir='ltr'>talis</span> <span class='ocrx_word' id='word_1_540' title='bbox 1524 1512 1579 1548; x_wconf 89' lang='lat' dir='ltr'>ira</span> <span class='ocrx_word' id='word_1_541' title='bbox 1606 1512 1675 1548; x_wconf 85' lang='lat' dir='ltr'>fuit</span> <span class='ocrx_word' id='word_1_542' title='bbox 1703 1512 1742 1548; x_wconf 93' lang='lat' dir='ltr'>in</span> <span class='ocrx_word' id='word_1_543' title='bbox 1772 1511 1935 1548; x_wconf 90' lang='lat' dir='ltr'>Christo.</span> 
     </span>
    </p>

    <p class='ocr_par' dir='ltr' id='par_1_33' title="bbox 1414 1565 2712 2088">
     <span class='ocr_line' id='line_1_85' title="bbox 1467 1565 2474 1614; baseline 0.002 -13"><span class='ocrx_word' id='word_1_544' title='bbox 1467 1566 1524 1601; x_wconf 79' lang='lat' dir='ltr'>An</span> <span class='ocrx_word' id='word_1_545' title='bbox 1545 1577 1679 1602; x_wconf 83' lang='lat' dir='ltr'>PRIMUM</span> <span class='ocrx_word' id='word_1_546' title='bbox 1699 1577 1796 1602; x_wconf 85' lang='lat' dir='ltr'>ERGO</span> <span class='ocrx_word' id='word_1_547' title='bbox 1815 1577 1996 1602; x_wconf 82' lang='lat' dir='ltr'>DICENDUM</span> <span class='ocrx_word' id='word_1_548' title='bbox 2011 1565 2128 1614; x_wconf 76' lang='lat' dir='ltr'>quod,</span> <span class='ocrx_word' id='word_1_549' title='bbox 2152 1565 2247 1603; x_wconf 92' lang='lat' dir='ltr'>sicut</span> <span class='ocrx_word' id='word_1_550' title='bbox 2273 1566 2361 1603; x_wconf 90' lang='lat' dir='ltr'>dicit</span> <span class='ocrx_word' id='word_1_551' title='bbox 2382 1567 2474 1603; x_wconf 90' lang='lat' dir='ltr'>Gre-</span> 
     </span>
     <span class='ocr_line' id='line_1_86' title="bbox 1414 1617 2712 1669; baseline 0.001 -15"><span class='ocrx_word' id='word_1_552' title='bbox 1414 1617 1554 1665; x_wconf 85' lang='lat' dir='ltr'>gorius,</span> <span class='ocrx_word' id='word_1_553' title='bbox 1580 1617 1619 1654; x_wconf 90' lang='lat' dir='ltr'>in</span> <span class='ocrx_word' id='word_1_554' title='bbox 1638 1618 1672 1654; x_wconf 94' lang='lat' dir='ltr'>V</span> <span class='ocrx_word' id='word_1_555' title='bbox 1690 1618 1832 1655; x_wconf 91' lang='lat' dir='ltr'>Moral.</span> <span class='ocrx_word' id='word_1_556' title='bbox 1852 1617 1890 1664; x_wconf 53' lang='lat'>²³,</span> <span class='ocrx_word' id='word_1_557' title='bbox 1920 1618 1974 1655; x_wconf 90' lang='lat' dir='ltr'>ira</span> <span class='ocrx_word' id='word_1_558' title='bbox 2003 1618 2201 1669; x_wconf 90' lang='lat' dir='ltr'>dupliciter</span> <span class='ocrx_word' id='word_1_559' title='bbox 2229 1631 2268 1655; x_wconf 92' lang='lat' dir='ltr'>se</span> <span class='ocrx_word' id='word_1_560' title='bbox 2297 1619 2411 1655; x_wconf 89' lang='lat' dir='ltr'>habet</span> <span class='ocrx_word' id='word_1_561' title='bbox 2436 1619 2475 1656; x_wconf 90' lang='lat' dir='ltr'>in</span> <span class='ocrx_word' id='word_1_562' title='bbox 2503 1627 2712 1655; x_wconf 56' lang='lat' dir='ltr'>‘Leaen-inars-</span> 
     </span>
     <span class='ocr_line' id='line_1_87' title="bbox 1415 1661 2522 1719; baseline 0.002 -13"><span class='ocrx_word' id='word_1_563' title='bbox 1415 1670 1585 1707; x_wconf 89' lang='lat' dir='ltr'>homine.</span> <span class='ocrx_word' id='word_1_564' title='bbox 1623 1670 1871 1719; x_wconf 87' lang='lat' dir='ltr'>Quandoque</span> <span class='ocrx_word' id='word_1_565' title='bbox 1906 1670 2010 1707; x_wconf 91' lang='lat' dir='ltr'>enim</span> <span class='ocrx_word' id='word_1_566' title='bbox 2044 1671 2240 1719; x_wconf 89' lang='lat' dir='ltr'>praevenit</span> <span class='ocrx_word' id='word_1_567' title='bbox 2275 1671 2474 1718; x_wconf 86' lang='lat' dir='ltr'>rationem,</span> <span class='ocrx_word' id='word_1_568' title='bbox 2502 1661 2522 1683; x_wconf 74' lang='lat'>3&#39;</span> 
     </span>
     <span class='ocr_line' id='line_1_88' title="bbox 1416 1723 2477 1772; baseline 0.001 -13"><span class='ocrx_word' id='word_1_569' title='bbox 1416 1731 1452 1759; x_wconf 91' lang='lat' dir='ltr'>et</span> <span class='ocrx_word' id='word_1_570' title='bbox 1484 1723 1596 1759; x_wconf 89' lang='lat' dir='ltr'>trahit</span> <span class='ocrx_word' id='word_1_571' title='bbox 1631 1735 1718 1759; x_wconf 91' lang='lat' dir='ltr'>earn</span> <span class='ocrx_word' id='word_1_572' title='bbox 1755 1735 1888 1759; x_wconf 91' lang='lat' dir='ltr'>secum</span> <span class='ocrx_word' id='word_1_573' title='bbox 1923 1724 1972 1759; x_wconf 87' lang='lat' dir='ltr'>ad</span> <span class='ocrx_word' id='word_1_574' title='bbox 2007 1724 2260 1772; x_wconf 91' lang='lat' dir='ltr'>operandum.</span> <span class='ocrx_word' id='word_1_575' title='bbox 2305 1725 2352 1761; x_wconf 88' lang='lat' dir='ltr'>Et</span> <span class='ocrx_word' id='word_1_576' title='bbox 2385 1732 2477 1761; x_wconf 90' lang='lat' dir='ltr'>tune</span> 
     </span>
     <span class='ocr_line' id='line_1_89' title="bbox 1415 1775 2476 1824; baseline 0.002 -13"><span class='ocrx_word' id='word_1_577' title='bbox 1415 1775 1570 1824; x_wconf 89' lang='lat' dir='ltr'>proprie</span> <span class='ocrx_word' id='word_1_578' title='bbox 1599 1775 1654 1812; x_wconf 91' lang='lat' dir='ltr'>ira</span> <span class='ocrx_word' id='word_1_579' title='bbox 1682 1775 1819 1811; x_wconf 87' lang='lat' dir='ltr'>dicitur</span> <span class='ocrx_word' id='word_1_580' title='bbox 1849 1777 2016 1824; x_wconf 80' lang='lat' dir='ltr'>operari:</span> <span class='ocrx_word' id='word_1_581' title='bbox 2050 1788 2142 1812; x_wconf 88' lang='lat' dir='ltr'>nam</span> <span class='ocrx_word' id='word_1_582' title='bbox 2173 1776 2343 1824; x_wconf 91' lang='lat' dir='ltr'>operatio</span> <span class='ocrx_word' id='word_1_583' title='bbox 2379 1777 2476 1813; x_wconf 92' lang='lat' dir='ltr'>attri-</span> 
     </span>
     <span class='ocr_line' id='line_1_90' title="bbox 1416 1824 2477 1876; baseline 0.002 -13"><span class='ocrx_word' id='word_1_584' title='bbox 1416 1827 1547 1864; x_wconf 91' lang='lat' dir='ltr'>buitur</span> <span class='ocrx_word' id='word_1_585' title='bbox 1565 1824 1763 1876; x_wconf 84' lang='lat' dir='ltr'>principali</span> <span class='ocrx_word' id='word_1_586' title='bbox 1787 1828 1921 1875; x_wconf 87' lang='lat' dir='ltr'>agenti.</span> <span class='ocrx_word' id='word_1_587' title='bbox 1952 1829 1999 1864; x_wconf 91' lang='lat' dir='ltr'>Et</span> <span class='ocrx_word' id='word_1_588' title='bbox 2019 1829 2234 1866; x_wconf 90' lang='lat' dir='ltr'>secundum</span> <span class='ocrx_word' id='word_1_589' title='bbox 2253 1830 2328 1865; x_wconf 93' lang='lat' dir='ltr'>hoc</span> <span class='ocrx_word' id='word_1_590' title='bbox 2348 1829 2477 1865; x_wconf 92' lang='lat' dir='ltr'>intelli-</span> 
     </span>
     <span class='ocr_line' id='line_1_91' title="bbox 1416 1880 2478 1930; baseline 0.002 -14"><span class='ocrx_word' id='word_1_591' title='bbox 1416 1880 1515 1928; x_wconf 86' lang='lat' dir='ltr'>gitur</span> <span class='ocrx_word' id='word_1_592' title='bbox 1542 1880 1649 1929; x_wconf 91' lang='lat' dir='ltr'>quod</span> <span class='ocrx_word' id='word_1_593' title='bbox 1673 1882 1731 1917; x_wconf 87' lang='lat' dir='ltr'>ira</span> <span class='ocrx_word' id='word_1_594' title='bbox 1758 1882 1831 1917; x_wconf 80' lang='lat' dir='ltr'>viri</span> <span class='ocrx_word' id='word_1_595' title='bbox 1857 1882 2026 1917; x_wconf 82' lang='lat' dir='ltr'>iustitiam</span> <span class='ocrx_word' id='word_1_596' title='bbox 2046 1883 2119 1917; x_wconf 89' lang='lat' dir='ltr'>Dei</span> <span class='ocrx_word' id='word_1_597' title='bbox 2145 1894 2218 1918; x_wconf 86' lang='lat' dir='ltr'>non</span> <span class='ocrx_word' id='word_1_598' title='bbox 2248 1888 2432 1930; x_wconf 84' lang='lat' dir='ltr'>operatur.</span> <span class='ocrx_word' id='word_1_599' title='bbox 2453 1905 2478 1908; x_wconf 97' lang='lat'><strong>—</strong></span> 
     </span>
     <span class='ocr_line' id='line_1_92' title="bbox 1418 1932 2479 1982; baseline 0.002 -13"><span class='ocrx_word' id='word_1_600' title='bbox 1418 1933 1666 1981; x_wconf 90' lang='lat' dir='ltr'>Quandoque</span> <span class='ocrx_word' id='word_1_601' title='bbox 1701 1945 1794 1969; x_wconf 89' lang='lat' dir='ltr'>vero</span> <span class='ocrx_word' id='word_1_602' title='bbox 1830 1932 1884 1969; x_wconf 90' lang='lat' dir='ltr'>ira</span> <span class='ocrx_word' id='word_1_603' title='bbox 1919 1933 2090 1982; x_wconf 89' lang='lat' dir='ltr'>sequitur</span> <span class='ocrx_word' id='word_1_604' title='bbox 2126 1933 2327 1981; x_wconf 87' lang='lat' dir='ltr'>rationem,</span> <span class='ocrx_word' id='word_1_605' title='bbox 2358 1943 2393 1970; x_wconf 94' lang='lat' dir='ltr'>et</span> <span class='ocrx_word' id='word_1_606' title='bbox 2425 1943 2479 1971; x_wconf 91' lang='lat' dir='ltr'>est</span> 
     </span>
     <span class='ocr_line' id='line_1_93' title="bbox 1418 1985 2477 2036; baseline 0.002 -14"><span class='ocrx_word' id='word_1_607' title='bbox 1418 1985 1527 2034; x_wconf 88' lang='lat' dir='ltr'>quasi</span> <span class='ocrx_word' id='word_1_608' title='bbox 1565 1985 1862 2022; x_wconf 89' lang='lat' dir='ltr'>instrumentum</span> <span class='ocrx_word' id='word_1_609' title='bbox 1905 1985 2034 2034; x_wconf 91' lang='lat' dir='ltr'>ipsius.</span> <span class='ocrx_word' id='word_1_610' title='bbox 2078 1987 2125 2023; x_wconf 89' lang='lat' dir='ltr'>Et</span> <span class='ocrx_word' id='word_1_611' title='bbox 2162 1995 2252 2023; x_wconf 94' lang='lat' dir='ltr'>tunc</span> <span class='ocrx_word' id='word_1_612' title='bbox 2290 1987 2477 2036; x_wconf 82' lang='lat' dir='ltr'>operatio,</span> 
     </span>
     <span class='ocr_line' id='line_1_94' title="bbox 1418 2038 2478 2088; baseline 0.001 -13"><span class='ocrx_word' id='word_1_613' title='bbox 1418 2050 1517 2088; x_wconf 91' lang='lat' dir='ltr'>quae</span> <span class='ocrx_word' id='word_1_614' title='bbox 1538 2046 1593 2075; x_wconf 90' lang='lat' dir='ltr'>est</span> <span class='ocrx_word' id='word_1_615' title='bbox 1612 2038 1783 2084; x_wconf 88' lang='lat' dir='ltr'>iustitiae,</span> <span class='ocrx_word' id='word_1_616' title='bbox 1805 2051 1885 2075; x_wconf 92' lang='lat' dir='ltr'>non</span> <span class='ocrx_word' id='word_1_617' title='bbox 1905 2039 2225 2086; x_wconf 86' lang='lat' dir='ltr'>attribuiturirae,</span> <span class='ocrx_word' id='word_1_618' title='bbox 2246 2040 2312 2076; x_wconf 89' lang='lat' dir='ltr'>sed</span> <span class='ocrx_word' id='word_1_619' title='bbox 2332 2040 2478 2077; x_wconf 89' lang='lat' dir='ltr'>rationi.</span> 
     </span>
    </p>

    <p class='ocr_par' dir='ltr' id='par_1_34' title="bbox 1418 2092 2619 2339">
     <span class='ocr_line' id='line_1_95' title="bbox 1471 2092 2479 2141; baseline 0.002 -14"><span class='ocrx_word' id='word_1_620' title='bbox 1471 2093 1527 2128; x_wconf 86' lang='lat' dir='ltr'>AD</span> <span class='ocrx_word' id='word_1_621' title='bbox 1556 2103 1745 2129; x_wconf 79' lang='lat' dir='ltr'>SECUNDUM</span> <span class='ocrx_word' id='word_1_622' title='bbox 1764 2103 1946 2128; x_wconf 86' lang='lat' dir='ltr'>DICENDUM</span> <span class='ocrx_word' id='word_1_623' title='bbox 1974 2092 2082 2141; x_wconf 92' lang='lat' dir='ltr'>quod</span> <span class='ocrx_word' id='word_1_624' title='bbox 2101 2092 2155 2129; x_wconf 93' lang='lat' dir='ltr'>ira</span> <span class='ocrx_word' id='word_1_625' title='bbox 2177 2105 2276 2141; x_wconf 89' lang='lat' dir='ltr'>quae</span> <span class='ocrx_word' id='word_1_626' title='bbox 2295 2100 2479 2141; x_wconf 87' lang='lat' dir='ltr'>transgre-</span> 
     </span>
     <span class='ocr_line' id='line_1_96' title="bbox 1419 2143 2477 2195; baseline 0.002 -15"><span class='ocrx_word' id='word_1_627' title='bbox 1419 2144 1520 2180; x_wconf 89' lang='lat' dir='ltr'>ditur</span> <span class='ocrx_word' id='word_1_628' title='bbox 1548 2143 1725 2180; x_wconf 90' lang='lat' dir='ltr'>ordinem</span> <span class='ocrx_word' id='word_1_629' title='bbox 1753 2143 1918 2191; x_wconf 81' lang='lat' dir='ltr'>rationis‚</span> <span class='ocrx_word' id='word_1_630' title='bbox 1939 2145 2224 2182; x_wconf 88' lang='lat' dir='ltr'>mansuetudini</span> <span class='ocrx_word' id='word_1_631' title='bbox 2253 2145 2477 2195; x_wconf 91' lang='lat' dir='ltr'>opponitur:</span> 
     </span>
     <span class='ocr_line' id='line_1_97' title="bbox 1418 2196 2619 2245; baseline 0.002 -12"><span class='ocrx_word' id='word_1_632' title='bbox 1418 2209 1498 2233; x_wconf 91' lang='lat' dir='ltr'>non</span> <span class='ocrx_word' id='word_1_633' title='bbox 1527 2204 1654 2233; x_wconf 88' lang='lat' dir='ltr'>autem</span> <span class='ocrx_word' id='word_1_634' title='bbox 1684 2196 1738 2233; x_wconf 88' lang='lat' dir='ltr'>ira</span> <span class='ocrx_word' id='word_1_635' title='bbox 1765 2209 1864 2245; x_wconf 91' lang='lat' dir='ltr'>quae</span> <span class='ocrx_word' id='word_1_636' title='bbox 1890 2205 1944 2233; x_wconf 93' lang='lat' dir='ltr'>est</span> <span class='ocrx_word' id='word_1_637' title='bbox 1967 2198 2177 2243; x_wconf 87' lang='lat' dir='ltr'>moderata,</span> <span class='ocrx_word' id='word_1_638' title='bbox 2199 2197 2277 2235; x_wconf 68' lang='lat' dir='ltr'>adss</span> <span class='ocrx_word' id='word_1_639' title='bbox 2305 2198 2478 2235; x_wconf 89' lang='lat' dir='ltr'>medium</span> <span class='ocrx_word' id='word_1_640' title='bbox 2605 2212 2619 2245; x_wconf 73' lang='grc' dir='ltr'>β</span> 
     </span>
     <span class='ocr_line' id='line_1_98' title="bbox 1419 2249 2480 2298; baseline 0.002 -12"><span class='ocrx_word' id='word_1_641' title='bbox 1419 2250 1574 2286; x_wconf 86' lang='lat' dir='ltr'>reducta</span> <span class='ocrx_word' id='word_1_642' title='bbox 1593 2262 1662 2298; x_wconf 92' lang='lat' dir='ltr'>per</span> <span class='ocrx_word' id='word_1_643' title='bbox 1680 2249 1878 2286; x_wconf 87' lang='lat' dir='ltr'>rationem.</span> <span class='ocrx_word' id='word_1_644' title='bbox 1906 2251 2009 2286; x_wconf 89' lang='lat' dir='ltr'>Nam</span> <span class='ocrx_word' id='word_1_645' title='bbox 2029 2251 2285 2287; x_wconf 91' lang='lat' dir='ltr'>mansuetudo</span> <span class='ocrx_word' id='word_1_646' title='bbox 2306 2251 2480 2288; x_wconf 90' lang='lat' dir='ltr'>medium</span> 
     </span>
     <span class='ocr_line' id='line_1_99' title="bbox 1418 2311 1680 2339; baseline -0.004 0"><span class='ocrx_word' id='word_1_647' title='bbox 1418 2311 1520 2339; x_wconf 89' lang='lat' dir='ltr'>tenet</span> <span class='ocrx_word' id='word_1_648' title='bbox 1548 2314 1587 2338; x_wconf 87' lang='lat' dir='ltr'>m</span> <span class='ocrx_word' id='word_1_649' title='bbox 1616 2315 1680 2339; x_wconf 82' lang='lat' dir='ltr'>ira.</span> 
     </span>
    </p>

    <p class='ocr_par' dir='ltr' id='par_1_35' title="bbox 1419 2355 2479 2774">
     <span class='ocr_line' id='line_1_100' title="bbox 1472 2355 2479 2404; baseline 0.002 -13"><span class='ocrx_word' id='word_1_650' title='bbox 1472 2357 1529 2392; x_wconf 81' lang='lat' dir='ltr'>An</span> <span class='ocrx_word' id='word_1_651' title='bbox 1548 2367 1705 2392; x_wconf 81' lang='lat' dir='ltr'>TERTIUM</span> <span class='ocrx_word' id='word_1_652' title='bbox 1729 2367 1908 2392; x_wconf 86' lang='lat' dir='ltr'>DICENDUM</span> <span class='ocrx_word' id='word_1_653' title='bbox 1937 2355 2044 2404; x_wconf 89' lang='lat' dir='ltr'>quod</span> <span class='ocrx_word' id='word_1_654' title='bbox 2062 2355 2101 2392; x_wconf 92' lang='lat' dir='ltr'>in</span> <span class='ocrx_word' id='word_1_655' title='bbox 2121 2355 2243 2402; x_wconf 91' lang='lat' dir='ltr'>nobis,</span> <span class='ocrx_word' id='word_1_656' title='bbox 2265 2357 2479 2393; x_wconf 90' lang='lat' dir='ltr'>secundum</span> 
     </span>
     <span class='ocr_line' id='line_1_101' title="bbox 1419 2407 2478 2456; baseline 0 -11"><span class='ocrx_word' id='word_1_657' title='bbox 1419 2409 1633 2445; x_wconf 91' lang='lat' dir='ltr'>naturalem</span> <span class='ocrx_word' id='word_1_658' title='bbox 1662 2407 1849 2454; x_wconf 83' lang='lat' dir='ltr'>ordinem,</span> <span class='ocrx_word' id='word_1_659' title='bbox 1875 2408 2065 2456; x_wconf 88' lang='lat' dir='ltr'>potentiae</span> <span class='ocrx_word' id='word_1_660' title='bbox 2094 2407 2244 2445; x_wconf 90' lang='lat' dir='ltr'>animae</span> <span class='ocrx_word' id='word_1_661' title='bbox 2273 2416 2410 2445; x_wconf 90' lang='lat' dir='ltr'>mutuo</span> <span class='ocrx_word' id='word_1_662' title='bbox 2439 2421 2478 2445; x_wconf 91' lang='lat' dir='ltr'>se</span> 
     </span>
     <span class='ocr_line' id='line_1_102' title="bbox 1419 2461 2479 2510; baseline 0 -13"><span class='ocrx_word' id='word_1_663' title='bbox 1419 2461 1652 2510; x_wconf 87' lang='lat' dir='ltr'>impediunt:</span> <span class='ocrx_word' id='word_1_664' title='bbox 1683 2461 1732 2497; x_wconf 89' lang='lat' dir='ltr'>ita</span> <span class='ocrx_word' id='word_1_665' title='bbox 1752 2461 1889 2498; x_wconf 91' lang='lat' dir='ltr'>scilicet</span> <span class='ocrx_word' id='word_1_666' title='bbox 1908 2461 2026 2509; x_wconf 86' lang='lat' dir='ltr'>quod,</span> <span class='ocrx_word' id='word_1_667' title='bbox 2047 2473 2137 2497; x_wconf 91' lang='lat' dir='ltr'>cum</span> <span class='ocrx_word' id='word_1_668' title='bbox 2157 2461 2271 2497; x_wconf 91' lang='lat' dir='ltr'>unius</span> <span class='ocrx_word' id='word_1_669' title='bbox 2290 2461 2479 2510; x_wconf 88' lang='lat' dir='ltr'>potentiae</span> 
     </span>
     <span class='ocr_line' id='line_1_103' title="bbox 1420 2512 2478 2563; baseline 0 -13"><span class='ocrx_word' id='word_1_670' title='bbox 1420 2513 1591 2563; x_wconf 89' lang='lat' dir='ltr'>operatio</span> <span class='ocrx_word' id='word_1_671' title='bbox 1625 2513 1736 2550; x_wconf 88' lang='lat' dir='ltr'>fuerit</span> <span class='ocrx_word' id='word_1_672' title='bbox 1770 2513 1926 2559; x_wconf 84' lang='lat' dir='ltr'>intensa,</span> <span class='ocrx_word' id='word_1_673' title='bbox 1957 2513 2108 2550; x_wconf 89' lang='lat' dir='ltr'>alterius</span> <span class='ocrx_word' id='word_1_674' title='bbox 2143 2512 2313 2562; x_wconf 92' lang='lat' dir='ltr'>operatio</span> <span class='ocrx_word' id='word_1_675' title='bbox 2349 2513 2478 2550; x_wconf 91' lang='lat' dir='ltr'>debili-</span> 
     </span>
     <span class='ocr_line' id='line_1_104' title="bbox 1419 2565 2478 2615; baseline -0.001 -12"><span class='ocrx_word' id='word_1_676' title='bbox 1419 2575 1528 2603; x_wconf 91' lang='lat' dir='ltr'>tetur.</span> <span class='ocrx_word' id='word_1_677' title='bbox 1559 2567 1607 2603; x_wconf 87' lang='lat' dir='ltr'>Et</span> <span class='ocrx_word' id='word_1_678' title='bbox 1626 2579 1672 2603; x_wconf 86' lang='lat' dir='ltr'>ex</span> <span class='ocrx_word' id='word_1_679' title='bbox 1692 2567 1767 2603; x_wconf 91' lang='lat' dir='ltr'>hoc</span> <span class='ocrx_word' id='word_1_680' title='bbox 1785 2566 1956 2615; x_wconf 88' lang='lat' dir='ltr'>procedit</span> <span class='ocrx_word' id='word_1_681' title='bbox 1975 2566 2082 2615; x_wconf 91' lang='lat' dir='ltr'>quod</span> <span class='ocrx_word' id='word_1_682' title='bbox 2109 2574 2237 2603; x_wconf 92' lang='lat' dir='ltr'>motus</span> <span class='ocrx_word' id='word_1_683' title='bbox 2256 2565 2344 2612; x_wconf 77' lang='lat' dir='ltr'>irae,</span> <span class='ocrx_word' id='word_1_684' title='bbox 2364 2566 2478 2602; x_wconf 90' lang='lat' dir='ltr'>etiam</span> 
     </span>
     <span class='ocr_line' id='line_1_105' title="bbox 1420 2619 2478 2667; baseline -0.001 -11"><span class='ocrx_word' id='word_1_685' title='bbox 1420 2620 1450 2656; x_wconf 91' lang='lat' dir='ltr'>si</span> <span class='ocrx_word' id='word_1_686' title='bbox 1479 2619 1524 2655; x_wconf 92' lang='lat' dir='ltr'>sit</span> <span class='ocrx_word' id='word_1_687' title='bbox 1553 2619 1767 2656; x_wconf 91' lang='lat' dir='ltr'>secundum</span> <span class='ocrx_word' id='word_1_688' title='bbox 1796 2619 1983 2656; x_wconf 89' lang='lat' dir='ltr'>rationem</span> <span class='ocrx_word' id='word_1_689' title='bbox 2011 2619 2242 2665; x_wconf 86' lang='lat' dir='ltr'>moderatus,</span> <span class='ocrx_word' id='word_1_690' title='bbox 2268 2626 2478 2667; x_wconf 92' lang='lat' dir='ltr'>utcumque</span> 
     </span>
     <span class='ocr_line' id='line_1_106' title="bbox 1420 2671 2478 2721; baseline -0.002 -12"><span class='ocrx_word' id='word_1_691' title='bbox 1420 2672 1579 2721; x_wconf 89' lang='lat' dir='ltr'>impedit</span> <span class='ocrx_word' id='word_1_692' title='bbox 1614 2674 1773 2709; x_wconf 91' lang='lat' dir='ltr'>oculum</span> <span class='ocrx_word' id='word_1_693' title='bbox 1809 2671 1959 2709; x_wconf 88' lang='lat' dir='ltr'>animae</span> <span class='ocrx_word' id='word_1_694' title='bbox 1994 2671 2294 2720; x_wconf 70' lang='lat' dir='ltr'>contemplantis</span> <span class='ocrx_word' id='word_1_695' title='bbox 2332 2671 2407 2708; x_wconf 92' lang='lat' dir='ltr'>Sed</span> <span class='ocrx_word' id='word_1_696' title='bbox 2439 2671 2478 2708; x_wconf 95' lang='lat' dir='ltr'>in</span> 
     </span>
     <span class='ocr_line' id='line_1_107' title="bbox 1422 2724 2478 2774; baseline -0.001 -13"><span class='ocrx_word' id='word_1_697' title='bbox 1422 2725 1585 2772; x_wconf 86' lang='lat' dir='ltr'>Christo,</span> <span class='ocrx_word' id='word_1_698' title='bbox 1612 2737 1682 2774; x_wconf 89' lang='lat' dir='ltr'>per</span> <span class='ocrx_word' id='word_1_699' title='bbox 1708 2724 2014 2762; x_wconf 88' lang='lat' dir='ltr'>moderationem</span> <span class='ocrx_word' id='word_1_700' title='bbox 2042 2724 2192 2761; x_wconf 90' lang='lat' dir='ltr'>divinae</span> <span class='ocrx_word' id='word_1_701' title='bbox 2221 2724 2377 2770; x_wconf 89' lang='lat' dir='ltr'>virtutis,</span> <span class='ocrx_word' id='word_1_702' title='bbox 2398 2725 2478 2760; x_wconf 86' lang='lat' dir='ltr'>uni-</span> 
     </span>
    </p>
   </div>
   <div class='ocr_carea' id='block_1_27' title="bbox 2501 1364 2711 1419">
    <p class='ocr_par' dir='ltr' id='par_1_36' title="bbox 2501 1364 2711 1419">
     <span class='ocr_line' id='line_1_108' title="bbox 2504 1364 2711 1391; baseline 0 -5"><span class='ocrx_word' id='word_1_703' title='bbox 2504 1366 2514 1375; x_wconf 67' lang='lat'><em>*</em></span> <span class='ocrx_word' id='word_1_704' title='bbox 2533 1364 2611 1386; x_wconf 68' lang='lat' dir='ltr'>‘ri-act.</span> <span class='ocrx_word' id='word_1_705' title='bbox 2630 1364 2659 1391; x_wconf 81' lang='lat' dir='ltr'>X,</span> <span class='ocrx_word' id='word_1_706' title='bbox 2682 1365 2711 1386; x_wconf 84' lang='lat' dir='ltr'>ad</span> 
     </span>
     <span class='ocr_line' id='line_1_109' title="bbox 2501 1397 2710 1419; baseline 0 -7"><span class='ocrx_word' id='word_1_707' title='bbox 2501 1397 2551 1419; x_wconf 75' lang='lat' dir='ltr'>cap.</span> <span class='ocrx_word' id='word_1_708' title='bbox 2566 1397 2587 1418; x_wconf 72' lang='lat' dir='ltr'>n,</span> <span class='ocrx_word' id='word_1_709' title='bbox 2603 1397 2662 1412; x_wconf 86' lang='lat' dir='ltr'>vers.</span> <span class='ocrx_word' id='word_1_710' title='bbox 2679 1397 2710 1418; x_wconf 76' lang='lat'>¹7.</span> 
     </span>
    </p>
   </div>
   <div class='ocr_carea' id='block_1_28' title="bbox 1414 2777 2617 3130">
    <p class='ocr_par' dir='ltr' id='par_1_37' title="bbox 1414 2777 2617 3130">
     <span class='ocr_line' id='line_1_110' title="bbox 1420 2777 2481 2827; baseline -0.001 -13"><span class='ocrx_word' id='word_1_711' title='bbox 1420 2780 1550 2827; x_wconf 86' lang='lat' dir='ltr'>cuique</span> <span class='ocrx_word' id='word_1_712' title='bbox 1571 2779 1758 2827; x_wconf 84' lang='lat' dir='ltr'>potentiae</span> <span class='ocrx_word' id='word_1_713' title='bbox 1779 2779 2058 2827; x_wconf 81' lang='lat' dir='ltr'>permittebatur</span> <span class='ocrx_word' id='word_1_714' title='bbox 2083 2789 2199 2826; x_wconf 82' lang='lat' dir='ltr'>agere</span> <span class='ocrx_word' id='word_1_715' title='bbox 2226 2777 2324 2826; x_wconf 86' lang='lat' dir='ltr'>quod</span> <span class='ocrx_word' id='word_1_716' title='bbox 2348 2782 2427 2813; x_wconf 88' lang='lat' dir='ltr'>erat</span> <span class='ocrx_word' id='word_1_717' title='bbox 2446 2778 2481 2813; x_wconf 89' lang='lat' dir='ltr'>ei</span> 
     </span>
     <span class='ocr_line' id='line_1_111' title="bbox 1414 2828 2477 2880; baseline -0.002 -13"><span class='ocrx_word' id='word_1_718' title='bbox 1414 2832 1614 2880; x_wconf 84' lang='lat' dir='ltr'>proprium</span> <span class='ocrx_word' id='word_1_719' title='bbox 1633 2830 1664 2877; x_wconf 79' lang='lat'>*‚</span> <span class='ocrx_word' id='word_1_720' title='bbox 1694 2830 1743 2866; x_wconf 91' lang='lat' dir='ltr'>ita</span> <span class='ocrx_word' id='word_1_721' title='bbox 1778 2830 1885 2879; x_wconf 92' lang='lat' dir='ltr'>quod</span> <span class='ocrx_word' id='word_1_722' title='bbox 1919 2842 1997 2866; x_wconf 89' lang='lat' dir='ltr'>una</span> <span class='ocrx_word' id='word_1_723' title='bbox 2030 2829 2198 2878; x_wconf 89' lang='lat' dir='ltr'>potentia</span> <span class='ocrx_word' id='word_1_724' title='bbox 2225 2841 2271 2865; x_wconf 88' lang='lat' dir='ltr'>ex</span> <span class='ocrx_word' id='word_1_725' title='bbox 2299 2828 2370 2866; x_wconf 90' lang='lat' dir='ltr'>alia</span> <span class='ocrx_word' id='word_1_726' title='bbox 2398 2841 2477 2866; x_wconf 91' lang='lat' dir='ltr'>non</span> 
     </span>
     <span class='ocr_line' id='line_1_112' title="bbox 1421 2881 2477 2932; baseline -0.001 -13"><span class='ocrx_word' id='word_1_727' title='bbox 1421 2883 1710 2932; x_wconf 88' lang='lat' dir='ltr'>impediebatur.</span> <span class='ocrx_word' id='word_1_728' title='bbox 1754 2883 1802 2918; x_wconf 90' lang='lat' dir='ltr'>Et</span> <span class='ocrx_word' id='word_1_729' title='bbox 1836 2882 1940 2928; x_wconf 88' lang='lat' dir='ltr'>ideo,</span> <span class='ocrx_word' id='word_1_730' title='bbox 1975 2881 2070 2918; x_wconf 90' lang='lat' dir='ltr'>sicut</span> <span class='ocrx_word' id='word_1_731' title='bbox 2107 2881 2303 2918; x_wconf 89' lang='lat' dir='ltr'>delectatio</span> <span class='ocrx_word' id='word_1_732' title='bbox 2340 2881 2477 2918; x_wconf 90' lang='lat' dir='ltr'>mentis</span> 
     </span>
     <span class='ocr_line' id='line_1_113' title="bbox 1421 2933 2477 2984; baseline -0.002 -12"><span class='ocrx_word' id='word_1_733' title='bbox 1421 2935 1710 2984; x_wconf 90' lang='lat' dir='ltr'>contemplantis</span> <span class='ocrx_word' id='word_1_734' title='bbox 1738 2947 1818 2971; x_wconf 88' lang='lat' dir='ltr'>non</span> <span class='ocrx_word' id='word_1_735' title='bbox 1846 2934 2077 2983; x_wconf 87' lang='lat' dir='ltr'>impediebat</span> <span class='ocrx_word' id='word_1_736' title='bbox 2108 2933 2293 2971; x_wconf 89' lang='lat' dir='ltr'>tristitiam</span> <span class='ocrx_word' id='word_1_737' title='bbox 2321 2936 2382 2971; x_wconf 91' lang='lat' dir='ltr'>vel</span> <span class='ocrx_word' id='word_1_738' title='bbox 2409 2935 2477 2971; x_wconf 92' lang='lat' dir='ltr'>do-</span> 
     </span>
     <span class='ocr_line' id='line_1_114' title="bbox 1421 2986 2617 3035; baseline 0 -10"><span class='ocrx_word' id='word_1_739' title='bbox 1421 2990 1542 3025; x_wconf 87' lang='lat' dir='ltr'>lorem</span> <span class='ocrx_word' id='word_1_740' title='bbox 1577 2986 1761 3024; x_wconf 85' lang='lat' dir='ltr'>inferioris</span> <span class='ocrx_word' id='word_1_741' title='bbox 1795 2986 1929 3035; x_wconf 82' lang='lat' dir='ltr'>partiS‚</span> <span class='ocrx_word' id='word_1_742' title='bbox 1963 2986 2012 3023; x_wconf 90' lang='lat' dir='ltr'>ita</span> <span class='ocrx_word' id='word_1_743' title='bbox 2047 2986 2161 3023; x_wconf 88' lang='lat' dir='ltr'>etiam</span> <span class='ocrx_word' id='word_1_744' title='bbox 2188 2992 2203 3015; x_wconf 73' lang='grc' dir='ltr'>Υ</span> <span class='ocrx_word' id='word_1_745' title='bbox 2236 2999 2256 3023; x_wconf 91' lang='lat' dir='ltr'>e</span> <span class='ocrx_word' id='word_1_746' title='bbox 2289 2998 2476 3025; x_wconf 92' lang='lat' dir='ltr'>converso</span> <span class='ocrx_word' id='word_1_747' title='bbox 2601 3000 2617 3025; x_wconf 74' lang='grc' dir='ltr'><strong>τ</strong></span> 
     </span>
     <span class='ocr_line' id='line_1_115' title="bbox 1421 3038 2477 3090; baseline 0.001 -14"><span class='ocrx_word' id='word_1_748' title='bbox 1421 3040 1616 3090; x_wconf 89' lang='lat' dir='ltr'>passiones</span> <span class='ocrx_word' id='word_1_749' title='bbox 1651 3039 1835 3076; x_wconf 87' lang='lat' dir='ltr'>inferioris</span> <span class='ocrx_word' id='word_1_750' title='bbox 1870 3038 1985 3088; x_wconf 91' lang='lat' dir='ltr'>partis</span> <span class='ocrx_word' id='word_1_751' title='bbox 2013 3038 2052 3075; x_wconf 94' lang='lat' dir='ltr'>in</span> <span class='ocrx_word' id='word_1_752' title='bbox 2080 3040 2185 3075; x_wconf 91' lang='lat' dir='ltr'>nullo</span> <span class='ocrx_word' id='word_1_753' title='bbox 2218 3038 2477 3088; x_wconf 89' lang='lat' dir='ltr'>impediebant</span> 
     </span>
     <span class='ocr_line' id='line_1_116' title="bbox 1421 3100 1742 3130; baseline -0.006 0"><span class='ocrx_word' id='word_1_754' title='bbox 1421 3101 1549 3130; x_wconf 88' lang='lat' dir='ltr'>actum</span> <span class='ocrx_word' id='word_1_755' title='bbox 1578 3100 1742 3129; x_wconf 82' lang='lat' dir='ltr'>ratlonis.</span> 
     </span>
    </p>
   </div>
   <div class='ocr_carea' id='block_1_29' title="bbox 2504 2838 2716 2945">
    <p class='ocr_par' dir='ltr' id='par_1_38' title="bbox 2504 2838 2716 2944">
     <span class='ocr_line' id='line_1_117' title="bbox 2505 2838 2716 2860; baseline 0.005 -1.141"><span class='ocrx_word' id='word_1_756' title='bbox 2505 2838 2666 2860; x_wconf 74' lang='lat' dir='ltr'>·namascen.</span> <span class='ocrx_word' id='word_1_757' title='bbox 2687 2839 2716 2860; x_wconf 76' lang='lat' dir='ltr'>de</span> 
     </span>
     <span class='ocr_line' id='line_1_118' title="bbox 2504 2863 2714 2892; baseline 0.01 -7"><span class='ocrx_word' id='word_1_758' title='bbox 2504 2863 2563 2885; x_wconf 83' lang='lat' dir='ltr'>Fide</span> <span class='ocrx_word' id='word_1_759' title='bbox 2579 2865 2714 2892; x_wconf 76' lang='lat' dir='ltr'>0rth.‚1ib.</span> 
     </span>
     <span class='ocr_line' id='line_1_119' title="bbox 2504 2891 2688 2918; baseline 0.011 -7"><span class='ocrx_word' id='word_1_760' title='bbox 2504 2891 2544 2915; x_wconf 78' lang='lat'>111,</span> <span class='ocrx_word' id='word_1_761' title='bbox 2567 2897 2616 2918; x_wconf 72' lang='lat' dir='ltr'>cap.</span> <span class='ocrx_word' id='word_1_762' title='bbox 2638 2898 2688 2913; x_wconf 64' lang='grc' dir='ltr'>κικ-</span> 
     </span>
     <span class='ocr_line' id='line_1_120' title="bbox 2504 2917 2714 2945; baseline 0.005 -7"><span class='ocrx_word' id='word_1_763' title='bbox 2504 2917 2539 2939; x_wconf 88' lang='lat' dir='ltr'>ef.</span> <span class='ocrx_word' id='word_1_764' title='bbox 2555 2923 2605 2944; x_wconf 76' lang='lat' dir='ltr'>cap.</span> <span class='ocrx_word' id='word_1_765' title='bbox 2616 2923 2661 2945; x_wconf 77' lang='lat' dir='ltr'>xiv,</span> <span class='ocrx_word' id='word_1_766' title='bbox 2677 2924 2714 2939; x_wconf 91' lang='lat' dir='ltr'>xv.</span> 
     </span>
    </p>
   </div>
   <div class='ocr_carea' id='block_1_30' title="bbox 1472 3222 1860 3257">
    <p class='ocr_par' dir='ltr' id='par_1_39' title="bbox 1472 3222 1860 3257">
     <span class='ocr_line' id='line_1_121' title="bbox 1472 3222 1860 3257; baseline -0.003 -9"><span class='ocrx_word' id='word_1_767' title='bbox 1472 3222 1500 3257; x_wconf 86' lang='grc' dir='ltr'>γ)</span> <span class='ocrx_word' id='word_1_768' title='bbox 1518 3223 1607 3248; x_wconf 70' lang='lat' dir='ltr'>etlam.</span> <span class='ocrx_word' id='word_1_769' title='bbox 1624 3236 1644 3240; x_wconf 98' lang='lat'><em>-</em></span> <span class='ocrx_word' id='word_1_770' title='bbox 1662 3222 1732 3252; x_wconf 85' lang='lat' dir='ltr'>PGI;</span> <span class='ocrx_word' id='word_1_771' title='bbox 1751 3222 1860 3247; x_wconf 79' lang='lat' dir='ltr'>scilicet.</span> 
     </span>
    </p>
   </div>
   <div class='ocr_carea' id='block_1_31' title="bbox 979 3336 1804 3370">
    <p class='ocr_par' dir='ltr' id='par_1_40' title="bbox 979 3336 1804 3370">
     <span class='ocr_line' id='line_1_122' title="bbox 979 3336 1804 3370; baseline -0.004 0"><span class='ocrx_word' id='word_1_772' title='bbox 979 3336 1312 3370; x_wconf 79' lang='lat' dir='ltr'>Commentaria</span> <span class='ocrx_word' id='word_1_773' title='bbox 1334 3336 1583 3369; x_wconf 78' lang='lat' dir='ltr'>Cardinalis</span> <span class='ocrx_word' id='word_1_774' title='bbox 1606 3336 1804 3369; x_wconf 73' lang='lat' dir='ltr'>Caietani</span> 
     </span>
    </p>
   </div>
   <div class='ocr_carea' id='block_1_32' title="bbox 1419 3425 2476 3640">
    <p class='ocr_par' dir='ltr' id='par_1_41' title="bbox 1419 3425 2476 3640">
     <span class='ocr_line' id='line_1_123' title="bbox 1421 3425 2476 3464; baseline 0.001 -10"><span class='ocrx_word' id='word_1_775' title='bbox 1421 3434 1459 3454; x_wconf 83' lang='lat' dir='ltr'>ex</span> <span class='ocrx_word' id='word_1_776' title='bbox 1483 3425 1598 3464; x_wconf 88' lang='lat' dir='ltr'>quibus</span> <span class='ocrx_word' id='word_1_777' title='bbox 1622 3430 1745 3454; x_wconf 90' lang='lat' dir='ltr'>constat</span> <span class='ocrx_word' id='word_1_778' title='bbox 1766 3425 1821 3461; x_wconf 90' lang='lat' dir='ltr'>ira,</span> <span class='ocrx_word' id='word_1_779' title='bbox 1845 3425 1963 3455; x_wconf 88' lang='lat' dir='ltr'>scilicet</span> <span class='ocrx_word' id='word_1_780' title='bbox 1987 3435 2024 3455; x_wconf 86' lang='lat' dir='ltr'>ex</span> <span class='ocrx_word' id='word_1_781' title='bbox 2047 3425 2167 3455; x_wconf 89' lang='lat' dir='ltr'>tristitia</span> <span class='ocrx_word' id='word_1_782' title='bbox 2191 3429 2221 3454; x_wconf 90' lang='lat' dir='ltr'>et</span> <span class='ocrx_word' id='word_1_783' title='bbox 2244 3425 2386 3464; x_wconf 88' lang='lat' dir='ltr'>appetitu</span> <span class='ocrx_word' id='word_1_784' title='bbox 2409 3425 2476 3455; x_wconf 91' lang='lat' dir='ltr'>vin-</span> 
     </span>
     <span class='ocr_line' id='line_1_124' title="bbox 1421 3467 2476 3509; baseline 0.001 -11"><span class='ocrx_word' id='word_1_785' title='bbox 1421 3468 1536 3505; x_wconf 90' lang='lat' dir='ltr'>dictae;</span> <span class='ocrx_word' id='word_1_786' title='bbox 1561 3473 1591 3498; x_wconf 89' lang='lat' dir='ltr'>et</span> <span class='ocrx_word' id='word_1_787' title='bbox 1615 3468 1837 3508; x_wconf 87' lang='lat' dir='ltr'>distinguendo</span> <span class='ocrx_word' id='word_1_788' title='bbox 1861 3469 2022 3509; x_wconf 86' lang='lat' dir='ltr'>duplicem</span> <span class='ocrx_word' id='word_1_789' title='bbox 2046 3469 2221 3509; x_wconf 85' lang='lat' dir='ltr'>appetitum</span> <span class='ocrx_word' id='word_1_790' title='bbox 2244 3467 2409 3504; x_wconf 85' lang='lat' dir='ltr'>vindictae,</span> <span class='ocrx_word' id='word_1_791' title='bbox 2425 3469 2476 3499; x_wconf 90' lang='lat' dir='ltr'>vel</span> 
     </span>
     <span class='ocr_line' id='line_1_125' title="bbox 1419 3511 2476 3549; baseline 0.001 -7"><span class='ocrx_word' id='word_1_792' title='bbox 1419 3522 1487 3542; x_wconf 91' lang='lat' dir='ltr'>non</span> <span class='ocrx_word' id='word_1_793' title='bbox 1510 3512 1687 3543; x_wconf 88' lang='lat' dir='ltr'>secundum</span> <span class='ocrx_word' id='word_1_794' title='bbox 1714 3512 1859 3544; x_wconf 78' lang='lat' dir='ltr'>ordinem</span> <span class='ocrx_word' id='word_1_795' title='bbox 1881 3514 2026 3549; x_wconf 85' lang='lat' dir='ltr'>rationis,</span> <span class='ocrx_word' id='word_1_796' title='bbox 2051 3513 2100 3542; x_wconf 88' lang='lat' dir='ltr'>vel</span> <span class='ocrx_word' id='word_1_797' title='bbox 2128 3511 2304 3542; x_wconf 89' lang='lat' dir='ltr'>secundum</span> <span class='ocrx_word' id='word_1_798' title='bbox 2332 3512 2476 3543; x_wconf 89' lang='lat' dir='ltr'>ordinem</span> 
     </span>
     <span class='ocr_line' id='line_1_126' title="bbox 1419 3556 2475 3598; baseline 0 -12"><span class='ocrx_word' id='word_1_799' title='bbox 1419 3557 1558 3587; x_wconf 86' lang='lat' dir='ltr'>rationis.</span> <span class='ocrx_word' id='word_1_800' title='bbox 1594 3556 1648 3587; x_wconf 89' lang='lat' dir='ltr'>Ille</span> <span class='ocrx_word' id='word_1_801' title='bbox 1672 3557 1754 3587; x_wconf 84' lang='lat' dir='ltr'>iram</span> <span class='ocrx_word' id='word_1_802' title='bbox 1772 3567 1835 3598; x_wconf 77' lang='lat' dir='ltr'>per</span> <span class='ocrx_word' id='word_1_803' title='bbox 1858 3557 1984 3592; x_wconf 83' lang='lat' dir='ltr'>vitium,</span> <span class='ocrx_word' id='word_1_804' title='bbox 2008 3558 2065 3587; x_wconf 92' lang='lat' dir='ltr'>iste</span> <span class='ocrx_word' id='word_1_805' title='bbox 2089 3557 2171 3586; x_wconf 86' lang='lat' dir='ltr'>iram</span> <span class='ocrx_word' id='word_1_806' title='bbox 2189 3565 2252 3596; x_wconf 82' lang='lat' dir='ltr'>per</span> <span class='ocrx_word' id='word_1_807' title='bbox 2273 3556 2374 3596; x_wconf 64' lang='lat' dir='ltr'>zelum</span> <span class='ocrx_word' id='word_1_808' title='bbox 2399 3566 2475 3586; x_wconf 90' lang='lat' dir='ltr'>con-</span> 
     </span>
     <span class='ocr_line' id='line_1_127' title="bbox 1420 3600 2474 3640; baseline -0.001 -9"><span class='ocrx_word' id='word_1_809' title='bbox 1420 3601 1527 3637; x_wconf 86' lang='lat' dir='ltr'>stituit,</span> <span class='ocrx_word' id='word_1_810' title='bbox 1550 3606 1585 3631; x_wconf 93' lang='lat' dir='ltr'>ut</span> <span class='ocrx_word' id='word_1_811' title='bbox 1600 3601 1796 3640; x_wconf 86' lang='lat' dir='ltr'>Augustinus</span> <span class='ocrx_word' id='word_1_812' title='bbox 1813 3600 1896 3631; x_wconf 90' lang='lat' dir='ltr'>dicit.</span> <span class='ocrx_word' id='word_1_813' title='bbox 1921 3601 1961 3631; x_wconf 91' lang='lat' dir='ltr'>Et</span> <span class='ocrx_word' id='word_1_814' title='bbox 1976 3601 2019 3631; x_wconf 89' lang='lat' dir='ltr'>sic</span> <span class='ocrx_word' id='word_1_815' title='bbox 2035 3601 2256 3640; x_wconf 87' lang='lat' dir='ltr'>relinquuntur</span> <span class='ocrx_word' id='word_1_816' title='bbox 2272 3601 2381 3630; x_wconf 88' lang='lat' dir='ltr'>ambae</span> <span class='ocrx_word' id='word_1_817' title='bbox 2398 3609 2474 3630; x_wconf 89' lang='lat' dir='ltr'>con—</span> 
     </span>
    </p>
   </div>
  </div>
 </body>
</html>
