2872 3970
186 628 201 638 ⁴
216 626 282 648 Vera.
297 631 332 653 ²7·

433 273 506 320 546
1084 267 1086 269 ’
1131 271 1395 319 QUAESTlo
1423 271 1528 318 LIX,
1558 271 1851 309 AarlcULus
1878 271 1913 309 v

431 366 478 391 ex
497 353 696 390 effectibus
715 354 1028 390 demonstrantur
1053 351 1227 389 nocivae.
1257 352 1305 388 Et
1329 349 1499 387 similiter
1605 351 1663 388 An
1684 362 1819 389 patmum
1838 363 1937 390 aneo
1956 363 2139 390 meramnum
2165 353 2272 402 quod
2293 353 2424 402 opinio
2445 365 2616 403 quorun..

432 407 479 443 de
518 406 678 443 homine
715 406 846 455 aliquo
883 404 1070 442 iudicium
1098 405 1261 454 perfecte
1299 403 1381 440 dari
1417 414 1498 439 non
1553 403 1644 440 dam
1671 403 1742 440 fuit
1760 403 1868 452 quod
1891 403 2043 442 animae
2063 412 2285 442 sanctorum
2302 417 2383 443 non
2401 406 2616 456 praemian-

431 466 556 507 potest
583 459 758 508 quandiu
786 458 868 496 eius
895 457 974 495 vita
998 457 1224 494 terminetur
1242 462 1277 493 Y:
1315 467 1362 492 eo
1390 455 1497 504 quod
1552 462 1615 492 tur
1641 455 1681 493 in
1708 457 1831 504 caelo,
1859 468 1933 494 nec
1958 457 2112 495 animae
2139 457 2414 496 damnatorum
2449 459 2616 508 puniuna

431 511 689 561 multipliciter
724 518 850 561 potest
886 510 1027 548 mutari
1065 510 1112 547 de
1140 510 1246 546 bono
1281 508 1322 545 in
1349 509 1497 544 malum
1552 516 1615 545 tur
1633 506 1646 530 ὅ
1674 508 1714 546 in
1742 508 1902 556 inferno,
1925 521 2051 559 usque
2078 510 2128 547 ad
2156 510 2258 548 diem
2288 510 2419 549 iudicii
2435 511 2468 549 *.
2497 512 2617 560 Quod

432 572 498 601 aut
522 576 542 601 e
569 576 776 612 converso,
805 565 867 601 vel
894 563 943 600 de
972 563 1077 599 bono
1106 562 1145 598 in
1174 561 1326 607 melius,
1356 567 1422 597 aut
1449 559 1497 597 de
1553 569 1711 610 apparet
1729 561 1868 599 falsum
1886 574 1933 599 ex
1951 563 2029 600 hoc
2046 563 2154 612 quod
2173 564 2394 613 Apostolus,
2409 565 2440 602 II
2454 565 2616 613 Cormff,

432 618 535 654 malo
559 617 598 654 in
626 617 748 666 peius.
778 617 890 654 Unde
918 616 1127 664 Apostolus
1155 614 1263 661 dicit,
1292 615 1392 651 Heh.
1413 625 1447 650 ix
1465 612 1496 659 *,

432 670 540 719 quod
558 671 768 708 hominibus
786 675 958 706 statutum
987 674 1037 705 est
1054 667 1168 704 semel
1186 668 1314 704 moris
1325 671 1411 716 post
1428 667 1499 703 hoc

431 729 567 769 autem,
596 723 784 760 iudicium.
1449 771 1456 778 .

486 775 697 812 Sciendum
725 783 855 812 tamen
877 773 995 822 quod,
1017 773 1102 810 licet
1129 785 1198 822 per
1225 779 1393 810 mortem
1419 779 1498 808 vtta

431 827 601 864 hominis
628 827 850 876 temporalis
869 825 1095 863 terminetur
1121 825 1340 863 secundum
1368 837 1420 871 se,
1441 836 1497 861 re-

431 888 562 917 manet
589 888 719 917 tamen
748 892 795 916 ex
822 878 958 923 futuris
986 878 1203 916 seeundum
1231 877 1326 928 quid
1355 877 1497 927 depen-

431 933 538 970 dens.
574 934 661 970 Uno
691 932 852 982 quidem
879 932 1021 978 modo,
1050 932 1268 968 secundum
1296 930 1404 980 quod
1431 931 1497 968 ad-

431 987 509 1022 huc
522 985 616 1022 vivit
635 985 674 1022 in
694 984 892 1022 memoriis
907 984 1133 1022 hominurn:
1155 984 1195 1021 in
1214 984 1356 1034 quibus
1375 996 1498 1032 quan-

431 1038 561 1087 doque
581 1046 714 1075 contra
732 1037 931 1075 veritatem
951 1045 1124 1074 remanet
1143 1037 1269 1074 bonae
1291 1037 1417 1074 famae
1436 1037 1499 1074 vel

431 1093 566 1128 malae.
595 1113 620 1117 —
649 1090 736 1128 Alio
764 1091 884 1128 modo
913 1090 953 1128 in
980 1089 1078 1137 filiis,
1099 1090 1166 1139 qui
1195 1097 1284 1127 sunt
1303 1089 1414 1139 quasi
1433 1089 1497 1126 ali-

430 1144 525 1193 quid
553 1143 689 1193 patris:
720 1144 937 1181 secundum
957 1143 1059 1181 -illud
1085 1144 1200 1180 Eccli.
1228 1155 1300 1180 xxx
1318 1142 1358 1180 *z
1386 1145 1497 1180 Mor-

429 1203 511 1234 tuus
539 1203 589 1234 es!
611 1202 722 1247 pater
758 1197 875 1243 illius,
904 1202 938 1234 et
971 1197 1077 1246 quasi
1113 1209 1187 1234 non
1225 1202 1276 1233 est
1311 1202 1499 1233 mortuus:

428 1250 586 1287 similem
615 1252 714 1287 enim
733 1250 880 1300 reliquit
895 1251 967 1287 sibi
986 1255 1071 1300 post
1097 1261 1147 1286 se.
1177 1250 1227 1286 Et
1243 1257 1375 1286 tamen
1398 1250 1498 1286 mul-

430 1311 560 1339 torum
589 1303 785 1340 bonorum
814 1310 903 1340 sunt
930 1302 1020 1339 mali
1048 1302 1126 1348 filii,
1148 1310 1184 1339 et
1210 1314 1231 1339 e
1250 1313 1451 1339 converso.
1472 1323 1498 1328 -

430 1356 562 1392 Tertio
590 1355 724 1403 modo,
745 1363 936 1405 quantum
956 1356 1004 1392 ad
1025 1355 1206 1392 effectum
1226 1367 1389 1392 suorum
1409 1367 1498 1404 ope-

430 1421 536 1445 rum:
577 1408 673 1446 sicut
710 1421 757 1445 ex
791 1407 1019 1457 deceptione
1047 1407 1127 1445 Arii
1165 1415 1202 1445 et
1238 1407 1405 1445 aliorum
1441 1420 1498 1444 se-

430 1461 638 1498 ductorum
678 1462 841 1511 pullulat
881 1461 1084 1498 infidelitas
1125 1473 1249 1510 usque
1290 1461 1340 1497 ad
1377 1459 1498 1498 finem

429 1514 589 1560 mundi;
628 1522 664 1551 et
691 1527 816 1563 usque
845 1522 938 1551 tunc
963 1513 1116 1563 proficit
1149 1513 1246 1550 fides
1274 1526 1321 1550 ex
1348 1513 1498 1562 praedi-

429 1567 579 1604 catione
599 1568 889 1616 Apostolorum.
920 1590 944 1594 -
974 1567 1123 1614 Quarto
1153 1567 1286 1609 modo,
1307 1574 1496 1615 quantum

429 1620 478 1656 ad
507 1632 663 1669 corpus:
694 1621 801 1669 quod
831 1621 1068 1670 quandoque
1097 1619 1311 1657 honorifice
1339 1619 1499 1656 traditur

430 1675 661 1722 sepulturae,
687 1673 924 1723 quandoque
953 1686 1046 1710 vero
1076 1672 1303 1722 relinquitur
1330 1672 1498 1722 insepul-

429 1734 524 1773 tum,
546 1734 582 1763 et
600 1726 758 1763 tandem
779 1726 1032 1764 incineratum
1054 1726 1256 1763 resolvitur
1277 1725 1452 1762 omnino.
1473 1748 1497 1752 -

431 1779 578 1825 Quinto
607 1779 740 1826 modo,
771 1787 961 1829 quantum
989 1780 1038 1816 ad
1066 1791 1110 1816 ea
1138 1779 1178 1816 in
1205 1778 1348 1828 quibus
1376 1780 1498 1817 homo

430 1844 547 1868 suum
585 1832 767 1869 affectum
803 1833 949 1878 defixit,
979 1840 1073 1882 puta
1109 1832 1148 1868 in
1184 1832 1498 1881 quibuscumque

430 1885 707 1934 temporalibus
735 1885 871 1922 rebus:
902 1897 1070 1934 quorum
1101 1885 1295 1933 quaedam
1323 1883 1433 1921 citius
1455 1885 1498 1921 fi-

431 1937 601 1983 niuntur,
632 1937 826 1986 quaedam
854 1937 997 1975 diutius
1026 1937 1176 1980 durant.

486 1990 630 2027 Omnia
671 1998 802 2028 autem
840 1991 936 2027 haec
972 1990 1192 2027 subduntur
1229 1989 1499 2027 existimationi

432 2043 552 2080 divini
573 2043 713 2080 iudicii.
744 2045 792 2080 Et
819 2043 908 2080 ideo
927 2043 976 2080 de
997 2043 1056 2079 his
1084 2042 1267 2080 omnibus
1285 2043 1498 2091 perfectum

432 2104 468 2132 et
496 2096 742 2132 manifestum
762 2096 949 2133 iudicium
970 2095 1102 2133 haberi
1130 2107 1210 2132 non
1230 2103 1354 2145 potest
1377 2108 1498 2144 quan-

432 2149 499 2185 diu
519 2148 635 2185 huius
655 2149 840 2198 temporis
860 2161 994 2186 cursus
1023 2149 1146 2186 durat.
1177 2149 1225 2186 Et
1243 2155 1400 2198 propter
1423 2149 1499 2186 hoc

432 2209 583 2251 oportet
618 2214 699 2238 esse
732 2202 847 2239 finale
882 2201 1069 2239 iudicium
1106 2202 1144 2238 in
1173 2201 1387 2239 novissimo
1425 2201 1498 2248 die,

431 2255 470 2291 in
500 2267 579 2303 quo
607 2256 772 2304 perfecte
802 2255 840 2292 id
869 2255 976 2304 quod
1005 2255 1053 2292 ad
1083 2267 1408 2305 unumquemque
1428 2255 1498 2292 ho-

431 2308 579 2344 minem
616 2308 779 2357 pertinet
816 2320 1068 2358 quocumque
1097 2308 1238 2356 modo,
1268 2307 1432 2358 perfecte
1462 2315 1498 2344 et

431 2361 630 2397 manifeste
659 2361 900 2398 diiudicetur.

485 2475 512 2509 γ)
531 2476 650 2507 quandiu
679 2476 734 2500 eius
760 2476 815 2500 vita
844 2476 1011 2502 terminetur.
1029 2490 1049 2495 -
1077 2476 1191 2506 GHabc;
1218 2476 1338 2510 quandiu
1363 2476 1419 2501 eius
1447 2475 1503 2500 vita

432 2511 542 2536 timetur
560 2511 659 2543 ABCD,
678 2511 798 2544 quandiu
825 2512 882 2536 eius
900 2512 957 2536 vita
975 2520 1027 2537 non
1049 2512 1209 2536 terminetur
1226 2511 1401 2543 (terminatur
1419 2510 1465 2544 sF)
1483 2511 1503 2535 F

432 2546 476 2580 (cf.
495 2555 540 2579 qu.
558 2555 643 2578 xxvm,
663 2552 709 2572 art.
731 2547 744 2572 3
764 2546 797 2581 ν),
815 2547 875 2579 quis
894 2547 950 2572 eius
969 2548 1024 2573 vita
1048 2548 1208 2573 terminetur
1226 2548 1244 2578 1,
1263 2547 1353 2580 quoad
1371 2547 1427 2572 eius
1445 2547 1502 2571 vita

433 2582 593 2607 terminetur
612 2583 639 2608 Ρ.

486 2617 511 2649 ὃ)
526 2618 690 2650 puniuntur.
707 2632 727 2637 —
745 2618 811 2649 PF1;
828 2618 986 2651 puniantur.

485 2653 508 2687 ε)
528 2660 592 2679 esse.
610 2667 628 2672 —
646 2654 733 2678 EHsG
751 2661 769 2678 a
788 2659 814 2678 et
833 2654 973 2685 editiones;
992 2662 1046 2680 om.

1111 2725 1446 2758 Commentario.
1467 2723 1721 2758 cardinalis
1743 2727 1946 2765 Caietani

493 2806 601 2827 umus
624 2796 736 2827 clarus.
757 2814 778 2819 -
800 2796 835 2827 In
864 2806 999 2837 corpore
1023 2807 1088 2828 una
1117 2803 1164 2829 est
1191 2797 1378 2828 conclusio:
1406 2795 1503 2826 Ultra

436 2808 648 2871 Tiudicium
676 2841 763 2881 quod
784 2841 815 2871 in
837 2841 1006 2872 cuiuslibet
1023 2842 1163 2872 hominis
1183 2847 1287 2872 morte
1298 2842 1354 2883 fit,
1377 2844 1503 2881 oportet

435 2894 502 2915 esse
506 2885 614 2926 finale
638 2884 791 2915 iudicium
816 2885 847 2915 in
873 2886 1046 2916 novissimo
1070 2886 1131 2917 die.
1162 2886 1319 2917 Probatur
1334 2886 1388 2916 sic.
1418 2884 1502 2916 Iudi-

435 2929 522 2959 cium
546 2928 585 2959 de
605 2929 711 2968 aliqua
734 2938 768 2959 re
791 2929 937 2960 mutabili
961 2929 1026 2960 dari
1046 2930 1186 2970 perfecte
1209 2939 1277 2961 non
1300 2934 1406 2971 potest
1429 2934 1502 2959 ante

436 2974 504 3003 eius
520 2973 843 3004 consummationem.
869 2973 931 3004 Sed
954 2974 1018 3005 vita
1033 2975 1184 3011 hominis,
1201 2975 1276 3006 licet
1290 2975 1330 3005 sit
1344 2983 1402 3014 per
1416 2983 1503 3004 mor-

435 3022 501 3047 tem
530 3017 697 3047 terminata
726 3017 905 3048 secundum
937 3027 989 3054 se,
1014 3025 1157 3050 remanet
1185 3025 1293 3050 tamen
1324 3018 1503 3050 secundum

437 3060 515 3100 quid
526 3061 728 3091 mutabilitati
744 3062 895 3098 subiecta,
908 3071 1010 3103 usque
1023 3062 1062 3093 ad
1077 3062 1178 3094 finem
1192 3063 1306 3094 mundi
1319 3063 1503 3103 dependens

437 3114 474 3134 ex
491 3103 614 3134 futuris.
631 3104 716 3144 Ergo
732 3115 799 3136 non
814 3111 921 3145 potest
936 3106 1000 3136 vita
1015 3107 1165 3143 hominis,
1179 3107 1358 3138 secundum
1369 3106 1402 3138 id
1414 3106 1503 3148 quod

437 3148 684 3188 quomodolibet
699 3148 739 3178 ad
754 3158 1022 3191 unumquemque
1046 3152 1192 3191 pertinet,
1209 3151 1348 3191 perfecte
1371 3150 1504 3182 iudicari

437 3197 509 3222 ante
533 3191 632 3222 finem
658 3192 780 3223 mundi.
813 3193 898 3233 Ergo
924 3199 1052 3234 oportet
1075 3204 1143 3226 esse
1166 3195 1261 3229 finale
1291 3195 1447 3226 iudicium
1470 3196 1503 3226 in

437 3236 613 3266 novissimo
629 3235 691 3272 die,
708 3237 790 3268 ultra
805 3238 994 3277 particulare
1009 3239 1099 3279 quod
1115 3239 1151 3270 fit
1165 3240 1199 3270 in
1215 3241 1373 3280 cuiusque
1387 3246 1502 3271 morte.

493 3280 596 3310 Maior
607 3281 786 3320 propositio
799 3281 1017 3313 manifestatur
1033 3282 1210 3323 dupliciter.
1223 3284 1343 3320 Primo,
1355 3285 1388 3315 in
1405 3285 1503 3315 actio-

438 3323 541 3353 nibus.
559 3323 719 3360 Secundo,
736 3325 768 3354 in
785 3325 980 3357 hominibus.
1000 3326 1041 3357 Et
1057 3327 1096 3357 ad
1112 3327 1175 3358 hoc
1191 3327 1318 3358 affertur
1333 3329 1504 3359 auctoritas

438 3366 596 3406 Apostoli.
610 3386 632 3389 —
644 3367 752 3398 Minor
763 3374 870 3400 autem
886 3370 1066 3411 propositio
1081 3371 1301 3403 manifestatur
1312 3372 1346 3402 in
1358 3373 1503 3413 quinque

438 3411 606 3449 generibus
628 3411 834 3452 reliquiarum
857 3413 938 3443 vitae
969 3413 1144 3445 humanae:
1179 3415 1299 3446 scilicet
1321 3416 1355 3446 in
1378 3425 1503 3447 memo-

438 3453 502 3487 riis,
518 3454 551 3484 in
575 3453 656 3489 filiis,
673 3455 705 3485 in
731 3455 904 3492 effectibus,
922 3458 955 3487 in
979 3459 1177 3497 corporibus,
1195 3463 1226 3489 et
1248 3460 1281 3490 in
1305 3461 1424 3490 amatis.

494 3497 535 3528 Et
551 3499 704 3538 quoniam
728 3499 854 3530 dixisset
870 3500 1001 3531 fortasse
1021 3502 1134 3542 aliquis
1153 3502 1243 3542 quod
1258 3503 1410 3544 reliquiae
1426 3505 1502 3535 istae

439 3546 513 3571 sunt
544 3541 782 3580 impertinentes
813 3543 853 3573 ad
884 3543 1001 3574 Christi
1035 3545 1211 3576 iudicium:
1247 3547 1338 3583 ideo,
1370 3546 1410 3578 nd
1439 3548 1502 3578 hoc

439 3584 684 3621 excludendum,
710 3586 831 3616 Auctor
855 3588 988 3627 apponit
1012 3589 1178 3625 rationem,
1203 3599 1300 3630 quam
1324 3590 1447 3630 perficit
1470 3593 1502 3622 in

1553 613 1657 651 dicit:
1693 615 1906 661 Audemus,
1942 621 1976 652 et
2009 617 2147 654 bonam
2174 617 2400 654 voluntatem
2427 618 2618 665 habemus,
2646 653 2656 664 ,
2670 641 2706 674 ν·

1546 668 1792 717 peregrinari
1810 679 1835 704 a
1860 679 2021 717 corpore
2044 674 2079 705 et
2096 675 2311 718 praesentes
2337 675 2441 708 esse·
2468 670 2520 708 ad
2543 671 2618 709 Do·

1552 721 1717 766 minum,
1746 720 1855 769 quod
1883 728 1939 757 est
1966 720 2043 758 iam
2071 733 2151 758 non
2177 723 2374 760 ambulare
2393 735 2468 774 per
2482 723 2618 772 fidem,

1553 773 1620 809 sed
1642 785 1715 822 per
1741 774 1900 822 speciem
1919 772 1953 820 ζ,
1983 781 2026 810 ut
2051 781 2154 823 patet
2189 786 2237 812 ex
2263 775 2323 812 his
2351 788 2454 826 quae
2488 776 2619 814 subse·

1553 833 1736 875 quuntur.
1780 825 1867 863 Hoc
1904 834 2034 864 autem
2068 834 2124 863 est
2150 827 2283 865 videre
2309 829 2443 866 Deum
2468 841 2538 879 per
2564 841 2619 867 es*

1553 877 1712 915 sentiam
1725 907 1734 925 ,
1763 878 1804 916 in
1831 891 1912 927 quo
1940 878 2110 916 consistit
2141 881 2216 918 vita
2248 887 2419 928 aeterna,
2447 890 2491 919 ut
2516 891 2620 932 patet

1552 932 1656 968 Ioan.
1677 931 1798 968 xvi1*.
1827 931 1940 969 Unde
1968 931 2216 970 manifestum
2244 941 2301 971 est
2327 934 2476 973 animas
2494 947 2518 972 a
2536 946 2618 974 cor-
2647 942 2656 952 ⁹

1551 983 1712 1034 poribus
1740 992 1932 1034 separatas
1960 996 2043 1022 esse
2071 984 2111 1022 in
2138 986 2216 1024 vita
2243 994 2408 1031 aeterna.
2584 1009 2585 1017 ι
2613 987 2617 1018 ἶ

1605 1037 1654 1074 Et
1689 1036 1778 1074 ideo
1819 1037 2030 1075 dicendum
2067 1046 2123 1076 est
2159 1039 2267 1088 quod
2307 1048 2395 1090 post
2430 1050 2618 1091 mortem„

1552 1097 1744 1139 quantum
1772 1089 1822 1127 ad
1841 1102 1887 1127 ea
1906 1102 2006 1140 quae
2025 1099 2115 1128 sunt
2133 1091 2297 1140 animae,
2317 1093 2440 1132 homo
2465 1095 2620 1134 sortitur

1552 1143 1750 1191 quendam
1778 1142 2061 1181 immutabilem
2094 1152 2246 1183 statum.
2283 1147 2332 1183 Et
2358 1146 2468 1195 ideo,
2497 1159 2620 1198 quam

1551 1204 1636 1233 tum
1664 1195 1713 1233 ad
1741 1195 1959 1245 praemium
1989 1195 2154 1244 animae,
2174 1210 2255 1236 non
2283 1207 2435 1249 oportet
2461 1202 2620 1241 ulterius

1553 1248 1697 1286 differri
1725 1248 1924 1287 iudicium.
1964 1250 2042 1287 Sed
2076 1250 2168 1300 quia
2195 1253 2390 1301 quaedam
2423 1254 2497 1292 alia
2531 1262 2620 1307 sum
2677 1237 2786 1272 »υἷ’

1553 1302 1601 1339 ad
1617 1301 1819 1339 hominem
1838 1302 2065 1352 pertinentia
2088 1316 2189 1353 quae
2203 1312 2284 1342 toto
2303 1306 2622 1356 temporiscursu

1552 1362 1730 1403 aguntur,
1750 1367 1851 1405 quae
1879 1367 1960 1393 non
1987 1364 2078 1393 sunt
2104 1356 2228 1395 aliena
2255 1370 2278 1395 a
2300 1358 2434 1397 divino
2462 1360 2620 1408 iudicio,

1552 1415 1703 1457 oportet
1722 1407 1862 1446 iterum
1877 1414 1895 1437 η
1919 1408 1959 1446 in
1981 1409 2062 1446 fine
2087 1411 2274 1460 temporis
2302 1413 2434 1451 omnia
2460 1414 2557 1452 haec
2579 1414 2620 1453 in

1552 1460 1740 1498 iudicium
1776 1461 1928 1499 adduci.
1967 1461 2074 1499 Licet
2102 1463 2207 1500 enim
2243 1465 2365 1502 homo
2403 1467 2621 1507 secundum
2665 1479 2667 1482 ⁴

1553 1514 1648 1551 haec
1685 1526 1766 1551 non
1803 1522 1997 1552 mereatur
2032 1527 2161 1565 neque
2197 1517 2461 1567 demereatur,
2489 1527 2623 1560 tamen

1552 1566 1743 1616 pertinent
1771 1567 1820 1603 ad
1839 1567 1998 1616 aliquod
2017 1567 2099 1606 eius
2117 1569 2337 1618 praemium
2355 1573 2419 1609 vel
2435 1570 2620 1622 poenam.

1553 1620 1666 1658 Unde
1694 1627 1846 1669 oportet
1880 1621 1976 1658 haec
2011 1621 2144 1659 omnia
2176 1622 2382 1661 existimari
2402 1623 2414 1646 ⁰
2443 1625 2483 1662 in
2514 1626 2622 1665 finali

1553 1672 1708 1710 iudici0.
2470 1710 2478 1719 .

1606 1727 1664 1763 An
1692 1738 1882 1764 SECUNDUM
1910 1739 2093 1765 mOENDUM
2122 1729 2229 1778 quod
2266 1731 2374 1768 Deus
2407 1744 2488 1769 non
2522 1732 2621 1771 iudi—

1553 1778 1653 1816 cabit
1679 1778 1738 1816 bis
1766 1781 1804 1816 in
1833 1779 2003 1829 idipsum,
2032 1781 2129 1818 idest
2154 1783 2356 1820 secundum
2391 1785 2500 1823 idem.
2543 1787 2622 1825 Sed

1553 1832 1768 1869 secundum
1808 1832 1959 1877 diversa
1987 1846 2068 1871 non
2096 1843 2152 1872 est
2179 1835 2456 1876 inconveniens
2490 1839 2622 1905 Deum

1553 1885 1611 1922 bis
1639 1884 1820 1922 iudicare.
2557 1920 2559 1923 .
2592 1905 2599 1914 ⁴

1606 1938 1664 1974 Ao
1691 1948 1852 1975 TERTIUM
1875 1950 2057 1977 DICENDUM
2077 1941 2196 1989 quod,
2215 1941 2302 1979 licet
2320 1944 2543 1992 praemium
2557 1947 2623 1984 vel

1553 2002 1682 2039 poena
1700 1990 1872 2039 corporis
1900 1991 2118 2041 dependeat
2141 2006 2190 2031 -ex
2209 1996 2384 2044 praemio
2403 1999 2466 2035 vel
2491 2009 2629 2048 poena-

1554 2042 1726 2087 animae,
1755 2051 1907 2091 tamen.
1937 2045 2028 2094 quia
2055 2045 2186 2084 anima
2222 2060 2302 2085 non
2341 2057 2396 2086 est
2427 2050 2622 2090 mutabilis

1555 2095 1626 2133 nisi
1654 2107 1724 2145 per
1751 2095 1930 2133 accidens
1965 2105 2124 2147 propter
2157 2111 2318 2150 corpus,
2348 2111 2522 2152 separata
2549 2112 2622 2143 sta-

1554 2149 1625 2186 tim
1644 2153 1652 2169 ‘
1680 2161 1702 2185 a
1731 2160 1893 2198 corpore
1921 2150 2037 2188 habet
2074 2158 2215 2190 statum
2251 2153 2556 2203 immutabilem,
2586 2165 2623 2196 et

1555 2200 1691 2250 accipit
1710 2214 1827 2239 suum
1846 2202 2044 2241 iudicium.
2076 2205 2153 2242 Sed
2172 2218 2315 2256 corpus
2334 2218 2508 2247 remanet
2534 2223 2622 2249 mu-

1554 2252 1726 2292 tabilitati
1763 2255 1980 2293 subiectum
2017 2269 2142 2307 usque
2180 2259 2229 2296 ad
2265 2260 2387 2298 finem
2423 2263 2620 2313 temporis.

1556 2308 1605 2344 Et
1632 2307 1720 2344 ideo
1749 2316 1901 2358 oportet
1928 2310 2037 2359 quod
2065 2318 2157 2349 tunc
2185 2313 2341 2362 recipiat
2368 2327 2486 2353 suum
2511 2329 2622 2367 prae-

1556 2360 1682 2397 mium
1710 2362 1772 2398 vel
1799 2373 1970 2411 poenam
1999 2363 2172 2402 in-finali
2199 2365 2353 2404 iudicio.

1610 2475 1635 2508 ζ)
1655 2476 1776 2507 speciem.
1794 2491 1814 2496 —
1831 2477 1930 2505 PEHa:
1949 2485 2030 2510 spem.

1609 2511 1636 2544 η)
1657 2512 1762 2552 iterum.
1779 2526 1799 2532 —·
1818 2513 1837 2536 P
1844 2519 1851 2554 ξ
1872 2513 1986 2539 interior
2007 2514 2107 2546 ABCD,
2127 2515 2187 2541 ideo
2205 2516 2245 2542 ed.
2264 2521 2290 2546 a,
2310 2517 2336 2542 in
2360 2518 2476 2545 termino
2498 2505 2624 2557 231¹]ss

1556 2551 1582 2571 et
1599 2547 1638 2576 bc,
1658 2555 1684 2571 m
1706 2549 1820 2574 termino
1840 2549 1909 2574 idest
1927 2549 1975 2575 sG.

1608 2580 1633 2616 Θ)
1653 2582 1816 2610 existimari.
1833 2598 1853 2603 —-
1869 2585 2011 2611 aestimari
2028 2585 2164 2617 editiones,
2182 2588 2339 2614 examinari·
2356 2589 2404 2619 δῦ.
2542 2580 2601 2599 ”””

1609 2617 1628 2650 ι)
1647 2622 1774 2650 separata
1798 2619 1899 2645 statim.
1918 2634 1937 2639 -
1953 2620 2046 2646 statim
2070 2626 2198 2654 separata
2218 2623 2258 2654 ΡΙ,
2282 2628 2411 2656 separata
2427 2625 2451 2652 b.
2466 2625 2531 2652 Pro(
2544 2606 2627 2660 a&

1555 2653 1693 2683 iudicium,
1712 2655 1805 2680 statim
1825 2655 1953 2681 iudicium
1971 2657 2010 2682 bc.
2502 2658 2521 2683 s
2536 2662 2578 2682 »Υ
2601 2666 2626 2689 ,ζ

2535 2735 2537 2737 .
2565 2703 2625 2737 ‘'fif“

1556 2798 1767 2836 responsione
1797 2798 1837 2830 ad
1862 2800 2013 2840 primum.
2046 2801 2103 2831 Est
2132 2807 2241 2833 autem
2271 2804 2351 2834 ratio
2381 2804 2503 2845 integra
2532 2804 2626 2846 quot!

1556 2840 1635 2873 haec
1669 2842 1794 2879 omnia,
1826 2844 1902 2883 quia
1936 2844 2128 2876 clauduntur
2162 2847 2221 2877 sub
2254 2857 2372 2888 genere
2405 2849 2540 2889 praemii
2568 2849 2634 2889 vel*

1556 2894 1692 2925 poenae,
1709 2885 1782 2917 ideo
1807 2886 1925 2918 cadunt
1947 2888 2006 2919 sub
2030 2890 2249 2922 aestimatione
2273 2890 2371 2923 divini
2393 2892 2513 2930 iudicii,
2534 2892 2624 2935 quod

1556 2929 1596 2959 ad
1619 2931 1728 2961 omnia
1755 2931 1896 2962 humana
1925 2929 2082 2973 praemia]
2107 2936 2464 2976 omnesque'humanas
2489 2931 2624 2978 poeni&

1556 2983 1589 3005 se
1613 2974 1763 3006 extendit.
1787 2975 1877 3006 Patet
1900 2981 2007 3008 autem
2032 2977 2240 3010 discurrendo
2263 2988 2321 3020 per
2343 2981 2467 3021 singula
2489 2982 2625 3014 enum&

1555 3023 1622 3049 rata
1645 3019 1734 3059 quod
1765 3020 1922 3052 nonnulla
1951 3030 2058 3062 poena
2085 3028 2117 3054 et
2141 3023 2338 3056 nonnullum
2367 3025 2548 3065 praemium
2575 3026 2626 3058 at

1556 3064 1696 3094 hominis
1712 3065 1745 3094 in
1761 3064 1949 3104 supradictis
1964 3066 2115 3107 reliquiis,
2128 3069 2372 3109 praesupposita
2385 3069 2623 3102 immortalitate

1556 3108 1691 3145 animae,
1705 3113 1736 3139 et
1748 3109 1892 3149 corporis
1905 3115 1980 3150 post
1994 3111 2270 3150 resurrectionem,
2283 3118 2319 3144 ut
2330 3113 2382 3144 hic
2397 3114 2622 3155 supponimus.

1612 3151 1648 3182 Π.
1673 3152 1811 3183 Adverte
1835 3153 1887 3184 hic
1911 3154 2001 3195 quod
2023 3156 2126 3186 maior
2147 3157 2328 3197 propositio
2352 3162 2399 3188 est
2413 3167 2471 3199 per
2485 3167 2519 3189 se
2534 3162 2623 3197 notu,

1556 3195 1723 3237 loquendo
1739 3197 1779 3228 de
1794 3197 1915 3229 iudicio
1931 3198 2065 3230 alicuius
2080 3200 2125 3230 rei
2141 3209 2180 3230 ex
2195 3200 2332 3242 propriis
2346 3201 2456 3243 ipsius,
2474 3207 2511 3233 ut
2524 3200 2622 3243 patet:

1556 3241 1598 3272 Et
1613 3241 1677 3272 hoc
1692 3240 1777 3278 dico,
1794 3251 1835 3272 ne
1852 3241 1967 3273 fallaris
1983 3252 2001 3274 a
2016 3244 2166 3284 captiosis
2188 3245 2412 3276 obiicientibus
2436 3245 2476 3277 de
2491 3251 2624 3278 aeta-no

1557 3285 1618 3316 Dei
1639 3285 1772 3322 iudicio,
1796 3295 1863 3327 quo
1890 3287 2014 3327 singula
2043 3287 2272 3328 perfectissime
2300 3289 2420 3321 iudicat
2450 3295 2621 3331 antequam

1556 3329 1644 3360 fiant.
1669 3330 1830 3367 Christus,
1855 3331 1951 3362 etiam
1974 3331 2152 3363 secundum
2175 3332 2266 3374 quod
2287 3333 2408 3376 homo,
2430 3334 2470 3366 ab
2492 3333 2621 3365 imnnti

1557 3375 1779 3415 conceptionis
1803 3385 1878 3406 suae
1900 3375 2130 3416 perfectissime
2157 3378 2310 3418 cognovit
2335 3386 2448 3410 omnes
2469 3377 2526 3409 has
2548 3377 2620 3408 reli-

1558 3418 1648 3458 quias
1664 3423 1837 3459 antequam
1855 3418 1942 3450 fiant.
1959 3419 2022 3451 Sed
2037 3420 2117 3451 haec
2132 3426 2206 3452 sunt
2222 3430 2260 3452 ex
2274 3426 2363 3462 parte
2378 3421 2618 3461 cognoscentis:

1557 3471 1706 3502 praesens
1737 3468 1845 3494 autem
1874 3464 1954 3494 ratio
1978 3473 2016 3495 ex
2039 3469 2127 3505 parte
2157 3465 2202 3495 rei
2233 3465 2380 3505 cognitae
2402 3473 2436 3495 se
2459 3470 2564 3501 tenet;
2589 3471 2621 3496 et

1557 3515 1614 3546 per
1636 3515 1671 3536 se
1693 3512 1804 3538 notam
1826 3508 2082 3547 propositionem
2106 3509 2253 3550 assumit,
2277 3507 2366 3549 quod
2389 3509 2434 3539 rei
2459 3509 2621 3540 mutabilis

1558 3548 1735 3589 perfectum
1758 3549 1914 3582 iudicium
1937 3550 2003 3582 dari
2023 3561 2091 3582 non
2106 3557 2214 3592 potest
2228 3557 2300 3583 ante
2315 3552 2399 3583 illius
2415 3561 2622 3584 consumma-

1557 3594 1689 3624 tionem.
1721 3594 1762 3624 Et
1784 3595 1809 3624 si
1832 3595 1891 3634 ipsi
1915 3595 2027 3635 iungas
2053 3595 2142 3635 quod
2165 3595 2276 3627 divina
2298 3596 2456 3637 sapientia
2479 3597 2622 3639 disponit
