2872 3970
152 945 162 955 ⁸
178 944 212 965 Cf.
229 950 267 971 qu.
283 943 365 970 xx,1n—
396 944 398 946 '

152 970 214 992 trod-

152 1002 162 1012 ⁸
180 1001 228 1028 Qu.
243 1007 289 1022 xiv.

252 1849 268 1874 Υ

156 1896 166 1905 ·
175 1895 287 1920 Sentent„
299 1894 326 1914 al.
339 1893 368 1914 de

154 1921 218 1942 Sum.
229 1920 366 1948 Bon.,1ib.1,

156 1954 205 1975 cap.
223 1954 256 1969 in.

157 2376 167 2386 ¹⁸
176 2375 212 2396 De
226 2374 286 2395 Fide
300 2373 368 2395 Orth.

157 2402 197 2423 lib.
208 2401 247 2428 111,
264 2407 313 2428 cap.
324 2407 355 2422 vi.

163 2799 173 2809 ⁸
187 2798 222 2820 Cf.
238 2798 277 2819 lib.
289 2798 306 2822 Ι,
323 2803 372 2825 cap.

162 2831 213 2846 xm.
221 2824 294 2845 —Vide
306 2824 373 2846 Cant.

162 2851 267 2872 Ser-mon.
281 2851 373 2878 Arima,

164 2884 214 2905 cap.
229 2884 276 2899 viu.

171 3383 179 3392 ·
196 3381 243 3409 Qu.
259 3386 283 3407 n,
304 3384 344 3402 art.
362 3387 380 3402 ι.

401 289 471 336 148

1119 285 1383 333 QUAESTIO
1412 286 1466 333 X,
1495 284 1788 323 ARTICULUS
1816 285 1830 322 1

1107 545 1524 623 QUAESTIO
1562 543 1880 600 DECIMA
1937 510 1939 512 ’

896 667 980 708 DE
1014 666 1295 708 SCIENTIA
1329 664 1537 705 BEATA
1570 663 1810 704 ANIMAE
1843 663 2083 705 CHRISTI

1189 782 1222 807 IN
1252 780 1423 812 QUATUOR
1450 779 1651 805 ARTICULOS
1677 778 1790 804 DIVISA

476 933 665 971 dictarum
699 929 945 968 scientiarum
964 929 995 966 ²¹⁸.
1034 929 1111 966 Sed
1144 928 1236 978 quia
1263 928 1311 965 de
1341 927 1460 964 scien-

392 987 442 1024 tia
479 986 610 1024 divina
645 984 791 1022 dictum
829 991 884 1020 est
912 982 951 1019 in
979 981 1109 1019 Prima
1144 983 1255 1019 Parte
1278 981 1318 1028 ²⁸,
1348 988 1462 1018 restat

392 1051 497 1077 nunc
525 1038 655 1076 videre
676 1038 724 1074 de
752 1035 834 1073 aliis
855 1041 890 1072 αι
921 1035 1060 1084 primo,
1081 1035 1129 1072 de
1154 1034 1310 1072 scientia
1329 1035 1460 1080 beata;

392 1093 576 1138 secundo,
598 1092 645 1128 de
675 1089 830 1127 scientia
863 1088 981 1126 indita
1000 1088 1037 1134 *;
1066 1087 1194 1136 tertio,
1224 1089 1272 1125 de
1306 1087 1462 1125 scientia

392 1145 576 1195 acquisita
595 1145 626 1181 ²¹².
671 1143 747 1181 Sed
771 1142 862 1192 quia
890 1142 938 1179 de
966 1141 1122 1179 scientia
1150 1141 1272 1189 beata,
1293 1154 1393 1191 quae
1422 1141 1461 1178 in

392 1199 464 1236 Dei
492 1198 640 1236 visione
669 1195 855 1243 consistit,
882 1197 994 1244 plura
1021 1194 1121 1232 dicta
1149 1202 1237 1232 sunt
1263 1195 1303 1232 in
1331 1194 1461 1233 Prima
1500 1181 1508 1192 ⁸

392 1254 502 1290 Parte
521 1252 552 1298 ’¹2
574 1251 661 1288 ideo
686 1250 748 1287 hic
768 1250 849 1286 sola
877 1249 938 1286 illa
965 1248 1146 1286 videntur
1174 1247 1336 1286 dicenda
1360 1261 1460 1298 quae

391 1305 582 1355 pertinent
609 1303 623 1334 β
651 1304 699 1341 ad
729 1302 900 1340 animam
930 1301 1080 1339 Christi.

396 892 581 974 Damni:
616 876 943 916 considerandum
979 884 1034 913 est
1068 875 1116 913 de
1150 874 1319 925 qualibet
1351 885 1461 923 prae·
1487 870 1490 921 Ι
1517 875 1628 914 Circa
1655 876 1732 913 hoc
1760 884 2000 925 quaeruntur
2027 885 2206 926 quatuor,

1569 937 1721 974 Primo:
1753 945 1884 974 utrum
1913 937 2042 976 anima
2075 938 2214 976 Christi
2246 939 2583 989 comprehenderit

1622 999 1808 1047 Verbum,
1829 999 1910 1037 sive
1938 999 2113 1038 divinam
2141 1001 2357 1039 essentiam.

1570 1061 1772 1098 Secundo:
1803 1069 1935 1099 utrum
1963 1061 2186 1110 cognoverit
2213 1062 2346 1100 omnia
2366 1062 2413 1100 -in
2438 1063 2580 1101 Verbo.

1568 1122 1721 1160 Tertio:
1752 1130 1884 1160 utrum
1903 1122 2032 1160 anima
2057 1122 2197 1160 Christi
2224 1123 2264 1161 in
2282 1123 2412 1162 Verbo
2441 1135 2582 1174 cogno-

1622 1184 1719 1222 verit
1747 1184 1907 1223 Infinita.
2124 1174 2135 1181 ‘

1571 1245 1740 1292 Quarto:
1770 1253 1903 1283 utrum
1939 1244 2070 1284 videat
2096 1246 2290 1294 Verbum,
2320 1248 2383 1284 vel
2409 1245 2581 1284 divinam

1623 1303 1840 1352 essentiam,
1861 1304 1999 1342 clarius
2027 1305 2197 1355 qualibet
2223 1305 2296 1343 aIIa
2323 1313 2507 1343 creatura.

1210 1420 1423 1463 ARTICU
1431 1421 1529 1463 LUS
1561 1422 1768 1466 PRIMUS

670 1515 826 1547 UTRUM
850 1515 991 1545 ANIMA
1015 1514 1188 1544 CHRISTI
1213 1514 1619 1545 COMPREHENDERIT
1643 1516 1701 1546 ET
1726 1516 2090 1547 COMPREHENDAT
2114 1518 2305 1555 VERBUM,

1203 1557 1296 1588 SIVE
1320 1558 1506 1589 DIVINAM
1529 1559 1775 1590 ESSENTIAM

534 1641 565 1665 111
585 1640 668 1669 Sent.‚
689 1638 748 1663 dist.
768 1646 817 1668 x1v,
838 1642 883 1663 art.
909 1644 932 1668 2,
953 1637 1002 1669 qu’²
1024 1643 1052 1667 1;
1074 1636 1116 1661 De
1139 1636 1229 1665 Verit„
1249 1644 1293 1669 qu.
1312 1644 1351 1668 xx,
1371 1642 1417 1662 ari.
1437 1644 1463 1669 4,
1484 1637 1512 1668 53
1534 1638 1679 1671 Compend.
1703 1639 1804 1670 Dicet„
1825 1647 1880 1672 cap.
1900 1647 1991 1671 ccxvx;
2011 1640 2020 1664 1
2038 1640 2076 1665 ad
2098 1640 2180 1670 T1'm.,
2201 1648 2255 1674 cap.
2274 1648 2310 1672 vi,
2330 1642 2388 1667 lect.
2406 1649 2444 1668 m.

469 1737 551 1761 1⁸--
587 1741 626 1765 D
656 1740 792 1765 patmum
820 1739 872 1764 s1c
902 1738 1138 1764 paocsnrrua.
1166 1725 1328 1763 Videtur
1355 1727 1463 1775 quod

432 1814 466 1843 qd
606 1781 738 1818 anima
759 1780 898 1817 Christi
927 1778 1265 1828 comprehenderit
1293 1786 1329 1816 et
1356 1791 1463 1816 com-

466 1850 523 1871 -w
586 1832 593 1838 ⁴
635 1834 820 1871 rehendat
839 1838 854 1861 Υ
882 1833 1055 1870 Verbum
1098 1831 1178 1868 sive
1206 1831 1379 1869 divinam
1407 1844 1463 1869 es-

409 1838 780 1925 wantiam.
825 1885 924 1923 Dicit
962 1861 1067 1922 enini
1103 1884 1271 1922 Isidorus
1299 1885 1319 1906 ’¹‘
1356 1885 1463 1933 quod

399 1943 560 1979 Trinitas
595 1942 665 1978 sibi
698 1940 769 1977 soli
796 1945 882 1977 nota
919 1945 990 1985 est,
1020 1944 1053 1975 et
1087 1940 1232 1976 homini
1266 1944 1463 1987 assumpto.

394 1995 508 2043 Igitur
527 1995 648 2031 homo
677 2000 898 2042 assumptus
927 1991 1189 2029 communicat
1207 2003 1299 2028 cum
1335 1998 1464 2028 sancta

395 2047 580 2085 Trinitate
600 2047 639 2083 in
659 2046 720 2083 illa
739 2046 871 2083 notitia
892 2045 951 2082 sui
971 2057 1070 2094 quae
1092 2053 1147 2082 est
1166 2052 1318 2081 sanctae
1338 2043 1464 2081 Trini-

394 2101 478 2138 tatis
506 2100 672 2150 propria.
703 2098 940 2136 Huiusmodi
960 2105 1090 2135 autem
1119 2105 1174 2134 est
1198 2097 1331 2134 notitia
1358 2109 1464 2134 com-

395 2153 673 2204 prehensionis
714 2154 815 2201 Ergo
845 2151 974 2189 anima
1004 2151 1143 2188 Christi
1172 2149 1466 2199 comprehendit

396 2207 570 2244 divinam
598 2205 814 2243 essentiam.

451 2273 484 2297 2.
515 2261 747 2302 ΡΒΑΕΤΕΗΕΑ,
771 2257 891 2306 magis
921 2265 976 2294 est
1004 2257 1105 2294 uniri
1133 2258 1218 2294 Deo
1248 2257 1466 2294 secundum

396 2326 477 2351 esse
506 2314 708 2362 personale
737 2324 858 2361 quam
886 2311 1103 2348 secundum
1131 2309 1335 2347 visionem.
1375 2310 1464 2353 Sed,

396 2367 493 2403 sicut
517 2367 781 2403 Damascenus
810 2364 910 2408 dicit,
932 2364 972 2400 in
992 2365 1037 2401 III
1065 2363 1162 2400 libro
1181 2363 1212 2406 ²¹⁶,
1232 2369 1307 2401 tota
1335 2363 1465 2400 divini-

395 2427 461 2466 tas,
483 2421 519 2456 in
549 2432 624 2456 una
647 2430 911 2468 personarum,
939 2423 990 2454 est
1018 2419 1120 2454 unita
1147 2418 1336 2453 humanae
1364 2422 1466 2453 natu-

398 2486 464 2511 rae
491 2475 528 2510 in
562 2474 716 2509 Christo.
754 2472 879 2508 Multo
917 2470 1029 2518 igitur
1056 2469 1179 2518 magis
1215 2477 1294 2506 tota
1331 2477 1467 2506 natura

397 2525 529 2564 divina
556 2526 708 2562 videtur
736 2525 784 2562 ab
814 2523 944 2561 anima
973 2522 1124 2560 Christi.
1162 2523 1210 2559 Et
1237 2521 1288 2559 ita
1315 2522 1467 2560 videtur

398 2580 505 2629 quod
534 2579 664 2616 anima
700 2577 839 2615 Christi
868 2576 1173 2625 comprehendat
1209 2575 1382 2612 divinam
1410 2588 1466 2612 es-

399 2632 573 2670 sentiam.

455 2686 488 2722 3.
520 2687 751 2731 PRAETEREA,
773 2683 864 2720 illua'
881 2682 980 2732 quod
997 2683 1167 2720 convenit
1194 2682 1290 2719 Filio
1311 2682 1386 2718 Dei
1396 2694 1469 2731 per

400 2745 587 2785 naturam,
608 2738 778 2776 convenit
805 2736 901 2773 Filio
929 2737 1107 2772 Hominis
1129 2747 1202 2784 per
1227 2736 1405 2785 gratiam,
1426 2742 1468 2771 ut

401 2791 638 2840 Augustinus
657 2790 756 2837 dicit,
774 2789 813 2826 in
833 2789 928 2826 libro
950 2789 995 2825 de
1014 2791 1049 2826 T
1047 2789 1193 2825 rinitate
1205 2787 1236 2824 ³¹⁶.
1266 2788 1342 2825 Sed
1362 2799 1467 2824 com-

401 2845 639 2895 prehendere
660 2843 833 2881 divinam
853 2841 1057 2879 essentiam
1077 2841 1260 2890 competit
1280 2840 1376 2877 Filio
1396 2840 1469 2877 Dei

402 2911 471 2948 per
499 2906 687 2935 naturam.
719 2898 820 2944 Ergo
850 2895 946 2932 Filio
975 2894 1156 2931 Hominis
1190 2893 1372 2943 competit
1400 2905 1470 2942 per

402 2951 571 3000 gratiam.
602 2952 650 2988 Et
678 2950 727 2987 ita
755 2949 908 2986 videtur
935 2948 1042 2997 quod
1075 2948 1205 2984 anima
1234 2946 1373 2984 Christi
1401 2958 1470 2996 per

403 3004 559 3053 gratiam
581 3003 755 3041 Verbum
784 3002 1099 3051 comprehendat.

459 3058 532 3095 SED
561 3069 705 3094 CONTRA
725 3068 789 3093 EsT
809 3055 916 3104 quod
938 3053 1175 3103 Augustinus
1195 3052 1293 3100 dicit,
1315 3052 1353 3089 in
1374 3052 1469 3090 libro

409 3111 715 3160 Octogintatrium
741 3111 887 3151 Quaest.
908 3108 948 3144 *z
985 3108 1095 3150 Quod
1117 3120 1156 3144 se
1183 3106 1469 3156 comprehendit,

394 3165 548 3212 finitum
569 3171 618 3199 est
636 3164 713 3199 sibi.
745 3162 821 3198 Sed
850 3160 1011 3197 essentia
1037 3160 1167 3197 divina
1187 3172 1267 3197 non
1291 3167 1346 3196 est
1364 3158 1471 3196 finita

406 3217 445 3252 in
474 3214 760 3264 comparatione
781 3214 829 3250 ad
859 3213 1029 3250 animam
1051 3213 1209 3250 Christi:
1240 3225 1332 3250 cum
1360 3212 1399 3249 in
1418 3212 1471 3249 in-

407 3268 560 3305 finitum
590 3279 675 3304 eam
714 3266 881 3303 excedat.
926 3267 1027 3313 Ergo
1058 3265 1187 3303 anima
1224 3265 1362 3303 Christi
1391 3277 1471 3302 non

408 3319 699 3370 comprehendit
728 3318 912 3356 Verbum.

462 3376 686 3411 RESPONDEO
706 3383 887 3409 DICENDUM
916 3371 1033 3419 quod,
1056 3371 1150 3408 sicut
1170 3384 1215 3408 ex
1244 3384 1360 3420 supra
1379 3372 1399 3394 ’¹‘
1417 3371 1472 3408 di-

410 3427 477 3463 ctis
505 3434 623 3475 patet,
652 3425 704 3462 sic
732 3425 827 3461 facta
856 3431 910 3460 est
939 3422 1032 3459 unio
1067 3431 1292 3460 naturarum
1322 3424 1359 3461 in
1388 3437 1472 3473 per-

466 3565 492 3596 α)
512 3565 601 3589 videre
621 3565 653 3589 de
670 3565 739 3590 aliis.
758 3578 776 3583 —
795 3564 935 3589 dicendum
955 3564 988 3588 de
1006 3563 1068 3588 aliis
1088 3563 1172 3588 tribus
1192 3564 1271 3589 tertia.

466 3600 491 3634 β)
507 3600 650 3632 pertinent.
669 3615 687 3618 -
701 3600 813 3631 proprie
827 3599 964 3631 pertinent
984 3598 1064 3623 tertia.

1518 1739 1614 1764 sona
1653 1727 1792 1765 Christi
1831 1728 1938 1777 quod
1971 1736 2100 1766 tamen
2135 1729 2348 1779 proprietas
2385 1730 2585 1781 utriusque

1518 1788 1677 1818 naturae
1710 1781 1910 1818 inconfusa
1946 1782 2176 1830 permansit:
2216 1782 2267 1820 ita
2303 1782 2442 1821 scilicet
2477 1784 2585 1834 quod

1518 1835 1724 1871 increatum
1762 1836 1898 1871 mansit
1934 1836 2160 1882 increatum,
2189 1841 2222 1872 et
2249 1842 2413 1873 creatum
2450 1838 2586 1875 mansit

1519 1887 1621 1934 infra
1649 1887 1780 1924 limites
1811 1893 2024 1934 creaturae,
2053 1886 2150 1925 sicut
2182 1888 2447 1926 Damascenus
2474 1889 2584 1937 dicit,

1518 1938 1558 1976 in
1587 1940 1632 1976 III
1661 1939 1758 1977 libro
1778 1939 1809 1976 *.
1839 1941 1907 1977 Est
1925 1948 2055 1977 autem
2075 1940 2310 1990 impossibile
2330 1942 2438 1991 quod
2456 1942 2586 1992 aliqua

1519 2000 1692 2030 creatura
1712 1994 2017 2042 comprehendat
2036 1993 2209 2031 divinam
2229 1994 2432 2032 essentiam
2442 1995 2473 2042 ⁸⁸⁸,
2489 1994 2587 2033 sicut

1520 2045 1559 2082 in
1587 2045 1717 2083 Prima
1736 2047 1846 2083 Parte
1866 2046 1886 2068 *
1913 2046 2060 2083 dictum
2089 2055 2163 2084 est:
2194 2059 2240 2084 eo
2263 2048 2371 2097 quod
2390 2047 2586 2086 infinitum

1519 2110 1599 2135 non
1619 2098 1961 2147 comprehenditur
1979 2112 2001 2136 a
2028 2099 2150 2145 finito.
2185 2099 2233 2137 Et
2261 2100 2348 2138 ideo
2376 2100 2583 2138 dicendum

1520 2151 1628 2200 quod
1662 2151 1791 2188 anima
1827 2151 1966 2189 Christi
2001 2154 2107 2189 nullo
2136 2153 2256 2190 modo
2293 2152 2587 2203 comprehendit

1520 2204 1693 2242 divinam
1722 2205 1937 2242 essentiam.
2080 2250 2082 2252 r
2547 2250 2549 2253 .

1573 2259 1630 2295 AD
1658 2270 1794 2296 PRIMUM
1821 2270 1918 2296 ERGO
1947 2270 2128 2296 DICENDUM
2157 2259 2265 2308 quod
2291 2259 2412 2296 homo
2439 2271 2587 2297 assum-

1519 2318 1608 2360 ptus
1636 2319 1940 2348 connumeratur
1958 2309 1971 2333 ὃ
1999 2311 2153 2348 divinae
2173 2311 2348 2349 Trinitati
2376 2312 2415 2349 in
2443 2312 2504 2350 sui
2522 2324 2586 2350 co-

1519 2363 1700 2412 gnitione,
1717 2376 1797 2401 non
1812 2363 1958 2401 ratione
1973 2364 2342 2414 comprehensionis,
2358 2365 2426 2402 sed
2440 2364 2587 2403 ratione

1520 2416 1724 2454 cuiusdam
1753 2417 2088 2455 excellentissimae
2117 2416 2343 2466 cognitionis
2370 2429 2461 2467 prae
2489 2425 2587 2455 eete-

1521 2483 1571 2507 ris
1599 2478 1792 2507 creatums.

1574 2524 1631 2560 AD
1651 2535 1840 2561 SECUNDUM
1866 2535 2047 2560 DtCENDUM
2067 2523 2173 2572 quod
2193 2535 2265 2560 nec
2284 2522 2399 2560 etiam
2418 2523 2458 2560 in
2476 2522 2588 2561 unio-

1521 2588 1570 2613 ne
1590 2588 1690 2625 quae
1711 2584 1766 2613 est
1785 2576 2001 2613 secundum
2021 2588 2103 2612 esse
2124 2577 2337 2625 personale,
2358 2583 2495 2614 natura
2515 2577 2587 2614 hu-

1521 2641 1638 2666 mana
1666 2628 1960 2678 comprehendit
1987 2628 2162 2666 Verbum
2190 2628 2273 2676 Dei,
2301 2628 2381 2666 sive
2410 2636 2588 2668 naturam

1522 2681 1715 2719 divinam:
1746 2694 1846 2731 quae
1874 2681 2053 2731 quamvis
2080 2689 2159 2719 tota
2186 2681 2294 2719 unita
2312 2681 2423 2719 fuerit
2450 2683 2588 2720 huma-

1522 2747 1595 2772 nae
1615 2742 1773 2772 naturae
1801 2734 1840 2771 in
1860 2747 1939 2771 una
1957 2747 2123 2783 persona
2147 2734 2242 2782 Filii,
2263 2747 2343 2772 non
2371 2743 2501 2772 tamen
2518 2734 2589 2773 fuit

1522 2795 1600 2825 tota
1627 2787 1748 2824 virtus
1786 2787 1991 2824 divinitatis
2020 2788 2068 2825 ab
2106 2789 2279 2825 humana
2307 2796 2443 2825 natura
2478 2785 2588 2838 quasi

1522 2840 1819 2889 circumscripta.
1850 2841 1961 2878 Unde
1981 2840 2218 2889 Augustinus
2237 2841 2336 2888 dicit,
2357 2840 2397 2878 in
2419 2840 2588 2890 Epistola

1523 2894 1573 2931 ad
1606 2894 1846 2931 Volusianum
1865 2893 1904 2930 *ε
1935 2895 2038 2931 Scire
2056 2900 2090 2930 te
2107 2895 2192 2932 volo
2219 2907 2293 2932 non
2321 2896 2392 2932 hoc
2413 2894 2587 2932 Christia-

1524 2959 1612 2984 nam
1640 2948 1778 2984 habere
1805 2947 2025 2993 doctrinam,
2047 2948 2145 2996 quod
2171 2949 2221 2984 ita
2247 2948 2349 2984 Deus
2377 2947 2519 2995 infusus
2543 2948 2588 2984 sit

1523 3001 1633 3037 carni
1658 3006 1695 3037 ut
1723 3012 1854 3036 curam
1881 3000 2151 3050 gubernandae
2178 3001 2420 3039 universitatis
2445 2999 2504 3037 vel
2529 2999 2587 3036 de-

1522 3054 1678 3090 seruerit
1696 3053 1754 3090 vel
1771 3054 1944 3099 amiserit,
1961 3054 2018 3091 vel
2031 3054 2082 3090 ad
2099 3053 2190 3090 illud
2206 3052 2464 3103 corpusculum
2484 3053 2590 3102 quasi

1524 3112 1751 3143 contractam
1781 3106 2044 3156 collectamque
2069 3106 2302 3143 transtulerit.
2344 3105 2392 3142 Et
2419 3103 2589 3142 similiter

1525 3158 1655 3196 anima
1675 3158 1814 3196 Christi
1833 3166 1954 3196 totam
1979 3158 2183 3196 essentiam
2202 3157 2274 3196 Dei
2296 3156 2414 3195 videt:
2435 3169 2515 3194 non
2534 3165 2587 3195 ta-

1524 3224 1617 3249 men
1646 3224 1733 3249 eam
1761 3211 2064 3261 comprehendit,
2085 3211 2177 3261 quia
2203 3222 2284 3248 non
2311 3209 2473 3247 totaliter
2500 3222 2584 3247 earn

1525 3264 1640 3312 videt,
1661 3265 1768 3307 idest.
1798 3277 1877 3302 non
1898 3265 1947 3302 ita
1975 3264 2138 3314 perfecte
2162 3263 2258 3301 sicut
2283 3261 2440 3300 visibilis
2460 3270 2525 3310 est,
2547 3271 2588 3300 ut

1526 3318 1565 3355 in
1594 3317 1723 3355 Prima
1752 3319 1861 3355 Parte
1881 3317 1901 3340 ’¹‘
1928 3317 2146 3367 expositum
2174 3323 2239 3353 est.

1580 3372 1637 3408 AD
1669 3383 1827 3408 TERTmM
1855 3382 2035 3407 meramnum
2063 3369 2170 3418 quod
2197 3368 2361 3405 verbum
2390 3367 2481 3405 illud
2510 3369 2588 3406 Au-

1526 3424 1664 3473 gustini
1685 3431 1739 3461 est
1759 3422 2044 3471 intelligendum
2064 3422 2112 3459 de
2131 3420 2247 3470 gratia
2268 3420 2433 3468 unionis,
2454 3434 2588 3459 secun-

1581 3563 1608 3597 γ)
1627 3564 1858 3596 comprehenderit
1876 3566 1902 3588 et
1919 3561 2133 3595 comprehendat.
2146 3576 2166 3580 —
2183 3562 2383 3593 comprehendit
2403 3563 2430 3588 F.

1581 3598 1606 3633 δ)
1626 3602 1844 3624 connumeratur.
1862 3613 1882 3618 -
1899 3598 2085 3632 conformatur
2104 3597 2159 3627 PF;
2178 3601 2388 3623 connumeratur
2407 3605 2496 3631 margo
2517 3598 2543 3624 Ρ.

2613 1956 2623 1966 ·
2636 1955 2673 1977 oe
2683 1954 2744 1978 Fue
2753 1954 2776 1977 ο
2827 1939 2830 1947 ²

2612 1981 2653 2004 m».
2667 1981 2700 2004 111
2722 1986 2773 2010 cap.
2818 1984 2822 1990 ’

2613 2010 2622 2020 ·
2636 2009 2664 2030 D.
2678 1998 2731 2038 36⁶.

2613 2057 2622 2067 ·
2639 2056 2736 2084 Qu.xn,
2750 2059 2831 2084 amq

2616 2901 2774 2926 ·1=.:cxxx
2801 2896 2818 2928 ²-.
2870 2890 2872 2925 J

2615 2929 2644 2951 nl.
2670 2928 2828 2957 ηοω-ιι
2871 2935 2872 2944 ³

2617 3321 2626 3330 ⁸
2642 3320 2688 3347 Qu.
2700 3321 2787 3347 :mm
2807 3306 2822 3354 1
