2872 3970
414 226 487 250 XXX

539 296 650 335 Cum
684 299 826 334 autem
860 307 1000 348 neque
1034 293 1178 348 aliqua
1216 293 1402 334 Catenae
1434 295 1535 334 satis
1569 300 1765 335 accurata
1798 294 1929 336 editio
1963 296 2185 350 hucusque
2209 296 2430 350 prodierit,
2456 310 2596 351 neque

415 372 475 405 ea,
511 370 621 410 quae
656 356 697 396 in
732 355 824 410 ipsa
857 355 1078 403 habentur,
1114 369 1210 395 cum
1251 355 1438 396 textibus
1479 356 1745 411 primigeniis
1778 356 1832 397 ad
1865 357 2046 398 verbum
2085 358 2359 406 concordent,
2394 359 2596 399 lectorem

413 418 644 460 sententias
670 418 710 458 in
734 418 915 458 Summa
950 416 1155 457 indicatas
1179 430 1275 457 cum
1299 417 1580 472 originalibus
1614 417 1805 458 conferre
1827 418 2046 459 volentem
2068 419 2123 460 ad
2151 419 2357 460 Calenam
2385 419 2596 461 remittere

413 480 628 520 noluimus
671 479 743 519 ubi
785 491 916 533 opera
958 479 1050 532 ipsa
1093 478 1318 533 designare
1362 478 1570 532 possibile
1614 485 1714 519 erat.
1761 478 2036 534 Quandoque
2078 486 2221 521 tamen
2263 481 2390 522 aliam
2432 486 2598 535 praeter

418 541 624 582 Catenam
665 541 959 581 auctoritatem
1000 539 1188 594 proferre
1230 553 1316 580 non
1348 539 1581 594 potuimus.
1627 539 1739 580 Vide
1775 546 1899 582 notas
1933 541 2038 582 infra
2069 542 2231 596 positas
2264 542 2319 583 ad
2353 555 2423 596 qu.
2451 555 2594 591 xxxw,

413 610 486 644 art.
513 615 551 656 7,
586 602 640 643 ad
672 615 705 650 1;
740 615 810 656 qu.
835 614 905 649 XL,
939 608 1013 642 art.
1046 615 1079 650 1;
1115 614 1185 654 qu.
1210 613 1326 649 xmu,
1362 607 1436 641 art.
1464 614 1508 650 23
1544 614 1614 655 qu.
1639 613 1694 650 LI,
1729 607 1803 642 art.
1830 614 1868 651 2,
1903 602 1958 643 ad
1993 615 2031 652 2,
2060 615 2100 655 4.

540 726 742 767 Glossam
776 725 816 765 in
850 724 1048 766 Psalmos
1082 731 1123 765 et
1155 724 1197 765 in
1221 724 1438 778 Epistolas
1473 724 1516 765 S.
1540 724 1661 765 Pauli
1695 723 1781 766 fere
1814 737 1984 779 semper
2017 725 2194 781 intelligi
2216 725 2308 767 vult
2340 726 2385 768 S.
2404 725 2597 767 Thomas

414 802 508 829 eam
542 801 654 842 quae
688 787 728 827 in
762 786 998 827 Lombardi
1038 786 1350 827 Commentario
1382 786 1426 825 in
1459 786 1659 826 Psalmos
1685 792 1727 826 et
1753 786 2028 827 Collectaneis
2058 787 2102 827 in
2133 787 2191 828 D.
2214 787 2350 828 Pauli
2377 787 2597 842 Epistolas

412 850 618 890 habetur:
665 848 941 889 Lombardus
980 860 1086 888 vero
1127 848 1296 903 glossas
1332 847 1581 888 Ordinarias
1616 853 1657 888 et
1689 848 1984 888 Interlineares
2023 848 2111 889 suis
2150 849 2333 904 propriis
2374 849 2595 897 immiscet,

410 911 556 952 verbis
590 917 731 951 tamen
766 917 812 950 ut
844 910 1072 964 plurimum
1106 909 1415 963 aliquantulum
1448 909 1691 950 immutatis.

537 1016 751 1074 Tbomam
798 1046 850 1073 ex
893 1033 1146 1074 Lombardo
1193 1033 1365 1089 glossas
1412 1033 1620 1088 praefatas
1669 1033 1803 1088 vulgo
1854 1032 2146 1088 desumpsisse
2194 1034 2235 1074 in
2279 1039 2370 1074 tota
2414 1033 2597 1076 Summa

421 1097 462 1136 T
454 1095 682 1149 neologiae,
709 1095 786 1136 etsi
809 1094 980 1135 aliunde
1015 1094 1280 1150 quandoque
1312 1095 1534 1150 acceperit,
1558 1094 1666 1135 sacili
1690 1095 1867 1150 negotio
1901 1095 2131 1152 probatun
2152 1095 2363 1150 Exempla
2385 1095 2598 1150 quaedam

414 1159 454 1198 in
488 1157 567 1199 hac
600 1157 745 1198 Tertia
777 1158 902 1198 Parte
935 1157 1206 1211 praebemus.

539 1278 621 1331 Qu.
659 1290 728 1327 vn,
763 1285 838 1319 art.
876 1291 914 1327 2,
949 1292 1038 1334 arg.
1074 1279 1166 1319 Sed
1191 1282 1352 1319 contra.

664 1341 848 1381 Glossa:
882 1340 968 1381 Hic
992 1340 1151 1394 plenus
1183 1341 1302 1381 omni
1330 1341 1436 1382 bono
1468 1341 1512 1381 in
1545 1354 1601 1382 se.

662 1403 818 1442 Lomb.
841 1416 848 1442 ;
882 1403 968 1442 Hic
999 1402 1239 1443 ostenditur
1274 1402 1471 1443 Christus
1495 1402 1653 1457 plenus
1683 1403 1803 1443 omni
1831 1402 1936 1442 bono
1968 1402 2012 1442 in
2044 1415 2100 1444 se.

662 1464 706 1505 S.
741 1464 896 1504 Thom.
918 1477 926 1503 :
961 1462 1067 1504 dicit
1103 1463 1256 1504 Glossa
1273 1479 1288 1504 .·
1318 1464 1406 1504 Hic
1436 1463 1675 1505 ostenditur
1709 1463 1906 1504 Christus
1929 1463 2088 1517 plenus
2119 1464 2239 1505 omni
2266 1464 2383 1505 bono.

539 1587 621 1639 Qu.
657 1597 759 1635 xxv,
795 1592 870 1627 art.
907 1599 945 1634 2,
980 1600 1068 1641 arg.
1111 1600 1144 1627 1.

664 1648 847 1688 Glossa:
883 1649 1006 1688 Haec
1039 1648 1178 1702 (terra)
1211 1648 1304 1688 sine
1335 1648 1551 1702 impietate
1573 1661 1601 1688 a
1629 1646 1768 1688 Verbo
1788 1647 1878 1687 Dei
1905 1649 2128 1702 assumpta
2161 1647 2405 1696 adoratur:
2436 1651 2480 1689 et
2496 1650 2598 1702 quia

723 1723 845 1750 nemo
878 1723 1053 1750 carnem
1087 1711 1178 1750 eius
1209 1709 1338 1763 digne
1369 1709 1608 1750 manducat
1634 1709 1723 1749 nisi
1741 1709 1872 1763 prius
1903 1708 2063 1749 adoret.

664 1772 819 1812 Lomb.
841 1786 848 1812 :
883 1773 934 1811 ln
973 1772 1142 1812 Christo
1174 1774 1292 1812 terra
1325 1774 1396 1818 est,
1432 1771 1482 1812 id
1509 1773 1575 1811 est
1602 1783 1757 1811 cara...
1791 1771 1899 1811 naec
1929 1771 2021 1810 sine
2052 1770 2268 1824 impietate
2299 1785 2327 1812 a
2354 1771 2493 1812 Verbo
2513 1773 2603 1814 Dei

725 1836 949 1888 assumpta
982 1833 1197 1874 adoratur
1216 1847 1243 1874 a
1265 1833 1394 1880 nobis,
1430 1833 1533 1886 quia
1565 1845 1687 1873 nemo
1718 1831 2005 1887 spiritualiter
2033 1845 2207 1873 carnem
2240 1833 2331 1873 eius
2362 1833 2602 1875 manducat

725 1896 812 1936 nisi
842 1896 972 1949 prius
1020 1895 1174 1936 adoret
1182 1911 1199 1943 ,·
1245 1908 1328 1935 non
1375 1893 1452 1935 illa
1499 1894 1591 1935 dico
1637 1893 1888 1947 adoratione
1933 1907 2045 1947 quae
2089 1894 2222 1935 latria
2264 1897 2334 1943 est,
2370 1908 2482 1949 quae
2517 1895 2602 1937 soli

731 1957 928 1998 Creatori
955 1957 1141 1998 debetur.

664 2019 708 2060 S.
744 2019 927 2060 Thom.:
961 2019 1066 2059 dicit
1101 2019 1254 2060 Glossa
1271 2034 1286 2059 .·
1322 2019 1434 2059 Caro
1455 2032 1483 2058 a
1511 2018 1650 2059 Verbo
1671 2018 1761 2058 Dei
1778 2019 2001 2072 assumpta
2032 2018 2124 2058 sine
2154 2018 2355 2072 inpietate
2386 2018 2602 2061 adoratur

727 2095 755 2121 a
777 2081 897 2122 nobis
911 2097 928 2128 ,·
960 2081 1063 2134 quia
1094 2094 1217 2121 nemo
1248 2079 1535 2136 spiritualiter
1564 2092 1738 2120 carnem
1770 2080 1861 2120 eius
1893 2079 2131 2120 manducat
2154 2080 2246 2120 ‘nisi
2263 2080 2394 2134 prius
2425 2080 2598 2129 adoret,-

725 2156 808 2183 non
843 2142 919 2183 illa
952 2142 1045 2183 dico
1078 2142 1329 2183 adoratione
1360 2155 1472 2196 quae
1504 2141 1639 2182 latria
1669 2144 1740 2189 est,
1777 2150 1888 2195 quae
1918 2141 2002 2182 soli
2035 2141 2233 2182 Creatori
2260 2141 2445 2184 debetur.

540 2265 659 2314 Ibid.,
695 2266 736 2306 in
771 2265 854 2306 fine
889 2279 1003 2319 corp.
1039 2271 1112 2306 art.

667 2328 851 2368 Glossa:
885 2328 1071 2368 Domine
1095 2330 1182 2381 per
1202 2327 1442 2381 potentiam
1455 2341 1470 2366 .·
1501 2326 1625 2366 Deus
1656 2339 1775 2367 meus
1797 2328 1885 2380 per
1914 2326 2181 2368 creationem.

665 2390 821 2430 Lomb.
843 2403 850 2430 :
884 2389 1070 2430 Domine
1102 2388 1292 2429 omnium
1315 2390 1402 2442 per
1422 2388 1663 2457 potentiam
1677 2403 1692 2428 .·
1724 2388 1797 2429 cui
1824 2387 2002 2429 debetur
2029 2386 2161 2429 dulia.
2199 2387 2291 2440 Qui
2318 2391 2385 2429 est
2407 2389 2597 2431 omnium

718 2454 806 2505 per
836 2451 1140 2492 recreationem
1171 2451 1324 2490 Deus.-
1356 2450 1429 2490 cui
1457 2449 1634 2490 debetur
1664 2450 1808 2491 latria.

666 2512 709 2553 S.
745 2513 930 2553 Thom.:
965 2512 1070 2553 dicit
1105 2511 1289 2553 Glossa:
1320 2511 1506 2552 Domine
1537 2511 1725 2552 omnium
1751 2514 1837 2566 per
1859 2511 2129 2566 potentiam:
2161 2511 2234 2551 cui
2260 2510 2439 2553 debetur
2463 2511 2596 2555 dulia.

727 2575 849 2614 Deus
881 2575 1071 2614 omnium
1094 2576 1181 2628 per
1210 2574 1497 2614 creationem:
1530 2573 1603 2613 cui
1630 2572 1808 2614 debetur
1838 2573 1982 2614 latri'a.

542 2697 624 2749 Qu.
660 2708 778 2744 xxv1,
814 2703 888 2738 art.
931 2710 963 2745 1,
999 2697 1053 2737 ad
1087 2698 1126 2738 3.
1163 2696 1275 2737 Vide
1308 2703 1455 2737 notam
1490 2696 1595 2736 infra
1627 2697 1811 2750 positam
1846 2696 1899 2737 ad
1934 2696 2060 2737 istum
2094 2696 2327 2737 articulum.

542 2820 624 2871 Qu.
661 2832 776 2867 XLIV,
812 2826 885 2860 art.
924 2831 962 2867 2,
996 2819 1051 2859 ad
1092 2833 1124 2859 1.

667 2883 878 2936 Augusta
912 2882 1044 2928 Deus
1075 2881 1254 2922 Creator
1273 2884 1317 2921 et
1340 2879 1542 2922 Conditor
1571 2881 1760 2921 omnium
1791 2883 2064 2927 naturarum,
2089 2879 2206 2921 nihil
2219 2884 2369 2922 contra
2389 2884 2595 2922 naturam

717 2943 865 2997 facit·
897 2943 947 2983 id
973 2944 1086 2983 enim
1117 2944 1202 2984 erit
1230 2943 1379 2996 cuique
1413 2942 1479 2982 rei
1505 2942 1709 2983 naturale
1739 2942 1857 2995 quod
1871 2941 2039 2996 fecerit.

669 3005 852 3045 Glossa:
887 3006 1009 3045 Deus
1030 3009 1173 3046 tamen
1195 3005 1310 3045 nihil
1326 3007 1476 3045 contra
1497 3007 1703 3045 naturam
1723 3003 1851 3058 facit,
1876 3004 1978 3057 quia
2000 3003 2051 3044 id
2067 3007 2133 3045 est
2149 3006 2312 3045 natura
2332 3002 2450 3056 quod
2463 3002 2592 3057 facit

667 3067 849 3106 Lomb.:
883 3067 1014 3113 Deus,
1057 3067 1236 3107 Creator
1254 3069 1297 3107 et
1319 3065 1522 3106 Conditor
1551 3067 1740 3106 omnium
1771 3068 2044 3114 naturarum,
2068 3065 2184 3106 nihil
2209 3066 2358 3106 contra
2388 3067 2594 3107 naturam

716 3127 837 3181 facit
847 3143 864 3174 ,·
896 3128 998 3180 quia
1031 3128 1080 3167 id
1107 3131 1172 3168 est
1201 3129 1351 3181 cuique
1383 3128 1449 3168 rei
1475 3130 1661 3168 naturae
1691 3127 1764 3168 vel
1789 3127 1992 3168 naturale
2022 3125 2140 3180 quod
2153 3125 2284 3181 facae't‘.

669 3189 712 3229 S.
748 3189 902 3229 Thom.
924 3203 931 3229 :
966 3189 1241 3242 Augustinus
1261 3189 1399 3230 dicit...
1423 3192 1466 3229 et
1483 3189 1669 3230 nabetur
1687 3189 1731 3229 in
1762 3188 1915 3230 Glossa
1931 3203 1946 3229 .·
1971 3189 2102 3235 Deus,
2132 3187 2312 3228 Creator
2330 3189 2374 3228 et
2395 3187 2598 3228 Conditor

730 3251 918 3290 omnium
961 3253 1232 3298 naturarum,
1268 3251 1383 3292 nihil
1418 3254 1567 3291 contra
1608 3254 1814 3292 naturam
1844 3250 1968 3305 facit
1977 3265 1994 3296 ,·
2033 3249 2136 3302 quia
2173 3248 2225 3289 id
2250 3251 2317 3289 est
2349 3249 2500 3302 cuique
2532 3250 2598 3290 rei

730 3314 891 3352 natura
923 3311 1041 3364 quod
1057 3311 1182 3365 facit.

546 3433 630 3474 Ubi
655 3433 698 3474 S.
719 3433 911 3473 Thomas
935 3431 1140 3486 promittit
1163 3445 1208 3472 se
1232 3433 1529 3485 quaestionem
1552 3439 1837 3481 tractaturum,
1861 3443 1991 3485 quam
2012 3437 2155 3471 tamen
2178 3437 2313 3471 morte
2335 3437 2592 3485 praeventus

421 3495 624 3549 prosequi
659 3495 861 3548 nequivit,
897 3494 1251 3548 Supplementum
1287 3494 1458 3534 Tertiae
1492 3494 1640 3541 Partis,
1673 3494 1743 3534 ubi
1775 3492 1949 3535 materia
1981 3492 2050 3533 illa
2083 3492 2275 3532 discussa
2307 3492 2440 3541 fuerit,
2465 3492 2593 3533 citare

423 3570 676 3597 curavimus

2868 3678 2872 3695 ...
2862 3100 2872 3661 .Q..l2«‚m.uu..-m...ffl2.-.-n—-u...nm..ha
2870 3068 2872 3079 ..
2866 3028 2872 3053 s...
