2872 3970
352 217 398 242 XL

353 290 517 325 tantum
551 283 597 323 fit
629 282 683 322 ab
718 280 980 322 adversario.
1025 279 1205 320 Interior
1237 290 1342 319 vero
1386 277 1564 319 tentatio
1599 282 1666 318 est
1697 275 1874 331 quando
1913 276 2183 318 invisibiliter
2220 276 2380 318 malum
2414 276 2542 318 nobis

354 345 606 387 intrinsecus
639 343 913 399 suggeritur;
949 347 991 382 et
1023 341 1128 382 haec
1162 339 1339 381 tentatio
1373 337 1607 393 aliquando
1641 337 1689 378 fit
1720 337 1775 378 ab
1809 338 1946 386 hoste,
1981 338 2215 392 aliquando
2240 351 2416 382 acarne
2443 354 2479 380 ιι.

478 469 561 521 Ωιι.
586 478 688 515 XLv,
713 472 787 507 art.
814 479 852 514 2,
874 479 966 520 arg.
999 478 1045 505 1:
1076 481 1094 502 ‹
1122 463 1239 504 Dicit
1261 463 1376 505 enim
1399 461 1615 516 quaedam
1646 461 1798 516 glossa
1819 461 1966 503 Bedae
1994 475 2125 516 super
2143 461 2250 503 illud
2272 462 2420 503 Matth.
2437 474 2542 511 xva,

363 532 403 571 T
397 531 718 584 ransfiguratns
751 531 816 568 est
845 537 991 567 coram
1024 526 1115 566 eis.-
1155 526 1206 565 In
1240 527 1412 579 corpore
1444 523 1593 578 inquit,
1627 523 1806 563 mortali
1834 523 2019 564 ostendit
2046 537 2130 564 non
2163 523 2540 572 immortalitatem,

351 593 432 634 sed
475 592 716 633 claritatem
763 588 948 630 similem
983 587 1171 642 futurae
1219 585 1540 628 immortalitati
1573 601 1608 625 ιι.
1658 583 1798 634 Idem,
1841 585 1899 627 111
1937 585 2076 634 Sent,
2123 585 2219 627 dist.
2256 596 2351 634 Xv1,
2390 598 2461 640 qu.
2500 599 2542 634 11,

354 661 428 697 art
466 665 705 756 2ΗειὲΙὲξι5ἱ5Ῑ
715 726 904 767 quoque,
940 712 1059 752 Sum.
1103 710 1243 751 Theol.
1278 723 1317 764 p.
1352 709 1421 758 III,
1457 723 1528 763 qu.
1554 721 1641 757 XXI,
1677 708 1835 749 memb.
1867 721 1900 755 1,
1936 674 2196 758 obiiciendo,
2226 714 2268 750 et
2301 709 2458 751 memb.
2484 721 2542 758 ιν,

359 795 378 815 ‹
406 779 600 847 glossam
644 775 791 818 Bedae
818 791 855 823 ι,
890 775 932 814 in
966 772 1115 814 Matth.
1150 783 1253 819 Xvn,
1289 771 1400 812 citat.
1432 770 1569 825 Apud
1612 769 1779 812 Bedam
1816 783 1908 811 non
1940 770 2186 820 inveniam
2226 783 2304 812 nec
2336 771 2418 813 sub
2453 771 2545 812 eius

355 840 530 880 nomine
564 839 606 879 in
641 838 800 878 Glossa
833 836 1025 877 habetur.

479 900 755 941 Innocentius
778 899 847 946 III,
871 898 1010 939 Serm.
1033 896 1138 938 XIV
1160 894 1213 936 de
1242 895 1283 936 Τ
1275 897 1395 949 emp„
1417 907 1432 935 1
1470 910 1488 932 ‹
1517 894 1640 936 Sicut
1666 911 1702 942 ιι,
1734 893 1886 948 inquit,
1925 909 1944 932 ι
1972 899 2074 948 post
2095 895 2458 936 resurrectionem
2478 928 2486 936 .
2507 929 2514 936 .
2536 929 2544 936 .

354 963 483 1004 etia-m
531 962 574 1003 in
620 974 801 1015 corpore
847 958 1076 1001 immortali
1123 957 1248 1013 signa
1295 956 1565 998 mortalitatis
1614 956 1831 998 exhibuit.
1851 989 1886 996 ..
1935 956 1998 997 sic
2042 961 2142 997 ante
2190 957 2546 999 resurrectionem

355 1021 683 1066 immortalitatis
729 1023 855 1078 signa
887 1022 929 1062 in
960 1033 1145 1075 corpore
1187 1019 1356 1061 mortali
1401 1018 1657 1060 monstravit
1684 1034 1719 1060 ιι.
1760 1018 1817 1060 Et
1851 1017 1984 1059 infra:
2021 1034 2043 1055 α
2069 1018 2119 1059 In
2159 1019 2327 1059 mortali
2360 1031 2546 1074 corpore

351 1087 552 1128 Christus
581 1084 776 1128 ostendit
808 1084 1054 1131 claritatem,
1089 1081 1266 1136 quando
1299 1081 1685 1136 transfigurabatur
1716 1080 1758 1122 in
1790 1085 1940 1125 monte
1969 1097 2005 1122 ιι.

479 1208 601 1256 Ibid.,
624 1221 715 1262 arg.
743 1219 796 1247 2:
826 1223 843 1244 ‹
873 1205 1014 1260 Super
1048 1204 1151 1246 illud
1173 1205 1279 1248 Luc.
1303 1216 1361 1252 1X,
1385 1204 1488 1244 Non
1515 1202 1762 1257 gustabunt
1789 1205 1979 1250 mortem,
2003 1201 2135 1244 donec
2165 1201 2346 1244 adeant
2363 1215 2548 1258 regnum

355 1272 451 1319 Dei,
488 1271 589 1311 dicit
623 1270 782 1310 Glossa
814 1268 988 1309 Beda-:e
1027 1266 1145 1314 idest,
1176 1266 1534 1320 glorgficattonem
1565 1265 1754 1320 corporis
1785 1265 1830 1305 in
1855 1264 2129 1319 imagnnana
2160 1265 2550 1319 repraesentatione

348 1332 533 1389 futurae
565 1330 841 1373 beatitudinis
866 1348 903 1371 ιι.

481 1395 526 1436 S.
561 1394 767 1441 Thomas,
811 1393 870 1433 111
905 1392 1034 1439 Sent.‚
1082 1391 1178 1433 dist.
1211 1402 1300 1439 Xv1‚
1346 1403 1417 1444 qu.
1451 1402 1492 1438 11,
1532 1394 1607 1430 art.
1649 1401 1683 1436 1,
1718 1402 1807 1444 arg.
1840 1400 1884 1437 2,
1922 1388 2026 1430 citat
2072 1388 2267 1444 glossam
2315 1389 2464 1430 Bedae
2506 1389 2550 1430 in

358 1459 488 1498 Marc.
523 1469 567 1496 lx
600 1455 713 1510 (lege
750 1454 851 1508 vm).

480 1518 658 1559 Haiens.
693 1517 814 1556 Sum.
857 1514 1011 1562 Theol„
1039 1527 1079 1569 p.
1104 1514 1174 1562 ΙΙΙ,
1199 1527 1270 1568 qu.
1294 1525 1383 1561 xxx,
1414 1512 1574 1554 memb.
1599 1524 1654 1553 2:
1693 1527 1712 1550 ‹
1740 1512 1846 1553 Luc.
1879 1524 1935 1559 lx,
1968 1512 2072 1553 Non
2100 1513 2346 1566 gustabunt
2372 1516 2550 1555 mortem

356 1580 488 1622 donec
518 1579 696 1620 videant
724 1591 905 1631 regnum
937 1577 1034 1617 Dei.
1067 1576 1230 1617 Glossa
1262 1574 1435 1616 Bedae:
1477 1573 1838 1628 Glorfficationem
1871 1574 2060 1628 corporis
2087 1574 2134 1615 in
2153 1575 2548 1629 transfiguratione,

357 1643 474 1691 idest,
510 1641 822 1695 imaginariam
854 1638 1288 1694 repraesentationem
1308 1636 1497 1691 futurae
1529 1635 1806 1677 beatitudinis
1832 1652 1868 1676 ι.

432 1700 437 1704 ’
483 1704 691 1752 Habetur,
727 1708 773 1743 ut
804 1701 860 1742 ad
894 1707 1036 1741 textus
1071 1696 1310 1755 marginem
1343 1698 1604 1747 notavimus,
1638 1697 1680 1739 in
1710 1698 1860 1740 Gloss.
1894 1698 2079 1740 Interlin.
2114 1699 2219 1741 Luc.
2252 1710 2310 1740 1X.

482 1825 604 1874 Ibid.,
636 1825 681 1865 in
712 1837 860 1878 corp.:
900 1840 919 1860 ‹
948 1822 1077 1865 Unde
1112 1835 1199 1863 non
1234 1827 1299 1862 est
1332 1820 1575 1869 dicendum,
1603 1820 1714 1861 sicut
1745 1820 1881 1876 Hugo
1912 1819 1970 1861 de
1999 1819 2048 1861 S.
2072 1820 2250 1863 Victore
2282 1820 2396 1870 dicit,
2431 1822 2554 1876 quod

360 1889 554 1931 Christus
581 1887 824 1941 assumpsit
865 1891 1051 1940 quatuor
1091 1884 1216 1926 dotes
1245 1900 1264 1921 ι
1302 1889 1381 1924 etc.
1417 1883 1480 1927 Cf.
1515 1895 1627 1937 quae
1659 1882 1966 1924 adnotavimus
2002 1895 2148 1937 supra,
2182 1896 2262 1938 pro
2295 1897 2366 1938 qu.
2401 1895 2552 1934 xxvm,

359 1958 434 1993 art.
473 1964 511 1999 2,
547 1949 602 1991 ad
635 1951 676 1990 3.

487 2075 570 2127 Ωιι.
594 2084 696 2120 XLV,
721 2077 796 2112 art.
821 2074 860 2120 3,
885 2084 974 2127 arg.
1001 2083 1052 2112 2:
1082 2087 1100 2108 ‹
1129 2070 1245 2111 Dicit
1278 2069 1392 2110 enim
1427 2068 1642 2123 quaedam
1676 2069 1826 2124 glossa
1857 2081 1986 2123 super
2018 2068 2122 2110 illud
2154 2069 2300 2110 Lucae
2322 2082 2380 2118 1X,
2407 2070 2558 2112 Erant

361 2141 505 2180 autem
538 2136 709 2188 Moyses
741 2137 784 2175 et
811 2134 939 2174 Elias
972 2139 1078 2173 etc.:
1114 2131 1344 2173 Sciendum
1378 2134 1449 2179 est,
1486 2131 1642 2185 inquit,
1674 2143 1760 2171 non
1799 2133 1978 2185 oorpora
2011 2131 2086 2172 vel
2112 2131 2286 2172 animas
2314 2131 2461 2184 Moysi
2484 2132 2559 2174 vel

361 2201 489 2242 Eliae
521 2198 583 2239 ibi
611 2199 897 2252 apparuisse:
928 2195 1008 2235 sed
1025 2195 1069 2235 in
1091 2194 1280 2235 subiecta
1313 2196 1515 2235 creatura
1536 2192 1614 2234 illa
1632 2195 1816 2247 corpora
1835 2192 1984 2246 fuisse
2003 2192 2219 2248 formata.
2252 2193 2402 2234 Potest
2423 2194 2554 2236 etiam

361 2262 480 2304 credi
508 2263 559 2301 ut
587 2258 780 2313 angelico
813 2258 1047 2299 ministerio
1078 2258 1158 2298 hoc
1178 2256 1356 2312 factum
1384 2258 1506 2303 esset,
1542 2258 1594 2297 ut
1621 2255 1772 2309 angeli
1797 2267 1946 2297 eornm
1973 2257 2190 2310 personas
2219 2259 2493 2297 assumerent
2511 2272 2552 2298 ιι.
2590 2251 2594 2260 “

487 2323 532 2364 S.
556 2322 763 2372 Thomas,
798 2321 854 2361 III
887 2321 1016 2367 Sent„
1046 2319 1147 2360 dist.
1164 2331 1257 2367 XVI,
1281 2332 1352 2373 qu.
1375 2331 1418 2367 11,
1445 2323 1526 2359 art.
1556 2331 1590 2366 1,
1625 2331 1714 2373 arg.
1738 2319 1787 2360 3:
1826 2334 1846 2355 ‹
1874 2317 2018 2372 Super
2045 2317 2152 2359 illud
2184 2318 2290 2358 Luc.
2312 2329 2371 2366 1X,
2396 2317 2553 2372 Appa-

362 2388 547 2427 ruernnt
577 2385 747 2437 Moyses
778 2387 822 2424 et
850 2382 988 2430 Elias,
1025 2381 1126 2423 dicit
1156 2381 1343 2422 Glossa:
1379 2379 1609 2421 Sciendum
1643 2383 1710 2421 est
1733 2397 1752 2417 ιι
1791 2385 1869 2422 etc.

487 2446 702 2495 Halensis,
737 2447 857 2486 Sum.
900 2443 1040 2484 Theol.
1075 2457 1114 2498 p.
1149 2444 1218 2492 ΙΙΙ,
1253 2456 1323 2497 qu.
1358 2455 1446 2491 XXI,
1481 2442 1639 2483 memb.
1675 2444 1730 2483 8:
1770 2458 1788 2479 ι
1817 2442 1921 2483 Luc.
1945 2453 2002 2490 1x,
2035 2441 2356 2496 Apparnerunt
2383 2441 2556 2494 Moyses

352 2513 405 2553 ,et
432 2509 561 2550 Elias
594 2514 670 2549 etc.
707 2509 894 2549 Glossa:
929 2505 1159 2547 Sciendum
1200 2518 1285 2546 non
1318 2507 1499 2559 corpora
1531 2505 1605 2545 vel
1631 2505 1804 2546 animas
1830 2521 1848 2542 ›
1882 2509 1964 2547 etc.
1998 2509 2046 2545 ut
2075 2516 2217 2557 supra.
2253 2502 2340 2555 Ωιιί
2366 2502 2553 2555 inferius,

363 2572 404 2612 in
439 2571 595 2613 eodem
629 2570 839 2618 membr-o,
873 2568 1021 2609 Bedae
1054 2567 1163 2608 hanc
1196 2567 1389 2622 glossam
1423 2566 1628 2622 assignat.

487 2634 571 2674 Pro
607 2632 763 2673 eodem
797 2632 932 2686 Hugo
968 2630 1022 2670 de
1056 2630 1101 2671 S.
1138 2629 1294 2678 Charo,
1329 2629 1373 2669 in
1405 2630 1577 2682 Evang.
1611 2642 1691 2669 sec.
1724 2629 1843 2675 Luc„
1879 2627 1979 2668 citat
2011 2627 2164 2668 Ambr
2205 2626 2342 2668 Gloss.

486 2695 706 2736 Invenitur
737 2695 780 2735 in
815 2693 959 2734 Gloss.
995 2691 1098 2733 Ord.
1135 2691 1293 2739 strabi,
1329 2692 1434 2732 Luc.
1467 2703 1526 2739 IX,
1560 2691 1675 2731 nulla
1707 2689 1931 2731 Ambrosii
1963 2688 2072 2730 faeta
2105 2689 2335 2730 mentione.

489 2818 609 2866 Ibid.,
644 2817 698 2858 a‘d
733 2829 786 2868 4:
827 2833 844 2853 α
873 2816 956 2856 Vel
990 2815 1117 2856 etiam
1156 2828 1208 2855 ne
1242 2814 1428 2854 totaliter
1466 2813 1743 2868 impediretur
1773 2827 1800 2855 a
1831 2813 1995 2867 populo
2030 2830 2066 2854 ι.
2101 2814 2149 2853 In
2182 2812 2374 2853 ’Catenae
2412 2811 2553 2861 editis,

367 2881 515 2921 Matth.
551 2894 640 2934 cap.
675 2891 778 2928 XVIJ,
811 2878 1006 2931 Remigii
1030 2891 1194 2918 «nomen
1228 2876 1519 2931 praemittitur.

492 2943 538 2982 In
572 2941 720 2982 codice
752 2939 1089 2981 Vindobonensi
1123 2938 1432 2980 Commentarii
1465 2937 1652 2992 Remigii
1685 2937 1726 2977 in
1750 2937 1913 2986 Matth.,
1939 2937 1992 2978 de
2027 2950 2115 2991 quo
2149 2950 2279 3006 supra
2300 2935 2364 2990 (cf.
2389 2941 2476 2976 not.
2499 2935 2554 2976 ad

368 3018 438 3059 qu.
462 3017 532 3052 XL,
556 3010 631 3044 art.
664 3017 696 3051 1,
722 3017 810 3058 arg.
834 3003 890 3056 3),
914 3002 984 3042 fol.
1016 3004 1098 3043 132
1124 3015 1252 3043 verso
1287 3001 1345 3041 ita
1377 3000 1578 3041 habetur:
1617 3016 1637 3037 ι
1662 2999 1759 3040 sive
1793 2999 1894 3053 quia
1925 3000 1961 3040 si
1996 2999 2196 3040 maiestas
2231 2998 2322 3040 eius
2350 2997 2554 3053 divulga-

368 3073 482 3107 retur
504 3066 546 3106 in
568 3037 743 3119 populo,
768 3071 938 3132 tempus
973 3064 1210 3104 differretur
1242 3062 1469 3118 passionis,
1504 3061 1728 3103 resistente
1760 3062 1887 3116 plebe
1920 3061 2183 3116 principibus
2214 3058 2488 3103 sacerdotum
2516 3075 2552 3100 ιι

494 3127 626 3175 Beda,
677 3139 806 3180 quem
857 3126 898 3165 in
947 3126 1140 3181 margine
1189 3125 1426 3173 citavimus,
1477 3124 1537 3164 sic
1585 3124 1739 3165 habet:
1793 3140 1811 3161 ‹
1840 3137 1906 3172 ne,
1944 3124 1986 3165 si
2030 3123 2172 3178 palam
2218 3121 2479 3177 vulgaretur
2510 3120 2552 3161 in

370 3190 578 3245 populos,
627 3194 700 3228 aut
749 3187 1113 3241 dispensationem
1162 3187 1376 3242 passionis
1425 3186 1536 3227 illius
1584 3186 1714 3227 iidem
1762 3186 1910 3241 populi
1959 3183 2222 3241 principibus
2269 3181 2552 3238 repugnando

372 3251 626 3306 impedirent
653 3267 689 3297 ›,
725 3255 802 3290 etc.

497 3374 580 3425 Ωιι.
616 3384 732 3421 XLv1,
762 3377 840 3412 art.
877 3383 918 3423 4,
952 3371 995 3412 in
1029 3383 1170 3424 corp.:
1209 3388 1227 3407 α
1257 3372 1316 3413 Ut
1349 3372 1463 3413 enim
1492 3371 1768 3427 Augustinus
1803 3369 1916 3418 dicit.
1939 3369 1982 3410 in
1999 3367 2218 3410 Sermone
2244 3366 2303 3408 de
2332 3366 2550 3414 Passione,

373 3435 426 3475 de
462 3434 624 3475 diluvio
660 3447 869 3488 aquarum
902 3433 1136 3473 humanum
1170 3444 1309 3486 genus
1342 3446 1440 3473 arca
1471 3433 1616 3488 lignea
1647 3432 1845 3475 liberavit
1871 3448 1890 3469 ιι
1912 3435 1996 3473 etc.

499 3495 702 3537 Similiter
746 3495 786 3535 in
825 3495 987 3536 Calena
1030 3494 1197 3541 Aurea,
1244 3494 1392 3535 Matth.
1432 3507 1528 3548 cap.
1570 3507 1702 3544 XXV11,
1731 3509 1775 3548 g,
1810 3492 2059 3548 Augustino
2087 3491 2134 3532 in
2160 3490 2304 3532 Serm.
2343 3489 2396 3531 de
2427 3490 2552 3530 Pass.

373 3558 638 3599 adscribitur.
