2872 3970
133 1575 144 1584 ¹
156 1574 226 1596 Num.
243 1580 276 1596 ιιι.

133 1625 142 1634 ·
151 1623 223 1646 Num.
236 1624 342 1652 praeced.

131 1931 141 1941 ⁸
155 1929 225 1951 Num.
242 1935 272 1951 ιν.

130 2285 140 2295 ⁴
154 2285 223 2307 Num.
239 2291 269 2306 vi.

130 2644 140 2654 ⁹
152 2641 221 2663 Num.
238 2648 259 2662 v.

133 2946 143 2954 ·
152 2945 161 2966 Ι
171 2944 205 2965 ad
214 2944 280 2970 Tim„
291 2950 339 2972 cap.

132 2977 158 2996 n,
173 2977 231 2992 vers.
245 2978 269 2997 4.

385 217 428 253 16

379 298 638 339 praedestinetur,
656 297 731 337 quia
749 296 836 337 prius
853 295 1053 336 praevidetur
1069 294 1246 325 secundum
1263 293 1368 324 futura
1383 295 1443 324 sibi

379 342 556 372 secundum
585 341 730 372 ordinem
761 340 912 380 simplicis
942 338 1160 379 providentiae
1191 338 1315 368 divinae
1345 347 1442 377 quarn

377 386 555 417 secundum
579 385 685 416 futura
707 385 766 415 sibi
795 383 973 414 secundum
997 382 1143 413 ordinem
1166 382 1289 412 divinae
1312 382 1443 421 praede-

378 431 572 466 stinationis;
596 431 639 460 ita
661 430 749 470 prius
764 427 966 468 praevidetur
981 432 1169 466 peccaturus
1193 435 1292 466 quam
1312 425 1443 465 praede-

377 475 520 511 stinetur,
538 474 650 505 eadem
666 474 804 503 ratione:
830 472 906 512 quia
929 471 1049 501 scilicet
1071 471 1200 501 Petrum
1216 479 1348 510 peccare
1372 479 1443 510 spe-

377 525 440 551 ctat
464 519 503 549 ad
527 519 673 549 ordinem
689 517 814 548 divinae
829 515 1058 556 providentiae,
1083 521 1114 545 et
1137 524 1194 554 per
1216 513 1442 554 supervenien-

376 570 442 595 tem
473 563 618 593 ordinem
651 561 775 591 divinae
805 559 1100 600 praedestinationis
1130 559 1179 589 vel
1210 558 1442 597 reprobationis

377 608 541 639 ordinatur
556 605 734 637 secundum
757 604 903 635 ordinem
921 603 1038 643 gratiae
1062 602 1101 633 ad
1125 602 1379 642 redemptionem
1393 601 1442 631 vel

376 658 538 683 aeternam
561 650 776 691 punitionem.

432 697 472 726 Et
495 697 520 726 si
544 694 758 735 perspicacius
782 698 843 723 tres
872 692 927 732 qui
951 691 990 721 de
1014 691 1098 721 facto
1123 691 1155 720 in
1180 691 1330 720 universo
1353 691 1441 720 inve-

374 741 508 770 niuntur
531 739 659 769 ordines
682 736 998 771 consideraverimus,
1021 735 1169 765 videlicet
1188 734 1335 764 ordinem
1350 739 1442 764 natu—

374 794 443 819 rae,
468 784 615 814 ordinem
637 783 754 822 gratiae
778 787 808 811 et
832 780 978 810 ordinem
1003 780 1063 810 Dei
1090 785 1121 809 et
1145 784 1305 808 creaturae
1329 778 1440 814 simul,

373 828 554 858 videbimus
570 826 659 867 quod
673 825 833 856 secundus
846 825 1000 864 supponit
1023 824 1175 863 primum,
1188 828 1219 852 et
1239 823 1350 852 tertius
1366 831 1442 862 sup-

373 873 467 912 ponit
498 878 688 911 utrumque;
723 876 754 900 et
785 869 929 899 similiter
960 867 1196 908 praeordinatio
1224 872 1254 896 et
1284 867 1440 906 praevisio

372 917 467 956 primi
490 914 761 956 praesupponitur
784 923 802 943 a
824 911 1102 953 praeordinatione
1125 917 1157 942 et
1177 911 1377 951 praevisione
1393 921 1441 941 se—

372 960 486 996 cundi;
518 966 549 990 et
576 959 721 990 similiter
748 957 984 997 praeordinatio
1009 962 1040 986 et
1063 956 1221 996 praevisio
1244 955 1327 986 tertii
1351 965 1440 996 prae-

372 1005 527 1044 supponit
550 1002 861 1044 praeordinationem
887 1006 917 1031 et
940 1001 1175 1040 praevisionem
1194 1000 1371 1039 utriusque.
1396 1000 1441 1030 Ita

372 1048 462 1089 quod
485 1049 573 1079 Deus
596 1049 701 1088 primo
722 1046 879 1077 ordinavit
894 1046 1080 1075 universum
1098 1044 1277 1074 secundum
1294 1043 1440 1074 ordinem

370 1099 518 1129 naturae;
543 1098 574 1122 et
597 1092 752 1132 quoniam
776 1091 961 1121 universum
977 1088 1157 1119 secundum
1179 1089 1276 1119 talem
1293 1088 1439 1119 ordinem

370 1147 439 1167 non
462 1137 586 1176 attingit
609 1136 648 1166 ad
671 1135 857 1165 fruitionem
879 1134 1029 1168 divinam,
1053 1132 1271 1173 superaddidit
1294 1132 1439 1163 ordinem

370 1181 504 1221 gratiae;
529 1186 560 1210 et
584 1180 739 1220 quoniam
761 1179 831 1210 talis
855 1177 936 1208 ordo
959 1187 1026 1208 non
1050 1178 1200 1218 pertingit
1223 1177 1262 1207 ad
1282 1177 1439 1207 unionem

371 1235 499 1256 summo
524 1225 625 1255 modo
649 1223 835 1264 possibilem
859 1232 934 1253 cum
954 1222 1036 1258 Deo,
1059 1221 1295 1262 praeordinavit
1317 1227 1440 1252 creatu-

370 1279 438 1300 ram
461 1269 501 1300 ad
524 1269 680 1299 unionem
705 1267 906 1308 personalem
935 1276 1010 1296 cum
1033 1267 1115 1296 Deo.
1151 1266 1330 1304 Quocirca,
1363 1275 1438 1296 cum

370 1319 501 1355 peccata
530 1314 708 1353 pertineant
738 1312 852 1352 partim
880 1311 919 1341 ad
943 1310 1088 1341 ordinem
1111 1315 1242 1341 naturae
1269 1316 1301 1340 et
1323 1310 1438 1350 partim

370 1358 409 1389 ad
433 1358 579 1388 ordinem
603 1357 719 1398 gratiae
743 1362 778 1386 ut
802 1356 951 1396 opposita
973 1355 1030 1390 ilii,
1054 1364 1258 1394 consequens
1279 1360 1326 1384 est
1349 1354 1438 1394 quod

369 1402 614 1443 praedestinatio
640 1402 710 1431 lesu
728 1400 844 1431 Christi
867 1405 904 1430 ut
926 1400 966 1430 sit
989 1400 1088 1430 Filius
1104 1399 1175 1434 Dei,
1199 1404 1439 1439 praesupponat

369 1447 603 1487 praevisionem
627 1445 811 1476 futurorum
833 1450 1056 1484 peccatorum,
1087 1449 1201 1483 utpote
1225 1443 1437 1483 spectantium

369 1491 409 1522 ad
432 1491 694 1531 praesuppositos
718 1489 846 1520 ordines
869 1490 902 1519 in
926 1497 1042 1528 genere
1066 1497 1179 1519 causae
1203 1486 1382 1518 materialis.

425 1535 493 1565 VII.
514 1534 618 1570 Unde,
631 1534 671 1564 ad
687 1533 811 1573 singula
827 1533 923 1563 dubia
940 1531 1151 1567 deveniendo,
1165 1530 1205 1562 ad
1220 1531 1361 1572 primum
1378 1530 1437 1561 du-

369 1580 486 1609 bium*
503 1578 619 1609 dicitur
634 1577 724 1618 quod
747 1578 926 1618 propositio
948 1577 1001 1606 illa
1025 1582 1071 1607 est
1086 1585 1159 1606 vera
1182 1581 1218 1606 ut
1243 1575 1436 1606 declaratum

369 1629 416 1654 est
427 1625 454 1653 ὓ.
472 1623 512 1653 Et
528 1629 574 1653 est
590 1622 629 1653 ad
645 1622 848 1662 propositum
869 1621 1057 1661 argumenti,
1071 1620 1160 1660 quod
1175 1619 1437 1660 praedestinatio-

369 1677 444 1698 nem
462 1667 579 1697 Christi
594 1666 805 1697 necessariam
821 1666 942 1705 absque
957 1670 1091 1705 peccato
1104 1665 1265 1704 arguebat.
1289 1664 1436 1703 Respon-

369 1713 417 1742 sio
441 1720 581 1751 namque
603 1710 643 1740 ad
658 1711 722 1740 hoc
744 1719 811 1740 non
829 1710 923 1749 exigit
947 1708 1036 1748 quod
1055 1708 1300 1748 praedestinatio
1318 1707 1435 1738 Christi

368 1761 530 1796 supponat
542 1754 783 1795 praescientiam
795 1754 914 1793 gloriae
928 1753 1061 1783 Christi:
1082 1752 1138 1783 sed
1150 1752 1330 1791 requirebat
1346 1751 1436 1791 quod

369 1799 600 1840 praesupponit
623 1798 864 1838 praescientiam
887 1803 1094 1837 peccatorum
1118 1797 1151 1826 in
1170 1805 1310 1836 quorum
1334 1805 1436 1826 reme-

369 1844 459 1874 dium
483 1843 627 1874 Christus
651 1848 698 1873 est
720 1841 986 1882 praedestinatus;
1019 1841 1177 1871 ordinatio
1204 1849 1344 1880 namque
1368 1849 1435 1870 me-

369 1888 493 1918 dicinae
516 1887 748 1927 praesupponit
770 1886 916 1916 notitiam
940 1885 1055 1915 morbi.

424 1931 505 1962 VIII.
530 1931 580 1961 Ad
604 1930 783 1961 secundum
799 1940 875 1960 vero
900 1929 1035 1960 dubium
1050 1930 1066 1946 *
1091 1929 1206 1959 dicitur
1222 1927 1311 1968 quod
1326 1929 1359 1958 in
1375 1928 1434 1958 hac

368 1976 578 2016 responsione
603 1975 642 2005 ad
665 1979 814 2014 quartum
839 1979 1081 2013 argumentum,
1114 1982 1197 2013 quae
1220 1981 1307 2002 nunc
1331 1972 1435 2002 discu-

366 2021 453 2055 titur,
477 2029 544 2050 non
560 2025 625 2050 erat
647 2018 808 2049 reddenda
831 2019 910 2048 ratio
934 2017 1229 2058 praedestinationis
1245 2016 1435 2046 incarnatio-

367 2065 416 2094 nis
433 2065 465 2094 in
481 2063 659 2094 remedium
683 2063 821 2102 peccati:
847 2062 902 2092 sed
919 2061 1141 2092 sustinendum
1158 2067 1223 2091 erat
1246 2059 1336 2100 quod
1359 2069 1434 2090 cum

367 2109 616 2149 praedestinatae
639 2103 864 2137 incarnationis
887 2106 1073 2136 necessitate
1097 2111 1157 2136 stat
1186 2104 1276 2145 quod
1303 2104 1435 2144 praede-

367 2153 480 2183 stinata
503 2153 542 2182 sit
565 2153 597 2182 in
621 2150 799 2182 remedium
822 2151 954 2190 peccati.
990 2150 1031 2180 Et
1054 2151 1117 2180 hoc
1145 2148 1364 2180 manifestatur
1387 2158 1435 2178 ra-

365 2198 471 2228 tione:
497 2197 573 2236 quia
595 2195 841 2235 praedestinatio
865 2195 1097 2234 praesupponit
1118 2194 1361 2234 praescientiam
1384 2192 1434 2223 fu—

365 2247 514 2272 turorum
537 2239 810 2275 antecedentium,
836 2239 940 2279 qualia
963 2244 1038 2269 sunt
1061 2245 1207 2279 peccata,
1238 2243 1273 2267 ut
1296 2237 1435 2268 declara-

365 2291 436 2316 tum
453 2290 500 2315 est
509 2285 535 2314 ἦ.
553 2284 594 2314 Et
606 2283 754 2323 exemplo
770 2283 1067 2323 praedestinationis
1082 2283 1226 2317 alicuius,
1239 2287 1318 2322 puta
1332 2282 1434 2318 Pauli,

366 2329 525 2360 mediante
542 2329 686 2358 oratione
703 2327 839 2363 alterius,
852 2333 929 2367 puta
945 2327 1107 2367 Stephani.
1127 2327 1227 2365 Quod
1239 2326 1434 2366 exemplum,

365 2375 391 2404 si
413 2374 507 2404 etiam
531 2372 640 2412 quoad
655 2372 896 2412 praescientiam
912 2371 1010 2402 medii
1025 2371 1268 2411 intelligendum
1286 2370 1433 2406 creditur,

365 2410 594 2457 exponendum
611 2422 658 2447 est
681 2415 770 2456 quod
793 2415 1038 2456 praedestinatio
1055 2415 1155 2451 Pauli,
1177 2414 1285 2455 quoad
1301 2424 1434 2445 conver-

364 2462 463 2492 sionis
487 2461 647 2496 effectum,
671 2461 902 2500 praesupponit
924 2460 1165 2500 praescientiam
1189 2460 1342 2490 orationis
1365 2459 1434 2490 Ste-

365 2506 473 2546 phani,
491 2511 522 2535 et
544 2506 589 2535 sic
613 2504 653 2535 de
677 2505 760 2534 aliis:
785 2510 821 2534 ut
844 2505 888 2534 sic
912 2505 950 2534 sit
972 2504 1074 2535 simile
1103 2504 1199 2534 etiam
1222 2503 1331 2544 quoad
1358 2504 1432 2539 hoc,

366 2549 455 2590 quod
478 2549 725 2589 praedestinatio
753 2549 979 2579 incarnationis
1000 2549 1232 2589 praesupponit
1253 2548 1433 2588 praescien-

365 2595 442 2624 tiam
465 2594 588 2633 peccati
611 2593 754 2623 humani.

421 2637 473 2667 IX.
497 2637 548 2668 Ad
566 2638 705 2672 tertium,
723 2647 760 2667 ex
777 2637 886 2673 Scoto‚
904 2637 1038 2668 dubium
1054 2639 1071 2654 ³*
1095 2636 1209 2667 dicitur
1231 2636 1433 2676 quadruplici

365 2681 486 2712 utendo
512 2681 725 2712 distinctione.
761 2681 866 2711 Prima
897 2687 943 2711 est
972 2682 1053 2712 inter
1083 2681 1216 2711 volitum
1241 2687 1271 2711 et
1294 2681 1431 2712 volibile.

366 2727 448 2756 Nam
465 2725 550 2756 aliud
568 2731 614 2756 est
633 2725 753 2766 aliquid
773 2735 839 2755 esse
855 2726 955 2765 magis
970 2726 1116 2756 volibile:
1142 2731 1173 2756 et
1189 2725 1275 2756 aliud
1291 2731 1338 2756 est
1353 2725 1432 2756 illud

366 2780 434 2801 esse
465 2770 563 2809 magis
590 2770 736 2800 volitum.
773 2770 863 2800 Salus
895 2771 981 2800 enim
1010 2771 1157 2800 omnium
1184 2770 1355 2800 hominum
1386 2775 1433 2800 est

366 2814 467 2853 magis
491 2814 628 2844 volibilis
651 2814 829 2845 secundum
853 2823 886 2844 se
917 2823 1015 2854 quarn
1045 2814 1129 2844 salus
1156 2814 1340 2854 aliquorum
1363 2819 1432 2844 tan—

367 2864 447 2893 tum,
472 2863 507 2888 ut
527 2863 629 2898 patet:
655 2859 730 2898 quia
753 2859 848 2898 longe
872 2859 975 2888 maius
999 2859 1123 2889 bonum
1148 2865 1203 2889 est.
1228 2859 1303 2889 Non
1323 2864 1431 2890 tamen

368 2907 414 2932 est
430 2902 528 2941 magis
551 2903 648 2932 volita
672 2912 690 2932 a
713 2903 800 2938 Deo,
825 2903 898 2942 qui,
923 2903 997 2933 licet
1019 2903 1095 2932 velit
1117 2903 1282 2933 voluntate
1305 2908 1431 2934 antece-

368 2945 462 2976 dente
486 2956 594 2976 omnes
609 2947 753 2977 homines
767 2947 876 2977 salvos
887 2947 970 2987 fieri
985 2948 1011 2982 ἦ
1028 2957 1095 2977 non
1112 2953 1220 2977 tamen
1232 2948 1300 2978 vult
1315 2948 1431 2978 volun-

367 2995 430 3020 tate
446 2990 637 3030 beneplaciti
660 2991 795 3020 salutem
820 2991 977 3027 omnium,
1002 2991 1058 3022 sed
1081 2991 1287 3031 quorundam
1306 2997 1432 3022 tantum

369 3034 548 3069 hominum,
565 3040 600 3064 ut
616 3039 712 3074 patet.
741 3035 816 3064 Non
840 3040 945 3074 potest
968 3045 1044 3075 ergo
1061 3045 1098 3065 ex
1122 3037 1185 3066 hoc
1205 3035 1295 3075 quod
1310 3036 1432 3076 aliquid

370 3087 407 3107 ex
430 3083 517 3117 parte
541 3078 658 3107 obiecti
688 3077 865 3108 secundum
889 3088 922 3108 se
947 3085 993 3109 est
1022 3080 1125 3110 maius
1149 3080 1289 3115 bonurn,
1315 3090 1351 3110 ac
1375 3090 1432 3120 per

370 3122 432 3151 hoc
455 3122 554 3160 magis
577 3121 717 3156 volibile,
734 3121 856 3151 inferri:
882 3123 966 3161 Ergo
985 3129 1030 3153 est
1046 3125 1146 3164 magis
1161 3124 1298 3154 volitum
1315 3134 1332 3154 a
1348 3125 1430 3154 Deo.

425 3164 574 3195 Secunda
596 3165 678 3194 inter
701 3165 816 3206 magis,
834 3171 865 3195 et
884 3166 980 3205 prius
1003 3172 1122 3197 natura
1146 3168 1291 3198 volitum.
1309 3186 1329 3191 -
1353 3168 1431 3198 Ter-

370 3209 412 3238 tia
428 3214 474 3238 est
497 3209 578 3238 inter
600 3209 687 3247 prius
711 3214 821 3239 natura
844 3209 892 3239 vel
916 3219 935 3239 a
958 3219 1021 3249 quo
1045 3220 1109 3241 non
1133 3212 1333 3242 convertitur
1355 3221 1431 3242 con-

370 3253 542 3292 sequentia,
567 3252 615 3282 vel
634 3253 729 3292 prius
757 3253 955 3283 causalitate.
978 3272 1000 3275 —
1023 3254 1143 3291 Quarta
1166 3262 1212 3285 est
1241 3257 1323 3286 inter
1345 3257 1432 3295 prius

371 3301 481 3326 natura
498 3296 632 3326 volitum
657 3301 753 3335 prout
772 3297 859 3336 prius
875 3302 921 3326 est
941 3307 958 3326 a
974 3306 1040 3336 quo
1061 3307 1127 3328 non
1144 3300 1339 3330 convertitur
1354 3309 1431 3330 con-

372 3340 546 3379 sequentia,
571 3339 730 3381 defucto,
755 3340 805 3370 vel
824 3340 979 3379 possibili.

426 3383 624 3423 Accipiendo
648 3384 733 3413 enim
757 3384 843 3423 prius
866 3389 986 3419 natura,
1011 3385 1073 3415 hoc
1097 3391 1156 3420 est,
1176 3386 1270 3425 prius
1293 3387 1431 3417 causali-

373 3430 445 3461 tate,
470 3427 646 3457 secundum
671 3427 800 3467 aliquod
823 3436 924 3467 genus
943 3437 1065 3463 causae,
1091 3429 1275 3459 coincidunt
1298 3431 1386 3469 pn‘us
1402 3436 1432 3460 et

373 3470 472 3509 magis
495 3470 671 3501 secundum
695 3471 773 3501 illud
789 3480 890 3510 genus
907 3481 1029 3501 causae.
1054 3471 1213 3502 Volumus
1237 3474 1321 3503 enim
1345 3474 1432 3513 prius

374 3519 404 3543 et
427 3514 527 3553 magis
550 3515 714 3544 sanitatem
746 3524 842 3554 quarn
873 3515 1094 3555 purgationem
1126 3516 1302 3547 secundum
1332 3526 1433 3556 genus

1107 217 1371 264 QUAEsrlo
1400 217 1433 264 1,
1463 216 1756 255 AaricULus
1784 219 1830 256 111

1495 304 1609 326 causae
1637 295 1754 326 finalis:
1786 306 1804 327 e
1827 302 1938 327 contra
1969 302 2076 327 autem
2108 297 2286 328 seeundum
2317 308 2418 339 genus
2449 310 2563 333 causae

1496 339 1675 375 materialis,
1692 338 1832 371 locando
1855 340 2030 380 disponens
2054 351 2092 371 ex
2115 348 2204 382 parte
2226 343 2387 374 materiae.
2423 344 2464 375 Et
2487 346 2563 385 quia

1496 392 1591 413 causa
1613 382 1716 414 finalis
1739 389 1786 414 est
1809 384 1993 424 simpliciter
2017 390 2047 430 et
2070 385 2215 416 absolute
2239 386 2344 426 prior,
2372 387 2447 418 ideo
2470 389 2563 439 volu-

1494 436 1567 457 mus
1598 427 1783 467 simpliciter
1813 434 1844 458 et
1874 429 2019 460 absolute
2046 429 2134 469 prius
2161 435 2194 460 et
2218 431 2319 470 magis
2343 431 2519 464 sanitatem.
2538 441 2564 462 ’μ-

1495 470 1558 501 Sed
1581 471 1607 501 si
1630 477 1773 502 sumatur
1795 472 1884 512 prius
1906 478 2018 504 natura
2045 483 2065 504 a
2088 483 2151 514 quo
2177 483 2241 505 non
2265 475 2466 506 convertitur
2487 485 2563 508 con,-

1493 515 1658 555 sequeneia
1683 515 1733 554 (ut
1755 515 1871 546 Scotus
1887 517 1985 548 sumit
2006 517 2040 548 in
2063 518 2257 558 proposito),
2281 524 2372 550 utere
2390 525 2502 559 quarta
2516 519 2565 552 di-

1494 559 1666 589 stinctione
1681 559 1763 590 inter
1777 560 1822 590 sic
1838 561 1925 600 prius
1947 561 2083 592 volitum
2098 561 2138 592 de
2143 562 2253 603 sacto,
2269 563 2321 594 vel
2335 563 2380 594 sic
2396 563 2484 604 prius
2506 574 2564 596 vo-

1494 603 1587 633 litum
1610 603 1650 634 de
1666 603 1824 644 possibili.
1849 603 1889 634 Et
1912 604 2010 635 dicito
2034 606 2124 645 quod
2146 606 2325 637 multorum
2347 606 2492 639 ordinate
2506 617 2565 639 vo—

1494 647 1625 677 litorum
1649 657 1790 687 quorum
1813 657 1917 679 unum
1939 658 1974 679 se
1994 649 2089 680 habet
2105 655 2141 681 ut
2155 649 2238 685 finis,
2255 650 2343 683 aliud
2358 656 2394 683 ut
2408 651 2564 689 medium,

1494 691 1581 722 aliud
1597 696 1632 721 ut
1649 691 1798 728 effectus;
1822 691 1902 723 illud
1918 692 2008 732 quod
2023 699 2071 724 est
2086 692 2168 731 finis,
2185 701 2311 727 constat
2333 705 2402 727 esse
2417 697 2519 737 magis
2534 702 2566 728 et

1492 735 1581 775 prius
1603 741 1725 771 natura,
1749 736 1814 766 hoc
1837 742 1884 766 est
1907 737 2099 774 causalitate,
2123 738 2271 770 volitum.
2295 739 2336 770 Et
2354 746 2501 781 respectu
2518 740 2565 772 di—

1492 779 1584 810 vinae
1607 779 1782 810 voluntatis
1804 779 1986 820 loquendo,
2011 788 2137 813 constat
2158 782 2249 823 quod
2272 789 2319 814 est
2341 783 2430 824 prius
2451 790 2564 816 natura

1493 823 1533 854 de
1548 823 1699 863 possibili
1721 824 1868 860 volitum,
1891 833 1959 855 non
1974 830 2083 856 autem
2107 826 2196 866 quod
2214 827 2255 858 sit
2274 827 2364 868 prius
2379 834 2492 860 natura
2506 838 2565 859 vo-

1492 867 1586 901 litum
1609 868 1649 898 de
1662 869 1771 909 facto·
1806 869 1880 899 Hoc
1904 874 1968 900 est:
2001 876 2126 901 constat
2149 870 2240 911 quod
2261 877 2368 912 potest
2391 882 2459 904 esse
2482 873 2565 904 voli-

1492 917 1562 942 tum
1585 912 1666 942 illud
1688 913 1756 943 sine
1775 912 1883 943 medio
1901 918 1932 943 et
1948 912 2080 950 effectu;
2104 923 2172 946 non
2194 920 2303 946 tamen
2326 921 2451 948 constat
2474 917 2564 957 quod

1493 955 1532 986 de
1557 955 1641 986 facto
1665 957 1704 987 sit
1727 967 1746 987 a
1769 957 1840 988 Deo
1864 957 2002 988 volitum
2023 957 2104 989 illud
2126 959 2195 989 sine
2218 959 2272 990 tali
2295 959 2422 997 medio,
2447 960 2564 992 effectu

1494 1005 1524 1030 et
1547 1001 1730 1031 occasione.
2516 1030 2517 1033 ,

1549 1045 1590 1075 Et
1613 1045 1676 1075 hoc
1700 1051 1747 1075 est
1770 1046 1804 1075 in
1827 1054 1894 1086 quo
1919 1045 2076 1077 deficiunt
2099 1053 2287 1087 argumenta
2310 1047 2455 1079 Scoiica:
2484 1043 2564 1089 quii

1492 1097 1530 1118 ex
1552 1089 1654 1128 magis
1677 1095 1709 1119 et
1731 1089 1820 1129 prius
1843 1089 2043 1126 causalitate,
2075 1095 2107 1120 et
2133 1092 2221 1131 prius
2243 1097 2358 1122 natura
2382 1092 2563 1124 secundum

1491 1133 1757 1173 consequentiam
1787 1133 1889 1164 volito
1919 1133 1959 1164 de
1982 1134 2126 1175 possibili
2149 1144 2167 1165 a
2191 1135 2280 1171 Deo,
2303 1135 2399 1167 infert
2425 1137 2563 1168 volitum

1492 1187 1560 1207 esse
1583 1187 1602 1208 a
1624 1177 1696 1208 Deo
1721 1177 1760 1208 de
1784 1177 1880 1208 facto.
1904 1178 1948 1209 At
1970 1179 1996 1209 si
2020 1185 2160 1210 assumat
2183 1179 2273 1220 quod
2296 1179 2371 1211 finis
2392 1186 2440 1212 est
2461 1182 2564 1221 magis

1492 1227 1522 1251 et
1546 1222 1633 1261 prius
1656 1228 1769 1252 natura
1792 1221 1971 1253 secundum
1995 1224 2261 1264 consequentiam
2285 1223 2324 1255 de
2348 1224 2433 1255 facto
2456 1234 2475 1256 a
2490 1225 2562 1257 Deo

1490 1265 1618 1302 volitus,
1643 1266 1756 1306 petitio
1779 1267 1928 1307 principii
1952 1267 2178 1299 committitur:
2203 1268 2279 1308 quia
2294 1269 2466 1310 assumitur
2488 1277 2564 1309 pro-

1491 1309 1643 1340 bandum.
1668 1311 1742 1341 Hoc
1762 1311 1849 1341 enim
1872 1320 1947 1341 cum
1963 1311 2086 1342 ratione
2109 1313 2237 1352 probari
2259 1322 2328 1344 non
2350 1313 2462 1354 possit,
2486 1314 2563 1354 quia

1491 1363 1584 1384 nemo
1608 1355 1698 1385 novit
1719 1364 1802 1396 quae
1821 1360 1897 1386 sunt
1917 1355 1980 1386 Dei
2003 1356 2066 1387 nisi
2088 1356 2228 1397 Spiritus
2241 1357 2306 1388 Dei
2319 1358 2346 1393 '‚
2371 1363 2500 1398 oportet
2523 1357 2563 1389 ad

1491 1398 1668 1438 Scripturas
1683 1409 1784 1430 sacras
1808 1399 1967 1435 devenire,
1986 1400 2012 1430 si
2027 1410 2123 1431 nosse
2139 1401 2290 1432 volumus
2314 1401 2404 1441 quod
2421 1401 2460 1432 de
2475 1401 2562 1433 facto

1490 1442 1578 1472 Deus
1603 1442 1760 1474 ordinavit
1783 1443 2037 1475 incarnationem
2060 1444 2201 1476 futuram
2233 1446 2298 1476 sive
2322 1445 2427 1476 Adam
2449 1452 2563 1486 peccet

1490 1486 1556 1516 sive
1579 1496 1657 1517 non.
1685 1487 1754 1517 Nos
1777 1488 1874 1524 enim,
1898 1489 1975 1528 quia
1997 1498 2035 1519 ex
2058 1489 2221 1529 Scriptura
2242 1499 2311 1520 non
2333 1489 2490 1521 habemus
2512 1491 2562 1521 in·

1491 1531 1708 1561 carnationem
1724 1531 1784 1561 nisi
1800 1531 2041 1572 redemptivam,
2066 1533 2202 1564 dicimus
2221 1533 2322 1574 quod,
2340 1534 2415 1564 licet
2437 1535 2562 1575 potuis-

2590 1361 2599 1371 ·
2610 1359 2619 1382 1
2629 1359 2664 1382 aa
2673 1359 2738 1388 eor„
2749 1346 2804 1389 αἱ».

2588 1392 2614 1414 ιι,
2629 1392 2677 1410 ver.
2693 1393 2726 1410 n.

1489 1579 1536 1604 set
1560 1574 1647 1605 Deus
1672 1575 1753 1605 velle
1776 1576 2029 1607 incarnationem
2054 1577 2149 1608 etiam
2173 1578 2241 1608 sine
2264 1578 2487 1618 redemptione
2510 1578 2562 1610 fu·
2613 1576 2615 1578 ’

1489 1624 1604 1654 turam,
1629 1619 1668 1649 de
1692 1619 1776 1650 facto
1800 1626 1908 1650 tamen
1932 1621 2037 1651 noluit
2053 1630 2123 1652 eam
2146 1622 2207 1652 nisi
2231 1622 2292 1653 sic:
2318 1623 2393 1662 quia
2409 1623 2477 1663 ipse
2492 1632 2561 1654 non

1489 1663 1578 1693 aliter
1601 1663 1751 1694 revelavit
1774 1673 1865 1694 suam
1887 1665 2105 1702 voluntatem,
2131 1675 2214 1706 quae
2238 1675 2276 1696 ex
2299 1667 2367 1697 sola
2389 1667 2490 1707 ipsius
2512 1677 2562 1698 re·

1488 1707 1649 1738 velatione
1673 1708 1826 1747 cognosci
1850 1714 1966 1748 potest.

1544 1751 1582 1781 X.
1604 1751 1691 1782 Cum
1716 1761 1792 1792 ergo
1798 1752 1908 1792 primo
1931 1754 2082 1793 arguitur,
2100 1754 2357 1786 Praedestinatio
2380 1755 2561 1787 cuiuscum-

1487 1804 1549 1835 que
1564 1795 1607 1825 ad
1620 1795 1764 1836 gloriam
1775 1796 1944 1836 praecedit
1958 1807 2000 1827 ex
2009 1803 2107 1838 parte
2122 1798 2236 1829 obiecti
2251 1804 2322 1835 etc„
2339 1798 2456 1830 dicitur
2470 1799 2560 1840 quod

1488 1839 1668 1879 propositio
1693 1845 1740 1870 est
1762 1840 1948 1880 simpliciter
1972 1841 2064 1876 falsa,
2094 1842 2261 1882 loquendo
2292 1843 2332 1874 de
2357 1843 2560 1883 praevisione

1489 1884 1622 1923 peccati,
1638 1889 1674 1913 ut
1689 1889 1776 1923 patet
1798 1893 1836 1914 ex
1853 1884 1944 1915 dictis
1955 1886 1972 1902 ⁶
1981 1895 1988 1915 :
2014 1887 2089 1926 quia
2104 1886 2350 1927 praedestinatio
2366 1887 2406 1918 ad
2423 1887 2559 1927 gloriam

1488 1929 1720 1967 praesupponit
1743 1928 1891 1959 ordinem
1913 1930 2151 1969 providentiae,
2182 1932 2216 1962 in
2241 1941 2307 1972 quo
2334 1931 2561 1972 praevidentur

1489 1977 1630 2011 peccata.

1544 2015 1595 2045 Ad
1614 2015 1789 2046 secundum
1805 2016 1920 2048 dicitur
1936 2018 2026 2058 quod
2041 2018 2186 2050 ordinate
2201 2019 2314 2050 volens
2331 2020 2420 2060 prius
2435 2026 2558 2058 natura,

1488 2059 1552 2089 hoc
1575 2066 1622 2090 est
1645 2061 1827 2091 causalitate
1850 2061 1952 2098 finali,
1977 2068 2008 2093 et
2030 2063 2118 2103 prius
2140 2069 2263 2100 natura,
2287 2065 2351 2095 hoc
2375 2070 2421 2095 est
2444 2071 2558 2096 secun·

1489 2102 1567 2133 dum
1594 2106 1962 2145 non—consequentiam,
1988 2107 2027 2137 de
2056 2107 2201 2147 possibili
2230 2113 2338 2139 tamen
2359 2109 2430 2139 vult
2458 2109 2559 2141 finem

1489 2152 1520 2177 et
1542 2148 1758 2188 propinquius
1781 2149 1854 2185 fini,
1878 2159 1946 2180 non
1969 2156 2077 2181 autem
2101 2150 2140 2182 de
2165 2151 2266 2182 facto:
2300 2153 2376 2192 quia
2398 2158 2462 2184 stat
2482 2162 2559 2185 eum

1487 2191 1544 2222 illo
1561 2192 1673 2223 ordine
1697 2193 1787 2233 quod
1805 2194 1900 2224 simul
1916 2194 1956 2225 de
1971 2195 2056 2226 facto
2072 2195 2148 2226 velit
2163 2197 2401 2228 connexionem
2417 2197 2558 2235 illorum,

1487 2236 1531 2266 ita
1554 2236 1644 2276 quod
1667 2246 1735 2268 non
1758 2238 1835 2268 velit
1857 2238 1956 2269 finem
1986 2240 2054 2270 sine
2083 2240 2137 2270 tali
2168 2240 2278 2271 medio
2309 2246 2341 2272 et
2368 2242 2557 2280 occasione,

1488 2280 1563 2319 quia
1586 2281 1631 2310 sic
1655 2281 1685 2311 ei
1709 2282 1900 2322 complacet.
1935 2283 1976 2314 Et
1998 2283 2073 2314 ideo
2103 2284 2183 2315 nihil
2205 2285 2312 2316 valent
2337 2285 2496 2316 illationes
2517 2286 2558 2318 de

1488 2323 1572 2354 facto
1596 2324 1768 2356 inferentes
1792 2326 1882 2367 quod
1903 2328 1992 2367 prius
2007 2334 2119 2359 natura
2138 2328 2227 2360 Deus
2241 2329 2376 2369 gloriam
2389 2329 2469 2360 velit
2489 2331 2558 2362 sine

1487 2369 1611 2408 peccati
1633 2370 1788 2401 remedio.

1544 2413 1595 2443 Ad
1619 2414 1747 2444 tertium
1764 2415 1859 2452 etiam
1875 2421 1962 2456 patet
1978 2427 2016 2447 ex
2038 2417 2130 2448 dictis
2153 2417 2243 2458 quod
2266 2423 2326 2449 stat
2347 2418 2454 2448 Deum
2469 2419 2558 2450 nolle

1489 2457 1527 2488 de
1558 2457 1643 2488 facto
1674 2460 1850 2490 maximum
1881 2461 2023 2498 bonum,
2053 2462 2115 2493 nisi
2145 2471 2330 2493 connexum
2358 2462 2414 2493 tali
2439 2463 2558 2495 minori

1488 2503 1587 2532 bono.

1543 2547 1584 2576 Et
1606 2547 1750 2579 similiter
1772 2547 1811 2578 ad
1833 2554 1986 2589 quartum
2009 2549 2123 2581 dicitur
2150 2550 2240 2591 quod
2263 2559 2332 2582 non
2354 2550 2488 2583 dedecet
2511 2551 2558 2583 di-

1486 2591 1594 2621 vinam
1617 2593 1806 2632 sapientiam
1829 2593 2023 2633 disposuisse
2046 2600 2112 2625 tam
2129 2595 2290 2626 excelsum
2306 2595 2431 2626 bonum
2453 2605 2489 2627 se
2503 2595 2558 2627 fa*

1487 2640 1609 2666 cturam
1625 2646 1693 2666 non
1708 2636 1769 2666 nisi
1785 2638 2027 2668 occasionaliter
2048 2645 2183 2679 peccato
2199 2648 2291 2670 suam
2305 2639 2557 2672 misericordiam

1487 2679 1526 2710 ad
1549 2679 1582 2710 id
1606 2686 1813 2721 provocante.

1541 2724 1593 2754 Ad
1615 2725 1771 2765 quintum,
1795 2731 1930 2765 negatur
1952 2727 2091 2767 sequela.
2121 2727 2298 2766 Quoniam,
2321 2734 2358 2758 ut
2379 2728 2557 2769 Apostolus

1486 2767 1563 2799 dicit
1578 2770 1608 2804 ἥ,
1632 2769 1877 2809 praedestinavit
1899 2770 1978 2800 alios
2001 2771 2187 2813 conformes
2198 2772 2282 2813 fieri
2304 2773 2458 2814 imaginis
2476 2772 2557 2804 Filii

1485 2813 1546 2843 sui.
1572 2813 1718 2844 Christus
1742 2819 1789 2844 est
1812 2823 1888 2854 ergo
1912 2815 2034 2855 primus
2057 2815 2309 2856 praedestinatus
2331 2816 2372 2847 de
2394 2815 2491 2852 facto.

1540 2857 1592 2887 Ad
1614 2863 1740 2888 sextum
1763 2858 1880 2888 dicitur
1902 2858 1992 2899 quod
2008 2869 2076 2890 non
2092 2866 2140 2891 est
2154 2859 2329 2891 absurdum
2344 2860 2452 2891 Deum
2466 2860 2555 2901 prius

1485 2901 1677 2941 praevidisse
1708 2911 1817 2933 casum
1847 2902 1937 2933 Adae
1969 2913 2068 2944 quam
2097 2904 2347 2944 praedestinasse
2373 2903 2554 2935 muham:

1485 2946 1568 2976 sicut
1591 2956 1659 2976 non
1684 2952 1731 2977 est
1754 2946 1927 2977 absurdum
1955 2948 2062 2978 Deum
2084 2949 2173 2988 prius
2195 2947 2393 2989 praevidisse·
2409 2948 2554 2988 leporem

1486 2999 1654 3021 cursurum
1679 2996 1711 3021 et
1725 2996 1869 3021 monstra
1885 2991 2001 3028 futura,
2019 2998 2050 3023 et
2065 2992 2189 3033 reliqua
2206 2993 2247 3023 ad
2261 2997 2392 3022 naturae
2407 2991 2554 3023 ordinem

1485 3035 1670 3074 spectantia,
1696 3044 1795 3075 quam
1817 3035 2068 3075 praedestinasse
2091 3035 2281 3067 Christum.i
2312 3057 2313 3060 =
2516 3048 2517 3051 ¹

1541 3079 1592 3108 Ad
1607 3080 1774 3119 septimum
1790 3084 1886 3110 restat
1900 3079 2073 3111 dicendum
2089 3078 2417 3121 quod,·cum‘dicitur,
2432 3080 2555 3111 Nullus

1485 3128 1532 3153 est
1549 3123 1811 3163 praedestinatus
1832 3124 1910 3164 quia
1932 3124 2018 3155 alius
2034 3123 2207 3165 praevisus
2226 3128 2278 3154 est
2296 3131 2554 3164 tantumpro-

1486 3168 1604 3207 positio
1630 3173 1676 3198 est
1699 3177 1789 3198 vera:
1814 3169 1890 3208 quia
1912 3169 2070 3209 praevisio
2093 3167 2192 3198 futun'
2208 3167 2403 3198 casustdae
2419 3176 2491 3198 non
2506 3174 2553 3200 est

1486 3210 1645 3242 sufficiens
1663 3221 1756 3242 causa
1772 3212 2067 3252 praedestinationis
2080 3210 2210 3245 Christi.
2232 3211 2295 3242 Sed
2310 3210 2448 3252 sisupm
2461 3221 2552 3252 prae-

1486 3256 1644 3286 visionem
1674 3255 1773 3286 futuri
1803 3257 1899 3286 casus*
1916 3255 2005 3287 Adae
2031 3260 2222 3296 *apponatur*
2245 3254 2551 3300 misefioeaedthei

1486 3299 1622 3330 volentis
1646 3309 1755 3330 casum
1778 3298 1870 3330 illum
1893 3305 1929 3330 ut
1950 3299 2261 3339 suum-computare,
2284 3304 2316 3329 et
2331 3298 2551 3340 'perseipsum

1486 3343 1674 3379 satisfacere,
1698 3344 1762 3375 iam
1785 3340 1952 3374 habebitur?
1973 3342 2063 3383 quod
2085 3340 2160 3373 ideo
2183 3340 2328 3373 Christus
2351 3348 2413 3374 ευτ’
2420 3344 2551 3384 praede·

1487 3387 1619 3417 stinatus
1650 3386 1749 3418 Filius
1772 3387 1850 3422 Dei,
1882 3385 1957 3427 quia
1985 3386 2073 3418 Deus
2094 3386 2164 3417 vult
2185 3385 2364 3418 satisfacere
2391 3395 2451 3427 pro
2475 3395 2550 3418 casu

1487 3431 1639 3461 humano.
1675 3432 1743 3462 Nec
1766 3440 1804 3461 ex
1827 3431 1890 3461 hoc
1913 3436 2041 3470 oportet
2063 3428 2211 3470 gaudere
2227 3430 2268 3461 de
2290 3431 2382 3471 lapsu
2405 3431 2549 3463 alterius:

1487 3474 1541 3504 sed
1566 3474 1604 3504 de
1627 3475 1843 3506 misericordia
1866 3473 1942 3510 Dei,
1975 3474 2032 3513 qui
2059 3474 2186 3504 alterius
2214 3474 2339 3514 lapsum
2370 3475 2549 3515 praevisum

1488 3519 1642 3548 convertit
1665 3520 1696 3549 in
1721 3519 1848 3549 alterius
1871 3519 2004 3548 bonum.

2584 1891 2595 1902 ⁰
2609 1890 2681 1914 Nam.
2696 1897 2731 1913 vi.

2581 2768 2593 2780 ·
2605 2767 2722 2793 Minna·
2740 2773 2797 2797 mys

2580 2799 2630 2823 vm,
2645 2800 2706 2817 ven.
2719 2800 2756 2824 ²9·
