2872 3970
99 541 130 575 ...w'
138 552 145 564 ὸ
154 546 210 567 3⁸¹¹·

130 652 132 654 ,
143 602 211 655 ‘izr-

115 882 118 885 ’
151 894 210 911 vers.

45 2430 49 2431 ⁷
102 2424 110 2447 1
138 2431 215 2453 ‚xx‚

113 2475 120 2489 ”
138 2478 216 2506 Orth„

134 2495 216 2528 η”ινιιι

929 285 1192 331 QUAESTIO
1220 285 1322 332 LIV,
1352 285 1643 323 ARTICULUS
1671 286 1721 323 IV
2209 322 2215 329 ,
2334 287 2407 332 513

239 363 328 404 quod
349 369 427 394 tunc
449 362 569 394 effusus
591 362 668 393 fuit:
699 372 775 393 cum
798 368 910 392 natura
933 362 1115 398 meliorem,
1139 368 1297 402 quantum
1321 362 1325 420 Ι
1352 364 1420 393 eius
1443 364 1601 413 quantitas
1623 369 1659 394 ut
1681 363 1868 394 decurreret
1890 364 1922 393 in
1947 369 2086 400 terram,
2110 364 2234 395 videtur
2250 364 2340 404 quod
2362 370 2411 394 to-

237 408 388 449 potuerit,
411 407 444 438 in
467 405 566 439 finem
588 407 801 440 reservaverit.
1351 412 1402 437 tus
1417 408 1544 447 sanguis
1559 407 1790 438 nutrimentalis
1807 408 1862 447 qui
1878 408 2086 438 inveniendus
2103 408 2213 438 fuisset
2234 409 2266 438 in
2285 408 2411 439 Christo

292 451 368 482 Non
392 460 506 491 cogere
529 455 637 481 autem
659 456 845 490 argumenta
867 450 960 486 haec,
985 450 1177 489 sanguineus
1200 449 1298 480 sudor
1351 456 1497 491 tempore
1519 452 1693 491 passionis,
1717 451 1912 492 praeeffusus
1940 451 2034 482 fuerit
2057 453 2090 482 in
2112 453 2328 492 propassionis
2360 463 2412 483 su-

141 523 184 535 ,
205 489 211 494 ⁴
239 494 356 527 Christi
378 495 412 525 in
437 495 579 525 cruciatu
600 494 816 534 propassionis
839 493 966 529 effusus,
983 503 1058 524 cum
1083 499 1155 524 ante
1178 493 1297 534 pas‘sio-
1352 493 1439 525 dore.
1474 495 1556 525 Dico
1580 500 1704 531 autem,
1728 495 1783 536 qui
1807 495 2015 525 inveniendus
2028 496 2152 537 fuisset
2178 501 2319 536 tempore
2335 506 2412 536 pas-

237 545 319 570 1119111ι
336 541 410 579 post
432 547 544 568 cenam
569 543 672 568 oraret
686 538 710 554 ⁴*
705 537 894 578 msignificat
925 538 1009 568 Nam
1031 537 1130 568 sudor
1151 538 1204 568 ille
1227 547 1298 568 san-
1351 539 1462 574 sionis,
1480 544 1511 568 et
1529 548 1606 575 non,
1621 539 1678 579 qui
1701 539 1848 569 inventus
1870 543 1918 569 est
1932 544 2016 575 tunc,
2034 540 2152 570 scilicet
2172 546 2318 579 ternpore
2343 550 2412 570 ora-

237 583 383 624 guineus,
391 591 475 614 cum
497 591 565 613 non
581 591 620 613 ex
642 581 862 621 aegritudinali
885 581 1095 622 dispositione
1110 581 1299 621 processerit
1352 583 1464 612 tionis:
1497 583 1651 622 quoniam
1674 591 1742 613 non
1765 588 1892 622 oportet
1915 582 2005 613 fateri
2027 589 2132 614 totum
2154 585 2413 614 nutrimentalem

239 627 296 668 (ut
302 626 499 662 Aristoteles,
504 626 543 656 in
559 625 600 655 111
612 625 651 657 de
661 625 820 656 Historiis
835 626 1013 662 AnimaL*‚
1023 626 1192 665 provenire
1207 625 1300 665 ponit
1353 627 1540 665 sanguinem
1562 636 1620 666 per
1643 626 1793 657 sudorem
1817 627 1986 663 emissum;
2010 629 2164 667 quoniam
2187 627 2307 667 aliquid
2330 628 2413 658 illius

239 679 277 710 ex
298 670 382 707 mala
397 668 605 720 dispositione
627 670 806 709 sanguinis;
829 674 860 700 et
881 670 916 701 in
938 662 981 699 11‘1
1003 669 1043 700 de
1056 669 1206 700 Partibus
1221 669 1299 699 Ani·
1353 679 1520 710 remanens
1543 671 1648 710 potuit
1669 676 1765 701 nocte
1790 676 1820 700 et
1842 680 1936 701 mane
1967 670 2105 712 decoqui
2132 671 2288 711 perfecte,
2313 672 2356 701 ita
2378 677 2414 702 ut

237 714 314 755 m'al.
326 714 343 731 ⁴*
345 712 540 756 ,contigisse
554 718 659 743 narrat
675 713 866 755 quibusdam
887 718 1019 754 propter
1034 713 1145 744 laxum
1149 714 1299 753 fluxum
1353 714 1431 744 nihil
1454 713 1684 744 nutrimentalis
1714 714 1873 753 sanguinis
1903 715 2097 745 inveniretur
2118 716 2151 745 in
2175 715 2301 745 Christo
2333 721 2415 745 tem-

237 760 299 798 'qae
316 751 467 797 ἑοφίιε)ε
493 762 567 787 tum
583 757 658 797 quia
674 757 836 788 Christum
851 766 919 787 non
935 756 1042 787 decuit
1064 757 1228 796 aegritudo
1245 755 1300 786 ali·
1353 766 1432 798 pore
1456 758 1621 797 passionis,
1646 767 1720 788 cum
1745 757 1862 788 effusus
1886 759 2012 798 sanguis
2037 764 2092 789 est.

238 805 321 841 quau
344 806 419 832 tum'
429 801 505 841 quia
518 801 722 841 operationes
745 801 844 841 ipsius
860 800 977 831 Christi
992 802 1097 831 statim
1112 801 1300 831 subsecutae
1409 801 1471 831 Sed
1495 802 1570 841 quia
1599 802 1678 832 haec
1701 802 1800 841 magis
1831 802 1970 845 divinare
1995 812 2093 842 quam
2123 802 2277 833 affirmare
2300 812 2415 842 possu-

237 843 424 877 marmur
442 845 576 881 sanitati.
593 850 629 876 et
638 854 707 876 non
729 844 926 885 aegritudini,
943 854 1020 875 nam
1040 845 1146 875 statim
1169 853 1300 884 surgens
1354 853 1436 880 muS‚
1460 845 1533 875 ideo
1557 845 1665 876 nullus
1682 846 1825 885 pertinax
1848 846 1881 876 in
1904 848 2033 886 propria
2048 848 2202 887 opinione
2225 847 2413 882 inveniatur,

237 889 278 920 ab
296 889 456 925 oratione,
476 894 512 919 ut
533 888 638 920 Lucas
662 889 704 920 ait
719 889 746 923 ὓ,
769 889 857 919 venit
879 888 920 919 ad
942 888 1126 928 discipulos,
1143 894 1179 919 ut
1201 889 1299 928 prius,
1354 889 1461 919 nullus
1485 888 1580 919 dubia
1603 899 1662 929 pro
1687 890 1778 919 certis
1801 889 1948 926 affirmet,
1973 890 2045 926 sed,
2069 892 2122 931 pie
2145 890 2335 926 dubitando,
2360 889 2414 922 de-

238 938 280 972 et.
296 929 454 965 allocutus
477 941 534 963 eos
556 932 596 964 de
618 933 734 972 vigilia,
751 938 822 968 etc„
838 933 1028 963 monstravit
1050 942 1084 962 se
1106 942 1174 962 non
1194 937 1298 962 muta·
1354 933 1521 965 votionem
1544 942 1634 963 suam
1657 939 1878 973 prosequatur.

237 981 308 1007 tum
331 985 348 1006 a
371 981 460 1007 tanto
484 976 621 1007 decursu
644 976 768 1007 sudoris
791 977 972 1016 sanguinei,
997 981 1033 1006 ut
1055 977 1216 1006 immutari
1246 975 1300 1006 de·
1411 976 1544 1007 Certum
1567 982 1684 1013 tamen,
1702 983 1733 1007 et
1754 977 1874 1017 absque
1898 978 2104 1009 haesitatione
2128 977 2268 1019 qualibet
2291 983 2415 1008 constat

237 1021 358 1050 buisset
371 1020 399 1051 si
414 1020 649 1060 aegritudinalis
664 1019 762 1050 sudor
784 1019 910 1050 fuisset:
926 1037 950 1042 —-
963 1019 1028 1056 ine,
1044 1021 1187 1060 inquam,
1204 1019 1302 1050 sudor
1357 1013 1473 1050 Christi
1497 1022 1684 1071 sanguinem
1707 1022 1975 1057 nutrimentalem,
1993 1023 2048 1062 qui
2072 1021 2186 1052 dicitur
2207 1023 2240 1052 in
2263 1027 2344 1051 terra
2366 1022 2415 1052 in-

238 1065 430 1104 sanguineus
453 1063 514 1094 fuit
536 1065 654 1095 humor
669 1065 861 1104 sanguineus
885 1064 989 1094 adhuc
1012 1062 1143 1099 crudusJ
1155 1065 1220 1094 hoc
1244 1069 1300 1099 est,
1355 1064 1471 1099 veniri,
1497 1065 1591 1094 etiarn
1615 1065 1640 1094 si
1663 1065 1696 1094 in
1719 1066 1866 1104 passione
1891 1065 2008 1095 effusus
2031 1067 2083 1102 sit,
2107 1076 2174 1096 non
2198 1075 2265 1096 esse
2289 1066 2415 1095 uniturn

237 1117 305 1138 non
328 1108 474 1138 redactus
504 1107 608 1138 adhuc
630 1107 771 1148 perfecte
793 1108 827 1138 in
850 1109 1038 1148 sanguinem
1068 1108 1124 1147 qui
1152 1117 1223 1148 pars
1255 1113 1302 1138 est
1356 1108 1462 1137 Verbo
1479 1108 1539 1137 Dei
1555 1109 1778 1147 personaliter:
1803 1110 1957 1148 quoniam
1979 1119 2146 1150 nunquam
2170 1109 2229 1140 fuit
2249 1115 2320 1140 actu
2343 1119 2415 1149 pars

237 1152 387 1182 hominis.
411 1151 452 1182 Et
467 1151 653 1182 huiusmodi
669 1151 785 1182 crudus
808 1152 926 1182 humor
939 1157 1072 1182 vocatur
1086 1152 1222 1193 sanguis
1243 1161 1302 1181 nu·
1356 1152 1517 1190 sanguinis
1541 1153 1596 1191 qui
1621 1157 1666 1182 est
1690 1152 1728 1182 de
1751 1154 1880 1183 veritate
1903 1154 2061 1183 humanae
2084 1159 2224 1183 naturae.

238 1195 440 1226 trimentalis.
465 1195 506 1226 Et
529 1196 693 1235 quoniam,
710 1201 746 1226 ut
761 1195 962 1235 Evangelista
977 1201 1117 1231 testatur,
1133 1201 1220 1226 tanta
1243 1194 1303 1227 fuit

1016 1329 1334 1372 ARTICULUS
1365 1330 1638 1381 QUARTUS

570 1422 729 1454 UTRUM
751 1421 921 1454 coapus
946 1421 1118 1454 CHRISTI
1142 1422 1238 1454 CUM
1262 1394 1566 1454 cICATmfflBus
1588 1423 1846 1455 RESURGERE
1870 1425 2088 1456 DEBUERIT

546 1500 577 1524 111
598 1499 680 1529 Sent„
700 1500 759 1526 dist.
778 1507 827 1531 xxr,
846 1507 891 1533 qu.
908 1507 936 1531 11,
957 1506 1003 1526 art.
1021 1507 1047 1532 4,
1066 1500 1117 1533 qu⁸
1138 1500 1167 1531 33
1189 1501 1333 1533 Compend.
1356 1501 1454 1531 Theol.‚
1474 1509 1528 1533 cap.
1548 1508 1690 1532 ccxxxvn1;
1710 1501 1739 1526 In
1761 1501 1844 1530 Ioan„
1864 1509 1919 1533 cap.
1938 1509 1977 1531 xx.
1997 1503 2055 1527 lect.
2073 1509 2108 1527 vr.

284 1600 336 1637 μὴ»,
359 1619 391 1662 T„
375 1610 397 1622 s
422 1607 425 1614 ,f
449 1594 472 1618 D
493 1593 664 1623 QUARTUM
684 1592 735 1617 Sic
755 1592 991 1617 Paocnm’run.
1015 1579 1176 1616 Videtur
1194 1580 1301 1628 quod
1355 1580 1512 1617 tricibus
1540 1593 1746 1617 resumere.
1787 1581 1917 1618 Primo
1946 1581 2125 1630 quidem,
2155 1590 2312 1631 propter
2338 1584 2417 1629 glo-

265 1613 426 1693 &aad
450 1646 592 1682 corpus
621 1633 760 1670 Christi
787 1645 880 1670 cum
907 1632 1144 1669 cicatricibus
1178 1645 1302 1670 resur·
1357 1633 1451 1669 riam
1473 1633 1591 1682 ipsius
1613 1633 1762 1670 Christi.
1784 1633 1884 1670 Dicit
1903 1634 2007 1671 enim
2026 1635 2142 1680 Beda,
2157 1647 2269 1684 super
2283 1635 2404 1671 Luc*

255 1668 338 1765 ἈΞ
316 1702 376 1730 «ν,
388 1672 538 1734 'figere
566 1698 647 1723 non
665 1685 851 1723 debuerit
881 1685 1029 1722 Dicitur
1051 1685 1189 1722 enimI
1213 1687 1300 1723 Cor.
1357 1686 1464 1735 quod
1492 1698 1572 1722 non
1601 1698 1647 1722 ex
1676 1686 1901 1735 impotentia
1928 1687 2087 1723 curandi
2116 1687 2305 1724 cicatrices
2342 1699 2417 1724 ser-

296 1708 438 1773 53⁴⁶)
407 1732 498 1776 &xv
516 1739 547 1786 ²¹⁶,
572 1739 679 1788 quod
707 1740 845 1776 mortui
863 1744 1057 1788 resurgent
1082 1740 1298 1798 incorrupti.
1355 1738 1470 1785 vavit,
1491 1739 1559 1775 sed
1587 1745 1625 1775 ut
1652 1741 1689 1775 in
1703 1745 1924 1788 perpetuum
1952 1741 2128 1776 victoriae
2146 1752 2235 1776 suae
2262 1742 2417 1776 circum-

242 1791 319 1828 Sed
347 1790 538 1828 cicatrices
557 1799 593 1828 et
611 1793 772 1828 vulnera
797 1791 846 1828 ad
866 1791 1060 1840 quandam
1091 1791 1302 1840 corruptio-
1346 1792 1453 1839 ferat
1489 1792 1726 1840 triumphum.
1765 1792 1876 1828 Unde
1905 1799 1940 1828 et
1968 1792 2203 1839 Augustinus
2241 1792 2349 1839 dicit,
2379 1793 2418 1829 in

240 1856 333 1882 nem
359 1844 550 1892 pertinent
578 1852 614 1881 et
641 1844 843 1881 desectum.
877 1845 970 1880 Non
998 1856 1087 1891 ergo
1115 1844 1185 1880 fuit
1212 1856 1302 1880 con·
1357 1845 1460 1880 XXII
1489 1844 1534 1880 de
1565 1845 1641 1880 Civ.
1672 1845 1745 1880 Dei
1761 1844 1792 1889 ²¹⁶,
1813 1845 1920 1892 quod
1938 1846 2112 1892 fortassis
2141 1846 2177 1881 in
2207 1845 2268 1881 illo
2298 1857 2417 1894 regno

240 1896 401 1934 veniens
420 1904 462 1933 ut
481 1896 666 1942 Christus,
687 1897 754 1945 qui
774 1896 1060 1933 resurrectionis
1084 1904 1218 1933 auctor
1236 1904 1302 1941 est,
1357 1898 1394 1932 in
1424 1897 1640 1945 corporibus
1668 1902 1880 1944 martyrum
1914 1897 2117 1933 uidebimus
2147 1897 2343 1934 vulnerum
2371 1899 2420 1934 ci-

240 1961 332 1987 cum
359 1949 594 1986 cicatricibus
623 1957 845 1997 resurgeret.
1338 1950 1510 1985 catrices
1538 1961 1633 1997 quae
1645 1961 1720 1998 pro
1744 1950 1880 1986 Christi
1906 1951 2055 1986 nomine
2068 1951 2317 1998 pertulerunt.-
2346 1963 2419 1987 non

295 2013 330 2039 2.
351 2003 592 2048 PRAETEREA,
622 2014 764 2051 corpus
793 2001 933 2039 Christi
960 2001 1151 2049 integrum
1180 2014 1303 2038 resur·
1358 2003 1456 2038 enim
1485 2002 1701 2048 deformitas
1729 2003 1765 2038 in
1786 2004 1847 2048 eis,
1866 2003 1932 2038 sed
1949 2003 2109 2051 dignitas
2137 2005 2204 2039 erit
2213 2017 2226 2046 ‚·
2253 2009 2286 2039 et
2314 2015 2420 2051 quae-

178 2070 196 2082 ··
241 2054 346 2100 rexit,
367 2055 463 2092 sicut
481 2054 627 2092 dictum
647 2063 702 2091 est
720 2055 750 2091 *.
782 2055 859 2092 Sed
878 2061 1077 2103 aperturae
1096 2055 1304 2090 vulnerum
1359 2055 1458 2100 dam,
1488 2055 1655 2102 quamvis
1682 2056 1719 2090 in
1749 2066 1917 2102 corpore,
1948 2067 2022 2091 non
2051 2057 2229 2103 corporis,
2258 2056 2323 2092 sed
2348 2057 2420 2093 vir-

241 2107 520 2144 contrariantur
556 2107 756 2155 integritati
792 2106 982 2155 corporis:
1021 2106 1112 2155 quia
1144 2118 1214 2155 per
1241 2119 1305 2143 eas
1358 2108 1440 2142 tutis
1464 2107 1699 2155 pulchritudo
1724 2107 1891 2156 fulgebit.

241 2159 547 2197 discontinuatur
577 2172 730 2209 corpus.
766 2160 859 2196 Non
888 2171 977 2207 ergo
1006 2158 1157 2195 videtur
1190 2158 1304 2195 fuisse
1410 2158 1613 2205 Secundo,
1642 2159 1691 2195 acl
1726 2159 2041 2196 confirmandum
2070 2160 2187 2196 corda
2215 2159 2420 2208 discipulo-

242 2212 477 2250 conveniens
513 2213 621 2262 quod
658 2212 697 2249 in
731 2212 870 2249 Christi
907 2223 1068 2260 corpore
1106 2219 1304 2260 aperturae
1360 2223 1448 2247 rum
1476 2211 1575 2247 circa
1590 2211 1712 2259 fidem
1740 2224 1830 2248 suae
1857 2214 2135 2248 resurrectionis
2152 2212 2182 2248 ²¹⁶.

241 2266 447 2302 vulnerum
478 2272 737 2302 remanerent:
767 2265 836 2301 etsi
855 2271 1097 2301 remanerent
1119 2263 1170 2300 ibi
1189 2276 1306 2313 quae·
1412 2263 1556 2307 Tertio⁷
1578 2270 1615 2300 ut
1633 2265 1747 2310 Patri,
1763 2276 1837 2313 pro
1857 2266 1960 2301 nobis
1987 2265 2209 2313 supplicans,
2225 2265 2338 2314 ,quale
2354 2277 2417 2314 ge-

242 2318 332 2355 dam
370 2319 578 2355 vulnerum
619 2317 799 2366 insignia,
839 2329 938 2366 quae
976 2316 1216 2354 sufficiebant
1257 2317 1305 2354 ad
1361 2329 1430 2353 nus
1443 2318 1572 2353 mortis
1580 2329 1654 2366 pro
1674 2318 1823 2353 homine
1835 2317 2038 2366 pertulerit,
2053 2329 2199 2366 semper
2213 2318 2375 2354 ostendat
2388 2317 2418 2354 *.

243 2378 453 2420 aspectum,
474 2371 523 2407 ad
542 2383 661 2419 quem
680 2371 856 2407 Thomas
882 2370 1051 2415 credidit,
1072 2369 1133 2406 cui
1159 2369 1322 2414 dictum>
1414 2369 1581 2415 Quarto,
1612 2375 1649 2405 ut
1675 2381 1743 2406 sua
1770 2375 1889 2406 morte
1916 2371 2111 2418 redemptis
2139 2382 2250 2418 quam
2278 2372 2419 2407 miseri-

243 2431 300 2460 est
316 2423 356 2460 *z
392 2424 489 2466 Quia
515 2424 636 2461 vidz'sli
653 2435 724 2469 me,
757 2425 793 2460 T
789 2424 914 2469 homa,
943 2423 1145 2462 credidisti.
1202 2435 1205 2437 ·
1235 2442 1249 2454 e
1294 2430 1322 2462 ’;
1358 2422 1522 2459 corditer<
1546 2423 1617 2459 sint
1635 2422 1760 2468 adiuti,
1774 2424 1972 2471 propositis
1991 2423 2150 2459 eiusdem
2172 2425 2300 2459 mortis
2328 2424 2419 2459 indi-

311 2475 346 2513 3.
375 2477 606 2523 PRAETEREA,
627 2477 893 2513 Damascenus
913 2474 1013 2523 dicit,
1034 2475 1074 2512 in
1093 2474 1157 2511 Ν
1158 2473 1304 2521 libro,
1273 2473 1295 2499 *·
1321 2496 1323 2498 ν
1349 2473 1435 2521 ciis,
1464 2476 1622 2520 insinuet
1639 2474 1669 2510 ²¹⁶.

243 2529 352 2578 quod
364 2535 449 2578 post
463 2530 769 2566 resurrectionem
788 2529 834 2565 de
851 2529 995 2565 Christo
1014 2528 1194 2570 dicuntur.
1196 2532 1353 2581 quae-
1394 2504 1627 2589 Postremo,
1647 2531 1687 2563 ut
1703 2529 1740 2563 in
1770 2528 1904 2563 iudicio
1933 2539 2043 2586 quam
2072 2529 2161 2564 iuste
2185 2528 2417 2573 damnentur,

244 2582 332 2619 dam
359 2594 446 2621 vere
473 2582 638 2631 quidem,
667 2594 740 2619 non
778 2587 900 2618 autem
921 2586 938 2602 ‘¹
965 2573 1174 2618 secundum
1202 2582 1324 2631 natu-¹}
1338 2568 1703 2629 ibidemannuntzet
1721 2585 1736 2607 Υ
1750 2579 1780 2616 *.
1808 2580 1930 2621 Unde
1951 2579 2046 2616 sicut
2065 2579 2299 2628 Augustinus
2318 2580 2418 2626 dicit,

245 2647 342 2680 ram,
369 2634 436 2672 sed
458 2635 661 2672 secundum
688 2635 1006 2684 dispensationem,
1027 2634 1078 2670 ad
1103 2634 1323 2681 εενίῇῖεαηῑῖ
1341 2639 1422 2673 m
1409 2632 1528 2669 libro
1557 2633 1602 2669 de
1620 2633 1796 2681 Symbolo
1815 2632 1854 2669 *ε
1885 2634 2027 2669 Sciebat
2049 2634 2211 2669 Christus
2239 2645 2354 2681 quare
2372 2634 2419 2669 ci-

245 2688 333 2725 dum
362 2687 461 2736 quod
486 2689 604 2737 ipsum
642 2688 741 2737 quod
760 2699 914 2736 passum
942 2692 993 2723 est
1019 2698 1154 2735 corpus
1188 2698 1306 2722 resur·
1360 2687 1513 2722 catrices
1541 2699 1577 2722 m
1605 2697 1672 2722 suo
1705 2697 1863 2735 corpore
1888 2691 2062 2722 servaret.
2099 2687 2197 2722 Sicut
2234 2687 2331 2721 enim
2360 2686 2419 2722 de-

245 2741 353 2786 rexit,
383 2747 421 2776 ut
447 2741 645 2777 cicatrices.
676 2740 856 2786 Cessante
884 2746 1014 2776 autem
1042 2751 1167 2785 causa,
1189 2746 1308 2775 cessat
1361 2740 1578 2776 monstravit
1596 2736 1608 2759 δ
1642 2739 1806 2775 Thomae
1839 2750 1912 2774 non
1950 2739 2114 2774 credenti
2147 2740 2218 2774 nisi
2252 2744 2421 2787 tangeret

246 2793 415 2830 effectus.
445 2793 547 2840 Ergo
566 2792 718 2830 videtur
745 2792 863 2842 quod,
885 2791 1096 2829 certificatis
1115 2791 1308 2840 discipulis
1362 2797 1394 2828 et
1421 2792 1573 2836 videret,
1603 2792 1652 2827 ita
1681 2792 1790 2827 etiam
1818 2792 1974 2826 inimicis
2001 2791 2156 2827 vulnera
2193 2791 2419 2827 demonstra-

246 2846 295 2883 de
323 2857 393 2883 sua
421 2844 709 2891 resurrectione,
738 2845 929 2883 cicatrices
948 2844 1105 2881 ulterius
1133 2856 1214 2881 non
1242 2845 1308 2881 ha·
1361 2850 1464 2880 turus
1501 2849 1551 2880 est
1586 2855 1672 2888 sua,
1707 2849 1744 2879 ut
1780 2844 2001 2879 convincens
2037 2855 2098 2879 eos
2129 2844 2269 2879 Veritas
2305 2843 2422 2880 dicat.-

245 2897 339 2935 buit.
369 2898 446 2936 Sed
464 2910 545 2935 non
573 2898 827 2935 conveniebat
845 2896 1140 2934 immutabilitati
1167 2896 1308 2945 gloriae
1366 2912 1384 2930 «
1406 2898 1504 2933 Ecce
1535 2897 1721 2932 hominem
1755 2907 1862 2944 quem
1898 2897 2140 2943 crucifixistis.
2178 2896 2309 2932 Videtis
2342 2896 2420 2933 vul-

247 2951 355 3001 quod
373 2950 518 3000 aliquid
537 2958 747 2988 assumeret
766 2950 873 3000 quod
892 2950 932 2987 in
952 2962 998 2987 eo
1018 2957 1308 2999 perpetuonon
1363 2961 1455 2986 nera
1484 2961 1578 2998 quae
1605 2949 1784 2995 infixistis.
1814 2949 2024 2997 Agnoscitis
2051 2948 2144 2984 latus
2176 2948 2275 2997 quod
2301 2961 2420 2997 pupu-

235 3004 472 3041 'remaneret
503 3003 664 3052 Videtur
681 3015 772 3052 ergo
791 3003 905 3052 quod
927 3015 1007 3041 non
1026 3002 1201 3040 debuerit
1226 3014 1308 3039 cor·
1361 3003 1474 3051 gistis.
1511 3002 1696 3043 Quoniam
1719 3013 1791 3049 per
1817 3013 1893 3046 νος,
1923 3006 1955 3036 et
1976 3006 2133 3049 propter
2159 3012 2224 3037 vos
2251 3006 2420 3048 apertum

247 3068 322 3106 pus
348 3068 440 3093 cum
467 3055 702 3093 cicatricibus
730 3056 768 3093 in
797 3055 1072 3092 resurrectione
1099 3067 1306 3092 resumere.
1363 3060 1432 3091 est.-
1460 3066 1527 3090 nec
1554 3059 1676 3089 tamen
1707 3055 1848 3089 intrare
1873 3053 2034 3089 voluistis
2056 3068 2089 3089 ».

304 3109 378 3146 Sao
399 3120 543 3146 CONTRA
564 3121 630 3146 Esr
653 3109 761 3158 quod
779 3108 972 3145 Dominus
1000 3107 1089 3145 dicit
1116 3109 1307 3153 Thomae,
1416 3107 1472 3142 AD
1493 3118 1626 3142 prunum
1655 3117 1752 3142 ERGO
1776 3117 1955 3142 DICENDUM
1984 3106 2090 3153 quod
2119 3105 2310 3142 cicatrices
2337 3105 2420 3142 illae

247 3162 352 3199 toan.
368 3173 416 3198 xx
433 3161 473 3198 *z
501 3161 610 3209 Infer
636 3161 792 3211 digitum
820 3167 923 3198 tuum
951 3162 1034 3207 huc,
1064 3167 1097 3197 et
1123 3160 1206 3198 vide
1232 3172 1308 3196 ma·
1363 3171 1462 3217 quae
1491 3158 1530 3194 in
1559 3169 1720 3206 corpore
1741 3157 1879 3194 Christi
1906 3165 2213 3206 permanserunt,
2233 3169 2313 3194 non
2336 3169 2421 3206 per-

249 3226 318 3252 nus
343 3225 458 3260 meast,
487 3219 520 3250 et
547 3213 645 3263 affer
670 3216 825 3251 manum
853 3220 955 3251 tuam
975 3219 1008 3250 et
1034 3215 1134 3250 mitte
1159 3214 1196 3249 in
1217 3213 1310 3249 latus
1362 3211 1482 3247 tinent
1501 3211 1549 3247 ad
1569 3210 1856 3258 corruptionem
1875 3211 1936 3246 vel
1955 3210 2164 3247 defectum:
2186 3210 2252 3247 sed
2273 3210 2320 3246 ad
2340 3222 2421 3247 ma-

248 3279 374 3304 meum
393 3264 418 3303 β.
1363 3263 1486 3300 iorem
1514 3263 1716 3299 cumulum
1744 3262 1902 3321 gloriae,
1932 3262 2161 3311 inquantum
2190 3270 2277 3300 sunt
2305 3275 2421 3311 quae-

301 3320 526 3357 Respommo
554 3331 735 3357 monimum
763 3319 870 3368 quod
889 3318 1124 3355 conveniens
1142 3317 1212 3354 fuit
1231 3316 1309 3353 ani·
1364 3316 1454 3352 dam
1468 3306 1628 3351 virtutis
1657 3314 1826 3362 insignia.
1858 3315 1904 3351 Et
1932 3314 1971 3351 in
1999 3314 2068 3351 illis
2096 3315 2187 3352 locis
2214 3316 2419 3352 vulnerum

250 3383 356 3409 marn
385 3370 524 3409 Christi
552 3371 591 3408 in
619 3371 894 3409 resurrectione
922 3383 1063 3419 corpus
1091 3382 1182 3406 cum
1214 3368 1310 3406 cica-
1364 3367 1523 3417 quidam
1552 3366 1722 3416 specialis
1741 3372 1753 3388 ⁵
1781 3367 1898 3404 decor
1925 3367 2133 3416 apparebit.

303 3482 330 3518 α)
349 3483 463 3516 quidem,
477 3491 528 3509 non
548 3484 713 3514 autem.—l;
732 3482 842 3516 quinon
856 3487 944 3508 autem
958 3483 1057 3512 ABCD,
1071 3482 1202 3513 quaedam
1221 3484 1322 3506 autem
1325 3480 1328 3483 '

251 3525 302 3543 non
323 3519 352 3548 E,
369 3519 499 3551 quaedam
520 3526 571 3544 non
586 3519 614 3551 F,
629 3526 696 3551 quae
715 3526 766 3544 non
785 3522 848 3544 sunt
866 3519 907 3544 ed.
921 3525 946 3548 a,
960 3525 1027 3550 quae
1046 3525 1097 3542 non
1116 3517 1208 3541 habuit
1227 3521 1309 3541 cetera

250 3554 332 3579 tertia.

303 3587 330 3622 β)
349 3595 443 3614 meum.
461 3603 480 3607 —
497 3593 524 3614 et
542 3589 599 3614 noli
615 3596 671 3614 esse
690 3589 843 3614 incredulus
860 3588 907 3613 sed
918 3587 1008 3621 fidelis
1027 3587 1124 3612 addunt
1144 3587 1182 3612 Pl.

390 3639 500 3664 Sumus
518 3639 619 3666 Tmou..
632 3640 663 3666 D.
682 3639 797 3664 Tnonas
816 3639 848 3665 T.
866 3639 930 3664 Vlll.
2246 3637 2278 3662 65

1416 3478 1443 3512 γ)
1461 3479 1611 3504 annuntiet.
1629 3493 1648 3497 —
1667 3479 1804 3503 denuntiet
1823 3479 1862 3503 ΡΙ.

1416 3514 1441 3547 δ)
1461 3514 1661 3539 demonstravit.
1677 3528 1698 3532 -
1716 3514 1866 3543 PEFsCG1;
1886 3514 2089 3540 demonstraret.

1417 3549 1440 3584 ε)
1459 3549 1589 3581 specialis.
1607 3563 1627 3567 —
1645 3549 1672 3573 la
1691 3554 1716 3574 et
1734 3549 1872 3580 editiones;
1891 3549 2047 3580 spiritualis.

2447 1639 2456 1647 ·
2463 1637 2656 1664 Exposit.1ib.V1,

2406 1664 2415 1682 7
2445 1664 2472 1684 ad
2481 1670 2656 1691 cap.xxiv,vers.

2445 1696 2484 1716 40·

2449 1851 2456 1859 ¹
2465 1850 2522 1877 Cap.
2529 1856 2577 1877 xlx,
2584 1850 2612 1871 al.
2620 1857 2657 1871 xx.

2448 2217 2458 2227 ⁸
2473 2216 2527 2238 Bed.
2543 2222 2587 2244 10c.
2606 2217 2643 2238 cit.

2449 2321 2458 2330 ⁴
2472 2319 2529 2340 lbid.

2449 2476 2531 2498 ‘lbid.

2450 2608 2530 2630 lbid.
2548 2584 2564 2608 γ

2447 2634 2526 2661 ’Lib.,
2537 2634 2565 2656 al.
2576 2634 2659 2661 serm„

2447 2661 2475 2685 11.
2491 2667 2517 2682 ca
2536 2677 2541 2681 .
2557 2667 2612 2686 vm,
2627 2661 2661 2682 ad

2449 2687 2519 2709 Catec
2536 2687 2661 2708 una-lmu-

2448 2714 2511 2741 Opp.
2526 2714 2588 2749 ΑΕΒ.
