2872 3970
139 376 231 408 fNurn.
240 376 354 406 praeced„

142 409 166 425 in
182 408 279 430 princip.

154 2577 165 2586 ⁸
178 2575 228 2596 Art.
248 2574 352 2602 praeced.

159 3367 168 3375 ⁸
184 3367 233 3387 Art.
251 3373 268 3387 ι.

159 3393 181 3402 “
196 3393 231 3414 Ct'.
247 3397 371 3413 num.vu¹.

388 302 457 328 102

439 370 477 400 11.
502 369 620 407 Quoad
644 368 822 400 secundum
837 369 870 404 ⁹,
896 368 1062 398 conclusio
1093 366 1277 406 responsiva
1304 364 1448 407 quaesito

385 420 431 444 est
454 415 528 444 ista:
558 413 691 444 Verbum
714 413 777 443 Dei
807 412 978 452 assumpsit
994 416 1107 452 partes
1129 411 1290 440 humanae
1313 413 1450 439 naturae

385 457 544 488 mediante
568 462 645 487 toto.
669 457 824 487 Probatur
845 456 1022 496 dupliciter.
1046 455 1164 489 Primo,
1182 453 1257 493 quia
1272 451 1450 482 secundum

386 501 532 532 ordinem
558 507 690 532 naturae
720 511 758 531 ex
788 506 876 541 parte
903 499 1089 530 intentionis
1120 497 1257 537 agentis,
1286 496 1374 536 prius
1405 500 1452 525 est

386 545 585 585 completum
601 555 698 585 quam
717 544 961 584 incompletum.
992 542 1032 573 Et
1049 545 1283 581 consequenter
1301 539 1389 580 prius
1405 543 1451 568 est

385 595 492 620 totum
516 599 614 630 quam
637 594 752 629 partes.

441 633 606 669 Secundo,
631 643 669 663 ex
692 631 999 672 proportionalitate.
1030 630 1119 660 Sicut
1142 628 1311 667 assumpsit
1334 635 1452 666 corpus

385 677 546 708 mediante
569 678 674 707 anima
698 677 773 716 quia
800 675 969 715 assumpsit
999 683 1116 714 corpus
1144 678 1276 713 propter
1306 670 1451 701 ordinem

387 730 485 761 quern
502 721 541 751 ad
556 721 695 751 animam
715 720 819 755 habet,
835 720 879 749 ita
894 718 1064 758 assumpsit
1078 722 1183 758 partes
1199 714 1358 746 mediante
1370 719 1451 749 toto,

387 766 463 805 quia
485 765 654 804 assumpsit
677 765 816 794 animam
840 769 871 793 et
894 771 1011 802 corpus
1034 766 1166 801 propter
1184 759 1331 790 ordinem
1355 766 1452 798 quem

386 809 505 839 habent
527 808 567 839 ad
589 809 764 839 humanam
787 813 943 838 naturam.

441 852 493 883 111.
518 852 580 883 Sed
592 857 765 883 occurrunt
780 852 831 881 hic
847 851 991 881 litteralia
1002 849 1104 880 multa
1115 846 1315 888 inquirenda.
1331 846 1453 882 Primo,

387 906 460 932 cur,
485 897 637 926 existente
661 901 791 926 naturae
815 894 927 925 ordine
958 893 1135 924 secundum
1163 891 1331 933 quodlibet
1351 899 1454 930 genus

386 949 510 976 causae,
534 939 681 970 ordinem
705 945 835 969 naturae
859 938 986 969 duobus
1011 946 1124 968 eorum
1148 931 1351 977 appropriat?

388 1006 396 1013 .
441 983 598 1018 Secundo,
624 993 680 1013 cur
701 982 847 1013 ordinem
862 988 994 1012 naturae
1018 991 1056 1012 ex
1071 986 1160 1021 parte
1175 979 1325 1010 materiae
1341 979 1375 1009 in
1389 977 1453 1008 hoc

385 1028 538 1068 mysterio
561 1027 686 1057 Auctor
707 1027 923 1067 pertransivit:
949 1035 1023 1056 cum
1046 1025 1134 1065 prius
1157 1029 1279 1059 natura,
1304 1032 1342 1053 ex
1364 1027 1454 1063 parte

386 1081 499 1102 causae
522 1071 708 1107 materialis,
732 1080 850 1110 corpus
873 1070 992 1101 Christi
1015 1069 1110 1100 fuerit
1133 1073 1329 1108 conceptum
1356 1076 1454 1107 quam

387 1113 583 1146 animatum?
604 1115 729 1145 Patiens
746 1115 831 1145 enim
848 1113 1118 1154 praesupponitur
1134 1113 1218 1143 actui
1234 1112 1291 1152 qui
1304 1112 1339 1142 in
1355 1120 1395 1142 eo
1407 1110 1452 1141 fit.

445 1159 564 1195 Tertio,
590 1169 646 1190 cur
668 1159 792 1190 Auctor
815 1159 849 1189 in
871 1159 935 1189 hoc
957 1158 1112 1199 mysterio
1137 1156 1176 1188 de
1199 1155 1308 1188 medio
1341 1165 1455 1186 secun-

387 1203 464 1234 dum
488 1208 618 1234 naturae
635 1202 780 1233 ordinem
805 1212 842 1233 ex
859 1207 948 1243 parte
965 1202 1085 1242 agentis
1108 1200 1287 1232 secundum
1308 1198 1454 1230 ordinem

387 1247 598 1288 operationis,
622 1245 848 1287 respondendo
871 1246 986 1276 tacuit:
1019 1254 1094 1276 cum
1116 1250 1242 1280 tamen,
1265 1245 1300 1275 in
1322 1252 1454 1284 respon-

387 1291 478 1322 sione
502 1291 542 1322 ad
564 1292 716 1331 primum,
739 1289 951 1330 postmodum
975 1289 1015 1320 de
1037 1289 1093 1320 illo
1116 1286 1249 1320 tractet?

443 1335 495 1366 IV.
519 1335 570 1365 Ad
588 1335 732 1375 primum
755 1334 871 1365 dicitur
886 1333 975 1374 quod
999 1334 1074 1374 quia
1089 1333 1170 1364 ordo
1186 1338 1317 1364 naturae
1341 1341 1455 1363 secun·

388 1379 466 1410 dum
489 1389 590 1419 genus
614 1388 727 1409 causae
751 1378 892 1409 formalis
908 1384 939 1409 et
957 1377 1060 1408 finalis
1075 1377 1236 1408 reducitur
1252 1376 1292 1407 ad
1307 1375 1454 1407 ordinem

386 1429 518 1454 naturae
542 1422 720 1454 secundum
741 1432 844 1462 genus
867 1431 980 1453 causae
1004 1422 1135 1461 agentis,
1159 1426 1313 1461 tanquam
1334 1420 1369 1451 in
1387 1429 1454 1460 quo

388 1467 502 1498 clarius
525 1467 654 1498 relucet.
680 1466 846 1504 Quoniam
862 1465 1040 1496 secundum
1060 1465 1207 1496 ordinem
1223 1464 1386 1505 agentium
1402 1473 1454 1494 or-

388 1511 537 1542 dinantur
561 1517 592 1541 et
614 1510 694 1541 fines
717 1511 962 1550 generationum
986 1515 1017 1539 et
1040 1509 1162 1539 formae
1185 1509 1380 1548 genitorum.
1416 1507 1457 1537 Et

387 1565 436 1586 res
459 1560 571 1585 natura
594 1555 716 1595 priores
738 1553 917 1584 secundum
941 1553 1088 1584 ordinem
1104 1552 1176 1583 finis
1195 1557 1250 1582 aut
1272 1551 1406 1588 formae,
1422 1552 1455 1581 in

387 1600 436 1630 his
459 1609 542 1639 quae
564 1598 657 1634 fiunt,
673 1604 748 1629 sunt
763 1598 956 1638 posteriores
971 1598 1004 1628 in
1021 1606 1107 1628 esse:
1132 1597 1287 1636 quoniam
1307 1601 1338 1626 et
1353 1595 1456 1626 forma

388 1650 419 1675 et
442 1643 524 1679 finis,
542 1648 664 1683 quanto
683 1643 815 1673 ulterior
838 1643 872 1672 in
887 1642 997 1682 aliquo
1014 1641 1137 1676 ordine,
1157 1645 1247 1671 tanto
1266 1640 1364 1680 prior,
1381 1640 1456 1680 quia

387 1686 569 1728 perfectior.
596 1687 660 1718 Res
683 1696 770 1723 vero,
794 1692 830 1716 ut
853 1691 928 1717 sunt
950 1692 1015 1716 tam
1037 1686 1071 1716 in
1093 1685 1244 1715 materiae
1267 1689 1456 1714 transmuta-

387 1732 477 1762 tione
508 1740 606 1771 quam
628 1731 661 1761 in
685 1731 863 1760 intentione
887 1735 942 1760 aut
966 1730 1156 1760 executione
1179 1728 1301 1769 agentis
1323 1728 1456 1768 priores,

388 1781 463 1806 sunt
487 1776 582 1805 etiam
605 1775 727 1815 priores
750 1773 930 1804 secundum
953 1783 1020 1804 esse
1045 1772 1177 1813 aliquod
1200 1772 1302 1802 reale:
1327 1772 1456 1807 scilicet,

388 1820 440 1850 vel
463 1818 641 1849 secundum
664 1819 766 1858 ipsam
789 1819 1002 1848 intentionem
1024 1826 1148 1852 eorum,
1173 1816 1255 1846 sicut
1277 1815 1395 1846 domus
1411 1822 1458 1846 est

388 1865 423 1894 in
445 1863 624 1894 intentione
649 1861 791 1898 artificis3
819 1862 870 1892 vel
894 1861 1072 1892 secundum
1095 1860 1186 1900 quod
1215 1861 1326 1890 saltem
1352 1860 1386 1890 in
1409 1860 1457 1890 in-

390 1908 504 1938 choata
527 1907 793 1937 transmutatione
811 1911 895 1940 sunt,
919 1906 1000 1936 sicut
1016 1905 1158 1935 alteratio
1182 1910 1229 1934 est
1251 1905 1339 1944 prior
1361 1914 1458 1944 gene-

389 1952 526 1987 ratione3
550 1950 601 1981 vel
625 1949 803 1980 secundum
827 1959 870 1986 se,
894 1955 931 1980 ut
954 1950 992 1980 ab
1016 1949 1092 1989 ipsis
1114 1948 1226 1988 incipit
1244 1949 1402 1985 executio,
1422 1954 1458 1979 ut

389 1995 637 2026 fundamentum
661 2000 707 2024 est
729 1994 816 2034 prius
840 1994 1022 2034 parietibus.
1057 1993 1173 2023 Merito
1204 1993 1299 2032 igitur
1326 1998 1457 2023 naturae

390 2039 536 2070 ordinem
560 2038 687 2069 duobus
703 2039 919 2078 appropriavit
942 2038 1065 2068 Auctor
1087 2036 1256 2077 generibus
1273 2045 1455 2067 causarum:

390 2084 466 2124 quia
489 2088 563 2113 sunt
585 2083 707 2123 priores
729 2083 763 2112 in
787 2092 870 2118 esse;
899 2088 969 2112 turn
994 2082 1068 2122 quia
1091 2081 1204 2111 clarius
1227 2081 1349 2111 relucet
1371 2082 1458 2120 prio-

389 2129 463 2158 ritas
486 2133 618 2157 naturae
645 2127 679 2157 in
700 2127 784 2163 istis;
814 2132 886 2157 tum
913 2126 988 2166 quia
1018 2125 1164 2166 prioritas
1194 2125 1347 2161 aliorum,
1372 2124 1458 2165 apud

389 2172 592 2213 generabilia,
617 2168 777 2201 reducitur
801 2170 840 2201 ad
863 2171 930 2201 ista.

445 2215 496 2246 Ad
521 2215 696 2246 secundum
727 2214 841 2245 dicitur
871 2214 960 2254 quod
990 2214 1024 2244 in
1051 2213 1204 2254 mysterio
1232 2213 1458 2244 incarnationis

390 2260 478 2291 nulla
501 2259 560 2290 fuit
582 2259 803 2290 transmutatio
827 2259 976 2289 materiae
1004 2258 1065 2288 nisi
1088 2258 1285 2287 instantanea
1308 2257 1457 2288 formatio

391 2304 534 2344 corporis
558 2304 596 2333 ab
620 2302 743 2333 infinita
765 2303 881 2333 virtute
902 2301 1038 2343 Spiritus
1062 2301 1178 2332 Sancti.
1203 2301 1245 2331 Et
1264 2301 1318 2331 illa
1339 2301 1458 2331 instan-

390 2354 484 2379 tanea
513 2347 663 2378 formatio
695 2347 839 2387 quamvis
869 2352 1000 2377 naturae
1029 2345 1141 2376 ordine
1164 2345 1252 2385 prior
1279 2345 1459 2377 secundum

390 2402 492 2433 genus
504 2401 618 2422 causae
633 2391 801 2422 materialis
817 2392 856 2421 sit
872 2400 970 2431 quam
985 2390 1110 2421 animae
1125 2389 1288 2420 rationalis
1303 2389 1459 2420 adventus

390 2437 424 2467 in
449 2445 534 2472 eam,
559 2436 634 2475 quia
657 2436 762 2466 anima
785 2435 946 2465 rationalis
969 2444 1037 2465 non
1061 2434 1173 2464 detulit
1197 2443 1307 2464 secum
1330 2443 1458 2474 corpus,

392 2480 448 2511 sed
471 2480 642 2520 supposuit
657 2489 775 2520 corpus
791 2480 979 2520 organicum
1000 2479 1034 2509 in
1055 2488 1122 2518 quo
1138 2478 1342 2518 reciperetur,
1368 2479 1459 2508 cuius

393 2530 474 2555 esset
495 2530 594 2560 actus,
617 2525 651 2554 in
668 2533 734 2563 quo
751 2523 856 2554 fieret:
882 2523 957 2564 quia
972 2528 1079 2553 tamen
1094 2522 1127 2552 in
1142 2522 1198 2552 illo
1214 2522 1313 2562 priori
1327 2527 1458 2553 naturae

391 2579 459 2600 non
476 2574 541 2598 erat
564 2567 799 2607 assumpfibilis,
824 2573 860 2598 ut
880 2576 918 2597 ex
934 2566 1025 2597 dictis
1040 2566 1058 2585 *
1079 2571 1176 2606 patet,
1197 2566 1272 2606 quia
1287 2567 1459 2596 constituta

392 2618 439 2644 est
461 2613 495 2642 in
519 2621 587 2643 esse
611 2612 822 2651 assumptibili
844 2621 902 2651 per
924 2620 993 2641 esse
1016 2611 1208 2647 animatum
1231 2610 1305 2640 ideo
1324 2610 1458 2646 Auctor,

391 2658 530 2697 loquens
553 2657 605 2686 hic
629 2655 668 2686 de
684 2656 790 2696 priore
814 2661 845 2686 et
868 2655 1046 2695 posteriore
1070 2654 1249 2685 secundum
1263 2659 1411 2685 naturam
1425 2655 1459 2685 in

392 2701 503 2732 ordine
528 2700 567 2730 ad
590 2700 854 2739 assumptionem,
877 2699 956 2729 nihil
979 2698 1019 2729 de
1042 2698 1206 2738 prioritate
1231 2708 1268 2728 ex
1286 2703 1376 2738 parte
1391 2708 1459 2728 ma-

391 2746 497 2780 teriae,
522 2749 635 2784 utpote
660 2750 744 2774 extra
768 2743 914 2774 ordinem
938 2742 976 2773 ad
1000 2743 1263 2782 assumptionem,
1288 2741 1378 2779 dixit,
1403 2742 1459 2773 sed

391 2796 545 2829 tanquam
568 2789 827 2828 impertinentem
851 2787 890 2818 ad
913 2787 1117 2827 propositum
1140 2786 1267 2817 dimisit.

447 2833 498 2863 Ad
522 2833 650 2863 tertium
674 2831 788 2862 dicitur
811 2831 900 2871 quod
923 2831 957 2861 in
980 2836 1133 2871 promptu
1157 2840 1252 2861 causa
1275 2836 1322 2861 est
1349 2840 1458 2871 quare,

392 2876 617 2917 respondendo
642 2877 804 2916 quaesito,
835 2876 935 2906 tacuit
962 2875 1109 2906 ordinem
1139 2875 1352 2905 executionis:
1384 2875 1459 2915 quia

387 2921 512 2951 'scilicet
541 2919 803 2961 respondendum
828 2925 874 2950 est
905 2920 1049 2960 quaesito
1073 2919 1258 2959 simpliciter
1288 2918 1327 2949 de
1350 2918 1458 2950 medio

394 2965 587 3004 simpliciter,
612 2970 643 2995 et
665 2974 733 2995 non
757 2964 796 2995 de
815 2963 923 2995 medio
947 2962 1126 2994 secundum
1142 2963 1236 3003 quid;
1261 2973 1297 2993 ac
1312 2972 1369 3003 per
1383 2963 1457 2999 hoc,

394 3009 433 3039 de
449 3008 557 3039 medio
581 3008 759 3039 secundum
776 3008 922 3039 ordinem
938 3007 1131 3048 simpliciter,
1149 3012 1180 3037 et
1197 3017 1265 3038 non
1281 3006 1459 3038 secundum

395 3052 540 3083 ordinem
563 3052 741 3083 secundum
761 3051 848 3092 quid.
874 3051 967 3083 Unde
987 3052 1102 3082 merito
1121 3050 1265 3082 medium
1281 3050 1459 3082 secundum

395 3096 472 3137 quid
487 3097 656 3127 reservavit
671 3096 934 3136 responsionibus
949 3101 1222 3136 argumentorum,
1242 3095 1346 3126 soluta
1361 3105 1458 3136 quae-

395 3141 498 3171 stione
523 3140 562 3171 de
585 3140 778 3170 mediatione
802 3140 986 3179 simpliciter
1010 3145 1041 3170 et
1063 3139 1218 3171 absolute.

449 3185 488 3215 V.
514 3184 550 3214 In
573 3183 689 3214 eodem
713 3183 857 3219 articulo,
881 3184 915 3213 in
937 3184 1147 3223 responsione
1170 3183 1210 3214 ad
1232 3184 1383 3224 primum,
1400 3182 1458 3214 du-

395 3229 486 3259 bium
502 3227 640 3258 occurrit
653 3237 690 3257 ex
702 3227 800 3257 Scoto
815 3232 845 3257 et
857 3227 1010 3258 Durando
1030 3228 1244 3267 arguentibus,
1257 3228 1291 3258 in
1307 3228 1349 3258 111
1360 3227 1458 3263 Sent„

397 3272 466 3302 dist.
483 3282 515 3308 11,
540 3276 651 3302 contra
673 3270 755 3301 hanc
780 3269 973 3300 doctrinam:
999 3271 1087 3310 quod
1110 3271 1229 3302 scilicet
1251 3281 1320 3302 non
1339 3281 1459 3303 assum-

396 3316 494 3355 pserit
522 3320 628 3346 totum
659 3314 872 3345 mediantibus
904 3314 1054 3354 partibus.
1093 3315 1207 3355 Arguit
1238 3325 1314 3356 ergo
1345 3316 1459 3347 Scotus

397 3359 512 3399 primo,
525 3359 558 3389 in
575 3368 629 3398 qu.
642 3368 664 3388 n
679 3359 706 3392 ἦ
723 3357 767 3388 sic
783 3358 827 3387 st.
855 3357 962 3388 Primo
979 3363 1177 3397 assumptum
1193 3369 1260 3390 non
1279 3365 1326 3390 est
1348 3365 1460 3394 natura

398 3404 546 3438 humana,
571 3401 626 3433 sed
649 3411 721 3442 pars
744 3411 800 3432 seu
824 3406 928 3442 partes
949 3400 1026 3431 eius.
1051 3401 1135 3440 Ergo
1152 3412 1315 3434 assumens
1330 3413 1398 3434 non
1413 3410 1461 3434 est

398 3446 503 3486 primo
527 3446 639 3476 homo.

454 3489 494 3519 Et
519 3489 734 3520 confirmatur.
759 3489 845 3527 Quia
867 3488 949 3519 sicut
971 3488 1004 3518 in
1027 3488 1155 3518 instanti
1179 3491 1404 3529 assumptionis
1427 3500 1459 3521 se

400 3533 509 3563 habuit
534 3533 572 3563 ad
596 3539 700 3563 totum
725 3538 755 3563 et
778 3538 896 3573 partes,
919 3533 962 3562 ita
987 3537 1017 3562 et
1039 3531 1150 3562 modo.
1188 3532 1283 3571 Igitur
1306 3539 1337 3563 et
1359 3533 1459 3566 modo

400 3586 466 3606 non
491 3583 536 3606 est
568 3577 671 3616 primo
700 3577 819 3611 homo,
850 3576 930 3607 sicut
961 3575 1106 3606 Socrates
1137 3581 1183 3606 est
1213 3577 1318 3615 primo
1348 3577 1459 3608 homo.

400 3620 499 3657 Quod
522 3619 645 3650 videtur
668 3620 906 3650 inconveniens.

1100 285 1363 335 QUAESTIO
1391 285 1460 331 VI,
1491 282 1782 322 ARTICULUS
1808 285 1846 323 V

1559 363 1726 402 Amplius,
1749 362 1876 394 videtur
1897 363 1989 404 sequi
2020 362 2110 403 quod
2133 362 2278 393 Christus
2303 371 2370 393 non
2393 362 2432 393 sit
2454 362 2565 393 homo.

1504 407 1669 437 Probatur.
1700 406 1786 445 Quia
1809 407 2028 438 denominatio
2044 417 2062 436 a
2084 412 2173 447 parte
2196 406 2246 436 vel
2268 407 2409 446 partibus
2431 415 2500 437 non
2515 405 2568 436 dat

1506 449 1803 482 denominationem
1826 461 1845 482 a
1867 457 1948 482 toto.

1560 493 1735 538 Praeterea,
1758 501 1890 536 propter
1905 494 1984 526 duas
1999 495 2136 527 uniones
2151 494 2248 529 Verbi
2263 493 2304 524 ad
2318 498 2422 535 partes
2436 499 2567 534 naturae

1505 538 1666 568 humanae
1688 546 1756 568 non
1780 542 1827 569 est
1848 539 1960 569 homo.
1988 538 2074 579 Ergo
2098 539 2272 579 requiritur
2290 538 2397 574 tertia,
2424 541 2506 578 quae
2529 537 2568 568 sit

1505 581 1606 612 totius
1628 582 1750 622 primo,
1780 587 1912 623 propter
1935 591 2034 622 quam
2059 583 2184 613 tertiam
2207 582 2351 612 Verbum
2380 586 2427 612 est
2454 581 2566 612 homo.

1507 624 1570 656 Sed
1599 625 1658 656 ista
1687 625 1804 657 sufficit
1831 627 1900 657 sine
1927 626 1995 656 aliis
2021 626 2155 657 duabus.
2190 626 2288 666 Igitur
2316 626 2388 656 illae
2412 625 2494 656 duae
2516 634 2568 656 su-

1506 669 1679 709 perfluunt.

1562 712 1703 744 Demum
1726 714 1841 754 probat
1860 714 2019 745 ostensive
2034 715 2052 731 ·
2074 713 2164 754 quod
2178 720 2290 745 natura
2304 717 2372 751 tota
2395 718 2444 745 est
2463 713 2569 755 primo

1507 758 1575 801 sine
1596 757 1706 788 medio
1729 762 1901 798 assumpta.
1935 757 2035 796 Quod
2058 762 2106 788 est
2127 758 2162 788 in
2183 767 2217 788 se
2239 759 2347 798 primo
2369 754 2571 798 personabile

1507 801 1533 832 si
1556 801 1614 832 sibi
1639 801 1858 838 dimitteretur,
1881 802 1946 833 hoc
1962 803 1997 832 in
2012 802 2076 835 alio
2099 802 2204 842 primo
2227 806 2418 842 personatur
2439 800 2570 842 quando

1507 846 1687 877 assumitur.
1723 845 1786 877 Sed
1808 851 1876 886 tota
1898 851 2026 882 natura,
2057 851 2090 876 et
2115 855 2183 876 non
2205 854 2286 886 pars
2298 846 2353 876 vel
2373 840 2495 889 partes,
2525 850 2572 876 est

1506 889 1612 930 primo
1637 895 1668 921 et
1690 889 1872 921 immediate
1899 890 1963 920 hoc
1988 889 2089 920 modo
2116 890 2325 930 personabilis
2350 889 2440 921 inse
2463 890 2490 921 si
2512 889 2572 920 sibi

1508 933 1692 964 dimittatur.
1723 933 1819 974 Ergo.
1843 951 1866 956 —
1888 933 2043 964 Probatur
2064 934 2176 964 maior.
2201 932 2297 973 'Quia
2323 934 2358 964 in
2381 932 2497 966 eodem
2523 933 2572 964 in-

1508 978 1602 1008 stanti
1624 982 1755 1008 naturae
1777 978 1811 1008 in
1835 986 1902 1018 quo
1925 977 1958 1007 in
1981 987 2015 1008 se
2037 982 2262 1018 personaretur
2282 978 2310 1008 si
2324 977 2383 1008 sibi
2399 976 2572 1008 dimittere-

1507 1028 1572 1058 tur,
1596 1027 1785 1062 personatur
1807 1022 1840 1052 in
1864 1021 1926 1052 alio
1949 1021 2000 1052 vel
2024 1021 2063 1052 ab
2086 1021 2166 1052 alio:
2198 1022 2274 1061 quia
2294 1021 2374 1052 nihil
2398 1026 2471 1052 ante
2491 1021 2572 1052 illud

1506 1067 1627 1099 instans
1651 1071 1697 1097 est
1718 1071 1831 1097 natum
1854 1066 1982 1102 assumi,
2007 1065 2083 1106 quia
2105 1074 2173 1096 non
2194 1066 2283 1105 prius
2306 1064 2367 1096 fuit
2381 1064 2572 1098 naturasin-

1507 1111 1639 1151 gularis;
1664 1119 1724 1141 nec
1747 1115 1821 1151 post
1843 1109 1924 1140 illud
1946 1110 2065 1141 instans
2087 1110 2268 1146 assumitur,
2292 1109 2368 1149 quia
2390 1114 2468 1141 tunc
2491 1114 2574 1150 esset

1507 1164 1645 1195 persona
1668 1155 1701 1185 in
1725 1164 1768 1185 se.
1791 1172 1814 1176 —
1838 1153 1946 1184 Minor
1967 1153 2129 1194 probatur.
2155 1153 2240 1191 Quia
2262 1153 2296 1184 in
2313 1151 2428 1184 eodem
2444 1153 2574 1194 instanti

1507 1204 1638 1230 naturae
1662 1199 1695 1229 in
1720 1207 1786 1239 quo
1810 1203 1915 1238 partes
1936 1197 2133 1238 praecedunt
2155 1203 2272 1234 totum,
2295 1202 2408 1228 neutra
2429 1198 2504 1228 nata
2527 1197 2574 1228 est

1508 1252 1576 1274 esse
1599 1251 1753 1283 persona,
1785 1241 1840 1272 sed
1862 1246 1940 1272 tunc
1963 1241 2069 1282 primo
2100 1241 2230 1282 quando
2255 1250 2294 1272 ex
2313 1241 2382 1271 istis
2405 1241 2503 1272 unitis
2527 1246 2574 1271 est

1507 1292 1574 1318 tota
1596 1292 1726 1317 natura:
1751 1287 1827 1327 quia
1849 1290 1927 1316 tunc
1948 1286 2018 1326 ipsa
2039 1290 2106 1317 tota
2129 1291 2176 1317 est
2197 1295 2336 1326 persona
2353 1285 2388 1315 in
2403 1294 2447 1322 se,
2464 1285 2491 1316 si
2502 1287 2573 1320 noi

1506 1330 1700 1371 impediatur
1722 1331 1760 1361 ab
1785 1334 1976 1362 assumente.
2535 1345 2549 1354 w

1562 1375 1615 1406 Vl.
1640 1374 1811 1406 Durandus
1833 1379 1960 1411 autem,
1987 1375 2021 1406 in
2045 1375 2234 1415 quaestione
2259 1382 2394 1415 quoque
2415 1372 2572 1415 secunda,

1507 1420 1610 1460 arguit
1639 1418 1808 1460 dupliciter
1825 1419 1856 1455 ⁴,
1888 1417 2080 1458 destruendo
2106 1419 2244 1450 totaliter
2270 1417 2416 1449 ordinem
2441 1422 2573 1461 natutae

1507 1465 1541 1494 in
1565 1463 1784 1503 assumptione
1807 1463 1906 1493 totius
1930 1467 1961 1493 et
1982 1463 2131 1504 partium.
2166 1462 2290 1499 Primo,
2315 1462 2391 1502 quia
2412 1465 2519 1492 totum
2542 1466 2575 1503 et

1507 1513 1612 1548 partes
1645 1507 1753 1538 unitae
1787 1507 1844 1547 (sic
1878 1506 1965 1537 enim
1997 1512 2177 1547 assumptae
2209 1506 2296 1546 sunt)
2329 1506 2464 1536 omnino
2500 1510 2575 1536 sunt

1507 1551 1594 1582 idem
1617 1559 1661 1582 re.
2510 1567 2511 1570 =

1564 1594 1726 1631 Secundo,
1751 1595 1827 1635 quia
1849 1595 2026 1634 assumptio
2049 1603 2114 1625 una
2137 1599 2184 1625 est
2207 1594 2303 1625 unius
2319 1593 2360 1624 ad
2374 1603 2487 1624 unum.
2511 1589 2576 1624 sed

1509 1640 1686 1680 assumptio
1714 1639 1874 1670 humanae
1901 1643 2033 1671 naturae
2061 1644 2108 1669 est
2131 1648 2196 1669 una
2222 1637 2262 1668 ad
2284 1647 2403 1668 unum:
2438 1637 2523 1678 quia(
2534 1636 2577 1676 nd

1509 1683 1768 1724 personalitatem
1784 1683 1867 1714 Filii.
1891 1682 1976 1723 Ergo
2001 1686 2048 1713 est
2070 1683 2176 1718 unius,
2200 1682 2320 1713 scilicet
2341 1687 2474 1713 naturae
2495 1681 2577 1722 inte-

1508 1737 1583 1768 grae
1606 1737 1644 1758 ex
1668 1727 1732 1757 suis
1755 1727 1914 1768 partibus:
1940 1731 2065 1758 constat
2088 1725 2175 1757 enim
2198 1735 2270 1756 eam
2286 1735 2354 1756 esse
2369 1721 2576 1768 assumptam.

1510 1772 1596 1811 Ergo
1619 1777 1684 1801 tam
1707 1776 1820 1802 natura
1851 1779 1949 1811 quam
1971 1775 2076 1812 partes
2103 1775 2178 1801 sunt
2201 1775 2382 1810 assumptae
2403 1774 2440 1800 ut
2461 1768 2532 1800 unu
2563 1791 2576 1807 Α.
2608 1772 2612 1775 ’

1509 1815 1586 1846 Non
1609 1820 1656 1845 est
1678 1815 1774 1854 igitur
1797 1814 1877 1846 ordo
1901 1814 1994 1845 realis
2016 1815 2098 1846 inter
2113 1819 2219 1845 totum
2238 1819 2270 1844 et
2284 1818 2388 1854 partes
2406 1814 2440 1844 in
2455 1778 2578 1844 358ῦῇ-

1510 1860 1632 1900 ptione.
2483 1867 2499 1871 ·’

1564 1903 1632 1934 VII.
1656 1902 1708 1934 Ad
1732 1902 1925 1934 evidentiam
1947 1902 2117 1943 positionis
2149 1911 2231 1943 quae
2253 1902 2287 1932 in
2309 1902 2370 1932 hac
2392 1901 2503 1938 littera„
2522 1907 2577 1933 ex·-

1509 1947 1656 1988 plicatur,
1680 1946 1847 1978 sciendum
1871 1951 1918 1977 est
1941 1945 2031 1986 quod
2053 1945 2134 1977 ordo
2159 1946 2365 1987 operationis,
2388 1955 2446 1976 seu
2462 1954 2577 1983 execu-

1510 1992 1625 2027 tionis,
1657 1990 1769 2021 eadem
1800 1996 1831 2021 et
1853 1989 1970 2021 eodem
1992 1988 2092 2021 modo
2122 1990 2307 2030 intelligitur
2332 1989 2449 2020 habere
2471 1984 2578 2030 media

1512 2036 1537 2065 si
1561 2041 1608 2066 est
1631 2034 1809 2066 secundum
1831 2038 1977 2065 naturam
1997 2039 2133 2071 tantum,
2158 2039 2190 2065 et
2205 2034 2231 2064 si
2246 2039 2293 2064 est
2308 2030 2577 2074 secundum‘pro'-

1510 2089 1654 2119 gressum
1678 2079 1913 2119 operationum.
1937 2079 2035 2109 Verbi
2057 2079 2172 2118 gratia,
2197 2077 2329 2114 domus,
2354 2078 2420 2108 sive
2442 2076 2579 2119 flavii&-

1511 2124 1628 2154 multas
1652 2123 1865 2163 operationes,
1889 2128 1925 2153 ut
1940 2122 1979 2154 ab
1996 2128 2061 2154 arte
2079 2123 2258 2154 successive
2272 2121 2325 2158 fit;
2349 2123 2415 2163 sive
2437 2121 2494 2153 fiat
2505 2127 2578 2153 ztota

1512 2167 1607 2198 simul
1631 2177 1649 2198 a
1667 2167 1755 2204 De03
1781 2166 1894 2198 eadem
1908 2166 2014 2198 media
2032 2166 2210 2207 pertransit,
2226 2171 2305 2206 puta
2321 2165 2578 2206 fundamentum,

1511 2212 1657 2252 parietes,
1682 2216 1820 2248 tectum;
1845 2216 1876 2241 et
1899 2211 2042 2242 similiter
2065 2210 2183 2241 eodem
2196 2210 2308 2244 modo,
2332 2210 2396 2240 hoc
2415 2214 2472 2246 est,
2485 2209 2579 2256 quo-d

1513 2255 1680 2296 quodlibet
1703 2265 1817 2286 eorum
1842 2260 1888 2285 est
1914 2260 1950 2285 ut
1971 2253 2115 2285 medium
2139 2253 2235 2296 quod.
2269 2254 2353 2284 Nam
2381 2249 2478 2295 sicut,
2507 2251 2579 2300 {stid-

1512 2300 1631 2330 cessive
1655 2298 1830 2342 operando,
1854 2299 1942 2339 prius
1965 2304 2110 2339 tempore
2125 2297 2162 2329 fit
2177 2295 2475 2329 fundamentum'ut
2489 2289 2580 2340 q‘utffl

1511 2344 1659 2384 partiale;
1685 2349 1716 2374 et
1738 2343 1899 2374 mediante
1916 2342 2127 2373 fundamento
2141 2341 2179 2373 fit
2196 2343 2310 2383 paries,
2327 2342 2422 2372 etiam
2437 2347 2474 2372 ut
2489 2337 2579 2385 quod

1511 2388 1661 2428 partiale;
1686 2394 1717 2418 et
1739 2393 1853 2428 postea
1874 2392 2007 2423 tectum,
2030 2392 2067 2418 ut
2089 2386 2179 2427 quod
2200 2382 2348 2427 partiale3
2373 2391 2406 2416 et
2427 2381 2580 2419 omnibns

1511 2432 1726 2464 mediantibus
1748 2437 1785 2462 ut
1800 2431 1890 2472 quod
1905 2430 2098 2472 partialibus,
2121 2429 2159 2461 fit
2173 2429 2292 2469 domus
2305 2435 2343 2460 ut
2357 2428 2446 2470 quod
2461 2428 2576 2469 totale:

1511 2478 1564 2512 ita,
1589 2476 1684 2507 simul
1708 2476 1817 2507 omnia
1840 2474 2016 2515 operando,
2040 2474 2183 2515 operafio
2199 2474 2252 2505 illa
2273 2474 2362 2514 prius
2383 2479 2509 2513 natura,
2529 2482 2578 2514 se-

1513 2520 1657 2551 cundum
1681 2519 1877 2550 executionis
1900 2518 2057 2554 ordinem,
2081 2518 2234 2558 attingere
2257 2517 2442 2558 intelligitur
2464 2508 2586 2557 funda--

1513 2570 1670 2600 mentum,
1694 2569 1725 2594 et
1747 2569 1860 2604 postea
1882 2563 2045 2602 parietem,
2062 2567 2133 2598 etc„
2158 2567 2194 2592 ut
2216 2561 2338 2592 dictum
2358 2567 2414 2592 est.
2438 2561 2580 2593 Haberet

1513 2610 1599 2639 enim
1623 2609 1768 2648 operatio
1791 2607 1845 2638 illa
1866 2607 1962 2637 unica
1990 2615 2094 2636 unum
2122 2615 2180 2646 per
2206 2615 2240 2637 se
2269 2606 2375 2646 primo
2403 2605 2578 2637 terminum

1513 2653 1624 2684 ordine
1648 2652 1845 2687 intentionis,
1869 2650 1988 2681 scilicet
2003 2655 2119 2686 totum,
2144 2651 2200 2690 qui
2216 2655 2298 2681 esset
2316 2650 2448 2681 ultimus
2466 2649 2578 2680 ordine

1513 2697 1724 2732 executionis;
1741 2702 1772 2726 et
1787 2695 1906 2726 multos
1922 2694 2068 2735 partiales
2082 2695 2237 2725 terminos
2253 2693 2365 2725 ordine
2381 2693 2579 2725 executionis

1512 2742 1650 2782 priores,
1675 2750 1742 2770 uno
1765 2749 1822 2780 per
1845 2749 1878 2769 se
1902 2739 2006 2778 primo
2022 2739 2154 2769 -intento
2178 2735 2331 2781 terminos,
2355 2737 2474 2769 scilicet
2494 2742 2576 2768 toto.

1568 2785 1678 2816 Simile
1701 2784 1787 2815 enim
1811 2782 1890 2823 quid
1912 2782 2027 2813 accidit
2048 2783 2082 2813 in
2104 2783 2257 2823 mysterio
2281 2782 2520 2818 incarnationis,
2542 2781 2577 2812 in

1513 2839 1580 2870 quo
1605 2829 1699 2859 simul
1722 2833 1789 2858 tota
1811 2833 1924 2857 natura
1947 2832 1978 2857 et
2002 2836 2114 2857 omnes
2137 2832 2242 2867 partes
2265 2827 2333 2858 eius
2356 2825 2457 2857 factae
2480 2826 2512 2856 e't
2529 2835 2576 2856 as-

1513 2878 1659 2914 sumptae
1682 2877 1772 2903 sunt:
1797 2872 1857 2902 nisi
1881 2870 1981 2911 quod,
2006 2870 2045 2901 ad
2068 2871 2323 2911 assumptionem
2344 2869 2577 2917 referendwto-

1512 2923 1583 2948 tum
1607 2922 1638 2948 et
1661 2922 1781 2957 partes,
1809 2925 1877 2946 non
1900 2915 2059 2946 invenitur
2082 2915 2162 2946 ordo
2185 2915 2268 2946 inter
2289 2919 2392 2956 partes
2415 2914 2466 2954 (ut
2486 2918 2577 2954 prae-

1513 2961 1636 2992 dictum
1659 2966 1706 2991 est
1720 2960 1750 3000 *)
1774 2959 1818 2990 sic
1842 2964 1878 2990 ut
1892 2969 1958 2990 una
1975 2959 2063 2999 prius
2078 2965 2191 2990 natura
2205 2962 2368 3000 assumpta
2382 2958 2422 2989 sit
2431 2962 2472 2991 xut
2487 2957 2576 2998 quod

1513 3015 1611 3046 quarn
1635 3005 1741 3039 altera,
1765 3004 1841 3044 quia
1864 3003 1958 3034 simul
1981 3009 2095 3034 natura
2117 3003 2222 3034 anima
2235 3008 2270 3034 et
2283 3011 2401 3043 corpus
2415 3006 2577 3042 assumpta

1513 3055 1596 3081 sunt.
1625 3048 1688 3080 Sed
1711 3049 1793 3079 bene
1816 3048 1976 3078 invenitur
1998 3048 2068 3078 talis
2091 3047 2172 3079 ordo
2198 3048 2282 3080 inter
2301 3051 2407 3088 partes
2427 3045 2522 3077 simul
2545 3051 2577 3076 et

1512 3099 1632 3125 totum:
1653 3092 1742 3133 quod
1761 3092 1890 3128 scilicet,
1906 3091 2086 3123 secundum
2102 3091 2299 3125 executionis
2313 3089 2469 3125 ordinem,
2489 3089 2576 3130 prius

1512 3143 1625 3169 natura
1647 3137 1814 3168 terminata
1837 3141 1884 3166 est
1905 3136 2081 3176 assumptio
2109 3133 2149 3166 ad
2171 3140 2276 3176 partes
2296 3133 2408 3170 simul,
2431 3133 2495 3164 hoe
2518 3138 2574 3169 est,

1513 3183 1653 3213 animam
1677 3187 1708 3212 et
1724 3189 1852 3220 corpus,
1876 3185 1912 3210 ut
1934 3180 2089 3215 terminos
2111 3178 2267 3220 partiales,
2291 3185 2388 3218 quam
2403 3176 2443 3208 ad
2458 3182 2574 3214 totum,

1513 3226 1553 3257 ad
1576 3224 1665 3266 quod
1689 3225 1803 3265 primo,
1828 3229 1863 3255 ut
1886 3224 1991 3264 primo
2006 3224 2176 3259 intentum,
2198 3219 2314 3253 ultimo
2324 3221 2495 3255 ,terminata
2511 3227 2574 3258 est;

1514 3276 1545 3301 et
1568 3270 1691 3301 ratione
1712 3269 1808 3300 huius
1834 3268 1939 3309 primo
1963 3268 2010 3299 int
2029 3268 2093 3303 nti,
2123 3266 2290 3301 terminata
2315 3265 2575 3305 praeintelligitur

1514 3314 1554 3345 ad
1583 3319 1707 3354 partes;
1739 3313 1820 3343 sicut
1850 3313 1972 3343 ratione
2002 3277 2119 3345 titurius
2146 3309 2313 3341 terminata
2343 3309 2574 3350 praeintellige-

1514 3364 1599 3390 retur
1629 3357 1746 3388 creatio
1777 3356 1894 3388 domus
1924 3354 1964 3386 ad
1993 3359 2098 3395 partes
2127 3353 2213 3390 eius,
2243 3362 2282 3384 ex
2304 3352 2422 3393 quibus
2451 3358 2574 3384 constat

1514 3402 1640 3433 domus.

1569 3446 1728 3485 Negantes
1744 3450 1851 3475 autem
1874 3444 1961 3475 hunc
1984 3441 2180 3474 executionis
2202 3440 2349 3472 ordinem
2371 3441 2453 3471 inter
2470 3446 2574 3481 partes

1514 3495 1546 3520 et
1574 3495 1680 3520 totum
1709 3490 1743 3519 in
1773 3487 2007 3527 assumptione,
2037 3485 2249 3525 imaginantur
2279 3483 2369 3524 quod
2397 3485 2573 3525 assumptio

1515 3533 1609 3563 etiam
1633 3533 1795 3563 executive
1826 3531 1992 3562 terminata
2014 3534 2062 3560 est
2089 3529 2177 3570 prius
2207 3528 2247 3559 ad
2272 3533 2378 3559 totum
2409 3537 2506 3568 quam
2533 3529 2573 3560 ad

1514 3582 1633 3616 partes,
1665 3577 1708 3607 ita
1730 3575 1819 3616 quod
1843 3573 1955 3606 diffusa
1985 3582 2042 3606 seu
2065 3573 2155 3613 quasi
2178 3577 2306 3603 extensa
2328 3577 2375 3602 est
2398 3573 2575 3612 assumptio

1515 3629 1532 3649 a
1563 3625 1632 3649 toto
1666 3619 1705 3650 ad
1737 3625 1858 3659 partes:
1894 3618 1935 3648 ita
1968 3622 2004 3648 ut
2037 3625 2104 3647 non
2138 3616 2315 3656 oportuerit
2349 3615 2388 3646 de
2421 3626 2507 3646 novo
2540 3617 2573 3647 in

2596 722 2607 733 ⁰
2621 721 2656 744 Cf.
2671 728 2736 745 num.
2750 728 2784 745 ix.

2601 1425 2610 1435 ⁸
2625 1424 2660 1447 ct.
2676 1429 2743 1448 num.
2756 1429 2781 1446 x.

2603 2956 2615 2969 ⁸
2631 2958 2684 2979 Art.
2705 2963 2724 2984 ι,
2821 2977 2822 2980 ,

2604 2987 2675 3006 ment.
2692 2989 2758 3006 num.
2771 2986 2806 3019 πῖ
2820 2988 2823 3018 Ἰ
2865 2998 2868 3019 ,r
