2872 3970
188 616 402 690 afflat-3:053:

187 1553 198 1563 ⁸
216 1552 252 1574 cf.
278 1558 325 1580 arg.
351 1552 400 1574 Sed

186 1581 277 1600 contra.

186 1766 197 1776 ⁸
210 1765 245 1787 cf.
261 1768 309 1787 not.
324 1773 343 1789 ε.

187 1793 208 1803 ··
218 1791 254 1813 Cf.
269 1798 334 1813 num.
349 1798 397 1820 seq.

427 278 478 315 94

1158 268 1422 315 QUAESTIO
1450 268 1518 314 Vl,
1547 267 1839 306 ARTICULUS
1866 270 1881 306 Ι

482 346 589 383 Alius
618 354 747 384 autem
777 347 873 384 ordo
893 355 948 384 est
977 346 1192 383 secundum
1212 346 1318 394 quod
1347 357 1407 381 res
1435 357 1491 381 re·
1515 344 1519 395 ι
1546 352 1692 391 natura,
1711 336 1819 383 tanto⁸
1836 346 1874 383 id
1894 347 2001 396 quod
2029 354 2084 383 est
2103 347 2141 384 in
2170 348 2342 386 humana
2367 357 2503 387 natura
2520 361 2606 399 pro-

429 399 624 436 ducuntur
651 399 691 436 in
719 400 848 436 Deum
877 399 972 436 sicut
1000 399 1038 435 in
1065 398 1197 435 finem.
1228 399 1276 435 Et
1301 405 1488 446 quantum

429 452 477 488 ad
506 453 602 498 hoc,
632 452 826 489 invenitur
862 452 1037 489 medium
1074 451 1170 487 inter
1206 458 1420 487 creaturam
1456 457 1492 486 et

429 505 575 542 Deum:
615 505 706 554 quia
733 505 928 542 inferiores
957 511 1151 541 creaturae
1189 503 1425 540 reducuntur
1452 501 1488 539 in

429 557 559 594 Deum
587 570 656 607 per
683 558 911 607 superiores,
941 565 982 593 ut
1010 556 1099 593 dicit
1126 554 1354 604 Dionysius,
1383 554 1422 591 in
1451 554 1491 591 li-

429 610 499 647 bro
524 611 675 648 Caelest.
696 612 806 648 Hier.
827 610 847 632 ’¹‘
874 611 922 647 Et
941 609 990 646 ad
1009 610 1114 646 hunc
1134 607 1310 645 ordinem
1329 607 1492 657 pertinet

429 663 641 712 assumptio
671 664 866 700 humanae
895 669 1052 699 naturae
1081 674 1103 698 a
1122 661 1251 697 Verbo
1279 659 1362 706 Dei,
1384 660 1491 709 quod

429 723 485 752 est
512 715 698 752 terminus
727 714 1010 764 assumptionis
1041 715 1088 751 Et
1116 713 1203 750 ideo
1231 725 1302 762 per
1320 712 1491 750 animam

430 768 561 805 unitur
588 768 704 806 carni.

482 823 539 858 An
554 833 744 859 SECUNDUM
758 832 940 858 monimum
960 819 1078 868 quod,
1095 819 1125 856 si
1144 818 1361 869 hypostasis
1374 817 1492 855 Verbi

429 873 502 910 Dei
530 873 823 910 constitueretur
860 871 1078 921 simpliciter
1114 883 1183 921 per
1209 879 1385 908 naturam
1420 871 1491 907 hu-

428 935 597 972 manam,
619 934 844 975 sequeretur
862 925 969 975 quod
984 937 1125 974 corpus
1145 932 1242 962 esset
1261 923 1297 960 ei
1315 923 1490 969 vicinius,

428 991 519 1015 cum
548 978 592 1015 sit
620 978 789 1025 materia,
810 990 909 1027 quae
934 985 989 1015 est
1016 976 1329 1014 individuationis
1357 975 1491 1026 princi-

426 1031 556 1080 pium:
587 1031 683 1068 sicut
712 1039 748 1068 et
776 1031 916 1078 anima,
939 1043 1038 1081 quae
1067 1038 1122 1067 est
1148 1031 1273 1067 forma
1301 1028 1490 1079 specifica,

426 1083 684 1133 propinquius
703 1096 742 1121 se
762 1084 877 1121 habet
900 1084 948 1121 ad
967 1091 1145 1120 naturam
1164 1084 1390 1120 humanam.
1415 1082 1492 1119 Sed

427 1136 517 1186 quia
537 1137 781 1187 hypostasis*
798 1145 852 1174 est
870 1136 977 1186 prior
997 1144 1034 1173 et
1052 1135 1161 1173 altior
1179 1147 1300 1186 quam
1319 1135 1492 1172 humana

479 1278 506 1311 η)
525 1279 686 1312 hypostasis.
698 1292 718 1298 —
740 1278 817 1303 Verbi
836 1278 905 1302 addit
924 1277 1005 1303 tertia.

1546 397 1730 446 pinquius
1749 410 1789 435 se
1804 399 1919 436 habet
1929 397 1953 446 θ,
1970 403 2115 448 quanto
2135 408 2190 436 est
2209 400 2330 438 altius.
2353 402 2402 438 Et
2415 401 2502 439 ideo
2517 414 2605 452 pro-

1546 449 1729 499 pinquior
1755 459 1810 488 est
1837 452 1966 488 Verbo
1994 452 2066 488 Dei
2093 452 2224 490 anima
2251 465 2371 502 quam
2398 465 2550 504 corpus

1599 503 1656 540 AD
1683 513 1842 541 ‘reanum
1868 515 2051 542 DICENDUM
2079 506 2186 554 quod
2214 505 2308 542 nihil
2336 506 2514 555 prohibet
2541 506 2605 544 ali-

1547 554 1640 604 quid
1669 567 1750 592 esse
1779 567 1936 593 causam
1955 557 2114 594 alicuius
2142 566 2330 606 quantum
2353 559 2403 595 ad
2430 558 2606 608 aptitudi-

1546 619 1638 645 nem
1661 615 1698 644 et
1716 608 2004 656 congruitatem,
2025 622 2104 659 quo
2132 618 2262 647 tamen
2282 618 2443 658 remoto,
2463 611 2502 648 id
2525 623 2606 649 non

1546 659 1706 697 tollitur:
1737 660 1838 710 quia,
1859 661 1927 698 etsi
1953 661 2037 699 fieri
2056 662 2215 700 alicuius
2243 664 2458 712 dependeat
2477 676 2523 701 ex
2542 663 2606 702 ali-

1547 725 1646 762 quo,
1675 721 1894 762 postquamv
1911 722 2042 752 tamen
2078 724 2134 752 est
2161 715 2200 752 in
2227 717 2325 753 facto
2355 728 2451 764 esse,
2481 716 2530 754 ab
2558 729 2605 754 eo

1547 777 1627 802 non
1663 766 1866 815 dependet.
1905 766 2028 814 Sicut,
2059 767 2089 804 si
2126 768 2223 805 inter
2259 769 2408 818 aliquos
2442 768 2606 806 amicitia

1547 826 1767 856 causaretur
1793 818 1923 868 aliquo
1951 820 2155 868 mediante,
2175 833 2222 859 eo
2249 822 2450 860 recedente
2478 822 2607 867 adhuc

1547 870 1711 908 amicitia
1738 879 1928 909 remanet:
1950 879 2001 909 et
2029 872 2059 909 si
2087 872 2214 923 aliqua
2247 873 2287 912 in
2314 873 2606 912 matrimonium

1546 923 1700 961 ducitur
1725 931 1883 973 propter
1908 925 2246 974 pulchritudinem,
2275 939 2374 976 quae
2402 926 2488 965 facit
2515 939 2606 964 con-

1545 976 1747 1024 gruitatem
1784 976 1824 1014 in
1861 977 2021 1015 muliere
2058 978 2107 1016 ad
2135 980 2317 1028 copulam
2352 978 2604 1028 coniugalem,

1546 1037 1687 1076 tamen,
1717 1037 1886 1067 cessante
1914 1029 2216 1079 pulchritudine,
2245 1031 2374 1070 adhuc
2404 1032 2516 1071 durat
2543 1044 2606 1070 co·

1546 1083 1638 1131 pula
1665 1081 1885 1130 coniugalis.
1916 1084 1964 1120 Et
1991 1083 2170 1131 similiter,
2192 1092 2364 1134 separata
2387 1083 2528 1133 anima,
2549 1097 2606 1122 re-

1546 1143 1677 1172 manet
1705 1134 1798 1172 unio
1826 1135 1943 1172 Verbi
1971 1135 2044 1173 Dei
2071 1136 2120 1174 ad
2148 1149 2316 1175 carnem.
2511 1136 2513 1138 “

1599 1273 1624 1309 θ)
1643 1282 1671 1301 se
1688 1275 1774 1302 habet.
1786 1290 1806 1294 —
1822 1282 1851 1301 se
1869 1276 1947 1301 habet
1965 1276 2003 1302 ad
2020 1283 2078 1302 eam
2099 1277 2154 1308 FG,
2172 1277 2210 1302 ad
2227 1285 2286 1303 eam
2304 1285 2332 1303 se
2350 1278 2428 1304 habet
2447 1278 2501 1304 Ple.

1101 1352 1438 1402 Commentariun
1461 1366 1712 1400 cardinalis
1735 1367 1935 1402 Caietam

486 1468 592 1488 nurus
627 1457 720 1497 primi
751 1457 874 1487 articuli
904 1457 1099 1496 quaestionis
1128 1461 1233 1486 sextae
1263 1454 1488 1495 intelligendus

429 1470 533 1532 Test
559 1507 594 1532 ut
624 1506 732 1531 sonat:
769 1501 923 1540 quoniam
953 1501 987 1530 in
1018 1509 1153 1540 corpore
1186 1499 1405 1539 distinguetur.
1447 1498 1488 1528 Et

425 1552 533 1576 motus
566 1551 613 1576 est
642 1545 812 1575 occasione
841 1544 1012 1575 verborum
1043 1543 1214 1583 Augustini
1236 1542 1270 1580 *‚
1295 1549 1326 1573 et
1349 1542 1488 1582 Magistri

425 1590 679 1625 Sententiarum,
703 1589 736 1619 in
761 1589 787 1619 11
804 1589 1006 1619 distinctione
1030 1588 1070 1618 111
1094 1588 1198 1623 Sent.‚
1222 1588 1414 1627 ponentium
1438 1596 1488 1616 or-

425 1634 534 1665 dinem
557 1635 590 1664 in
605 1634 664 1664 ista
686 1633 914 1673 assumptione.

480 1678 515 1708 In
545 1687 680 1718 corpore
714 1677 835 1707 articuli
866 1677 930 1707 duo
963 1676 1059 1707 fiunt:
1091 1677 1213 1716 primo,
1239 1675 1413 1707 declaratur
1436 1674 1489 1704 ille

423 1723 578 1752 terminus
597 1721 756 1752 mediante
778 1721 812 1751 in
826 1721 920 1751 titulo
944 1722 1084 1761 positus;
1110 1720 1263 1756 secundo,
1280 1718 1491 1760 respondetur

425 1767 580 1806 quaesito,
594 1766 638 1796 ibi
652 1766 679 1801 *‚
693 1765 746 1795 Sic
761 1774 841 1806 ergo
857 1766 886 1795 si
901 1765 1094 1795 attendimus
1109 1765 1152 1795 ’ἦ
1177 1765 1319 1795 Primum
1335 1763 1371 1794 fit
1386 1762 1490 1793 decla-

424 1810 535 1845 rando,
560 1809 795 1849 distinguendo.
819 1809 1029 1844 excludendo,
1053 1807 1349 1848 subdistinguendo,
1367 1812 1398 1837 et
1413 1817 1490 1837 con-

425 1853 557 1885 ferendo
581 1854 725 1884 membra
747 1852 893 1883 distincta
924 1854 1005 1883 inter
1032 1862 1075 1883 se.
1111 1852 1295 1882 Declaratur
1324 1852 1357 1882 in
1380 1852 1490 1891 primis

427 1898 516 1938 quod
546 1897 689 1928 medium
720 1897 872 1937 importet
899 1896 1055 1927 ordinem.
1091 1896 1190 1934 Quod
1212 1896 1380 1936 probatur:
1415 1896 1490 1935 quia

426 1942 540 1973 dicitur
563 1947 709 1982 respectu
732 1941 880 1981 principii
904 1947 935 1971 et
958 1940 1046 1977 finis,
1071 1950 1211 1980 quorum
1235 1946 1408 1979 utrumque
1431 1940 1491 1970 irn-

425 1991 531 2027 portat
555 1985 699 2016 ordinem
716 1985 856 2024 aliquem
875 1985 915 2015 ad
930 1994 1028 2025 quem
1044 1990 1174 2024 spectat,
1198 1983 1376 2014 secundum
1393 1992 1490 2023 quem

427 2030 540 2061 dicitur
563 2030 756 2070 principium
780 2034 834 2059 aut
857 2028 939 2059 finis.
974 2028 1068 2060 Unde
1092 2034 1123 2058 et
1145 2028 1289 2058 medium
1313 2026 1490 2058 secundum

426 2075 567 2114 aliquem
591 2073 736 2104 ordinem
760 2078 888 2113 oportet
914 2073 1003 2112 quod
1026 2073 1065 2103 sit
1090 2072 1250 2103 medium:
1274 2081 1335 2102 nec
1359 2072 1491 2111 opposi-

425 2125 495 2149 tum
518 2118 650 2158 intelligi
672 2123 787 2158 potest.
811 2135 834 2139 —
857 2117 1067 2157 Distinguitur
1094 2122 1256 2156 praeterea
1279 2115 1359 2146 ordo
1383 2116 1417 2145 in
1440 2125 1490 2146 or-

426 2163 534 2193 dinem
550 2162 713 2202 temporis,
730 2161 780 2191 vel
805 2167 944 2191 naturae.
961 2179 983 2183 -
1006 2161 1056 2193 Et.
1074 2160 1203 2191 excluso
1229 2159 1339 2190 ordine
1365 2165 1491 2199 tempo-

425 2208 466 2237 ris
491 2217 509 2236 a
531 2206 682 2247 mysterio
707 2206 942 2245 assumptionis,
970 2210 1005 2235 ut
1028 2206 1061 2235 in
1084 2205 1143 2235 hac
1168 2204 1279 2235 eadem
1303 2204 1490 2244 quaestione

425 2251 560 2291 patebit,
585 2249 795 2280 subdividitur
825 2249 904 2280 ordo
928 2254 1058 2279 naturae
1082 2249 1115 2278 in
1139 2248 1284 2278 ordinem
1313 2247 1490 2287 dignitatis,

427 2301 458 2325 et
485 2294 683 2325 causalitatiS.
717 2294 872 2334 Exempla
901 2298 1011 2333 patent
1033 2293 1066 2323 in
1090 2293 1201 2323 littera.
1225 2310 1248 2314 —
1272 2291 1491 2322 Conseruntur

426 2345 534 2369 autem
557 2339 589 2368 hi
613 2338 678 2368 duo
702 2344 833 2368 naturae
857 2337 983 2368 ordines
1006 2338 1088 2368 inter
1111 2346 1144 2367 se
1167 2335 1346 2367 secundum
1370 2345 1490 2366 conne-

424 2384 571 2413 xionem:
604 2392 663 2422 pro
691 2388 812 2422 quanto
843 2381 1002 2412 secundus
1032 2380 1112 2412 ordo
1144 2381 1352 2420 consequitur
1381 2379 1489 2420 aliquo

425 2427 525 2458 modo
549 2427 698 2467 pn'mum.
723 2427 764 2456 Et
783 2426 906 2462 dicitur,
923 2426 1033 2466 aliquo
1050 2425 1165 2456 modo:
1189 2425 1264 2464 quia
1278 2433 1347 2455 non
1363 2430 1491 2464 oportet

424 2471 641 2502 universaliter
671 2470 760 2511 quod
784 2470 910 2511 dignius
934 2475 980 2500 est
1010 2479 1078 2500 esse
1101 2478 1229 2499 causam
1255 2469 1362 2498 minus
1385 2468 1490 2508 digni;

423 2525 491 2546 non
516 2517 601 2546 enim
626 2515 754 2545 leonina
775 2520 887 2545 natura
910 2519 957 2544 est
975 2523 1069 2544 causa
1084 2519 1215 2543 naturae
1231 2512 1393 2548 formicae,
1417 2512 1491 2542 licet

424 2561 464 2590 sit
488 2559 620 2590 formica
643 2559 739 2599 longe
763 2559 898 2598 dignior.

481 2604 518 2634 II.
543 2603 661 2641 Quoad
676 2603 865 2638 secundum,
885 2601 1096 2642 respondetur
1112 2602 1256 2641 quaesito
1273 2600 1396 2631 duabus
1413 2610 1490 2631 con-

425 2648 639 2683 clusionibus,
668 2648 755 2677 iuxta
778 2646 941 2686 duplicem
963 2646 1099 2677 modum
1122 2645 1220 2676 medii
1243 2644 1421 2675 secundum
1444 2645 1490 2675 di-

425 2698 493 2723 ctos
518 2691 599 2722 duos
622 2697 753 2721 naturae
777 2690 919 2726 ordines,
951 2690 1071 2721 scilicet
1100 2689 1243 2720 medium
1271 2688 1428 2729 dignitatis
1460 2695 1490 2719 et

423 2736 567 2767 medium
591 2735 788 2766 causalitatis.
813 2735 918 2764 Prima
943 2740 1004 2765 est:
1029 2734 1133 2764 Filius
1148 2733 1211 2763 Dei
1227 2733 1330 2764 univit
1343 2733 1402 2763 sibi
1417 2742 1489 2764 car-

423 2790 494 2811 nem
518 2779 678 2810 mediante
701 2779 820 2815 anima,
845 2778 1004 2819 quuendo
1028 2777 1203 2808 secundum
1219 2777 1365 2807 ordinem
1383 2777 1490 2818 digni-

424 2825 508 2855 tatis.
539 2825 703 2854 Probatur.
733 2823 818 2861 Quia
841 2823 946 2853 anima
969 2822 1128 2852 invenitur
1151 2821 1256 2852 media
1279 2822 1360 2851 inter
1383 2821 1489 2852 Deum

424 2875 455 2899 et
479 2878 606 2899 carnem
630 2867 809 2898 secundum
833 2866 990 2906 dignitatis
1013 2865 1156 2906 gradum.

479 2912 626 2943 Secunda
650 2917 696 2942 est
719 2911 818 2952 quod,
841 2911 1022 2941 Secundum
1043 2910 1188 2941 ordinem
1208 2909 1419 2946 causalitatis,
1435 2910 1490 2940 Fi-

425 2957 488 2987 lius
518 2957 580 2986 Dei
611 2956 714 2987 univit
742 2956 803 2986 sibi
826 2965 956 2986 carnem
987 2954 1146 2985 mediante
1169 2954 1288 2984 anima.
1324 2954 1488 2984 Probatur.

425 3001 542 3031 Anima
558 3006 604 3030 est
620 3000 796 3040 aliqualiter
812 3009 906 3030 causa
922 2999 1023 3030 carnis
1039 2998 1196 3029 uniendae
1212 2998 1294 3028 Filio
1311 2998 1381 3028 Dei.
1403 2998 1489 3038 Ergo

426 3050 472 3075 est
495 3043 638 3075 medium
661 3045 694 3074 in
719 3043 879 3074 causando
903 3044 1059 3074 unionem
1076 3043 1176 3073 carnis
1193 3042 1232 3073 ad
1247 3042 1365 3073 Filium
1382 3042 1451 3072 Dei.
1467 3060 1490 3064 —

425 3088 627 3119 Antecedens
642 3088 794 3128 probatur
810 3087 986 3128 dupliciter.
1010 3087 1128 3123 Primo,
1146 3087 1221 3127 quia
1237 3096 1309 3117 caro
1326 3096 1393 3117 non
1409 3092 1491 3117 esset

426 3132 651 3172 assumptibilis
688 3132 749 3161 nisi
776 3141 833 3171 per
856 3131 1001 3162 ordinem
1032 3141 1130 3171 quern
1157 3131 1252 3161 habet
1282 3130 1321 3161 ad
1351 3131 1489 3161 animam

426 3175 622 3207 rationalem.
655 3174 819 3211 Secundo,
845 3176 918 3214 quia
942 3185 1015 3206 caro
1039 3185 1096 3216 per
1119 3174 1265 3206 ordinem
1289 3175 1328 3206 ad
1351 3175 1490 3206 animam

426 3219 613 3250 rationalem
633 3219 728 3249 habet
744 3218 832 3258 quod
849 3219 887 3248 sit
903 3229 975 3249 caro
991 3220 1147 3250 humana:
1173 3219 1240 3250 sola
1256 3225 1364 3250 autem
1379 3225 1491 3250 natura

426 3265 567 3294 humana
591 3268 636 3292 est
660 3262 895 3302 assumptibilis‚
920 3268 955 3292 ut
979 3268 1064 3302 patet
1088 3273 1125 3294 ex
1149 3264 1236 3304 prius
1260 3263 1360 3294 dictis.

483 3307 534 3337 111.
558 3307 741 3346 Antequam
765 3305 803 3335 ad
823 3305 971 3335 ulteriora
992 3307 1241 3346 progrediamur,
1266 3306 1490 3338 declarandum

428 3360 544 3381 censeo
570 3350 647 3390 quid
670 3350 764 3379 sentit
787 3350 909 3379 Auctor
932 3350 965 3379 in
988 3350 1046 3379 hac
1070 3352 1210 3387 materia,
1235 3357 1265 3382 et
1288 3352 1320 3382 in
1345 3361 1411 3392 quo
1430 3352 1491 3382 im-

428 3400 595 3434 pugnatur.
621 3394 706 3424 Scito
731 3394 824 3433 igitur
848 3392 937 3432 quod
960 3399 1033 3423 sunt
1056 3394 1106 3424 hic
1129 3394 1209 3425 duae
1226 3396 1415 3436 principales
1431 3395 1490 3426 dif-

428 3437 592 3468 ficultates.
617 3438 721 3467 Prima
745 3443 790 3467 cst
814 3437 895 3467 circa
919 3436 1062 3467 ordinem
1086 3439 1223 3477 partium
1246 3440 1326 3470 inter
1349 3449 1398 3475 se,
1423 3449 1490 3469 non

430 3482 583 3517 absolute,
609 3481 663 3512 sed
686 3481 796 3511 relatas
820 3479 859 3510 ad
882 3480 1143 3520 assumptionem.
1179 3482 1219 3511 Et
1242 3483 1320 3513 haec
1343 3488 1491 3514 tractatur

430 3526 480 3555 hic
505 3525 611 3564 quoad
636 3530 738 3565 partes
762 3524 950 3559 essentiales,
967 3523 1086 3554 scilicet
1102 3525 1239 3555 animam
1256 3532 1286 3556 et
1303 3535 1436 3566 corpus3
1461 3531 1491 3556 et

429 3569 462 3598 in
480 3570 624 3608 sequenti
642 3568 773 3599 articulo
798 3567 905 3608 quoad
921 3573 1023 3608 partes
1039 3568 1237 3607 potentiales,
1261 3570 1379 3600 scilicet
1402 3578 1492 3600 men-

1541 1459 1606 1485 tem
1631 1461 1662 1486 et
1685 1466 1824 1487 sensum.
1860 1457 1967 1488 Altera
1990 1462 2037 1488 est
2067 1458 2148 1488 circa
2171 1457 2317 1488 ordinem
2340 1459 2422 1489 inter
2443 1463 2548 1498 partes
2576 1464 2608 1490 et

1541 1505 1658 1535 totum,
1682 1500 1801 1530 scilicet
1824 1501 1963 1532 animam
1987 1507 2018 1532 et
2041 1511 2174 1542 corpu5‚
2200 1507 2231 1532 et
2253 1508 2398 1532 naturam
2421 1502 2606 1534 humanam.

1542 1543 1583 1573 Et
1606 1544 1684 1574 haec
1707 1549 1855 1574 tractatur
1878 1545 1911 1575 in
1934 1546 2067 1576 articulo
2084 1546 2197 1585 quinto
2221 1546 2316 1576 huius
2337 1546 2542 1586 quaestionis.
2566 1547 2608 1578 Et

1542 1587 1576 1617 in
1599 1593 1734 1628 utraque
1758 1589 1946 1628 quaestione
1969 1595 2043 1620 sunt
2065 1590 2169 1620 variae
2193 1590 2374 1630 opiniones.
2398 1610 2402 1612 -

1598 1631 1768 1662 Durandus
1791 1641 1948 1673 namque,
1978 1633 2012 1663 in
2036 1633 2077 1663 111
2100 1633 2204 1670 Sem„
2229 1633 2299 1664 dist.
2320 1643 2357 1670 11,
2381 1642 2436 1674 qu.
2452 1639 2609 1675 11,th

1544 1684 1675 1706 omnem
1698 1681 1829 1706 naturae
1852 1675 1998 1707 ordinem
2028 1677 2062 1708 in
2089 1677 2240 1718 mysterio
2269 1677 2512 1718 assumptionis,
2540 1679 2608 1711 hm

1544 1719 1577 1749 in
1600 1720 1740 1759 partibus
1763 1721 1844 1751 inter
1867 1730 1910 1757 se,
1935 1730 2033 1761 quam
2055 1721 2089 1751 in
2112 1722 2253 1762 partibus
2277 1727 2308 1752 et
2329 1726 2418 1758 toto,
2441 1721 2547 1754 relatis
2568 1721 2609 1758 ad

1544 1764 1807 1803 assumptionem.
1884 1796 1893 1807 .
2595 1790 2599 1793 .

1599 1807 1715 1838 Scotus
1738 1818 1824 1844 vero,
1841 1809 1874 1838 in
1898 1808 1940 1839 111
1958 1809 2056 1846 Sent„
2081 1809 2151 1840 dist.
2167 1819 2200 1846 11,
2218 1819 2273 1850 qu.
2289 1811 2350 1846 η’,
2374 1810 2483 1851 aliquo
2505 1809 2608 1842 modo

1544 1857 1639 1891 negat
1662 1852 1834 1892 utrobique
1849 1852 1995 1884 ordinem
2010 1859 2151 1890 naturae,
2176 1859 2207 1884 et
2223 1854 2332 1894 aliquo
2346 1853 2448 1885 modo
2463 1853 2606 1889 affirmet,

1544 1895 1646 1935 Negat
1670 1895 1828 1936 siquidem
1850 1906 1949 1927 unam
1971 1903 2094 1937 partem
2118 1907 2185 1928 esse
2208 1897 2347 1928 mediam
2362 1903 2399 1928 ut
2413 1897 2500 1938 quod
2520 1907 2607 1931 assu.-

1544 1939 1651 1976 mitur,
1667 1945 1814 1980 respectu
1833 1940 1977 1977 alterius;
2002 1946 2033 1971 et
2047 1941 2192 1972 similiter
2210 1947 2313 1982 partes
2330 1950 2398 1972 esse
2411 1941 2556 1973 medium
2570 1947 2608 1979 ut

1544 1983 1631 2023 quod
1657 1985 1836 2020 assumitur,
1852 1990 1999 2024 respectu
2015 1985 2113 2015 totius
2127 1990 2259 2016 naturae
2277 1986 2446 2017 humanae.
2462 1984 2608 2018 Affirmat

1545 2032 1652 2058 autem
1668 2037 1766 2058 unam
1782 2034 1904 2068 partem
1921 2038 1987 2059 esse
2003 2029 2147 2060 medium
2158 2035 2194 2060 ut
2206 2039 2279 2070 quo,
2294 2035 2325 2060 et
2335 2034 2483 2070 respectu
2497 2030 2606 2067 totius,

1545 2076 1576 2101 et
1599 2078 1746 2111 respectu
1768 2073 1895 2103 alterius
1918 2074 2028 2113 partis:
2053 2074 2130 2113 quia
2151 2074 2257 2104 anima
2280 2079 2327 2104 est
2349 2074 2554 2105 constitutiva
2577 2080 2609 2105 et

1544 2121 1674 2146 naturae
1698 2122 1729 2146 et
1753 2117 1854 2147 carnis
1877 2122 1913 2147 ut
1936 2117 1975 2147 sit
1997 2118 2233 2158 assumptibilis.

1600 2159 1652 2190 IV.
1677 2159 1830 2191 Doctrina
1852 2166 1960 2192 autem
1983 2161 2132 2192 Auctoris
2155 2161 2261 2193 media
2282 2162 2332 2192 via
2353 2162 2482 2193 incedit.
2516 2161 2608 2201 Quo-

1544 2203 1631 2234 niam
1655 2209 1686 2234 et
1709 2203 1857 2235 concedit
1878 2210 2009 2236 naturae
2028 2205 2174 2236 ordinem
2196 2206 2378 2246 utrobique,
2402 2205 2523 2237 scilicet
2542 2211 2608 2243 tam

1544 2248 1577 2277 in
1601 2248 1741 2287 partibus
1765 2249 1846 2279 inter
1869 2259 1918 2285 se,
1952 2258 2049 2289 quam
2072 2250 2106 2280 in
2128 2250 2269 2290 partibus
2296 2255 2327 2280 et
2352 2255 2423 2280 toto
2452 2250 2535 2282 inter
2555 2244 2608 2287 ue,

1544 2292 1648 2322 relatis
1663 2302 1789 2332 semper
1805 2292 1844 2323 ad
1859 2294 2129 2334 assumptionem3
2154 2299 2185 2324 et
2202 2294 2318 2334 partim
2333 2293 2482 2325 concedit
2494 2291 2610 2326 aecim-

1545 2335 1623 2366 dum
1651 2342 1782 2367 naturae
1810 2337 1956 2368 ordinem
1982 2337 2127 2368 medium
2153 2343 2190 2369 ut
2212 2337 2315 2379 quod,
2346 2344 2378 2369 et
2403 2339 2521 2379 partim
2538 2345 2609 2370 mu

1545 2380 1692 2411 concedit
1715 2380 1858 2412 medium
1881 2387 1918 2412 ut
1939 2382 2026 2422 quod
2032 2389 2045 2420 ;
2076 2388 2107 2413 et
2129 2382 2345 2413 universaliter
2370 2381 2520 2414 concedit
2540 2391 2608 2419 mee-

1545 2424 1634 2455 dium
1658 2430 1693 2455 ut
1715 2435 1778 2466 quo
1801 2426 1835 2455 in
1858 2426 1922 2456 hoc
1945 2426 2171 2466 assumptionis
2193 2427 2356 2467 mysterio.

1600 2469 1736 2499 Declaro
1748 2470 1872 2509 singula
1884 2469 2139 2511 (praesupposita
2150 2469 2352 2500 distinctione
2363 2470 2427 2500 iarn
2435 2470 2452 2487 ¹·
2464 2469 2576 2511 dicta):
2586 2489 2610 2494 —

1545 2512 1634 2552 quod
1657 2513 1795 2544 mediare
1819 2513 1998 2544 secundum
2019 2519 2150 2544 naturae
2166 2513 2311 2544 ordinem
2326 2519 2363 2544 ut
2378 2523 2473 2544 causa
2488 2522 2609 2546 assum-

1544 2558 1662 2597 ptionis
1687 2567 1724 2588 ex
1740 2563 1827 2597 parte
1843 2558 2006 2597 assumpti,
2031 2558 2186 2598 contingit
2201 2557 2378 2598 dupliciter.
2403 2558 2478 2589 Uno
2496 2557 2608 2595 modi),

1545 2601 1635 2641 quod
1657 2602 1702 2631 sic
1725 2602 1765 2632 sit
1788 2611 1882 2632 causa
1905 2601 1994 2641 quod
2015 2601 2100 2632 aliud
2115 2608 2302 2638 assumatur,
2326 2602 2416 2642 quod
2430 2603 2499 2642 ipsa
2514 2611 2609 2634 causa

1544 2646 1738 2686 praeassumi
1760 2645 1969 2686 intelligatur:
1994 2646 2084 2686 quasi
2108 2646 2147 2676 sit
2161 2655 2346 2686 progressus
2362 2645 2494 2686 quidam
2511 2647 2609 2680 ixx-his

1545 2699 1627 2729 quae
1651 2695 1864 2725 assumuntur,
1890 2695 1921 2720 et
1942 2690 2030 2730 prius
2053 2690 2232 2720 secundum
2249 2695 2380 2721 naturae
2396 2690 2609 2727 ordinemne-

1544 2739 1687 2764 sumatur
1709 2734 1824 2770 anima,
1849 2738 1879 2763 et
1903 2733 2017 2764 deinde
2039 2743 2130 2770 caro3
2155 2734 2236 2765 sicut
2251 2733 2386 2765 dicimus
2409 2731 2608 2777 quodsp'rius

1543 2783 1711 2817 generatur
1734 2778 1834 2807 homo
1859 2786 1956 2817 quam
1971 2778 2087 2808 risibile
2111 2777 2289 2808 secundum
2304 2783 2435 2809 naturae
2451 2777 2607 2815 ordinem,

1545 2822 1689 2862 quamvis
1712 2821 1806 2852 simul
1829 2826 1990 2862 tempore,
2015 2822 2090 2862 quia
2112 2822 2229 2852 risibile
2251 2822 2483 2863 praesupponit
2502 2822 2608 2854 homi-

1543 2875 1619 2896 nem
1642 2871 1678 2896 ut
1700 2865 1790 2906 quod
1813 2871 1860 2896 est
1882 2866 2037 2906 genitum.
2061 2866 2103 2896 Et
2117 2867 2180 2896 hoc
2199 2865 2300 2897 modo
2315 2867 2439 2898 Auctor
2460 2865 2608 2898 conoedlt

1543 2915 1647 2950 partes
1670 2916 1816 2946 naturae,
1849 2910 1988 2940 animam
2011 2911 2130 2941 scilicet
2158 2916 2189 2941 et
2215 2919 2349 2951 corpus,
2379 2910 2467 2951 prius
2495 2915 2608 2943 natum

1544 2955 1661 2984 assumi
1685 2963 1782 2994 quam
1805 2959 1906 2984 totam
1929 2960 2091 2985 naturam:
2120 2955 2208 2995 prius
2230 2960 2338 2986 tamen
2359 2959 2471 2985 natura
2493 2963 2607 2985 secun-

1544 2998 1622 3029 dum
1646 2997 1733 3038 quid,
1758 2998 1820 3028 hoc
1844 3004 1900 3034 est,
1925 2998 2102 3029 secundum
2119 2997 2265 3030 ordinem
2281 2997 2492 3034 executionis3
2515 3003 2552 3028 ut
2573 2998 2607 3029 in

1545 3043 1658 3082 quinto
1682 3042 1802 3082 patebit
1817 3042 1960 3078 articulo,
1986 3043 2041 3073 ubi
2065 3042 2234 3073 afferentur
2256 3047 2441 3083 argumenta
2463 3041 2552 3072 Scoti
2576 3048 2607 3073 et

1544 3086 1688 3117 Durandi
1711 3092 1821 3116 contra
1844 3087 1917 3122 hoc,
1942 3092 1974 3117 et
1995 3087 2160 3117 solventur
2173 3087 2200 3117 ³.

1598 3131 1673 3161 Alio
1696 3130 1814 3166 modo,
1839 3130 1928 3171 quod
1951 3131 1990 3161 sit
2013 3140 2108 3162 causa
2137 3136 2173 3162 ut
2195 3129 2282 3162 aliud
2307 3130 2347 3160 sit
2369 3130 2605 3170 assumptibile,

1545 3172 1609 3205 sive
1640 3180 1675 3205 ut
1705 3184 1767 3215 quo
1798 3175 1863 3205 sive
1886 3180 1922 3205 ut
1950 3175 2037 3216 quod
2065 3184 2132 3206 non
2161 3172 2311 3205 curando.
2344 3173 2387 3204 Et
2414 3173 2478 3204 hoc
2505 3173 2606 3205 modo

1545 3218 1678 3250 affirmat
1701 3219 1824 3250 Auctor
1851 3219 2022 3259 utrobique
2046 3228 2114 3250 esse
2135 3217 2295 3251 medium:
2325 3217 2444 3248 scilicet
2470 3223 2502 3248 et
2524 3218 2606 3249 inter

1543 3269 1647 3304 partes
1670 3263 1751 3294 inter
1774 3273 1824 3299 se;
1855 3268 1885 3294 et
1908 3263 1990 3293 inter
2011 3267 2114 3303 partes
2137 3267 2168 3293 et
2189 3266 2304 3292 totum.
2335 3260 2392 3297 Et,
2417 3261 2605 3302 explicando

1545 3307 1690 3338 distincte
1713 3307 1901 3338 sententiam
1925 3315 2025 3343 suam,
2048 3306 2143 3337 sentit
2165 3304 2254 3346 quod
2276 3305 2382 3335 anima
2397 3310 2444 3335 est
2462 3305 2606 3336 medium

1544 3357 1581 3382 ut
1603 3361 1666 3392 quo
1690 3357 1824 3387 tanturn,
1849 3356 1995 3391 respectu
2015 3350 2132 3386 carnis;
2156 3355 2188 3380 et
2211 3348 2300 3389 quod
2315 3349 2420 3380 anima
2443 3354 2489 3380 est
2510 3350 2605 3380 etiam

1545 3396 1688 3426 medium
1712 3402 1747 3426 ut
1770 3405 1843 3436 quo,
1865 3394 1994 3436 partiale
2017 3398 2133 3429 tamen,
2157 3398 2302 3433 respectu
2322 3393 2437 3428 totius;
2463 3398 2493 3423 et
2516 3393 2605 3433 quod

1545 3440 1650 3470 anima
1674 3445 1704 3470 et
1728 3449 1844 3480 corpus
1874 3443 1947 3469 sunt
1970 3437 2112 3468 medium
2141 3442 2178 3467 ut
2199 3436 2286 3478 quod
2315 3442 2462 3477 respectu
2489 3438 2604 3475 totius,

1545 3483 1722 3514 secundum
1739 3482 1934 3514 executionis
1950 3480 2112 3517 ordinem;
2130 3485 2160 3510 et
2176 3479 2265 3520 quod
2280 3485 2385 3511 totum
2401 3486 2447 3512 est
2462 3481 2605 3512 medium

1546 3531 1581 3556 ut
1603 3536 1666 3567 quo
1691 3533 1722 3558 et
1745 3532 1780 3558 ut
1795 3526 1881 3568 quod
1895 3530 2040 3566 respectu
2056 3524 2203 3564 partium,
2227 3523 2403 3555 secundum
2420 3525 2605 3556 intentionis

1547 3570 1703 3601 ordinem.

2634 3066 2789 3103 ‘camah
2814 3094 2816 3097 -
2861 3074 2864 3108 ἐ

2634 3112 2678 3135 Sqq
2681 3121 2688 3128 ι
