2872 3970
56 784 58 786 ’
71 779 79 813 ’7
95 793 130 810 ιο.

67 2057 128 2081 20⁸9

102 904 119 916 ¹-
135 897 158 915 et

913 285 1176 332 QUAESTIO
1206 286 1323 332 LVII,
1353 285 1645 322 ARTICULUS
1674 286 1723 322 VI

231 366 317 414 Ipsa
345 363 448 401 enim
476 362 768 413 repraesentatio
797 363 856 399 sui
878 376 924 400 ex
943 371 1078 400 natura
1107 364 1288 410 humana,

230 429 350 466 quam
378 416 418 453 in
445 417 595 453 caelum
616 421 633 438 ‘²
660 415 794 462 intulit,
815 423 870 452 est
896 416 1087 464 quaedam
1115 416 1289 465 interpel-

229 469 318 506 latio
345 481 417 518 pro
445 468 574 506 nobis:
604 476 657 516 ut,
678 480 724 505 ex
753 480 831 517 quo
852 468 958 504 Deus
986 469 1200 505 humanam
1225 481 1288 505 na-

228 529 355 558 turam
383 521 437 558 sic
464 521 640 559 exaltavit
666 520 707 557 in
727 521 890 566 Christo,
911 521 1023 559 etiam
1053 532 1191 558 eorum
1217 521 1288 558 mi-

228 581 398 610 sereatur
423 585 494 623 pro
523 571 664 622 quibus
692 572 810 610 Filius
838 572 910 610 Dei
937 573 1152 610 humanam
1179 580 1287 610 natu-

227 637 312 663 ram
339 625 556 676 assumpsit.

278 678 410 715 Tertio
438 686 492 723 ut,
512 677 552 715 in
572 679 767 715 caelorum
786 678 876 715 sede
896 677 1005 727 quasi
1023 679 1130 715 Deus
1154 686 1190 714 et
1208 679 1286 715 Do-

225 730 356 768 minus
374 730 611 776 constitutus,
632 730 768 768 exinde
788 730 918 768 divina
937 731 1040 768 dona
1063 730 1286 768 hominibus

225 783 405 820 mitteret:
435 783 652 820 secundum
670 783 764 820 illud
782 785 914 833 Ephes.
931 795 966 820 ιν
979 783 1016 820 *ε
1036 784 1210 820 Ascendit
1227 796 1285 820 su-

218 847 293 885 per
310 847 438 873 omnes
465 837 586 874 caelos
604 842 643 873 ut
661 836 877 886 adimpleret
909 837 1047 882 omnia,
1068 835 1205 872 scilicet
1224 837 1284 872 do-

225 889 282 925 nis·
307 890 393 935 suis,
423 888 639 925 secundum
668 889 846 926 Glossam
864 888 894 926 ³¹².

277 942 335 978 Αι)
351 941 486 979 §nimum
505 953 603 979 ERGO
622 953 803 979 morannum
823 941 930 990 quod
949 941 1119 978 ascensio
1146 940 1285 978 Christi

224 1001 280 1030 est
307 1006 423 1030 causa
449 1001 601 1030 nostrae
630 993 779 1040 salutis,
809 1006 888 1030 non
915 1006 985 1043 per
1011 994 1176 1031 modum
1204 1006 1283 1030 me-

190 1061 196 1072 ·
223 1046 303 1093 riti,
333 1047 400 1083 sed
427 1058 497 1095 per
523 1046 688 1084 modum
716 1046 958 1084 efficientiae:
998 1045 1094 1083 sicut
1130 1058 1246 1095 supra
1263 1046 1284 1068 ’¹‘

224 1098 272 1136 de
301 1098 576 1135 resurrectione
605 1099 750 1135 dictum
778 1106 844 1136 est.

275 1152 333 1188 An
357 1163 547 1188 SECUNDUM
570 1163 750 1188 DICENDUM
779 1152 886 1200 quod
913 1150 1040 1200 passio
1071 1151 1209 1188 Christi
1228 1159 1283 1188 est

222 1215 338 1241 causa
365 1211 516 1241 nostrae
545 1203 776 1241 ascensionis
804 1204 844 1240 in
863 1205 1025 1250 caelum,
1045 1203 1199 1252 proprie
1227 1205 1281 1240 lo-

222 1256 392 1305 quendo,
420 1269 491 1306 per
517 1256 772 1294 remotionem
799 1257 943 1305 peccati
970 1256 1218 1305 prohibentis,
1245 1264 1282 1293 et

221 1321 292 1358 per
318 1309 483 1346 modum
511 1308 645 1346 meriti.
682 1309 866 1346 Ascensio
901 1316 1030 1346 autern
1060 1308 1198 1346 Christi
1227 1316 1281 1345 est

274 1438 302 1473 α)
321 1447 399 1472 quam
418 1440 444 1465 in
463 1440 574 1466 caelum.
586 1454 606 1459 ·-
624 1440 697 1470 PsG;
715 1446 795 1472 quam
814 1440 887 1465 caelo
906 1440 955 1471 Da,
973 1447 1052 1472 quam
1071 1440 1151 1465 caelis
1169 1440 1210 1470 EI,
1229 1447 1282 1472 qua

220 1474 248 1500 in
265 1476 368 1501 eaelum
387 1475 425 1506 bc,
444 1482 524 1509 quam
542 1475 644 1501 caelum
663 1475 765 1501 ceteris

2325 285 2399 322 535

1345 363 1483 400 directe
1503 376 1618 400 causa
1644 363 1875 399 ascensionis
1901 370 2062 409 nostrae,
2083 363 2192 412 quasi
2219 363 2401 400 inchoan-

1345 416 1395 452 do
1424 416 1547 465 ipsam
1576 415 1615 452 in
1643 416 1763 464 capite
1792 424 1934 461 nostro,
1964 416 2026 452 cui
2055 424 2203 465 oportet
2226 417 2401 453 membra

1344 468 1534 516 coniungi.

1395 522 1452 558 Ao
1492 533 1651 558 TERTmM
1686 533 1866 558 chaNDUM
1904 521 2011 570 quod
2049 521 2242 566 Christus,
2281 523 2401 558 semel

1313 572 1317 596 Ι
1342 573 1552 610 ascendens
1580 573 1620 610 in
1648 575 1815 620 caelum,
1845 573 2006 622 adeptus
2044 581 2098 610 est
2125 574 2195 610 sibi
2225 582 2260 610 et
2288 573 2399 611 nobis

1338 625 1380 662 in
1408 633 1641 675 perpetuum
1669 626 1728 662 ius
1756 633 1792 662 et
1819 625 2039 674 dignitatem
2074 626 2283 663 mansionis
2316 638 2399 663 cae-

1341 678 1452 715 lestis.
1484 678 1557 715 Cui
1584 686 1713 715 tamen
1746 678 1914 726 dignitati
1934 691 2013 715 non
2037 678 2192 726 derogat
2220 679 2250 715 si
2270 691 2315 715 ex
2335 678 2399 715 ali-

1341 743 1418 779 qua
1446 731 1728 780 dispensatione
1752 731 1924 768 Christus
1952 731 2188 780 quandoque
2221 743 2398 780 corpora-

1340 783 1422 820 liter
1458 783 1507 820 ad
1543 791 1683 820 terram
1720 784 1938 820 descendat:
1977 785 2039 820 vel
2074 791 2116 820 ut
2153 784 2326 820 ostendat
2358 796 2398 820 se

1340 836 1532 882 omnibus,
1554 836 1649 872 sicut
1676 836 1715 872 in
1734 835 1894 881 iudici03
1923 838 1984 872 vel
2011 844 2054 873 ut
2081 837 2255 873 ostendat
2274 848 2313 872 se
2333 835 2397 872 ali-

1339 888 1401 925 cui
1430 888 1651 937 specialiter,
1685 888 1780 925 sicut
1814 889 1946 933 Paulo,
1981 896 2023 925 ut
2050 889 2212 925 habetur
2238 889 2319 925 Act.
2350 900 2394 926 ix.

1338 942 1386 978 Et
1414 953 1462 977 ne
1483 941 1618 990 aliquis
1637 941 1765 978 credat
1784 942 1859 978 hoc
1877 941 2019 978 facturn
2042 941 2167 988 fuisse,
2187 953 2268 978 non
2288 940 2396 978 Chri-

1338 1001 1395 1030 sto
1423 993 1476 1030 ibi
1504 993 1749 1042 corporaliter
1775 1001 1986 1042 praesente,
2007 994 2074 1030 sed
2094 993 2303 1043 aliqualiter
2330 1005 2395 1042 ap-

1336 1053 1504 1095 parente,
1534 1045 1767 1083 contrarium
1796 1054 1952 1095 apparet
1979 1058 2048 1095 per
2074 1047 2150 1083 hoc
2181 1046 2287 1095 quod
2314 1046 2394 1095 ipse

1336 1099 1544 1147 Apostolus
1578 1098 1686 1143 dicit,
1715 1100 1729 1134 Ι
1762 1100 1848 1135 Cor.
1869 1111 1917 1135 xv
1934 1099 1970 1144 ⁹¹⁶,
2001 1099 2050 1135 ad
2086 1098 2395 1135 confirmandam

1336 1150 1621 1187 resurrectionis
1639 1150 1779 1187 fidem:
1797 1152 2006 1188 Novissime
2024 1153 2202 1197 omnium,
2218 1157 2395 1200 tanquam

1335 1205 1513 1249 abortivo,
1545 1205 1643 1240 visus
1674 1209 1725 1239 est
1756 1209 1789 1239 et
1820 1205 1913 1240 mihi
1920 1217 1931 1239 .·
1972 1216 2070 1252 quae
2108 1204 2266 1252 quidem
2298 1203 2393 1240 visio

1334 1256 1534 1293 veritatem
1550 1255 1846 1292 >resurrectionis
1874 1268 1954 1292 non
1980 1256 2158 1305 probaret
2177 1255 2248 1292 nisi
2266 1256 2394 1305 ipsum

1334 1321 1473 1345 verum
1501 1306 1675 1357 corpuslff³
1702 1307 1830 1344 visum
1858 1308 1986 1345 fuisset
2014 1308 2062 1344 ab
2091 1321 2149 1345 eo.

1390 1439 1415 1472 β)
1435 1440 1520 1471 ipsum
1541 1447 1632 1464 verum
1651 1447 1755 1471 corpus.
1767 1453 1786 1458 —
1804 1447 1895 1464 verum
1914 1447 2010 1471 corpus
2029 1440 2096 1472 HpG
2110 1445 2134 1464 et
2147 1440 2184 1470 bc,
2199 1440 2283 1472 ipsum
2302 1448 2393 1465 verum

1306 1442 1310 1508 Ι
1334 1482 1431 1507 corpus
1451 1475 1552 1500 Christi
1569 1475 1587 1506 1,
1607 1482 1697 1500 verum
1719 1475 1820 1500 Christi
1836 1482 1934 1507 corpus
1953 1475 1980 1499 P.

892 1554 1230 1587 Commentario»
1252 1553 1504 1587 Cardinalis
1526 1553 1726 1586 Caietam

279 1643 387 1665 nunus
415 1634 527 1665 clarus.
547 1651 568 1658 -
592 1634 628 1665 In
655 1643 791 1675 corpore
818 1644 884 1665 una
912 1635 1097 1665 conclusio:
1128 1634 1280 1665 Ascensio

283 1677 402 1719 Christi
424 1683 472 1709 est
493 1688 592 1709 causa
616 1683 747 1710 nostrae
768 1678 896 1714 salutis,
922 1683 954 1709 et
975 1688 1017 1709 ex
1032 1684 1130 1719 parte
1153 1683 1279 1714 nostra,

219 1726 252 1753 et
272 1731 314 1753 ex
329 1727 428 1763 parte
451 1722 559 1762 ipsiu&
582 1721 737 1753 Probatur
759 1722 868 1763 quoad
890 1723 1026 1762 primam
1048 1728 1180 1763 partem,
1202 1732 1280 1762 qua-

220 1764 419 1807 drupliciter:
444 1771 475 1796 et
498 1765 612 1797 deinde
635 1766 744 1807 quoad
767 1765 949 1803 secundam,
966 1767 1137 1807 uipliciter.
1163 1766 1280 1796 Omnia

219 1809 302 1840 clara
325 1815 356 1840 et
379 1809 522 1840 ordinata
544 1815 618 1841 sunt
640 1811 674 1841 in
696 1810 807 1840 littera.

274 1853 312 1884 11.
332 1853 368 1884 ln
390 1854 599 1894 responsione
615 1853 655 1884 ad
669 1855 807 1890 tertium,
824 1853 960 1890 adverte,
976 1859 1108 1894 propter
1122 1854 1279 1893 importu-

218 1907 290 1934 nos,
307 1897 396 1937 quod
420 1897 583 1928 Christum
606 1898 812 1937 corporaliter
829 1898 934 1928 visum
949 1897 1046 1928 fuisse
1062 1907 1080 1927 a
1094 1897 1195 1927 Paulo
1211 1906 1279 1927 non

219 1945 267 1972 est
294 1941 484 1972 vertendum
506 1941 540 1972 in
563 1940 714 1972 dubium:
746 1942 900 1981 quoniam
922 1941 1018 1971 verba
1048 1941 1148 1981 ipsius
1170 1940 1277 1976 Pauli,

218 1984 400 2017 Novissime
421 1989 528 2016 autem
551 1990 703 2027 tanquam
723 1985 869 2016 abortivo
897 1990 967 2020 etc..
984 1985 1048 2015 hoc
1072 1984 1277 2020 convincunt,

219 2028 259 2060 ad
273 2029 419 2060 litteram.
443 2029 506 2060 Sed
529 2039 570 2059 an
584 2029 644 2060 ista
665 2029 746 2060 visio
769 2028 864 2060 fuerit
878 2034 956 2059 tunc
975 2038 1050 2059 cum
1066 2027 1152 2065 dixit,
1169 2028 1276 2064 Saule,

129 2066 137 2074 '
185 2067 192 2079 ’
218 2071 326 2109 Saule,
342 2072 420 2114 quid
441 2083 491 2104 me
507 2073 777 2114 persequeriSP*‚
802 2073 938 2104 dubitari
956 2073 994 2103 ab
1010 2073 1169 2113 aliquibus
1191 2071 1278 2102 vide-

1335 1639 1402 1664 tur:
1426 1643 1487 1664 nec
1509 1634 1575 1664 ulla
1602 1633 1737 1664 dubium
1766 1634 1845 1664 ratio
1869 1633 1957 1664 fovet
1978 1634 2039 1664 nisi
2068 1634 2143 1674 quia
2165 1634 2279 1664 volunt
2301 1633 2392 1664 dubi-

1334 1683 1409 1708 tare.
1434 1678 1557 1708 Auctor
1570 1676 1712 1714 ‘autem‚
1738 1678 1813 1718 quia
1841 1678 1929 1708 nulla
1952 1678 2011 1708 alia
2035 1678 2207 1718 corporalis
2237 1679 2391 1718 apparitio

1335 1721 1452 1752 Christi
1475 1721 1514 1752 ad
1542 1722 1678 1752 Paulum
1700 1722 1734 1752 in
1757 1731 1843 1752 sacra
1873 1722 2032 1762 Scriptura
2063 1722 2222 1752 invenitur
2250 1722 2311 1752 nisi
2339 1722 2392 1752 illa

1334 1775 1417 1806 quae
1433 1765 1492 1796 fuit
1514 1766 1548 1796 in
1571 1775 1628 1796 sua
1644 1766 1862 1801 conversione,
1878 1766 1965 1796 illam
1981 1765 2056 1796 dicit
2080 1775 2147 1795 esse
2169 1775 2233 1805 qua
2248 1765 2392 1796 Christus

1333 1810 1366 1839 in
1389 1810 1520 1849 proprio
1545 1819 1679 1849 corpore
1702 1809 1760 1839 sibi
1783 1810 1937 1848 apparuit.
1963 1809 2097 1839 Constat
2119 1814 2227 1839 autem
2249 1819 2287 1839 ex
2310 1809 2391 1840 Scri-

1332 1858 1425 1892 ptura
1447 1853 1534 1882 illam
1557 1852 1654 1882 fuisse
1678 1853 1894 1892 corporalem:
1920 1858 1950 1882 et
1973 1853 2158 1882 rationabile
2182 1858 2228 1882 est
2251 1853 2391 1892 Scriptu-

1332 1906 1400 1927 ram
1424 1896 1584 1935 Scriptura
1606 1905 1782 1935 exponere;
1813 1896 2024 1926 irrationabile
2048 1901 2155 1926 autem
2178 1897 2391 1936 apparitiones

1332 1949 1391 1980 pro
1412 1939 1576 1970 voluntate
1591 1939 1811 1980 multiplicare.
1836 1939 2072 1979 Indisciplinati
2088 1949 2219 1979 quoque
2235 1945 2282 1970 est
2295 1949 2392 1981 quae-

1332 1993 1405 2014 rere
1429 1983 1461 2014 in
1486 1984 1631 2014 omnibus
1654 1983 1874 2014 certitudinem
1897 1983 2179 2014 demonstrativam
2195 1985 2229 2014 *ε
2260 1983 2332 2020 sed,
2356 1990 2392 2014 ut

1331 2027 1516 2070 philosophi
1539 2028 1634 2058 etiam
1657 2027 1851 2058 tradiderunt
1865 2028 1892 2063 ἢ
1915 2028 2007 2058 iuxta
2029 2027 2200 2058 subiectam
2223 2028 2391 2058 materiam

1331 2071 1488 2102 certitudo
1512 2071 1731 2112 amplectenda
1754 2076 1809 2102 est.

2422 1109 2433 1120 ⁴
2447 1109 2512 1131 Vers.
2528 1109 2549 1131 8.

2421 1899 2429 1906 ⁸
2436 1898 2544 1919 Chai-isi.
2552 1898 2628 1920 Etnic.

2419 1924 2470 1945 lib-1
2482 1930 2629 1951 cap.ui‚n.4.-

2419 1950 2444 1971 S.
2458 1940 2501 1971 ”1²h.
2518 1951 2567 1971 lect.
2583 1957 2614 1971 ιιι.

2421 1976 2603 2003 ‘Cf.ibid.,etca
2623 1993 2627 1997 .

2419 2009 2459 2026 vu.
2474 2009 2496 2024 n.
2507 2003 2540 2030 28,
2555 2010 2573 2024 s.
2584 2003 2603 2024 T
2622 2020 2628 2025 .

2419 2029 2469 2050 lect.
2484 2035 2523 2054 x1;
2545 2029 2584 2050 lib,
2599 2030 2628 2056 11,

2417 2055 2628 2084 cap.11,n.3‚s.Th.

2417 2082 2469 2102 lect.
2484 2087 2509 2103 ιι.
