2872 3970
59 1449 209 1498 aare:

49 1515 56 1518 —
100 1502 156 1524 ¹8.-
190 1502 207 1523 f.

86 1543 91 1549 .
119 1528 206 1550 Suam.

25 1552 28 1553 ’
42 1538 80 1576 ’ἷι.
94 1558 153 1581 pm.
167 1554 206 1581 111,

20 1592 31 1630 ἦ
43 1580 206 1634 2¹1322¹1¹21¹212

59 2038 76 2049 .
94 2033 156 2053 xux.
174 2028 203 2049 al.

62 2063 65 2071 ·
104 2065 115 2070 -
143 2054 205 2076 Inter

71 2081 133 2108 Aug.

197 2463 203 2469 -
230 2440 408 2488 contingit
435 2451 511 2476 esse
537 2440 767 2476 contrarium
785 2438 825 2485 *3

183 2489 189 2495 ’
230 2492 381 2528 diversis
407 2491 613 2539 defectibus,
642 2499 684 2528 ut
711 2490 919 2540 Dionysius
946 2490 1046 2538 dicit,
1071 2503 1106 2527 1v
1133 2502 1214 2539 cap.
1244 2491 1289 2527 de

198 2564 204 2570 -
229 2545 314 2581 Diu.
334 2544 448 2580 Nom.
468 2543 489 2564 ’¹⁸
516 2541 616 2591 Ergo
644 2543 819 2580 diabolus
842 2555 922 2580 non
940 2550 1064 2592 potest
1082 2542 1156 2579 dici
1175 2550 1289 2591 caput

927 264 1187 310 QUAESTIO
1216 264 1315 310 VIII,

243 346 302 376 sto,
327 341 503 372 secundum
526 348 670 372 naturam
692 342 874 377 humanam,
900 346 930 371 et
953 342 1039 371 alteri
1061 347 1234 372 creaturae:
1259 351 1299 371 an

242 384 302 414 soli
326 384 453 415 Christo
478 386 656 415 conveniat.

296 427 332 458 ΙΙ.
369 428 404 458 In
438 438 572 468 corpore
606 429 727 458 articuli
764 428 858 458 unica
892 433 938 458 est
972 428 1130 459 distinctio
1165 429 1298 458 bimem-

241 471 312 506 bris,
337 480 412 501 cum
435 471 556 502 duabus
579 472 839 502 conclusionibus
862 472 1052 511 responsivis
1074 473 1160 502 iuxta
1175 473 1297 511 singula

240 514 390 544 membra.
1214 546 1218 547 ⁷

294 558 462 589 Distinctio
492 564 539 589 est
569 558 608 589 de
631 568 698 589 esse
729 563 833 598 caput,
858 559 908 588 vel
937 558 1114 588 secundum
1140 558 1296 589 influxum

239 602 437 638 interiorem:
461 602 512 632 vel
534 602 710 632 secundum
734 602 920 631 exteriorem
943 602 1214 641 gubernationem.

293 645 397 675 Prima
423 645 588 676 conclusio
612 651 674 676 est:
703 645 784 676 Esse
809 650 905 685 caput
932 645 1097 675 Ecclesiae
1122 646 1295 676 secundum

239 688 424 718 interiorem
439 689 599 728 influxum
615 694 662 719 est
673 689 845 729 proprium
863 689 1000 719 Christo.
1025 689 1187 719 Probatur.
1212 689 1296 727 Quia

239 732 306 762 sola
332 732 508 762 humanitas
540 732 655 762 Christi
685 733 779 762 habet
804 733 952 762 virtutem
982 732 1188 763 iustificandi:
1221 734 1295 772 quia

238 775 306 805 sola
329 776 501 806 coniuncta
524 781 571 806 est
592 776 800 816 personaliter
823 775 986 805 divinitati.

293 818 439 849 Secunda
461 819 626 850 conclusio
651 825 712 849 est:
736 819 816 850 Esse
831 824 927 859 caput
940 819 1104 849 Ecclesiae
1121 820 1294 850 secundum

237 862 429 893 exteriorem
451 862 716 904 gubernationem
739 868 787 893 est
807 872 974 893 commune
999 863 1126 893 Christo
1150 868 1181 893 et
1202 863 1295 893 aliis:

236 905 424 946 differenter
445 911 560 937 tamen.
584 907 687 936 Prima
709 915 780 946 pars
804 906 1035 942 conclusionis,
1060 911 1172 946 utpote
1195 906 1293 942 clara,

1345 265 1634 302 ARTICULUS
1662 266 1726 302 V11
2337 264 2406 302 135

1352 342 1566 373 manifestatur
1589 345 1773 374 auctoritate
1796 344 1906 374 Amos.
1930 362 1952 365 —
1976 343 2120 374 Secunda
2143 349 2248 374 autem
2273 352 2344 384 pars
2369 353 2406 374 ex

1352 385 1471 425 duplici
1494 386 1676 417 differentia.
1707 388 1819 422 Prima,
1844 387 2019 417 secundum
2045 389 2260 417 extensionem
2285 388 2333 418 vel
2358 397 2406 418 re-

1350 430 1559 460 strictionem:
1594 431 1668 470 quia
1690 431 1875 470 gubernatio
1900 431 2016 460 Christi
2040 431 2215 461 extenditur
2245 431 2283 461 ad
2308 441 2404 461 omne

1350 477 1490 512 tempus,
1515 483 1645 504 omnem
1668 474 1793 510 locum,
1819 483 2013 513 omnemque
2037 480 2170 509 statum,
2195 475 2313 504 scilicet
2335 476 2404 505 viae

1350 521 1381 545 et
1403 518 1545 552 termini;
1569 518 1703 548 aliorum
1719 527 1794 547 vero
1811 518 2004 557 restringitur
2025 518 2075 547 vel
2091 517 2129 547 ad
2146 523 2266 548 certum
2282 518 2402 554 locum,

1349 560 1398 589 vel
1414 566 1535 590 certum
1550 566 1686 600 tempus,
1702 562 1752 591 vel
1769 567 1889 591 certum
1905 567 2030 591 statum.
2055 561 2209 596 Secunda,
2226 561 2403 592 secundum

1348 603 1496 633 virtutem
1519 605 1680 643 propriam
1702 605 1751 634 vel
1767 606 1930 634 vicariam:
1956 605 2030 644 quia
2046 604 2189 634 Christus
2204 605 2332 644 propria
2347 615 2402 635 au-

1349 647 1491 676 ctoritate
1514 653 1560 677 est
1583 654 1687 687 caput,
1712 649 1763 678 alii
1786 654 1821 678 ut
1844 649 1927 678 vices
1942 653 2086 687 gerentes
2110 647 2235 682 Christi,
2260 654 2295 678 ut
2317 654 2403 687 patet

1348 691 1594 720 auctoritatibus.

1404 733 1454 763 111.
1471 733 1506 763 In
1524 735 1731 773 responsione
1747 735 1786 764 ad
1801 735 1928 764 tertium
1945 734 2086 765 eiusdem
2102 735 2232 770 articuli,
2250 735 2400 770 discerne,

1348 776 1484 812 Novitie,
1509 778 1590 808 inter
1613 779 1730 808 ostium
1754 784 1785 808 et
1809 779 1980 808 ostiarium.
2006 778 2090 815 Quia
2112 779 2184 808 licet
2201 788 2267 808 esse
2284 779 2402 809 ostium

1348 820 1507 850 Ecclesiae
1531 831 1566 851 ac
1582 822 1668 860 regni
1685 822 1845 852 caelorum
1869 822 1926 851 sibi
1943 822 2002 851 soli
2018 822 2174 851 Dominus
2190 823 2400 857 reservaverit,

1348 873 1414 893 esse
1438 870 1544 894 tamen
1568 866 1729 895 ostiarium
1753 866 1819 895 aliis
1835 866 2091 901 communicavit,
2112 866 2213 895 claves
2228 866 2316 905 regni
2331 875 2401 895 cae-

1347 907 1431 937 lestis
1453 908 1639 944 tribuendo,
1663 914 1694 939 et
1717 909 1844 939 Petrum
1867 910 2033 939 ianitorem
2057 909 2134 938 caeli
2156 908 2349 939 instituendo
2373 910 2400 939 *ἢ

1016 1048 1332 1092 ARTICULUS
1362 1049 1626 1091 SEPTIMUS

874 1140 1029 1171 UTRUM
1053 1139 1268 1170 nrABOLUs
1291 1139 1357 1170 SIT
1381 1139 1526 1170 CAPUT
1550 1141 1768 1172 MALORUM

264 1246 331 1288 235⁵
351 1249 362 1277 ⁴,

254 1326 375 1416 ῥῖνές
391 1342 422 1377 ‘6
446 1340 633 1378 rationem
674 1340 778 1377 enim
814 1340 945 1389 capitis
985 1340 1146 1389 pertinet
1186 1340 1291 1388 quod

293 1407 302 1418 ⁶
328 1392 355 1415 s'ss
370 1406 380 1422 ⁵
427 1408 435 1413 .
446 1392 581 1430 influat
608 1405 766 1430 sensum
794 1400 830 1430 et
857 1400 1005 1430 motum
1036 1392 1076 1428 in
1094 1392 1289 1428 membra:

234 1452 276 1481 ut
310 1444 399 1482 dicit
433 1445 625 1494 quaedam
659 1446 796 1482 Glossa
821 1445 857 1491 *,
887 1445 938 1482 ad
965 1446 1098 1494 Ephes.
1127 1457 1148 1491 1,
1177 1456 1293 1493 super

233 1497 336 1544 illud,
365 1499 493 1547 Ipsum
525 1498 620 1534 dedit
647 1504 767 1547 caput,
796 1505 865 1534 etc.
905 1498 981 1535 Sed
1008 1497 1183 1534 diabolus
1211 1509 1291 1533 non

234 1549 348 1586 habet
374 1549 554 1586 virtutem
582 1549 769 1587 influendi
796 1549 979 1586 malitiam
1006 1548 1161 1598 peccati,
1184 1549 1291 1598 quod

233 1613 280 1638 ex
307 1602 502 1639 voluntate
530 1601 720 1651 peccantis
751 1602 934 1651 procedit.
978 1603 1078 1650 Ergo
1116 1601 1290 1638 diabolus

233 1665 314 1691 non
340 1661 464 1703 potest
491 1653 566 1691 dici
593 1662 708 1704 caput
734 1655 938 1691 malorum.

287 1718 322 1743 2.
343 1707 573 1753 PRAETEREA,
591 1718 661 1756 per
674 1706 871 1756 quodlibet
889 1714 1090 1755 peecatum
1107 1705 1149 1742 fit
1168 1707 1289 1742 homo

232 1759 367 1795 malus.
406 1759 483 1796 Sed
510 1771 590 1795 non
618 1759 750 1796 omnia
775 1766 930 1808 peccata
958 1766 1046 1795 sunt
1072 1770 1094 1794 a
1122 1758 1286 1795 diabolo.

233 1811 351 1857 Quod
389 1810 547 1860 quidem
575 1811 816 1848 manifestum
848 1818 902 1847 est
934 1811 982 1847 de
1009 1810 1172 1858 peccatis
1201 1811 1288 1847 dae-

231 1874 407 1911 monum,
436 1862 503 1912 qui
530 1875 610 1900 non
638 1875 684 1900 ex
711 1863 958 1913 persuasione
978 1861 1129 1899 alterius
1156 1874 1288 1910 pecca-

230 1922 380 1952 verunt.
410 1915 588 1953 Similiter
606 1915 720 1952 etiam
747 1927 819 1952 nec
847 1927 963 1952 omne
990 1922 1191 1963 peccatum
1219 1915 1288 1951 ho-

230 1966 344 2004 minis
372 1979 418 2004 ex
445 1967 599 2005 diabolo
626 1967 817 2016 procedit:
847 1967 984 2004 dicitur
1002 1966 1105 2003 enim
1133 1966 1172 2003 in
1191 1966 1287 2003 libro

231 2020 276 2056 de
301 2020 563 2057 Ecclesiasticis
584 2021 830 2070 Dogmatihus
846 2019 884 2056 *z
913 2020 1003 2056 Non
1033 2031 1159 2056 omnes
1186 2021 1288 2069 cogi-

229 2073 383 2109 tationes
419 2078 567 2110 nostrae
602 2073 726 2110 malae
764 2084 909 2122 semper
944 2071 1083 2109 diaboli
1121 2073 1288 2108 instinctu

230 2126 456 2162 excitantur:
488 2125 554 2162 sed
578 2125 766 2174 aliquoties
797 2137 846 2161 ex
872 2130 972 2161 motu
1005 2125 1149 2160 arbitrii
1175 2126 1291 2161 nostri

230 2182 436 2227 emergunt.
465 2178 566 2225 Ergo
594 2177 769 2214 diabolus
796 2188 876 2214 non
896 2184 951 2213 est
969 2183 1083 2225 caput
1110 2175 1288 2213 omnium

230 2230 434 2267 malorum.

286 2281 320 2318 3.
349 2282 584 2329 PRAETEREA,
614 2293 738 2318 unum
766 2289 880 2330 caput
906 2280 974 2318 uni
1002 2280 1152 2330 corpori
1179 2292 1287 2329 prae-

229 2333 365 2370 ficitur.
396 2334 472 2372 Sed
499 2341 578 2371 tota
604 2333 808 2371 multitudo
828 2335 1018 2370 malorum
1040 2345 1119 2370 non
1137 2333 1289 2370 videtur

230 2386 371 2423 habere
391 2386 534 2435 aliquid
553 2386 593 2423 in
611 2398 691 2435 quo
710 2385 906 2423 uniantur:
928 2385 1019 2434 quia
1032 2386 1173 2422 malum
1187 2386 1287 2423 malo

863 2437 1044 2486 contingit
1071 2438 1175 2475 enim
1195 2443 1212 2459 ‘²
1240 2450 1289 2475 ex

231 2595 409 2633 omnium
435 2597 639 2633 malorum.

284 2648 358 2685 SED
387 2659 530 2685 CONTRA
557 2660 622 2685 EST
649 2649 767 2697 quod,
797 2660 913 2698 super
946 2647 1038 2684 illud
1065 2649 1133 2684 Iob
1156 2660 1237 2685 xvm
1255 2648 1285 2696 ³¹²,

189 2721 204 2732 -ν
229 2701 421 2738 Memoria
439 2700 534 2737 illius
555 2706 686 2750 pereat
703 2701 748 2737 de
765 2706 877 2746 terra,
906 2699 994 2737 dicit
1013 2700 1148 2737 Glossa
1166 2700 1199 2736 *z
1229 2702 1287 2737 De

230 2764 450 2802 unoquoque
475 2753 600 2802 iniquo
625 2753 755 2789 dicitur
782 2759 819 2790 ut
841 2753 892 2790 ad
907 2758 1027 2802 caput,
1048 2753 1135 2789 idest
1162 2753 1286 2790 diabo-

230 2806 319 2851 lum,
349 2810 562 2842 revertatur.

283 2859 506 2896 RESPONDEO
526 2868 706 2894 DICENDUM
725 2857 842 2906 quod,
860 2856 955 2894 sicut
974 2869 1090 2906 supra
1102 2857 1122 2879 ’¹‘
1141 2856 1285 2893 dictum

231 2918 305 2956 est,
341 2916 455 2958 caput
486 2921 567 2946 non
594 2910 721 2945 solum
749 2908 904 2946 interius
938 2909 1063 2946 influit
1090 2909 1284 2956 membris,

231 2962 299 3000 sed
326 2961 440 2999 etiam
468 2960 631 2998 exterius
657 2960 859 3008 gubernat,
895 2973 1032 2998 eorum
1059 2968 1164 2998 actus
1199 2961 1285 2998 diri-

230 3015 356 3064 gendo
384 3014 433 3051 ad
460 3013 627 3062 aliquem
654 3013 786 3050 finem.
829 3012 892 3050 Sic
918 3013 1030 3060 igitur
1062 3020 1185 3061 potest
1212 3013 1285 3050 dici

231 3066 366 3116 aliquis
393 3073 507 3115 caput
529 3065 687 3103 alicuius
705 3064 955 3102 multitudinis
982 3066 1044 3102 vel
1070 3065 1285 3102 secundum

231 3126 451 3168 utrumque,
467 3118 605 3155 scilicet
623 3117 837 3154 secundum
857 3116 1075 3153 interiorem
1094 3116 1285 3154 influxum

232 3179 268 3208 et
287 3170 512 3208 exteriorem
539 3169 875 3218 gubernationem:
905 3176 941 3205 et
968 3168 1021 3205 sic
1039 3175 1094 3205 est
1114 3169 1286 3205 Christus

232 3231 345 3273 caput
372 3222 573 3271 Ecclesiae,
593 3229 635 3260 ut
653 3221 798 3259 dictum
817 3228 872 3258 est
889 3220 920 3257 ²¹⁶.
940 3242 965 3247 —
983 3221 1054 3257 Vel
1071 3221 1286 3257 secundum

285 3354 313 3388 α)
333 3355 410 3380 enim.
427 3368 447 3373 -
463 3354 544 3379 etiam
566 3354 637 3378 tertia
656 3357 756 3385 praeter
774 3351 793 3376 l.

287 3389 312 3424 β)
330 3389 451 3423 singulis.
469 3403 488 3408 -
505 3389 525 3413 F
544 3393 569 3413 et
587 3388 660 3413 tertia
666 3396 673 3419 ς
692 3387 819 3412 subiectos
838 3387 868 3416 A,
887 3386 1008 3411 subiectis
1027 3385 1112 3410 ceteri.

367 1259 422 1296 '²³1
445 1248 467 1273 D
487 1248 664 1273 SEPTIMUM
683 1247 735 1272 s1c
754 1247 986 1273 PROCEDITUR.
1008 1235 1168 1272 Videtur
1185 1235 1292 1284 quod
1346 1237 1467 1272 solam
1496 1236 1721 1273 exteriorem
1744 1237 2079 1284 gubernationem:
2110 1247 2144 1275 et
2164 1220 2227 1276 sic*
2244 1241 2399 1288 quilibet

366 1274 620 1344 {diabolus
655 1299 735 1324 non
767 1288 812 1325 sit
843 1295 958 1336 caput
985 1289 1188 1324 malorum.
1231 1287 1291 1323 Ad
1345 1287 1521 1336 princeps
1549 1290 1611 1324 vel
1638 1290 1826 1337 praelatus
1854 1297 1909 1326 est
1927 1298 2041 1338 caput
2060 1291 2310 1329 multitudinis
2329 1293 2399 1330 sibi

1345 1340 1547 1377 subiectae.
1577 1342 1625 1377 Et
1651 1353 1721 1389 per
1748 1342 1852 1378 hunc
1879 1343 2042 1379 modum
2070 1343 2206 1380 dicitur
2226 1344 2399 1382 diabolus

1345 1400 1459 1441 caput
1474 1392 1650 1429 omnium
1666 1395 1874 1430 malorum:
1895 1406 1996 1441 nam,
2013 1403 2054 1431 ut
2068 1395 2204 1432 dicitur
2217 1398 2285 1433 Iob
2299 1397 2396 1445 XL1*,

1345 1446 1420 1494 ipse
1447 1451 1497 1481 est
1525 1457 1594 1482 rex
1619 1458 1730 1494 super
1757 1459 1883 1483 omnes
1899 1447 2004 1494 filios
2030 1450 2231 1496 superbiae.

1397 1497 1562 1534 Pertinet
1590 1505 1719 1534 autern
1746 1499 1795 1535 ad
1815 1498 2108 1546 gubernatorem
2136 1508 2178 1536 ut
2205 1513 2271 1537 eos
2299 1514 2398 1550 quos

1343 1549 1528 1596 gubernat
1556 1550 1604 1586 ad
1633 1562 1748 1586 suum
1775 1550 1895 1587 finem
1922 1551 2115 1600 perducat.
2145 1552 2249 1589 Finis
2267 1561 2397 1590 autem

1344 1601 1485 1638 diaboli
1520 1610 1574 1638 est
1609 1602 1756 1638 aversio
1793 1603 1982 1640 rationalis
2016 1611 2208 1641 creaturae
2244 1618 2266 1642 a
2293 1607 2395 1642 Deo:

1343 1654 1446 1690 unde
1475 1667 1497 1690 a
1524 1654 1710 1703 principio
1739 1655 1936 1692 hominem
1967 1656 2015 1692 ab
2037 1656 2252 1694 obedientia
2278 1657 2397 1694 divini

1342 1706 1534 1754 praecepti
1552 1718 1751 1743 removere
1770 1707 1926 1744 tentavit
1939 1707 1969 1743 ²¹².
1999 1709 2083 1756 Ipsa
2102 1716 2230 1745 autem
2249 1710 2397 1746 aversio

1342 1771 1364 1794 a
1388 1759 1472 1794 Deo
1501 1759 1615 1794 habet
1634 1758 1821 1795 rationem
1839 1759 1926 1795 finis
1954 1759 2183 1807 inquantum
2211 1762 2400 1810 appetitur

1342 1810 1414 1846 sub
1443 1810 1568 1858 specie
1596 1810 1791 1846 libertatis:
1821 1811 2037 1847 secundum
2056 1811 2148 1848 illud
2175 1813 2395 1850 Ierem.11*:

1340 1863 1377 1898 A
1402 1862 1549 1898 saeculo
1577 1863 1794 1911 confregisti
1819 1865 1968 1912 iugum,
1998 1865 2126 1912 rupisti
2150 1866 2315 1911 vincula,
2348 1866 2398 1902 di-

1341 1916 1443 1960 xisti,
1472 1915 1562 1951 Non
1590 1916 1760 1952 serviam.
1802 1915 2033 1963 Inquantum
2067 1915 2178 1963 igitur
2211 1917 2260 1953 ad
2294 1919 2399 1954 hunc

1341 1966 1462 2003 finem
1494 1966 1611 2015 aliqui
1638 1967 1882 2003 adducuntur
1907 1968 2121 2016 peccandO,
2157 1969 2229 2005 sub
2257 1969 2398 2006 diaboli

1342 2018 1523 2066 regimine
1552 2026 1588 2055 et
1614 2019 1888 2066 gubernatione
1916 2020 2067 2056 cadunt.
2097 2021 2145 2057 Et
2172 2033 2218 2057 ex
2246 2022 2320 2058 hoc
2343 2021 2398 2059 di-

1342 2071 1437 2108 citur
1465 2083 1601 2107 eorum
1629 2078 1753 2119 caput.

1394 2122 1461 2160 AD*
1479 2136 1613 2160 PRIMUM
1639 2135 1736 2160 ERGO
1755 2135 1936 2161 DiCENnUM
1964 2125 2081 2173 quod,
2110 2124 2194 2162 licet
2222 2125 2397 2164 diabolus

1341 2188 1421 2212 non
1449 2175 1583 2212 influat
1611 2175 1766 2212 interius
1794 2175 1965 2212 rationali
1992 2176 2126 2224 menti,
2155 2185 2284 2214 tamen
2311 2190 2396 2226 sug-

1340 2228 1507 2276 gerendo
1536 2227 1680 2264 inducit
1707 2228 1755 2264 ad
1783 2229 1941 2264 malum.

1394 2282 1451 2317 Ab
1479 2292 1666 2317 SECUNDUM
1700 2292 1880 2316 DICENDUM
1912 2281 2018 2328 quod
2051 2281 2281 2328 gubernator
2316 2295 2396 2319 non

1341 2345 1494 2381 semper
1521 2331 1682 2380 suggerit
1709 2330 1896 2380 singulisss
1923 2339 1965 2368 ut
1992 2332 2073 2369 eius
2092 2334 2277 2370 voluntati
2305 2335 2395 2372 obe-

1341 2385 1464 2435 diant,
1485 2385 1551 2422 sed
1579 2384 1759 2434 proponit
1778 2383 1958 2420 omnibus
1979 2384 2130 2432 signum
2149 2392 2240 2422 suae
2258 2388 2395 2423 volun—

1340 2438 1435 2485 tatis,
1458 2438 1507 2474 ad
1526 2437 1634 2474 cuius
1654 2438 1849 2485 sequelam
1877 2436 1992 2485 aliqui
2011 2437 2220 2474 excitantur
2238 2437 2392 2486 inducti,

1341 2490 1403 2526 alii
1430 2497 1565 2539 sponte
1597 2488 1751 2538 propria
1769 2494 1800 2524 Y:
1838 2488 1933 2525 sicut
1966 2496 2068 2537 patet
2099 2489 2137 2525 in
2165 2489 2262 2527 duce
2291 2502 2393 2527 exer-

1341 2542 1447 2589 citus,
1462 2542 1572 2578 cuius
1586 2541 1767 2578 vexillum
1782 2549 1994 2589 sequuntur
2007 2540 2141 2577 milites
2157 2541 2270 2578 etiam
2288 2543 2393 2579 nullo

1340 2594 1603 2643 persuadente.
1627 2593 1690 2631 Sic
1708 2593 1818 2640 igitur
1836 2593 2005 2642 primum
2024 2601 2223 2641 peccatum
2242 2594 2392 2642 diaboli,

1340 2647 1407 2696 qui
1435 2649 1482 2684 ab
1510 2648 1611 2683 initio
1633 2651 1778 2695 peccat,
1807 2653 1849 2681 ut
1876 2645 2010 2682 dicitur
2038 2646 2172 2682 IIoan.
2197 2658 2229 2682 111
2247 2645 2277 2693 ²¹³,
2306 2659 2392 2695 pro-

1339 2699 1508 2749 positum
1528 2706 1582 2735 est
1601 2695 1781 2734 omnibus
1800 2698 1847 2734 ad
1867 2698 2109 2746 sequendum
2127 2696 2155 2734 δε
2186 2698 2291 2745 quod
2310 2698 2392 2747 qui-

1340 2752 1430 2789 dam
1458 2750 1652 2787 imitantur
1679 2762 1747 2799 per
1774 2749 2053 2797 suggestionem
2077 2749 2205 2798 ipsius,
2234 2749 2392 2803 quidam

1339 2803 1493 2853 propria
1512 2810 1645 2852 sponte
1665 2802 1809 2850 absque
1828 2803 1903 2837 ulla
1922 2801 2169 2848 suggestione.
2193 2802 2240 2837 Et
2258 2813 2392 2839 secun-

1340 2857 1435 2893 dum
1463 2856 1548 2901 hoc,
1577 2853 1751 2891 omniurn
1782 2854 1970 2889 malorum
1992 2860 2105 2901 caput
2124 2860 2178 2888 est
2205 2852 2390 2902 diabolus,

1339 2908 1565 2958 inquantum
1581 2907 1688 2943 illum
1702 2904 1905 2941 imitantur:
1915 2905 2127 2941 secundum
2138 2904 2229 2941 illud
2240 2906 2324 2955 Sap.
2333 2907 2389 2944 11³²:

1338 2960 1484 2998 Invidia
1512 2959 1650 2995 diaboli
1673 2969 1774 2993 mors
1801 2958 1960 2994 introivit
1982 2958 2018 2992 in
2041 2958 2168 2993 orbem
2186 2962 2393 2995 terrarum.-

1339 3014 1527 3049 imitantur
1553 3016 1674 3047 autem
1702 3009 1804 3045 illum
1832 3010 1896 3057 qui
1918 3014 2001 3044 sunt
2028 3020 2077 3045 ex
2097 3015 2206 3057 parte
2233 3009 2337 3047 illius.

1391 3065 1448 3100 An
1474 3074 1631 3099 TERTlUM
1649 3072 1828 3097 DICENDUM
1855 3061 1962 3109 quod
1981 3060 2111 3097 omnia
2128 3069 2282 3110 peccata
2301 3074 2391 3099 con—

1339 3115 1498 3152 veniunt
1525 3114 1563 3150 in
1588 3112 1784 3150 aversione
1804 3124 1826 3148 a
1844 3113 1939 3158 Deo,
1968 3112 2052 3149 lieet
2073 3112 2121 3149 ad
2140 3112 2305 3150 invicem
2324 3114 2391 3151 dif-

1338 3169 1458 3205 ferant
1485 3165 1698 3202 secundum
1717 3164 2008 3201 conversionem
2036 3165 2084 3201 ad
2112 3165 2259 3202 diversa
2287 3178 2392 3203 com-

1340 3218 1535 3256 mutabilia
1563 3217 1676 3254 bona.

1391 3347 1419 3381 γ)
1438 3351 1531 3380 sponte
1545 3348 1667 3380 propria.
1685 3361 1704 3366 -
1719 3347 1832 3379 propria
1850 3350 1943 3378 sponte
1961 3347 2041 3372 tertia.

1391 3383 1416 3418 ὃ)
1435 3384 1472 3408 ad
1489 3383 1658 3415 sequendum.
1675 3397 1695 3402 —
1713 3383 1736 3407 H
1756 3387 1781 3407 et
1799 3382 1937 3412 editiones;
1955 3382 2155 3414 assequendum.

2427 892 2437 901 ⁸
2445 892 2522 913 Matth.
2533 898 2584 920 cap.
2592 899 2638 919 xvi,

2427 924 2485 939 vers.
2503 925 2537 946 ¹9·

2427 1402 2438 1413 ⁸
2452 1402 2517 1424 Vers.
2532 1409 2564 1430 25.

2425 1712 2435 1722 ⁸
2449 1711 2505 1733 Gen.
2520 1717 2571 1739 cap.
2588 1718 2620 1734 ιιι.

2425 1814 2436 1825 ⁸
2451 1814 2515 1835 Vers.
2529 1820 2565 1835 20.

2421 2648 2430 2658 ·
2445 2647 2510 2669 Vers.
2528 2648 2550 2670 8.

2419 2907 2429 2918 ⁸
2443 2906 2508 2928 Vers.
2523 2913 2558 2934 24,
2573 2913 2607 2935 ²5—
