2872 3970
410 304 483 341 194
1087 290 1351 338 QUAESTIO
1381 291 1468 338 xv,

165 377 236 404 ’Qu-
251 382 282 402 ¹¹,
298 379 339 397 m.
355 381 373 403 5·
403 378 438 402 ut
459 377 546 412 patet
569 382 606 402 ex
630 381 724 412 supra
740 373 756 388 ⁶*
780 371 885 407 dictis,
910 376 975 402 erat
998 371 1181 401 habitualis:
1213 379 1273 400 nec
1297 369 1466 410 oportebat

403 426 469 446 esse
486 417 652 451 actualem,
678 417 832 456 quoniam
847 416 972 446 habitus
989 421 1035 445 est
1057 424 1120 455 quo
1137 414 1207 455 quis
1224 419 1379 454 operatur
1393 422 1465 444 cum

403 461 470 491 vult
485 461 511 490 ἦ
536 460 577 490 Et
599 466 768 500 propterea
791 465 915 500 poterat
935 459 1089 495 Christus,
1113 468 1182 488 non
1197 457 1319 488 utendo
1335 457 1466 488 scientia

403 510 534 534 eventus
551 513 648 544 quam
663 504 808 539 habebat,
825 503 1061 544 apprehendere
1077 502 1199 532 malum
1214 501 1359 532 futurum
1375 501 1466 541 quasi

402 548 576 584 incertum,
607 554 638 578 et
661 549 705 578 sic
735 548 850 578 habere
878 549 910 578 in
935 556 994 577 suo
1018 546 1161 587 appetitu
1188 545 1311 576 timoris
1338 550 1465 575 motum

403 592 511 632 quoad
527 593 645 628 omnia,
659 593 740 622 sicut
756 597 787 622 et
802 592 967 627 tristitiam,
984 600 1051 621 non
1071 589 1179 630 quoad
1195 589 1314 630 aliquid
1330 594 1464 619 tantum.

457 636 498 666 Et
521 642 654 676 augetur
677 635 821 666 dubium.
853 635 938 673 Quia
961 645 999 665 ex
1023 644 1062 665 eo
1087 633 1177 674 quod
1200 634 1233 663 in
1253 633 1381 664 Christo
1397 643 1465 663 non

403 686 468 710 erat
497 679 706 710 redundantia
739 680 941 720 superiorum
974 678 1013 709 ad
1045 678 1211 709 inferiores
1243 683 1346 717 partes
1370 682 1425 707 aut
1448 687 1465 707 e

403 729 523 760 contra,
548 724 603 754 sed
626 733 839 764 unaquaeque
863 733 934 763 pars
959 723 1017 752 sibi
1040 723 1168 763 propria
1192 722 1367 757 exercebat,
1388 730 1466 751 con-

402 774 591 798 sentaneum
614 774 660 798 est
683 774 719 798 ut
741 767 944 802 aestimativa,
969 776 1026 797 seu
1050 766 1218 806 cogitativa
1237 765 1365 801 Christi,
1390 775 1465 796 cum

403 813 525 842 ratione
552 822 619 842 non
642 817 752 842 utente
775 812 906 841 scientia
928 810 1033 841 infusa
1057 810 1096 840 de
1120 809 1308 840 certitudine
1333 815 1465 840 eventus

401 856 522 891 mortis,
547 856 692 895 quamvis
715 860 824 885 utente
848 855 978 885 scientia
1001 854 1125 885 futurae
1141 854 1262 889 mortis,
1287 854 1465 894 apprehen-

403 900 482 931 derit
505 900 625 930 malum
648 899 792 930 futurum
817 905 851 929 ut
874 900 1031 929 incertum
1055 899 1115 938 ipsi
1139 898 1326 938 cogitativae
1357 897 1466 938 quoad

403 949 569 979 eventum;
602 950 632 974 et
663 953 700 974 ex
731 943 784 973 tali
815 943 1070 983 apprehensione
1101 941 1196 973 fuerit
1226 942 1324 973 timor
1357 941 1466 982 quoad

402 988 519 1023 omnia,
545 997 619 1018 cum
642 988 854 1027 imaginativa,
877 996 933 1017 seu
950 987 1128 1027 cogitativa,
1148 987 1187 1016 sit
1202 995 1336 1017 movens
1352 987 1465 1017 imme-

402 1033 522 1063 diatum
546 1032 704 1071 appetitus
728 1032 876 1062 sensitivi.

457 1076 508 1106 IV.
533 1075 584 1106 Ad
607 1077 724 1106 horum
749 1075 956 1112 evidentiam,
986 1074 1152 1106 sciendum
1177 1081 1223 1106 est
1247 1074 1336 1115 quod
1359 1084 1464 1106 sermo

401 1121 521 1150 litterae
545 1126 592 1150 est
615 1120 654 1150 de
679 1120 806 1150 Christo
830 1120 962 1150 homine
985 1119 1170 1160 simpliciter
1194 1124 1225 1150 et
1248 1119 1409 1150 absolute:
1435 1125 1466 1150 et

401 1174 468 1194 non
492 1170 538 1194 est
561 1163 600 1194 de
617 1164 745 1195 Christo
762 1164 940 1195 secundum
957 1163 1044 1204 quid.
1071 1164 1116 1194 Ita
1131 1163 1221 1204 quod
1236 1169 1372 1204 utraque
1388 1173 1465 1194 con-

402 1209 504 1239 clusio
527 1207 707 1239 verificatur
730 1208 769 1239 de
793 1208 921 1239 Christo
945 1207 1123 1238 secundum
1146 1207 1179 1238 id
1202 1207 1291 1248 quod
1315 1209 1466 1238 convenit

402 1253 529 1284 Christo
553 1253 747 1293 simpliciter.
785 1252 919 1283 Constat
949 1258 1056 1283 autem
1087 1251 1126 1282 de
1154 1251 1281 1283 Christo
1311 1261 1379 1282 non
1403 1252 1466 1283 dici

401 1297 586 1337 simpliciter
609 1296 699 1337 quod
721 1297 861 1327 incertus
885 1302 950 1327 erat
973 1296 1012 1327 de
1037 1302 1154 1327 eventu
1176 1296 1252 1326 mali
1277 1295 1386 1333 futuri,
1411 1296 1466 1327 sed

402 1342 604 1381 oppositum:
630 1341 750 1371 scilicet
773 1340 862 1381 quod
886 1347 990 1371 certus
1014 1346 1079 1371 erat
1102 1340 1141 1371 de
1165 1346 1282 1371 eventu
1304 1341 1416 1371 mortis
1435 1346 1466 1371 et

401 1386 599 1425 reliquorum
629 1385 789 1415 malorum
820 1385 1020 1421 futurorum,
1050 1394 1118 1415 non
1144 1385 1251 1415 solum
1274 1385 1466 1425 inquantum

401 1430 506 1464 Deus,
531 1429 586 1459 sed
610 1430 704 1459 etiam
727 1430 921 1469 inquantum
943 1429 1061 1465 homo;
1092 1438 1153 1459 nec
1180 1429 1286 1459 solum
1313 1435 1349 1459 ut
1375 1439 1465 1460 com-

401 1474 584 1513 prehensor,
609 1473 664 1503 sed
688 1474 782 1503 etiam
805 1478 841 1503 ut
864 1474 980 1509 viator3
1006 1473 1151 1513 quamvis
1174 1472 1353 1503 secundum
1376 1473 1464 1513 quid,

401 1519 464 1548 hoc
489 1523 535 1547 est
566 1516 743 1547 secundum
767 1517 906 1557 aliquam
937 1517 1005 1547 eius
1035 1522 1175 1556 partem,
1207 1517 1307 1556 possit
1334 1523 1466 1548 eventus

401 1561 602 1597 incertitudo,
626 1571 693 1591 non
717 1562 870 1601 privative
894 1560 949 1591 sed
969 1561 1114 1600 negative
1130 1560 1299 1596 intellecta,
1319 1561 1363 1591 illi
1381 1562 1465 1591 attri-

401 1606 465 1636 bui.
496 1605 557 1636 Sed
580 1615 647 1635 non
671 1611 839 1646 propterea
863 1610 968 1645 potest
992 1605 1113 1635 ratione
1137 1605 1233 1644 partis
1257 1605 1382 1635 attribui
1405 1605 1466 1645 ipsi

402 1649 529 1680 Christo
554 1650 714 1680 absolute:
740 1650 814 1689 quia
831 1650 1028 1689 oppositum,
1049 1655 1084 1679 ut
1101 1648 1222 1679 dictum
1239 1655 1294 1685 est,
1315 1650 1467 1679 convenit

401 1694 446 1724 illi
470 1694 663 1734 simpliciter.
696 1694 785 1725 Sicut
808 1694 964 1733 Aethiops
994 1698 1100 1733 potest
1130 1693 1261 1733 quidem
1289 1693 1351 1724 dici
1375 1693 1466 1724 albus

401 1738 518 1773 dentes,
542 1748 610 1768 non
632 1744 739 1768 tamen
762 1743 932 1778 propterea
955 1743 1061 1777 potest
1077 1737 1139 1768 dici
1155 1737 1266 1768 albus:
1290 1738 1374 1778 quia,
1391 1738 1466 1768 sim-

402 1782 524 1822 pliciter
548 1781 724 1822 loquendo,
749 1788 795 1812 est
818 1782 916 1822 niger.
941 1782 1055 1812 Timor
1078 1782 1183 1822 igitur,
1209 1781 1316 1822 quoad
1339 1782 1466 1812 incerti-

402 1826 547 1857 tudinem
571 1832 719 1862 eventus,
744 1836 817 1856 vere
841 1832 974 1866 negatur
1003 1826 1036 1856 in
1061 1826 1188 1856 Christo
1221 1826 1405 1866 simpliciter
1437 1831 1468 1856 et

166 468 176 478 ⁸
194 467 274 488 Averr.
294 465 324 487 ΙΙΙ
347 466 376 487 de

163 493 260 540 {tegam
282 492 374 514 Comm.

1498 289 1791 328 ARTICULUS
1819 291 1902 328 VIII

1521 369 1683 401 absolute:
1709 370 1784 410 quia
1808 370 1952 401 Christus
1977 375 2041 400 erat
2065 371 2256 401 certissimus
2279 370 2319 402 de
2344 377 2461 403 eventu
2483 372 2585 403 malo-

1520 423 1602 444 rum.
1637 414 1678 444 Et
1700 414 1764 445 hoc
1787 420 1834 445 est
1857 413 1947 455 quod
1970 413 2125 445 docemur
2152 424 2190 445 ex
2213 414 2353 446 secunda
2377 416 2584 447 conclusione

1519 457 1651 488 litterae.

1577 501 1662 532 Cum
1687 511 1754 542 quo
1777 507 1885 532 tamen
1908 507 1968 532 stat
1991 501 2081 542 quod
2103 502 2137 533 in
2161 502 2304 539 Christo,
2329 503 2508 535 secundum
2530 504 2586 535 ali—

1521 554 1618 585 quam
1640 546 1842 586 portionem,
1870 547 1977 586 potuit
2000 555 2068 576 esse
2090 547 2186 577 timor
2210 547 2305 578 etiam
2328 547 2438 588 quoad
2459 548 2586 579 incerti-

1520 589 1666 620 tudinem
1682 595 1824 626 eventus‚
1842 589 1932 630 quod
1947 595 1994 620 est
2009 591 2043 621 in
2058 589 2186 621 Christo
2202 590 2379 622 secundum
2396 591 2474 632 quid
2489 591 2586 624 fuisse

1520 634 1670 664 timorem
1687 633 1795 674 quoad
1810 633 2068 665 incertitudinem
2084 640 2233 665 eventus:
2257 645 2317 675 pro
2334 641 2456 676 quanto
2479 637 2587 676 potuit

1520 678 1600 708 ratio
1623 677 1755 708 inferior
1778 677 2017 719 apprehendere
2043 679 2165 710 malum
2187 678 2333 710 futurum
2363 680 2443 711 nihil
2465 689 2587 721 propo-

1519 721 1627 752 nendo
1652 721 1692 752 de
1715 721 1904 753 certitudine
1927 722 1978 753 vel
1993 723 2216 754 incertitudine
2232 729 2374 760 eventus,
2398 733 2438 755 ac.
2450 732 2508 764 per
2521 723 2586 756 hoc

1520 765 1819 806 apprehendebamr
1850 766 1972 797 malum
2002 765 2148 798 futurum
2177 772 2214 798 ut
2239 768 2399 798 incertum
2429 768 2585 809 negative.

1520 810 1717 841 Remanebat
1740 810 1899 851 siquidem
1922 811 2044 842 malum
2067 810 2212 842 futurum
2235 821 2303 842 non
2327 817 2450 843 certum
2468 822 2508 844 ex
2521 813 2586 844 hoc

1520 855 1590 894 ipso
1615 854 1705 895 quod
1727 864 1795 885 non
1818 855 2059 895 proponebatur
2081 861 2166 886 certe
2185 861 2386 886 eventurum.
2409 856 2452 888 Et
2465 857 2511 888 sic
2525 866 2587 898 po-

1520 899 1580 929 tuit
1610 907 1679 930 esse
1708 899 1741 929 in
1773 899 1902 930 Christo
1934 899 2031 931 timor
2061 900 2157 931 etiam
2190 900 2299 940 quoad
2327 900 2587 932 incertitudinem

1520 949 1662 973 eventus.

1574 987 1612 1017 V.
1644 986 1696 1018 Ad
1722 987 1864 1028 primum
1890 988 1986 1028 igitur
2013 986 2148 1018 dubium
2173 989 2189 1005 ⁴*
2219 987 2334 1019 dicitur
2362 988 2452 1029 quod
2476 995 2587 1020 motus

1520 1031 1679 1072 appetitus
1703 1032 1842 1062 sensitivi
1875 1038 2021 1063 causatus
2044 1041 2083 1062 ex
2106 1032 2360 1073 apprehensione
2389 1033 2466 1064 mali
2487 1032 2588 1065 futuri

1520 1075 1732 1106 abstrahendo
1756 1085 1774 1106 a
1797 1081 1884 1106 certo
1907 1077 1959 1106 vel
1981 1077 2115 1113 incerto,
2140 1081 2187 1107 est
2209 1085 2283 1107 vere
2306 1077 2417 1107 timor:
2441 1086 2510 1108 non
2532 1077 2587 1109 tri-

1519 1120 1611 1156 stitia,
1635 1120 1800 1160 requirens
1823 1119 1913 1160 quod
1927 1120 2050 1151 malum
2065 1119 2210 1151 futurum
2226 1120 2482 1161 apprehendatur
2497 1122 2588 1162 quasi

1519 1173 1668 1205 praesens
1698 1165 1773 1204 quia
1795 1170 1928 1195 certum.
1965 1165 2006 1195 Et
2035 1165 2190 1205 quoniam
2218 1165 2252 1195 in
2275 1164 2377 1196 littera
2398 1165 2478 1196 nihil
2501 1164 2588 1196 aliud

1520 1208 1648 1245 dicitur,
1672 1208 1827 1249 ponendo
1851 1209 1987 1249 primam
2011 1209 2271 1246 conclusionem,
2295 1210 2356 1240 nisi
2380 1209 2470 1250 quod
2491 1210 2589 1241 timor

1520 1252 1580 1283 fuit
1602 1253 1635 1283 in
1659 1252 1788 1283 Christo
1819 1258 1977 1293 quatenus
2000 1258 2147 1284 causatur
2173 1263 2211 1284 ex
2234 1253 2488 1294 apprehensione
2511 1252 2590 1286 mali

1520 1297 1628 1334 futuri,
1651 1296 1725 1328 ideo
1749 1297 1808 1327 sibi
1826 1307 1894 1328 non
1911 1298 2037 1328 obstant
2059 1297 2147 1337 prius
2163 1297 2246 1328 dicta
2262 1306 2299 1328 ex
2314 1297 2495 1328 Aristotele.
2518 1296 2588 1329 Ne'c

1520 1342 1623 1372 obstat
1646 1341 1786 1372 secunda
1810 1341 1991 1372 conclusio:
2024 1351 2106 1382 quae
2132 1351 2200 1372 non
2223 1346 2318 1381 negat
2340 1341 2526 1372 huiusmodi
2547 1342 2588 1372 ti-

1519 1394 1645 1416 morem
1661 1395 1678 1416 a
1695 1385 1839 1421 Christ0;
1859 1385 1915 1416 sed
1930 1391 2024 1426 negat
2038 1386 2189 1416 timorem
2205 1385 2313 1426 quoad
2328 1385 2587 1418 incertitudinem

1521 1430 1677 1461 contrarie
1700 1439 1725 1460 a⁴
1742 1429 1869 1460 Christo
1893 1430 2086 1470 simpliciter.

1575 1474 1616 1504 Et
1645 1474 1719 1504 hinc
1749 1479 1836 1514 patet
1865 1474 1984 1504 solutio
2015 1474 2148 1505 secundi
2178 1473 2267 1505 dubii
2283 1475 2309 1504 *.
2344 1474 2523 1512 Quoniam,
2551 1479 2589 1507 ut

1521 1517 1642 1548 dictum
1666 1523 1721 1553 est,
1747 1518 1913 1548 conclusio
1937 1517 2077 1548 secunda
2100 1519 2208 1548 asserit
2229 1518 2263 1548 in
2287 1517 2415 1549 Christo
2442 1518 2588 1550 absolute

1519 1571 1587 1592 non
1602 1561 1700 1592 fuisse
1716 1561 1972 1592 incertitudinem
1989 1567 2121 1592 eventus
2136 1562 2222 1598 mali,
2239 1571 2322 1602 quae
2339 1567 2386 1592 est
2401 1562 2590 1604 ambiguitas

1521 1604 1679 1645 quaedam
1702 1605 1742 1635 de
1765 1605 1851 1636 malo
1875 1605 1984 1636 futuro
2009 1606 2101 1646 (haec
2117 1611 2164 1636 est
2185 1606 2271 1636 enim
2294 1605 2486 1637 incertitudo
2510 1615 2588 1638 con-

1520 1649 1643 1688 trarie);
1675 1658 1711 1679 ac
1734 1658 1791 1689 per
1813 1650 1891 1685 hoc,
1915 1659 1983 1679 non
2007 1659 2075 1680 esse
2097 1650 2248 1680 timorem
2272 1649 2381 1690 quoad
2402 1649 2590 1683 huiusmodi

1520 1692 1787 1724 incertitudinem.
1813 1693 2020 1724 Obiectiones
2042 1699 2150 1724 autem
2172 1694 2352 1734 loquuntur
2374 1699 2406 1725 et
2429 1693 2468 1726 de
2486 1694 2590 1726 incer-

1521 1736 1656 1767 titudine
1679 1737 1844 1777 negative;
1870 1743 1900 1767 et
1922 1737 1961 1768 de
1978 1737 2105 1768 Christo
2130 1738 2309 1770 secundum
2325 1738 2413 1779 quid.
2437 1738 2533 1777 Quia,
2551 1744 2590 1772 ut

1521 1781 1642 1812 dictum
1666 1787 1712 1812 est
1728 1782 1760 1818 ’Ἀ
1785 1780 1964 1812 verificatur
1987 1781 2027 1812 de
2051 1781 2179 1813 Christo
2203 1782 2387 1823 simpliciter
2410 1782 2500 1824 quod
2523 1788 2591 1826 erat

1522 1826 1713 1856 certissimus
1737 1825 1776 1856 de
1801 1831 1918 1856 eventu
1942 1826 2099 1867 cuiusque
2122 1827 2197 1857 mali
2220 1825 2328 1858 futuri.
2561 1831 2563 1833 ’

1572 1912 1623 1919 vv-

1182 1986 1502 2029 ARTICULUS
1533 1986 1806 2030 OCTAVUS

1048 2079 1204 2110 UTRUM
1229 2079 1272 2109 1N
1297 2078 1487 2110 CHR1sro
1511 2080 1671 2111 FUERIT
1694 2080 1941 2112 ADM1RAT10

1118 2166 1152 2190 lV
1174 2166 1249 2191 Cont.
1272 2167 1358 2196 Gent„
1379 2174 1435 2199 cap.
1454 2174 1544 2198 xxxnx3
1565 2167 1594 2192 In
1614 2167 1723 2196 Matth.,
1743 2175 1799 2201 cap.
1818 2175 1872 2194 vm.

535 2272 572 2295 ἡ
614 2262 636 2286 D
656 2260 827 2285 oc‘rAvum
847 2260 897 2284 sic
918 2259 1153 2284 paocam‘rua.
1179 2246 1341 2284 Videtur
1359 2248 1467 2296 quod

526 2291 591 2369 &A
615 2301 653 2338 in
683 2300 834 2338 Christo
864 2313 943 2337 non
971 2300 1082 2337 fuerit
1117 2300 1331 2337 admiratio.
1367 2299 1468 2337 Dicit

584 2353 718 2391 enim
756 2353 1036 2402 Philosophus,
1076 2353 1114 2389 in
1153 2355 1167 2390 Ι
1199 2354 1414 2403 Metaphys.
1434 2353 1466 2400 ³¹⁸,

167 2363 375 2412 ...catara-..31
419 2360 581 2438 aggi
844 2407 850 2413 .
914 2407 920 2413 .

167 2423 201 2438 ¹¹¹-
458 2423 471 2437 κ
490 2431 499 2434 -
532 2417 547 2438 ι’
570 2400 720 2456 &quod
749 2408 949 2444 admiratio
979 2414 1158 2444 causatur
1185 2418 1231 2443 ex
1255 2407 1331 2443 hoc
1359 2407 1467 2455 quod

405 2460 539 2510 aliquis
567 2459 670 2497 videt
698 2461 879 2498 effectum
907 2468 943 2497 et
971 2460 1118 2508 ignorat
1147 2471 1324 2496 causam:
1355 2467 1391 2495 et
1415 2459 1468 2496 sic

405 2513 583 2552 admirari
611 2526 691 2550 non
720 2522 774 2550 est
802 2513 873 2550 nisi
902 2512 1120 2561 ignorantis.
1152 2512 1228 2549 Sed
1255 2511 1294 2549 in
1315 2511 1467 2549 Christo

170 2576 270 2603 ’Art-3
406 2579 484 2604 non
522 2567 589 2603 fuit
626 2566 854 2615 ignorantia,
888 2575 930 2603 ut
967 2566 1113 2603 dictum
1150 2573 1205 2602 est
1223 2565 1254 2602 ³⁸.
1293 2566 1395 2613 Ergo
1428 2565 1468 2602 in

408 2620 557 2658 Christo
587 2631 666 2656 non
694 2620 762 2656 fuit
791 2619 1003 2657 admiratio.

461 2685 494 2710 2.
525 2674 755 2720 PRAETEREA,
785 2674 1049 2710 Damascenus
1078 2671 1178 2719 dicit,
1207 2671 1246 2708 in
1275 2673 1305 2708 II
1325 2671 1421 2708 libro
1435 2671 1467 2719 ²⁸,

407 2726 513 2775 quod
532 2726 728 2763 admiratio
748 2732 798 2763 est
821 2728 932 2763 timor
950 2739 999 2763 ex
1017 2738 1160 2776 magna
1180 2726 1470 2775 imaginatione:

407 2788 442 2816 et
470 2779 556 2815 ideo
590 2779 850 2828 Philosophus
878 2779 983 2826 dicit,
1014 2779 1053 2816 in
1081 2780 1131 2816 IV
1158 2780 1275 2816 Ethic.
1295 2778 1332 2824 ²¹²,
1362 2778 1469 2827 quod

407 2835 671 2881 magnanimus
706 2845 778 2869 non
815 2838 865 2869 est
899 2833 1149 2870 admirativus.
1190 2831 1266 2869 Sed
1296 2831 1469 2868 Christus

408 2884 475 2921 fuit
503 2885 667 2922 maxime
696 2885 976 2933 magnanimus.
1010 2887 1111 2934 Ergo
1140 2885 1178 2922 in
1209 2884 1361 2922 Christo
1390 2896 1469 2921 non

409 2937 476 2974 fuit
504 2938 714 2975 admiratio.

171 2687 179 2695 ·
191 2686 225 2706 De
235 2685 292 2706 Fide
303 2686 378 2711 Orth„

171 2712 210 2733 lib.
226 2712 252 2736 Π,
269 2718 318 2738 cap.
329 2718 365 2733 xv.

172 2782 319 2829 sf³²1²izf¹1¹÷c¹¹13
327 2789 361 2829 {⁰1
370 2794 378 2798 ·

465 2990 497 3026 3.
528 2993 764 3039 PRAETEREA,
794 2993 921 3029 nullus
957 2991 1167 3029 admiratur
1202 2991 1249 3028 de
1282 3003 1329 3028 eo
1362 2991 1470 3040 quod

410 3043 489 3092 ipse
526 3045 646 3081 facere
684 3052 817 3093 potest.
862 3045 937 3082 Sed
978 3044 1151 3082 Christus
1188 3045 1309 3082 facere
1347 3043 1470 3094 potuit

411 3096 598 3145 quidquid
634 3110 818 3145 magnum
854 3106 931 3134 erat
960 3097 997 3134 in
1027 3098 1151 3135 rebus.
1190 3098 1291 3146 Ergo
1320 3097 1471 3135 videtur

412 3149 517 3196 quod
547 3149 593 3185 de
622 3151 727 3186 nullo
756 3149 1025 3187 admirabatur.

466 3202 539 3238 SED
559 3214 701 3238 CONTRA
730 3214 794 3238 asT
814 3202 920 3250 quod
940 3203 1076 3241 dicitur
1094 3205 1228 3241 Matth.
1250 3216 1306 3241 vin
1326 3204 1363 3241 *t
1393 3205 1470 3241 Au-

413 3254 513 3289 diens
532 3255 644 3299 Iesus,
666 3253 802 3290 scilicet
827 3254 944 3291 verba
972 3256 1215 3304 centurionis,
1235 3259 1387 3294 miratus
1409 3263 1469 3294 est.

467 3307 688 3342 Rssponnm
726 3318 905 3343 menmium
940 3309 1046 3355 quod
1081 3309 1279 3347 admiratio
1316 3309 1470 3360 proprie

278 3366 292 3381 ²
416 3365 468 3393 est
497 3358 543 3394 de
573 3370 676 3395 novo
706 3357 834 3407 aliquo
862 3357 1012 3396 insolito
1033 3366 1060 3396 α.
1091 3363 1132 3398 ln
1161 3362 1312 3400 Christo
1341 3370 1470 3400 autern

418 3421 493 3445 non
532 3418 676 3458 poterat
713 3423 794 3447 esse
836 3410 977 3459 aliquid
1020 3424 1167 3450 novum
1205 3423 1239 3451 et
1277 3415 1470 3454 insolitum

471 3535 498 3561 α)
519 3539 585 3555 novo
603 3533 692 3564 aliquo
711 3533 824 3558 insolito.
843 3547 861 3551 -
878 3533 967 3565 aliquo
987 3541 1054 3558 novo
1073 3538 1098 3559 ct
1118 3534 1224 3561 insolito
1242 3539 1321 3563 tertia.

472 3566 497 3597 gi)
516 3566 646 3625 affectum.
664 3583 682 3586 —
710 3569 839 3601 defectum
869 3568 990 3597 PDGsH,
1017 3568 1137 3602 effectum
1166 3571 1222 3602 pH:
1250 3573 1323 3597 Alias
1350 3573 1471 3606 affectum

421 3608 508 3633 margo
550 3621 554 3626 .

1522 2256 1713 2297 quantum
1751 2249 1800 2286 ad
1835 2249 2032 2286 scientiam
2073 2249 2266 2298 divinam;
2309 2263 2436 2300 neque
2473 2251 2586 2294 etiam

1522 2309 1713 2350 quantum
1751 2302 1800 2339 ad
1837 2301 2034 2340 scientiam
2077 2303 2292 2342 humanam
2328 2317 2406 2354 qua
2447 2316 2589 2354 cogno-
2637 2307 2639 2309 ’

1523 2355 1651 2391 scebat
1686 2367 1744 2392 res
1777 2355 1816 2392 in
1849 2356 1998 2402 Verbo;
2034 2357 2096 2393 vel
2129 2368 2208 2405 qua
2242 2358 2498 2405 cognoscebat
2529 2362 2589 2395 res

1522 2419 1591 2456 per
1626 2408 1770 2457 species
1807 2408 1955 2446 inditas.
1994 2409 2123 2446 Potuit
2158 2417 2288 2446 tamen
2325 2421 2407 2447 esse
2444 2409 2589 2460 aliquid

1523 2459 1593 2497 sibi
1635 2473 1785 2498 novum
1823 2469 1859 2498 et
1894 2461 2091 2498 insolitum
2133 2461 2348 2499 secundum
2391 2462 2588 2501 scientiam

1523 2513 1861 2562 experimentalem
1878 2513 1910 2562 ⁹³,
1939 2514 2156 2551 secundum
2184 2527 2303 2564 quam
2323 2514 2394 2552 sibi
2413 2523 2590 2566 poterant

1523 2565 1694 2615 quotidie
1714 2566 1842 2616 aliqua
1860 2579 1964 2604 nova
1983 2579 2196 2620 occurrere.
2227 2569 2275 2605 Et
2294 2568 2394 2617 ideo,
2415 2568 2446 2606 si
2465 2569 2591 2622 loqui·

1523 2631 1612 2656 mur
1640 2619 1687 2656 de
1715 2619 1866 2656 Christo
1895 2628 2085 2669 quantum
2114 2621 2163 2657 ad
2191 2620 2387 2658 scientiam
2417 2621 2590 2660 divinam

1523 2680 1559 2709 et
1579 2672 1775 2709 scientiam
1804 2673 1968 2719 beatam,
1989 2675 2051 2710 vel
2079 2673 2194 2711 etiam
2222 2673 2402 2722 infusam,
2422 2686 2503 2712 non
2519 2674 2591 2715 fuit

1523 2726 1562 2762 in
1601 2725 1752 2762 Christo
1794 2725 2006 2764 admiratio.
2051 2726 2090 2764 Si
2128 2735 2258 2764 autem
2299 2728 2510 2778 loquamur
2540 2728 2590 2767 de

1524 2791 1571 2815 eo
1604 2786 1794 2827 quantum
1829 2779 1878 2816 ad
1913 2779 2108 2817 scientiam
2147 2780 2503 2830 experimentalem,
2537 2780 2590 2820 sic

1524 2831 1724 2869 admiratio
1754 2831 1792 2868 in
1821 2844 1868 2869 eo
1897 2844 1978 2869 esse
2007 2832 2142 2882 potuit.
2175 2834 2224 2871 Et
2252 2833 2457 2884 assumpsit
2484 2834 2591 2873 hunc

1524 2885 1706 2922 affectum
1725 2883 1740 2914 β
1768 2885 1816 2922 ad
1845 2893 2016 2923 nostram
2044 2884 2352 2925 instructionem:
2382 2895 2425 2924 ut
2451 2886 2591 2927 scilicet

1524 2938 1660 2975 doceat
1698 2950 1779 2975 esse
1817 2937 2038 2976 mirandum
2076 2940 2182 2989 quod
2216 2939 2331 2978 etiam
2362 2939 2444 2990 ipse
2475 2939 2589 2978 mira-

1524 2991 1646 3028 batur.
1685 2991 1798 3029 Unde
1832 2991 2068 3040 Augustinus
2101 2992 2207 3041 dicit,
2241 2993 2281 3030 in
2308 2994 2323 3030 I
2349 3004 2462 3044 super
2495 2992 2587 3031 Gen.

1524 3050 1654 3082 contra
1681 3045 1851 3082 Manich.
1871 3044 1908 3081 *z
1945 3046 2055 3088 Quod
2080 3048 2239 3084 miratur
2264 3046 2459 3093 Dominus,
2484 3047 2589 3084 nobis
2615 3053 2627 3066 ⁸

1524 3097 1738 3135 mirandum
1758 3110 1835 3135 esse
1851 3100 2049 3148 significat,
2069 3100 2199 3149 quibus
2220 3098 2342 3137 adhuc
2359 3110 2451 3149 opus
2468 3105 2520 3136 est
2536 3100 2590 3136 sic

1524 3153 1677 3188 moveri.
1711 3151 1847 3188 Omnes
1866 3163 1959 3201 ergo
1978 3152 2068 3189 tales
2092 3157 2211 3190 motus
2238 3153 2315 3190 eius
2341 3163 2416 3189 non
2439 3157 2588 3202 pertur-

1525 3205 1602 3241 bati
1627 3205 1746 3241 animi
1770 3205 1881 3254 signa
1907 3211 2008 3252 sunt,
2037 3205 2103 3242 sed
2127 3205 2287 3254 docentis
2319 3205 2586 3255 magisterium.

1579 3257 1636 3294 Ao
1664 3268 1799 3294 Palmum
1828 3269 1926 3295 anco
1954 3269 2135 3296 montinum
2163 3257 2282 3308 quod,
2310 3256 2395 3295 licet
2414 3256 2588 3295 Christus

1526 3309 1621 3347 nihil
1655 3309 1801 3358 ignoret
1819 3316 1853 3358 Υ,
1882 3318 2029 3360 poterat
2062 3318 2191 3348 tamen
2224 3310 2272 3348 de
2303 3321 2410 3348 novo
2445 3309 2587 3361 aliquid

1526 3375 1727 3401 occurrere
1763 3362 2048 3413 experimentali
2083 3362 2164 3401 eius
2198 3362 2393 3411 scientiae,
2427 3375 2474 3401 ex
2507 3375 2587 3414 quo

1527 3415 1728 3454 admiratio
1758 3424 1988 3454 causaretur.

1579 3539 1605 3574 γ)
1626 3541 1740 3574 ignoret.
1757 3555 1777 3560 -
1794 3541 1935 3574 ignorare!
1953 3540 2006 3573 PG,
2027 3539 2194 3574 ignoraverit
2212 3539 2244 3565 H.

2613 991 2624 1003 ⁸
2638 990 2760 1025 Numm.
2830 999 2835 1003 ·

2615 1481 2625 1491 ⁸
2638 1479 2698 1502 ibid.

2615 1782 2710 1806 ‘Nune
2727 1794 2731 1801 *
2761 1795 2789 1801 ¹-·
2808 1783 2834 1809 ⁴5⁵

2617 2518 2627 2530 ⁸
2640 2517 2669 2540 D.
2686 2518 2746 2541 1³18.
