2872 3970
201 358 339 403 Μ
361 349 548 396 Christus,
568 349 636 399 qui
662 349 868 398 assumpsit
895 361 1035 399 corpus
1054 351 1272 387 humanum

203 414 312 448 eum
332 401 566 443 naturalibus
595 401 813 439 defectibus.
855 402 957 450 Ergo
985 402 1135 439 videtur
1153 403 1272 462 quod

150 456 338 529 ,tgfflfflm‘
359 454 510 493 animae
542 453 718 504 patientis
749 453 789 490 in
815 454 1035 513 purgatorio
1063 456 1125 492 vel
1151 454 1191 491 in
1218 454 1273 491 in-

166 507 341 555 fimo,
372 508 437 544 vel
471 506 585 544 etiam
619 506 729 543 dolor
756 506 863 543 Adae
899 506 929 543 si
963 519 1098 556 passus
1125 507 1272 554 fuisset,

132 516 162 595 i?
206 559 341 609 maior
364 558 494 597 fuisset
521 571 641 608 quam
667 559 780 596 dolor
805 559 993 607 passionis
1021 559 1172 596 Christi.

141 610 169 644 ³2
222 623 311 660 511143
320 613 555 655 Pus-rm
575 610 730 648 maioris
751 610 845 648 boni
863 611 1018 649 amissio
1047 619 1176 649 causat
1195 623 1275 648 ma-

195 665 338 708 'mrem
353 664 552 702 dolorem.
595 664 673 702 Sed
701 671 878 712 peccator
910 665 1108 713 peccando
1143 663 1276 701 amittit

198 716 344 768 maius
358 717 510 755 bonum
528 727 648 765 quam
668 715 841 752 Christus
859 716 1060 765 patiendo:
1090 716 1181 766 quia
1199 716 1276 754 vita

167 769 356 820 5315ssss
381 776 438 806 est
463 769 600 806 melior
633 780 754 827 quam
780 768 858 806 vita
890 776 1059 806 naturae.
1104 769 1276 806 Christus

137 794 178 871 ᾖξ’),
194 844 210 867 ,ξ
211 821 370 866 etiam,
344 819 358 844 δ
385 820 453 870 qui
471 820 596 858 amisit
613 820 733 858 vitam
750 829 837 869 post
855 820 1027 859 triduum
1046 829 1275 858 resurrectu-

186 884 307 920 πῑωε,
312 873 442 911 minus
460 872 604 922 aliquid
621 873 774 912 videtur
799 873 968 910 amisisse
994 886 1113 923 quam
1140 873 1191 910 illi
1210 874 1276 922 qui

140 942 169 968 2,
195 925 394 965 >amittunt
417 925 536 963 vitam
561 925 802 975 permansuri
821 925 861 962 in
879 934 1014 963 morte.
1044 927 1145 974 Ergo
1172 926 1276 963 vide—

145 974 165 1014 j÷
191 986 278 1022 ,stur
295 978 403 1027 quod
421 978 533 1015 dolor
556 977 695 1015 Christi
714 989 794 1015 non
811 978 923 1015 fuerit
942 978 1134 1016 maximus
1153 979 1274 1015 dolor.

161 1034 179 1050 '³⁷
223 1067 228 1073 ,
272 1031 306 1074 5
333 1031 563 1090 PRAETEREA,
582 1030 801 1068 innocentia
819 1031 993 1080 patientis
1012 1031 1190 1068 diminuit
1209 1029 1276 1068 do-

143 1087 178 1134 j}
168 1084 339 1129 plorem
356 1082 554 1132 passionis.
585 1083 662 1120 Sed
682 1082 854 1120 Christus
873 1083 1096 1120 innocenter
1115 1091 1169 1120 est
1191 1095 1276 1132 pas-

210 1145 300 1181 pus:
324 1135 541 1173 secundum
558 1135 652 1174 illud
670 1136 1012 1186 Ierem.X1*:Ego
1031 1142 1153 1173 autem
1173 1138 1280 1185 quasi

146 1186 209 1235 ’ἃς
206 1199 338 1247 agnus
364 1194 574 1227 mansuetus
601 1190 665 1237 qui
684 1194 857 1237 portatur
879 1189 930 1226 ad
946 1190 1144 1226 victimam.
1175 1189 1276 1236 Ergo

159 1251 175 1297 s:
201 1241 368 1285 „nudetur
400 1241 509 1290 quod
535 1241 647 1278 dolor
673 1240 861 1290 passionis
889 1241 1029 1278 Christi
1060 1253 1141 1278 non
1167 1241 1278 1278 fuerit

215 1292 420 1338 maximus.

240 1346 306 1389 „fn
335 1346 569 1393 PRAETEREA,
598 1345 639 1390 in
666 1345 725 1383 his
753 1358 853 1395 quae
882 1345 1021 1383 Christi
1049 1353 1155 1392 sunt,
1185 1345 1278 1382 nihil

212 1397 286 1442 Q
311 1398 566 1448 superfluum.
596 1398 674 1436 Sed
701 1398 886 1435 minimus
913 1399 1024 1436 dolor
1044 1398 1183 1435 Christi
1203 1398 1277 1434 suf-

214 1450 362 1495 fecisset
378 1451 428 1489 ad
443 1450 564 1489 finem
582 1451 711 1489 salutis
730 1452 939 1488 humanae:
960 1451 1156 1488 habuisset
1174 1451 1278 1488 enim

211 1502 405 1546 'mfiriitmn
432 1503 613 1541 virtutem
640 1516 688 1540 ex
714 1506 879 1552 persona
906 1503 1047 1540 divina.
1085 1504 1188 1551 Ergo
1216 1516 1278 1540 su-

210 1555 412 1607 mrfluum
443 1555 573 1594 suisset
605 1568 800 1594 assumere
836 1556 1052 1594 maximum
1089 1556 1276 1593 dolorem.

237 1609 345 1661 ι15111)
364 1621 509 1646 CONTRA
527 1621 593 1646 EST
611 1609 719 1658 quod
738 1609 901 1646 habetur
918 1611 954 1647 Τ
951 1610 1054 1646 hren
1065 1608 1109 1645 1*
1128 1621 1174 1645 ex
1192 1621 1277 1657 per-

216 1672 314 1705 sona
341 1661 497 1699 Christi.
525 1661 719 1708 Attendisste
739 1667 772 1699 et
798 1661 916 1699 videte
937 1663 970 1698 si
986 1667 1036 1698 est
1055 1662 1162 1699 dolor
1188 1663 1279 1698 sicut

214 1714 325 1757 dolor
351 1726 464 1751 meus.

142 1808 148 1815 ,
178 1787 193 1810 ⁴·
220 1797 231 1800 -
267 1767 495 1804 REspounno
513 1779 694 1804 mCENDuM
713 1767 832 1816 quod,
849 1767 945 1804 sicut
963 1766 1113 1816 supra*
1133 1766 1278 1804 dictum

217 1827 275 1856 est
301 1831 392 1856 cum
421 1819 468 1856 de
497 1819 705 1856 defectibus
733 1819 939 1868 assumptis
967 1831 989 1856 a
1014 1819 1167 1856 Christo
1194 1832 1278 1868 age-

139 1862 207 1929 ,ᾆξ-
218 1879 333 1918 retur,
353 1871 393 1909 in
414 1871 565 1909 Christo
583 1872 749 1920 patiente
767 1872 835 1908 fuit
854 1884 969 1908 verus
989 1871 1118 1908 dolor:
1141 1880 1176 1908 et
1196 1884 1279 1908 sen-

206 1923 346 1970 sibilis,
367 1923 434 1973 qui
459 1932 637 1961 causatur
660 1937 705 1961 ex
725 1924 913 1973 corporali
936 1924 1093 1969 nocivo;
1115 1933 1151 1961 et
1170 1925 1281 1961 dolor

217 1976 385 2023 interior,
417 1976 483 2036 qui
509 1985 687 2014 causatur
715 1989 761 2013 ex
791 1976 1096 2026 apprehensione
1122 1977 1280 2014 alicuius

219 2028 358 2075 nocivi,
378 2029 445 2078 qui
472 2028 616 2066 tristitia
643 2029 790 2067 dicitur.
819 2030 988 2078 Uterque
1017 2037 1148 2066 autem
1171 2030 1282 2068 dolor

141 2093 260 2133 ξ,111
287 2081 438 2119 Christo
466 2081 535 2118 fuit
558 2082 751 2119 maximus
778 2082 874 2118 inter
893 2082 1044 2118 dolores
1072 2082 1281 2131 praesentis

218 2134 330 2172 vitae.
358 2134 478 2182 Quod
503 2134 662 2183 quidem
689 2134 869 2182 contingit
883 2140 895 2155 Ε
923 2142 1080 2183 propter
1103 2143 1279 2183 quatuor.

188 2224 193 2227 ξ
273 2187 404 2225 Ρ111110
432 2187 607 2236 quidem,
636 2195 792 2237 propter
819 2199 952 2224 causas
981 2187 1133 2224 doloris.
1177 2188 1281 2224 Nam

219 2239 362 2278 doloris
381 2239 566 2277 sensibilis
585 2252 700 2276 causa
718 2240 787 2276 fuit
804 2239 920 2276 laesio
935 2239 1152 2288 corporalis.
1170 2240 1281 2286 Quae

220 2292 463 2331 acerbitatem
498 2292 652 2339 habuit,
687 2300 772 2329 turn
807 2299 964 2341 propter
999 2292 1281 2340 generalitatem

135 2388 152 2395 ...
184 2367 201 2377 ω
219 2344 424 2396 passionis,
453 2345 501 2382 de
536 2357 614 2395 qua
646 2345 791 2382 dictum
825 2352 881 2382 est
898 2344 937 2381 ²¹²:
975 2353 1056 2382 tum
1093 2345 1207 2382 etiam
1236 2357 1282 2381 ex

131 2396 358 2447 fiko-genere
377 2397 575 2447 passionis.
602 2397 705 2444 Quia
723 2410 829 2434 mors
847 2397 1092 2435 confixorum
1111 2397 1151 2434 in
1170 2410 1282 2434 cruce

137 2459 169 2500 χι
222 2457 279 2489 est
305 2450 568 2488 acerbissima:
597 2450 689 2499 quia
725 2450 972 2498 configuntur
1005 2449 1043 2487 in
1079 2450 1170 2487 locis
1198 2460 1282 2487 ner-

174 2503 326 2541 a-vosis
353 2511 390 2540 et
416 2502 585 2550 maxime
612 2502 864 2548 sensibilibus,
889 2502 1027 2540 scilicet
1046 2502 1084 2539 in
1104 2502 1284 2540 manibus

223 2564 261 2593 et
286 2555 468 2605 pedibus;
497 2563 534 2592 et
561 2555 689 2605 ipsum
716 2556 871 2605 pondus
890 2555 1060 2604 corporis
1082 2555 1284 2604 pendentis

163 2643 169 2651 ,
224 2608 404 2646 continue
432 2616 543 2656 auget
571 2609 766 2654 dolorem3
797 2616 832 2645 et
853 2607 971 2645 cum<
993 2609 1068 2644 hoc
1096 2608 1210 2645 etiam
1230 2616 1285 2645 est

225 2660 366 2699 doloris
394 2660 638 2708 diuturnitas,
668 2661 759 2710 quia
786 2673 866 2698 non
894 2660 1019 2697 statim
1047 2660 1282 2708 moriuntur,

225 2713 321 2751 sicut
348 2713 388 2750 hi
415 2713 482 2763 qui
510 2721 598 2750 sunt
625 2713 750 2762 gladio
770 2713 961 2750 interfecti.
992 2736 1016 2740 -
1045 2713 1198 2750 Doloris
1217 2726 1284 2750 au-

224 2773 302 2803 tem
330 2766 517 2803 interioris
545 2778 660 2803 causa
686 2766 770 2811 fuit,
800 2766 926 2815 primo
955 2766 1125 2815 quidem,
1155 2766 1285 2803 omnia

225 2826 380 2868 peccata
406 2818 567 2855 humani
594 2819 753 2866 generis,
782 2831 853 2868 pro
873 2818 1014 2867 quibus
1040 2818 1286 2855 satisfaciebat

153 2914 156 2919 Ι
225 2871 423 2921 patiendo:
454 2871 558 2908 unde
586 2883 631 2908 ea
658 2871 767 2920 quasi
787 2871 857 2908 sibi
885 2871 1074 2918 adscribit,
1095 2871 1225 2908 dicens
1246 2871 1285 2908 in

135 2922 203 2978 ’,ᾗ
227 2924 381 2962 Psalmo
399 2923 438 2960 *:
476 2925 596 2961 Verba
624 2923 838 2961 delictorum
867 2936 1047 2960 meorum.
1092 2924 1283 2970 Secundo,

218 2975 436 3026 ‘specialiter
469 2988 580 3013 casus
613 2976 846 3013 Iudaeorum
879 2983 915 3012 et
942 2975 1105 3013 aliorum
1138 2976 1176 3012 in
1205 2975 1286 3012 eius

206 3036 393 3067 ·mortem
408 3035 426 3056 η
445 3028 770 3077 delinquentium:
800 3036 836 3065 et
854 3028 1059 3077 praecipue
1083 3028 1286 3077 discipulo-

227 3091 328 3124 rum,
348 3080 416 3130 qui
435 3081 659 3118 scandalum
685 3080 787 3130 passi
808 3081 957 3117 fuerant
983 3081 1023 3117 in
1044 3080 1183 3117 Christi
1202 3093 1286 3129 pas-

228 3132 347 3172 fflne.
368 3133 499 3170 Tertio
518 3132 632 3170 etiam
659 3132 814 3170 amissio
834 3132 933 3170 vitae
952 3133 1170 3182 corporalis,
1187 3145 1286 3182 quae

133 3187 202 3234 ζξ,
224 3185 447 3224 fiamraliter
473 3192 528 3222 est
556 3185 746 3222 horribilis
774 3186 968 3222 humanae
996 3193 1164 3222 naturae.

140 3232 198 3252 ’“
225 3238 463 3277 1198001111ᾶο
482 3244 605 3286 potest
619 3237 842 3285 magnitudo
857 3236 869 3258 ⁰
889 3237 1121 3274 considerari
1140 3249 1186 3274 ex
1205 3249 1286 3286 per-

228 3290 467 3341 ceptibilitate
494 3289 679 3339 patientis.
708 3290 811 3326 Nam
840 3298 876 3326 et
903 3289 1118 3326 secundum
1147 3301 1287 3338 corpus

139 1767 147 1792 ’.η
157 1765 201 1793 ⁴·'

281 3401 308 3444 ὃ)
329 3403 450 3429 Chr-Istus
473 3404 563 3428 etiam.
580 3417 600 3422 —
617 3403 639 3427 D
659 3407 685 3428 et
706 3402 793 3433 tertia:
818 3402 872 3427 Sed
893 3402 1013 3427 Chr1‘stus
1031 3403 1059 3432 F,
1081 3402 1202 3427 Christus
1224 3409 1289 3435 ergo

231 3446 238 3483 ἔ
269 3454 464 3506 ’1)’οοηείὴςῐῂ
481 3487 501 3492 -
517 3474 641 3499 convenit
659 3473 687 3504 C,
705 3472 820 3505 contigit
838 3473 867 3497 P.

283 3507 310 3542 ζ)
327 3511 355 3534 et
371 3516 439 3534 cum.
457 3523 476 3527 -
495 3509 516 3533 Ε
535 3514 560 3533 et
583 3509 669 3538 tertia;
693 3516 746 3532 om.
770 3507 864 3541 (pergit
888 3507 930 3533 h1'c
954 3510 993 3532 est
1018 3507 1081 3532 etia
1075 3506 1110 3541 n)
1134 3508 1176 3533 ed.
1194 3515 1219 3537 a,
1239 3511 1287 3533 etc.

231 3543 316 3569 ceteri.
333 3558 353 3562 -
370 3543 420 3568 Pro
437 3547 500 3569 sunt
517 3543 610 3577 gladio
629 3543 882 3576 interfecti,glad1'o
904 3543 1101 3575 interficIuntur
1119 3543 1146 3568 P.

232 3611 262 3642 F
279 3578 482 3639 mnrtgtemv-
462 3582 579 3604 -morte
591 3579 651 3604 P.—
664 3579 712 3603 Pro
723 3579 847 3611 fuerant,
860 3578 976 3611 suerunt
990 3578 1025 3609 Ia,
1038 3582 1101 3603 sunt
1120 3578 1160 3603 ve!
1172 3579 1288 3612 suerunt

881 271 1143 318 QUAESTIO
1172 273 1631 319 XLV1,ARTICULUS
1659 275 1708 311 VI

2304 277 2381 326 443

1328 358 1407 388 erat
1427 351 1569 400 optime
1589 351 1928 400 complexionatus‚
1945 365 2036 390 cum
2055 366 2195 403 corpus
2214 355 2295 392 eius·
2309 357 2385 394 fue-

1328 403 1374 440 rit
1392 404 1601 441 formatum
1624 404 1851 441 miraculose
1871 405 2091 453 operatione
2112 407 2272 455 Spiritus
2293 409 2386 445 San-

1328 455 1392 492 cti:
1410 456 1505 493 sicut
1519 464 1555 492 et
1569 456 1641 493 alia
1655 468 1755 505 quae
1770 469 1839 506 per
1857 457 2039 495 miracula
2053 459 2148 495 facta
2163 468 2260 506 sunt,
2277 467 2386 497 sunt²

1329 507 1409 545 aliis
1437 508 1598 557 potiora,
1618 517 1660 545 ut
1689 509 1988 558 Chrysostomus
2017 510 2104 547 dicit
2122 511 2141 532 '¹‘
2170 512 2217 548 de
2236 512 2327 549 vino
2348 513 2386 550 in

1329 561 1435 609 quod
1474 561 1645 598 Christus
1677 573 1826 620 aquam
1859 562 2044 598 convertit
2077 563 2116 599 in
2150 564 2301 613 nuptiis
2340 567 2388 602 Et

1330 612 1416 649 ideo
1442 613 1481 649 in
1509 625 1555 650 eo
1585 613 1752 650 maxime
1775 613 1894 661 viguit
1915 626 2047 651 sensus
2066 622 2197 661 tactus,
2214 628 2259 652 ex
2279 617 2387 654 cuius

1329 665 1573 714 perceptione
1594 665 1764 715 sequitur
1782 666 1903 703 dolor.
1914 689 1939 693 -
1954 667 2094 703 Anima
2113 668 2237 714 etiam,
2255 681 2387 706 secun-

1330 718 1426 754 dum
1460 717 1560 754 vires
1591 718 1808 764 interiores,
1842 719 2102 756 efficacissime
2137 722 2389 769 apprehendit

1331 777 1467 807 omnes
1495 782 1629 807 causas
1656 770 1834 807 tristitiae.

1383 822 1514 859 Tertio
1529 823 1753 871 magnitudo
1768 823 1910 860 doloris
1926 823 2064 860 Christi
2078 824 2252 873 patientis
2266 834 2389 874 potest

1331 874 1562 911 considerari
1596 887 1642 912 ex
1677 875 1818 912 doloris
1843 882 1859 897 ²²
1890 876 2063 924 puritate.
2106 878 2209 914 Nam
2242 878 2281 915 in
2309 879 2389 916 aliis

1331 927 1560 976 patientibus
1594 926 1785 975 mitigatur
1819 927 1963 965 tristitia
2000 928 2173 976 interior,
2203 938 2238 966 et
2275 931 2389 968 etiam

1332 980 1443 1016 dolor
1470 979 1642 1027 exterior,
1663 992 1707 1016 ex
1736 980 1863 1029 aliqua
1891 980 2192 1018 consideratione
2222 983 2387 1031 rationis,

1331 1044 1400 1080 per
1427 1033 1624 1080 quandam
1653 1033 1925 1069 derivationem
1956 1045 2024 1070 seu
2046 1035 2339 1072 redundantiam
2367 1049 2390 1073 a

1332 1084 1592 1133 superioribus
1605 1085 1750 1122 viribus
1765 1086 1813 1122 ad
1828 1085 2032 1122 inferiores
2051 1087 2168 1132 Quod
2184 1087 2222 1123 in
2238 1088 2389 1125 Christo

1330 1136 1496 1185 patiente
1525 1149 1604 1173 non
1622 1137 1708 1174 fuit:
1738 1137 1946 1186 unicuique
1967 1138 2068 1175 0111111
2089 1139 2230 1176 virium
2252 1143 2390 1189 permi-

1330 1191 1374 1226 sit
1401 1201 1517 1239 agere
1545 1190 1643 1238 quod
1668 1196 1718 1226 est
1743 1191 1814 1226 sibi
1834 1192 2043 1237 proprium,
2064 1191 2159 1228 sicut
2186 1193 2390 1230 Damasce-

1332 1253 1406 1278 nus
1434 1241 1522 1278 dicit
1539 1241 1570 1278 ²³⁸.

1385 1294 1534 1340 Quarto
1572 1301 1695 1342 potest
1731 1294 1962 1331 considerari
1998 1296 2220 1354 magnitudo
2249 1298 2390 1335 doloris

1334 1346 1473 1383 Christi
1493 1346 1666 1395 patientis
1695 1359 1741 1383 ex
1759 1347 1836 1384 hoc
1863 1348 1969 1395 quod
1996 1348 2123 1396 passio
2144 1348 2205 1385 illa
2224 1358 2259 1386 et
2281 1351 2392 1388 dolor

1333 1411 1355 1435 a
1384 1399 1535 1435 Christo
1569 1400 1722 1436 fuerunt
1753 1407 1949 1448 assumpta
1975 1401 2206 1447 voluntarie,
2236 1411 2392 1452 propter

1332 1451 1453 1488 finem
1481 1451 1712 1489 liberationis
1739 1452 1945 1489 hominum
1973 1465 1996 1489 a
2022 1461 2190 1512 peccato.
2229 1455 2276 1491 Et
2303 1455 2390 1492 ideo

1332 1512 1477 1540 tantam
1505 1504 1752 1553 quantitatem
1781 1505 1923 1541 doloris
1944 1505 2148 1554 assumpsit
2176 1519 2275 1555 quae
2295 1517 2392 1545 esset

1332 1556 1619 1605 proportionata
1651 1556 1902 1604 magnitudini
1938 1558 2080 1594 fructus
2115 1558 2181 1607 qui
2218 1559 2306 1596 inde
2335 1573 2391 1598 50-

1333 1609 1533 1658 quebatur.

1386 1662 1444 1699 Ex
1472 1662 1531 1698 his
1559 1661 1670 1709 igitur
1706 1661 1887 1699 omnibus
1916 1662 2038 1699 causis
2073 1662 2188 1700 simul
2219 1664 2392 1701 conside-

1333 1714 1421 1751 ratis
1455 1714 1651 1751 manifeste
1687 1722 1843 1763 apparet
1879 1715 1986 1763 quod
2014 1715 2124 1751 dolor
2153 1716 2291 1753 Christi
2325 1718 2393 1754 suit

1333 1779 1536 1803 maximus

1387 1820 1443 1855 AD
1464 1831 1597 1856 PRIMUM
1626 1831 1723 1856 ERGO
1752 1824 1932 1856 D'ICENDUM
1961 1820 2067 1868 quod
2095 1820 2189 1856 ratio
2217 1821 2278 1857 illa
2305 1834 2392 1870 pro-

1334 1871 1432 1908 cedit
1467 1884 1512 1908 ex
1547 1883 1627 1907 uno
1661 1879 1811 1908 tantum
1843 1872 2146 1920 praedictorum,
2177 1873 2314 1910 scilicet
2348 1887 2393 1911 ex

1334 1923 1500 1960 laesione
1529 1924 1731 1972 corporali,
1762 1936 1860 1972 quae
1890 1932 1944 1960 est
1971 1936 2086 1961 causa
2114 1925 2298 1962 sensibilis
2327 1927 2394 1963 do-

1334 1976 1435 2013 loris.
1467 1977 1543 2013 Sed
1563 1988 1608 2013 ex
1628 1976 1708 2013 aliis
1728 1976 1850 2013 causis
1872 1978 1993 2013 multo
2013 1977 2133 2024 magis
2155 1978 2266 2014 dolor
2286 1979 2394 2015 Chri-

1335 2029 1380 2065 sti
1407 2028 1582 2077 patientis
1609 2037 1778 2076 augetur,
1808 2037 1850 2065 ut
1877 2029 2022 2065 dictum
2051 2038 2105 2066 est
2123 2030 2154 2066 ²³².

1388 2083 1444 2118 AD
1464 2094 1652 2118 SECUNDUM
1666 2093 1847 2118 DICENDUM
1866 2082 1972 2130 quod
1987 2082 2107 2118 virtus
2121 2083 2276 2119 moralis
2291 2084 2396 2120 aliter

1334 2133 1478 2181 mitigat
1505 2133 1690 2170 tristitiam
1717 2133 1948 2177 interiorem,
1975 2142 2011 2170 et
2038 2134 2143 2171 aliter
2169 2136 2394 2173 exteriorem

1335 2186 1510 2222 dolorem
1539 2185 1766 2222 sensibilem.
1810 2186 2017 2223 Tristitiam
2045 2187 2149 2224 enim
2176 2187 2395 2225 interiorem

1335 2236 1513 2275 diminuit
1532 2238 1682 2283 directe,
1699 2238 1738 2274 in
1757 2235 1992 2275 ea'mediurn
2014 2239 2279 2277 constituendo
2299 2241 2395 2278 sicut

1335 2291 1375 2328 in
1402 2290 1557 2340 propria
1585 2290 1752 2327 materia.
1782 2290 1959 2327 Medium
1987 2299 2115 2328 autem
2143 2292 2182 2328 in
2210 2293 2394 2341 passioni-

1336 2345 1409 2381 bus
1422 2343 1542 2380 virtus
1561 2343 1715 2380 moralis
1729 2343 1932 2390 constituit,
1949 2351 1990 2380 ut
2009 2344 2048 2380 in
2064 2345 2242 2381 Secunda
2256 2346 2395 2382 Parte*

1336 2396 1511 2434 habitum
1540 2404 1606 2442 est,
1626 2408 1707 2432 non
1735 2396 1950 2432 secundum
1972 2397 2220 2445 quantitatem
2241 2397 2306 2443 rei,
2328 2399 2395 2435 sed

1337 2449 1552 2486 secundum
1585 2448 1832 2497 quantitatem
1865 2449 2141 2497 proportionis:
2185 2457 2226 2485 ut
2258 2450 2396 2487 scilicet

1337 2502 1464 2551 passio
1479 2513 1558 2538 non
1574 2501 1728 2538 excedat
1743 2503 1912 2549 regulam
1927 2501 2091 2538 rationis.
2113 2503 2160 2538 Et
2174 2501 2263 2551 quia
2280 2503 2395 2540 Stoici

1338 2554 1564 2604 reputabant
1601 2554 1707 2603 quod
1742 2555 1846 2590 nulla
1872 2553 2016 2590 tristitia
2053 2562 2148 2590 esset
2176 2555 2224 2591 ad
2252 2554 2395 2603 aliquid

1338 2607 1456 2654 utilis,
1492 2606 1579 2643 ideo
1612 2606 1817 2643 credebant
1853 2606 1959 2654 quod
1996 2606 2157 2643 totaliter
2192 2619 2213 2643 a
2250 2607 2395 2644 ratione

1339 2660 1587 2697 discordaret:
1609 2667 1645 2695 et
1662 2671 1732 2708 per
1745 2671 1985 2707 consequens
2000 2659 2106 2707 quod
2125 2659 2285 2696 totaliter
2299 2668 2396 2696 esset

1339 2711 1497 2761 sapienti
1529 2712 1694 2748 vitanda.
1739 2712 1815 2748 Sed
1850 2711 2062 2748 secundum
2099 2711 2151 2748 rei
2179 2711 2394 2759 veritatem,

1338 2765 1482 2802 tristitia
1509 2765 1635 2813 aliqua
1663 2763 1861 2800 laudabilis
1890 2772 1954 2809 est,
1979 2772 2020 2800 ut
2047 2764 2281 2811 Augustinus
2309 2777 2395 2814 pro-

1339 2818 1412 2864 bat,
1433 2817 1472 2854 in
1492 2818 1577 2853 XIV
1592 2817 1637 2853 de
1654 2818 1731 2853 (Σίν.
1741 2818 1814 2852 Dei
1830 2816 1864 2852 ³¹⁸:
1895 2816 2050 2864 quando
2071 2816 2208 2852 scilicet
2226 2817 2397 2865 pro'cedit

1340 2883 1385 2907 ex
1405 2877 1535 2907 saneto
1556 2881 1699 2914 amore,
1721 2876 1762 2904 ut
1779 2876 1872 2917 puta
1900 2880 1990 2904 cum
2012 2868 2147 2916 aliquis
2166 2869 2331 2906 tristatur
2349 2870 2395 2906 de

1339 2922 1502 2972 peccatis
1529 2920 1692 2970 propriis
1719 2922 1780 2957 vel
1799 2920 1940 2957 alienis.
1970 2921 2187 2958 Assumitur
2214 2921 2328 2958 etiam
2355 2930 2398 2958 ut

1340 2975 1439 3012 utilis
1467 2975 1516 3010 ad
1534 2974 1654 3010 finem
1674 2972 1932 3010 satisfactionis
1959 2985 2030 3022 pro
2058 2981 2232 3022 peccato:
2263 2985 2397 3011 secun-

1341 3028 1435 3064 dum
1462 3027 1552 3063 illud
1572 3027 1601 3062 II
1625 3027 1710 3062 Cor.
1730 3037 1775 3062 vn
1794 3025 1828 3061 *t
1865 3026 1970 3067 Quae
1986 3026 2186 3062 secundum
2205 3027 2328 3063 Deum
2348 3033 2398 3064 est
2425 3038 2435 3048 ·

1339 3081 1492 3125 tristitia,
1520 3079 1778 3127 poenitentiam
1798 3079 1834 3114 in
1854 3078 2007 3114 salutem
2026 3079 2189 3115 stabilem
2209 3085 2395 3128 operatur.

1341 3133 1388 3169 Et
1429 3131 1516 3168 ideo
1555 3130 1750 3176 Christus,
1786 3138 1828 3166 ut
1865 3130 2090 3167 satisfaceret
2126 3143 2197 3179 pro
2233 3131 2397 3180 peccatis

1341 3183 1519 3221 omnium
1559 3182 1782 3228 hominum,
1818 3183 2022 3232 assumpsit
2057 3183 2242 3220 tristitiam
2279 3183 2397 3221 maxi-

1341 3248 1446 3273 mam
1466 3235 1479 3257 ²
1507 3235 1712 3284 quantitate
1741 3235 1924 3283 absoluta,
1950 3247 2029 3272 non
2056 3243 2185 3272 tamen
2213 3237 2397 3273 exceden-

1340 3297 1418 3325 tem
1446 3289 1617 3336 regulam
1645 3287 1810 3324 rationis.

1395 3399 1419 3435 θ)
1439 3387 1604 3434 ηιαςηίειῖάο.
1617 3414 1636 3418 -
1650 3400 1749 3425 doloris
1768 3400 1838 3425 addit
1849 3408 1871 3429 c,
1885 3401 1984 3426 doloris
2003 3401 2058 3425 eius
2070 3400 2139 3425 addit
2152 3401 2180 3425 P.
2195 3401 2255 3425 Post
2268 3401 2399 3433 patientis

1342 3437 1466 3462 editiones
1485 3436 1583 3460 addunt
1601 3439 1627 3460 et
1642 3436 1785 3461 secundum
1804 3436 1921 3460 animam
1940 3439 1966 3460 et
1983 3436 2127 3461 secundum
2146 3443 2252 3468 corpus.

1396 3471 1414 3504 ι)
1428 3471 1506 3505 sacta
1519 3474 1588 3500 sunt,
1602 3474 1672 3495 sunt.
1685 3485 1703 3489 —
1716 3471 1763 3496 Ed.
1776 3478 1793 3495 a
1800 3478 1808 3499 ;
1819 3472 1899 3503 sacta
1911 3474 1974 3495 sunt
1979 3471 2094 3504 suerunt
2108 3471 2188 3500 PEFl,
2195 3472 2276 3504 sacta
2283 3471 2399 3504 suerunt

1341 3507 1392 3540 pG,
1405 3510 1468 3532 sunt
1478 3507 1559 3539 sacta
1570 3507 1686 3539 fuerunt
1700 3506 1746 3538 sG,
1753 3506 1953 3540 sactasuerunt
1965 3509 2027 3531 sunt
2039 3507 2071 3535 Η,
2078 3506 2157 3539 sacta
2167 3507 2284 3539 fuerunt
2297 3506 2348 3531 sibi
2360 3506 2397 3535 bc,

1333 3543 1413 3574 sacta
1432 3544 1495 3566 sunt
1513 3542 1597 3566 ceteri.

1394 3577 1419 3609 κ)
1439 3577 1548 3602 doloris.
1565 3590 1584 3595 -
1601 3579 1627 3601 et
1645 3576 1772 3601 tristitiae
1790 3577 1859 3601 addit
1877 3577 1904 3600 P.

1392 3611 1420 3647 λ)
1441 3612 1597 3637 maximam.
1615 3626 1634 3630 -
1652 3612 1756 3644 quidem
1776 3612 1844 3636 addit
1862 3611 1942 3637 tertia.

2516 468 2523 483 t

2416 519 2533 541 ⁸Homil.
2552 518 2626 545 xxu,

2415 547 2443 567 al.
2453 545 2514 572 xm,
2525 545 2549 567 in
2558 545 2626 566 Ioan.

2418 1251 2427 1259 ⁸
2443 1249 2478 1270 De
2485 1249 2544 1271 Fide
2553 1249 2619 1271 Orth.
2622 1266 2630 1276 ‚

2417 1275 2455 1297 lib.
2463 1276 2503 1300 111.
2512 1282 2562 1303 cap.
2569 1282 2628 1297 xix.-

2417 1302 2629 1329 Cf.ibid.‚cap,x1v‚

2423 2042 2430 2051 ⁸
2446 2041 2470 2062 In
2485 2046 2590 2068 corpore.

2422 2351 2514 2372 ⁸1⁸11²⁸

2421 2381 2463 2399 art.
2482 2383 2507 2403 2;
2516 2357 2601 2398 ’Rufi
2579 2357 2625 2398 uix

2422 2410 2462 2432 qu.
2470 2410 2499 2425 ιν
2501 2409 2535 2431 ι,11
2546 2407 2587 2425 art
2599 2409 2633 2425 ιο.

2425 2821 2432 2830 ⁸
2449 2819 2504 2847 Cap.
2518 2824 2565 2846 vui,
2581 2825 2612 2840 ix.

2450 3037 2514 3059 Vers.
2531 3044 2567 3060 ιο.
