2872 3970
186 568 198 578 ”
213 568 263 589 Lib.
284 568 331 594 cit,
346 573 397 595 cap.

186 600 238 615 xru.

190 1186 198 1195 “
215 1184 262 1211 Qu.
280 1190 336 1210 xvn,
356 1187 399 1205 art.

187 1217 211 1236 2:
227 1217 265 1239 qu.
277 1217 346 1237 xxxv,
357 1214 399 1232 art.

188 1243 207 1265 5.

189 1315 199 1325 ⁴
213 1316 264 1337 Art.
283 1321 308 1342 2,
329 1315 400 1336 Com-

189 1346 259 1364 mem.

191 1663 208 1693 ἠ
219 1662 273 1683 Loe.
293 1661 400 1689 proxime

190 1693 228 1710 Cli.

191 1966 200 1976 ⁸
215 1965 249 1987 Cf.
266 1971 329 1986 num.
345 1970 367 1986 ιι.

193 2320 238 2341 ’De
243 2319 322 2341 L'nion.
330 2319 402 2346 Verb.,

192 2351 233 2369 art.
249 2353 268 2373 2,
284 2346 311 2367 ad
326 2353 348 2371 4.

196 2760 205 2768 ·
219 2758 251 2779 Ill
264 2758 335 2784 Sena,
349 2758 403 2780 dist.

193 2791 221 2832 {a
231 2789 402 2839 2¹5·.¹¹c¹:f.³1{‘u'n31

193 2844 223 2858 xl.

193 2887 288 2915 '‘³⁸13-

198 3240 258 3261 ·Cf.
284 3246 345 3262 num.
370 3246 404 3261 xi.

423 221 472 270 78

424 306 491 330 esse
503 299 593 339 quod
606 299 711 339 aliqua
722 299 844 330 realitas
857 304 959 329 creata
975 298 1014 328 sit
1030 298 1297 337 inassumptibilis.
1320 298 1381 327 Pro
1395 297 1484 327 cuius

424 345 507 374 clara
526 343 732 379 resolutione,
757 342 1016 382 distinguendum
1032 348 1078 372 est
1102 342 1201 381 quod,
1218 343 1299 372 sicut
1314 341 1485 371 substantia

425 387 539 418 dicitur
563 387 746 427 dupliciter,
777 386 895 416 scilicet
918 386 957 416 de
980 386 1142 426 hypostasi
1171 391 1201 415 et
1224 385 1264 415 de
1286 390 1413 420 natura,
1444 385 1486 414 ita

426 432 538 461 entitas
561 440 617 461 seu
641 431 763 461 realitas
787 430 901 460 dicitur
924 430 1106 470 dupliciter:
1138 429 1258 459 scilicet
1285 428 1325 458 de
1347 428 1486 458 realitate

425 475 624 515 hypostatica
647 484 703 505 seu
726 474 895 514 personali,
913 479 944 504 et
966 473 1005 503 de
1021 473 1159 503 realitate
1175 473 1327 508 naturali;
1350 473 1414 502 hoc
1430 477 1486 507 est,

426 524 588 559 spectante
612 518 651 548 ad
673 524 818 548 naturam
841 523 877 547 ut
898 523 1011 547 natura
1026 517 1227 556 distinguitur
1250 521 1361 546 contra
1384 516 1487 556 hypo-

426 563 543 598 stasim,
561 568 591 592 et
608 572 624 592 e
641 567 759 592 contra.
785 562 825 591 Et
841 562 1005 601 quoniam,
1022 560 1199 591 secundum
1215 560 1450 590 Damascenum
1460 561 1486 595 ἦ

425 607 459 636 in
483 606 609 636 Christo
633 605 786 636 naturalia
809 604 1021 645 duplicantur,
1046 605 1120 644 quia
1136 603 1214 634 duas
1233 604 1328 634 habet
1344 603 1488 634 Christus

425 656 568 685 naturas,
600 649 738 679 divinam
766 648 884 678 scilicet
908 654 938 678 et
960 649 1150 684 humanam;
1180 647 1358 687 personalia
1381 652 1488 677 autem

425 703 493 724 non
516 693 767 733 multiplicantur
789 691 845 722 sed
867 692 900 722 in
915 692 1036 722 unitate
1058 692 1181 727 sistunt,
1206 692 1280 731 quia
1303 691 1398 721 unica
1420 696 1488 720 tan-

426 743 495 768 tum
520 743 566 767 est
588 738 621 767 in
638 736 765 766 Christo
789 745 934 775 persona,
951 735 1070 765 scilicet
1084 736 1262 775 hypostasis
1278 735 1390 765 Verbi:
1415 733 1488 764 ideo

425 782 459 811 in
472 781 609 816 Christo,
627 779 792 820 sequendo
809 779 998 810 Damasceni
1014 779 1201 813 doctrinam,
1214 779 1315 808 immo
1328 778 1489 808 Ecclesiae

426 825 624 859 sententiam,
649 825 674 853 si
697 829 931 862 consequenter
953 822 1044 862 loqui
1063 822 1226 858 debemus,
1243 821 1400 862 quidquid
1418 831 1489 862 spe-

427 874 490 898 ctat
513 868 552 898 ad
574 873 719 898 naturam
740 867 914 897 humanam
937 872 973 896 ut
996 866 1198 906 distinguitur
1213 871 1324 896 contra
1339 866 1489 906 hyposta-

426 913 486 942 sim
502 913 685 947 humanam,
704 916 759 946 est,
777 916 808 940 et
832 915 1031 950 assumptum
1047 915 1103 945 est,
1121 916 1151 940 et
1174 910 1390 949 assumptibile
1413 909 1488 945 fuit;

427 955 583 995 quidquid
606 960 714 985 autem
729 959 850 994 spectat
873 953 912 984 ad
927 954 1185 993 personalitatem
1203 954 1377 984 humanam
1393 959 1428 984 ut
1444 953 1490 984 di-

426 999 594 1039 stinguitur
616 1004 726 1029 contra
748 1004 893 1028 naturam
908 998 1092 1033 humanam,
1108 1007 1176 1028 non
1192 1003 1238 1028 est
1263 998 1489 1038 assumpfibile,

426 1053 494 1073 non
517 1047 564 1072 est
586 1047 795 1082 assumptum,
811 1051 879 1072 non
902 1041 962 1071 fuit
984 1051 1044 1072 nec
1068 1047 1114 1072 est
1136 1042 1170 1072 in
1194 1040 1332 1072 Christo.
1363 1041 1404 1071 Et
1431 1042 1489 1072 sub

424 1087 571 1117 membro
584 1086 646 1116 hoc
659 1086 863 1116 continentur
873 1085 992 1116 multae
1009 1085 1152 1116 entitates
1163 1085 1272 1122 reales,
1283 1086 1428 1126 quamvis
1444 1085 1490 1115 di-

426 1130 621 1161 versimode:
639 1130 758 1160 scilicet
772 1130 989 1170 personalitas,
1000 1135 1088 1160 actus
1104 1129 1238 1166 essendi,
1250 1135 1281 1160 et
1295 1129 1406 1160 filiatio
1422 1138 1490 1160 rea-

426 1175 464 1205 lis
487 1174 680 1214 temporalis,
698 1180 733 1204 ut
752 1173 833 1204 infra
857 1175 890 1204 in
906 1174 970 1203 suis
986 1173 1106 1213 patebit
1121 1174 1200 1204 locis
1215 1174 1242 1204 ’ἢ
1266 1173 1307 1204 Et
1322 1173 1395 1203 ideo
1411 1173 1489 1203 nihil

426 1219 543 1249 horum
569 1224 614 1248 est
638 1218 864 1257 assumptibile.
893 1217 1113 1248 Diversirnode
1135 1223 1258 1248 tamen:
1283 1218 1359 1257 quia
1380 1226 1489 1257 perso-

426 1263 547 1293 nalitati
570 1267 726 1302 repugnat
749 1261 992 1292 contradictorie
1016 1261 1150 1298 assumi;
1174 1261 1258 1292 actui
1273 1271 1349 1291 vero
1366 1261 1489 1291 essendi

427 1312 582 1346 repugnat
610 1305 787 1336 secundum
811 1305 957 1335 ordinem
980 1315 1102 1341 rerum,
1127 1311 1163 1335 ut
1185 1305 1282 1340 infra,
1307 1314 1361 1345 qu.
1377 1314 1440 1335 xvn
1455 1306 1488 1341 *‚

427 1351 556 1390 patebit.
580 1351 621 1380 Et
645 1359 757 1380 omnes
780 1350 981 1380 auctoritates
1004 1355 1153 1379 sonantes
1177 1349 1316 1389 aliquam
1331 1349 1490 1389 integrita-

427 1400 493 1424 tem
516 1400 570 1424 aut
592 1394 859 1424 universalitatem
878 1398 1115 1433 assumptorum
1138 1393 1187 1423 vel
1212 1393 1488 1433 assumpfibilium,

426 1437 631 1478 intelligenda
660 1443 734 1467 sunt
763 1437 796 1467 in
824 1446 940 1476 genere
967 1437 1158 1467 naturalium
1189 1442 1225 1466 ut
1255 1436 1491 1476 distinguuntur

428 1488 537 1512 contra
560 1481 748 1521 personalia.

482 1526 522 1555 Et
545 1530 723 1565 propterea,
741 1533 816 1555 cum
834 1525 938 1564 primo
963 1525 1072 1554 obiicit
1095 1523 1210 1554 Scotus
1238 1524 1313 1563 quia
1335 1524 1422 1564 quod
1444 1529 1491 1554 est

427 1569 687 1609 inassumptibile,
712 1574 759 1599 est
781 1569 968 1604 incurabile,
993 1568 1176 1607 intelligitur
1199 1567 1260 1597 sic:
1289 1566 1384 1603 Quod
1407 1568 1492 1598 inter

428 1613 593 1643 naturalia
617 1618 664 1643 est
687 1612 952 1652 inassumptibile,
977 1617 1025 1642 est
1047 1611 1233 1642 incurabile.
1268 1611 1309 1641 Et
1338 1612 1491 1651 probatur

427 1657 532 1697 glossa
555 1667 592 1687 ex
612 1657 711 1697 ipsius
727 1657 916 1686 Damasceni
932 1656 1075 1686 doctrina
1090 1657 1117 1691 ’ζ
1140 1655 1290 1696 ponentis
1313 1656 1491 1695 personalia

427 1711 495 1731 non
518 1711 586 1731 esse
609 1706 779 1740 assumpta.

482 1745 533 1775 Ad
557 1744 730 1775 secundam
754 1743 897 1774 eiusdem
919 1744 1157 1783 probationem,
1186 1748 1318 1783 negatur
1340 1743 1393 1773 illa
1415 1753 1490 1783 pro-

428 1789 562 1829 positio:
591 1787 758 1824 Quaelibet
780 1793 888 1818 creata
905 1788 1020 1818 entitas
1036 1792 1083 1818 est
1097 1796 1197 1827 aeque
1213 1787 1244 1817 in
1255 1787 1402 1827 potentia
1419 1787 1490 1818 obe-

428 1832 567 1863 dientiae
589 1832 632 1862 ad
655 1832 912 1872 assumptionem.
936 1831 1099 1869 Quoniam
1123 1831 1217 1861 alicui
1238 1836 1359 1861 creatae
1374 1832 1419 1861 rei
1442 1841 1489 1861 re-

428 1881 550 1916 pugnat
573 1877 699 1906 assumi.
724 1875 817 1907 Unde
833 1877 866 1906 in
882 1876 983 1906 littera
1007 1875 1120 1905 dicitur
1137 1874 1226 1914 quod
1242 1881 1404 1914 oporteret
1419 1885 1490 1915 per-

429 1920 629 1950 sonalitatem
653 1920 824 1960 corrumpi,
842 1921 867 1950 si
882 1925 994 1950 natura
1010 1919 1151 1959 angelica
1173 1919 1223 1949 vel
1246 1919 1386 1949 humana
1400 1929 1490 1959 prae-

430 1964 566 1994 existens
590 1969 801 1994 assumeretur
816 1965 842 1993 ὕ.

483 2008 566 2038 XVI.
590 2007 641 2038 Ad
665 2007 842 2038 secundum
867 2007 964 2043 Scoti‚
989 2006 1175 2037 conceditur
1198 2005 1286 2046 quod
1310 2007 1343 2036 in
1363 2006 1489 2037 Christo

429 2061 497 2082 non
520 2057 567 2082 est
589 2052 710 2082 realitas
727 2057 848 2082 creatae
864 2051 1103 2091 personalitatis.
1129 2050 1191 2081 Sed
1207 2050 1320 2080 falsum
1337 2056 1383 2080 est
1402 2051 1490 2090 quod

429 2097 488 2126 ista
511 2096 632 2126 realitas
656 2097 694 2126 sit
717 2096 941 2126 actualissima:
972 2105 1047 2125 curn
1070 2096 1109 2124 sit
1132 2095 1335 2125 constitutiva
1358 2095 1490 2124 subiecti

430 2145 518 2170 actus
542 2139 674 2170 essendi.
699 2139 739 2169 Et
762 2139 904 2169 similiter
925 2139 1040 2169 falsum
1062 2144 1108 2168 est
1131 2137 1221 2178 quod
1242 2139 1280 2168 sit
1303 2137 1491 2169 determina-

429 2185 561 2214 tissima:
582 2184 682 2213 immo
698 2193 765 2213 non
782 2190 828 2214 est
844 2182 1059 2218 determinata,
1077 2182 1131 2213 sed
1147 2183 1318 2218 terminus;
1338 2183 1491 2213 terminus

430 2228 516 2257 enirn
539 2237 606 2257 non
631 2233 676 2257 est
699 2228 894 2262 terminatus,
919 2227 1000 2257 sicut
1022 2236 1082 2256 nec
1105 2226 1218 2257 albedo
1242 2232 1289 2256 est
1311 2226 1390 2256 alba.

484 2271 644 2301 Adiuncta
662 2277 769 2301 autem
785 2271 924 2311 sequela,
946 2270 1035 2310 quod
1051 2269 1196 2301 Christus
1210 2280 1278 2300 non
1294 2276 1375 2300 esset
1390 2271 1490 2301 horno

429 2316 578 2351 univoce,
601 2315 679 2345 nihil
702 2315 794 2351 valet,
818 2321 854 2345 ut
877 2315 968 2345 divus
991 2315 1134 2344 Thomas
1157 2314 1252 2345 docet
1267 2315 1297 2344 *z
1323 2315 1397 2354 quia
1420 2315 1491 2344 uni-

429 2359 555 2389 vocatio
583 2359 616 2388 in
639 2359 771 2389 nomine
794 2359 933 2389 hominis
957 2358 1127 2389 attenditur
1155 2358 1332 2389 secundum
1361 2363 1490 2389 naturae

430 2404 588 2433 humanae
603 2403 769 2439 rationem,
792 2408 823 2433 et
838 2413 905 2433 non
922 2402 1100 2433 secundum
1115 2402 1388 2442 personalitatem;
1411 2403 1490 2433 ratio

430 2453 537 2477 autem
559 2452 689 2477 naturae
712 2447 871 2477 humanae
895 2446 1006 2477 eadem
1029 2447 1163 2476 omnino
1188 2451 1234 2476 est
1257 2446 1290 2476 in
1309 2445 1436 2476 Christo
1461 2452 1492 2477 et

430 2491 497 2521 aliis
520 2491 714 2527 hominibus,
739 2491 884 2531 quamvis
906 2490 1114 2530 personalitas
1136 2491 1176 2520 sit
1198 2490 1328 2520 diversa.

485 2535 525 2564 Et
549 2544 623 2564 cum
647 2540 757 2564 contra
773 2544 963 2565 concessum
979 2533 1140 2564 defectum
1155 2534 1302 2564 realitatis
1317 2534 1491 2573 personalis

431 2585 552 2609 creatae
575 2579 607 2608 in
632 2577 759 2608 Christo
784 2579 933 2618 arguitur,
958 2579 1032 2618 quia
1050 2583 1235 2618 sequeretur
1259 2577 1347 2617 quod
1370 2578 1429 2608 sibi
1445 2577 1491 2608 di-

429 2623 543 2653 missae
566 2623 755 2652 humanitati
778 2628 957 2662 assumptae
987 2627 1150 2662 oporteret
1171 2631 1289 2652 novam
1313 2621 1379 2652 dari
1401 2622 1491 2652 reali-

430 2672 543 2697 tatem:
573 2666 782 2706 respondetur
806 2667 894 2706 quod
917 2671 1079 2706 oporteret
1101 2675 1218 2696 novam
1242 2666 1414 2696 realitatem
1437 2666 1491 2696 ad-

431 2720 508 2746 esse,
532 2710 588 2740 sed
610 2720 678 2740 non
702 2710 740 2740 de
763 2720 850 2740 novo
874 2720 930 2750 per
946 2710 1085 2750 aliquam
1104 2719 1222 2740 novam
1238 2710 1398 2740 actionem
1414 2709 1489 2740 dari.

431 2755 505 2785 Sola
521 2755 606 2784 enirn
629 2754 795 2794 separatio,
812 2760 848 2784 ut
864 2755 987 2784 Auctor
1003 2754 1079 2784 dixit
1094 2755 1120 2790 “,
1138 2753 1190 2784 dat
1205 2754 1489 2793 complementum,

431 2799 554 2828 sublato
578 2798 808 2838 impedimento
831 2798 915 2828 illius
938 2798 1157 2838 perfectionis:
1183 2798 1273 2833 sicut,
1291 2798 1415 2828 sublato
1431 2798 1490 2827 im-

430 2842 626 2882 pedimento,
649 2852 743 2882 grave
766 2842 929 2872 descendit
952 2842 1112 2872 deorsum.
1145 2841 1211 2872 Iam
1235 2842 1321 2872 enim
1344 2847 1430 2882 patet
1453 2851 1490 2872 ex

431 2887 532 2916 littera
547 2887 703 2926 praesenti
719 2888 735 2903 *
755 2886 843 2926 quod
864 2895 1001 2926 persona
1017 2885 1122 2916 divina
1144 2885 1335 2916 assumendo
1358 2885 1490 2926 impedit

431 2936 574 2960 naturam
598 2936 792 2970 assumptam
816 2940 832 2960 a
856 2931 983 2970 propria
1006 2930 1238 2970 personalitate.

485 2974 582 3004 XVII.
606 2974 657 3004 Ad
679 2975 807 3004 tertium
829 2975 926 3010 Scoti‚
949 2979 1082 3014 negatur
1097 2973 1236 3014 sequela.
1259 2973 1328 3004 Nec
1343 2974 1489 3013 probatio

432 3018 522 3048 allata
545 3019 657 3058 probat
679 3019 775 3048 illam.
800 3018 893 3056 Quia,
919 3027 1072 3048 concesso
1094 3017 1183 3058 quod
1201 3018 1270 3048 talis
1286 3018 1408 3048 realitas
1430 3027 1490 3048 nec

432 3068 478 3092 est
501 3068 611 3092 natura
640 3071 699 3092 nec
722 3071 779 3101 per
801 3062 996 3092 identitatem
1020 3061 1256 3092 continetur'in
1278 3067 1407 3097 natura,
1435 3071 1490 3092 ne-

432 3111 522 3145 gatur
545 3106 688 3145 sequela:
714 3111 745 3135 et
768 3105 880 3135 dicitur
904 3106 992 3145 quod
1015 3106 1084 3136 talis
1107 3106 1228 3136 realitas
1251 3115 1288 3136 ex
1311 3111 1422 3136 natura
1443 3115 1490 3135 se-

432 3155 538 3189 parata
561 3159 579 3179 a
602 3150 708 3179 Verbo
732 3150 907 3179 haberetur.
932 3150 988 3179 Est
1004 3151 1088 3180 enim
1105 3150 1260 3190 separatio
1275 3149 1437 3180 reductiva
1453 3149 1491 3180 de

432 3194 575 3233 potentia
598 3193 637 3223 ad
656 3198 762 3223 actum
781 3193 909 3222 illorum
926 3202 1007 3232 quae
1024 3194 1208 3224 coniunctio
1225 3193 1432 3234 impediebat:
1457 3199 1492 3224 ut

432 3243 519 3277 patet
534 3238 566 3267 in
580 3237 739 3267 continuis
751 3238 776 3266 ’ἢ
798 3236 992 3266 Huiusmodi
1008 3242 1114 3267 autem
1130 3238 1251 3268 realitas
1267 3238 1448 3268 continetur
1459 3238 1492 3268 in

433 3288 544 3311 natura
560 3281 649 3320 quasi
665 3281 697 3310 in
714 3281 871 3319 potentia:
884 3289 943 3319 pro
960 3286 1080 3319 quanto
1096 3287 1207 3311 natura
1223 3287 1270 3312 est
1289 3281 1492 3312 terminabilis

435 3335 471 3355 cx
497 3335 529 3355 se
553 3325 605 3354 tali
628 3325 776 3359 realitate,
801 3333 867 3354 non
892 3329 926 3353 ut
949 3330 1035 3359 actu,
1059 3324 1114 3354 sed
1130 3330 1164 3354 ut
1191 3326 1326 3355 termino
1350 3326 1491 3366 proprio.

488 3369 599 3398 XVIII.
624 3368 673 3398 Ad
697 3373 845 3407 quartum
869 3367 982 3397 dicitur
1003 3367 1101 3407 quod,
1125 3369 1149 3397 si
1174 3374 1219 3398 est
1242 3379 1346 3399 sermo
1371 3369 1410 3400 de
1433 3379 1492 3409 po-

434 3413 531 3442 tentia
546 3412 689 3447 naturali,
714 3417 845 3451 negatur
867 3411 1005 3451 sequela,
1026 3420 1107 3450 quae
1130 3421 1195 3441 non
1212 3413 1372 3451 probatur.
1396 3413 1490 3450 Quia,

435 3456 460 3486 si
483 3456 660 3486 humanitas
683 3465 750 3486 non
774 3460 1000 3489 assumeretur,
1025 3460 1245 3494 personaretur
1271 3457 1398 3496 propria
1421 3466 1491 3496 per-

435 3500 608 3529 sonalitate.
644 3500 718 3529 Non
743 3499 827 3529 enirn
856 3508 952 3529 omne
975 3499 1062 3539 prius
1091 3504 1195 3538 potest
1221 3500 1401 3530 naturaliter
1423 3499 1491 3530 fieri

434 3543 501 3573 sine
525 3544 700 3583 posteriori.

1141 219 1405 266 QUAESTIO
1434 218 1502 264 IV,
1532 218 1822 255 ARTICULUS
1849 219 1879 255 ΙΙ

1595 295 1627 326 Si
1649 305 1725 326 vero
1749 297 1788 326 sit
1811 305 1915 326 sermo
1939 296 1978 326 de
1996 297 2140 336 potentia
2156 296 2270 331 divina,
2288 296 2388 326 fateor
2410 296 2531 326 nullam
2545 306 2599 327 me

1539 338 1646 369 videre
1669 340 1928 380 impossibilitatis
1949 341 2105 370 rationem
2130 349 2228 380 quare
2244 349 2312 370 non
2327 341 2427 380 possit
2442 340 2529 370 Deus
2543 350 2599 370 na—

1540 388 1644 412 turam
1674 384 1794 423 absque
1823 384 1912 414 omni
1941 384 2163 423 personalitate
2193 393 2394 414 conservare:
2425 393 2500 414 cum
2527 389 2600 414 actu

1541 431 1647 456 tamen
1670 426 1794 457 essendi
1822 428 2011 458 miraculose
2039 432 2256 467 consequente
2285 428 2405 467 absque
2427 427 2600 467 personali-

1541 475 1614 505 tate,
1640 479 1722 509 quae
1738 475 1785 500 est
1802 471 1968 510 proprium
1984 471 2067 501 illius
2082 472 2262 501 subiectum
2277 470 2455 501 secundum
2469 477 2600 502 naturae

1543 513 1698 550 ordinem,
1723 514 1775 544 cui
1798 513 1903 544 divina
1925 524 1993 545 non
2017 520 2063 544 est
2085 514 2209 554 alligata
2230 515 2383 555 potentia.

1598 557 1639 587 Et
1662 557 1740 587 scito
1765 557 1854 598 quod
1876 558 1967 594 sicut,
1992 568 2067 588 curn
2090 557 2129 588 de
2151 559 2328 598 integritate
2351 564 2383 588 et
2404 557 2601 598 perfectione

1542 610 1579 630 ac
1601 600 1811 632 non-defectu
1833 601 1973 632 hominis
1995 603 2029 632 in
2052 601 2179 632 Christo
2204 608 2250 632 est
2272 611 2394 638 sermo,
2417 602 2602 642 intelligitur

1544 644 1652 683 quoad
1675 645 1829 675 naturalia
1850 650 1887 675 ut
1909 645 2146 686 distinguuntur
2167 651 2279 676 contra
2300 645 2488 686 personalia,
2509 663 2533 668 —-
2554 650 2601 676 te-

1542 693 1643 718 stante
1666 689 1762 718 etiam
1784 689 1957 719 Athanasio
1972 690 1999 725 ⁴⁶,
2022 689 2188 731 Perfectus
2203 690 2297 720 homo
2318 699 2361 720 ex
2375 690 2484 720 anima
2500 690 2601 720 ratio-

1543 731 1612 761 nali
1634 737 1665 762 et
1685 732 1826 762 humana
1849 741 1948 763 carne
1969 733 2161 763 subsistens:
2187 733 2243 763 ubi
2266 742 2411 774 expresse
2433 732 2602 773 perfeetio-

1541 784 1618 805 nem
1640 775 1779 806 hominis
1801 777 1835 806 in
1858 776 1985 807 Christo
2008 778 2042 807 in
2065 782 2208 807 constare
2232 786 2270 807 ex
2285 778 2390 807 anima
2404 777 2549 808 rationali
2571 783 2603 808 et

1543 819 1683 849 humana
1705 829 1799 850 carne
1827 821 1950 860 posuit3
1984 821 2103 851 clarum
2135 826 2182 851 est
2211 826 2318 851 autem
2343 822 2490 862 perfecto
2523 821 2604 852 nihil

1543 862 1650 893 deesse
1665 864 1696 899 *;
1726 863 1804 893 nihil
1828 873 1903 903 ergo
1927 863 2035 894 deesse
2057 864 2199 904 perfecto
2222 865 2346 895 homini
2369 865 2496 895 Christo
2521 874 2603 895 asse-

1543 907 1630 942 ritur,
1655 907 1680 937 si
1704 916 1741 938 ex
1765 907 1870 937 anima
1888 908 2033 938 rationali
2057 913 2088 938 et
2109 908 2249 938 humana
2272 917 2366 939 carne
2389 915 2534 940 constare
2557 908 2603 939 di-

1545 951 1635 987 citur,
1660 960 1734 981 curn
1758 960 1822 991 qua
1844 950 2040 991 perfectione
2062 952 2164 992 liquet
2181 957 2261 982 stare
2277 951 2438 983 defectum
2452 962 2603 992 persona—

1544 994 1647 1031 litatis,
1665 994 1822 1035 quidquid
1837 995 1876 1025 sit
1890 995 1958 1025 illa:
1974 1013 1997 1018 —
2011 996 2064 1031 ita,
2081 995 2211 1035 quando
2227 1001 2274 1026 est
2288 1005 2393 1026 sermo
2409 995 2449 1026 de
2463 996 2603 1027 novitate

1545 1044 1599 1069 aut
1621 1039 1782 1078 acquisitis
1805 1048 1862 1069 seu
1885 1039 2120 1078 acquisibilibus
2153 1049 2210 1079 per
2231 1039 2460 1070 humanitatem
2483 1049 2603 1070 assum-

1544 1088 1632 1122 ptam
1655 1083 1680 1113 si
1703 1083 1762 1112 sibi
1786 1082 2004 1119 dimitteretur,
2029 1088 2060 1113 et
2083 1083 2197 1113 dicitur
2218 1083 2297 1114 nihil
2314 1083 2391 1114 novi
2415 1084 2535 1123 acquiri
2549 1089 2604 1114 aut

1545 1126 1692 1157 advenire
1715 1126 1771 1157 sed
1788 1136 1846 1166 per
1860 1127 1996 1167 seipsam
2011 1127 2189 1163 subsistere,
2205 1127 2389 1167 intelligitur
2403 1127 2442 1157 de
2457 1127 2506 1157 his
2521 1136 2604 1167 quae

1543 1179 1611 1200 non
1639 1180 1677 1201 ex
1700 1171 1768 1210 ipsa
1790 1171 1989 1210 separatione
2012 1176 2269 1211 consequuntur;
2300 1177 2331 1201 et
2354 1170 2452 1211 quod,
2477 1170 2604 1202 dimissa

1544 1215 1612 1250 sibi,
1627 1224 1686 1255 per
1707 1215 1843 1254 seipsam
1866 1214 2027 1245 dimissam
2043 1215 2239 1251 subsisteret;
2261 1215 2295 1245 in
2312 1223 2378 1255 quo
2402 1214 2557 1246 clauditur
2570 1215 2604 1246 id

1544 1257 1633 1298 quod
1657 1267 1695 1288 ex
1718 1259 1916 1298 separatione
1940 1258 2031 1289 datur
2053 1267 2110 1289 seu
2125 1259 2332 1299 consequitur
2350 1259 2384 1289 in
2398 1259 2467 1299 ipsa
2481 1264 2602 1290 natura.

1543 1302 1678 1342 Negatio
1709 1303 1795 1332 enim
1826 1309 1857 1333 et
1879 1302 2020 1333 exclusio
2050 1307 2082 1332 et
2104 1303 2249 1343 exceptio
2278 1311 2346 1333 non
2369 1302 2487 1334 cadunt
2508 1312 2604 1343 super

1544 1346 1833 1377 concomitantibus
1847 1347 1950 1386 ipsam
1965 1346 2197 1386 separationem
2212 1355 2294 1386 quae
2309 1347 2449 1387 ponitur.
2470 1347 2604 1378 Constat

1543 1396 1651 1421 autem
1674 1400 1711 1420 ex
1735 1389 1824 1420 dictis
1847 1391 1886 1420 ab
1907 1390 2048 1420 Auctore
2063 1391 2080 1408 ⁹
2104 1390 2193 1430 quod
2215 1391 2370 1430 separatio
2393 1390 2447 1421 dat
2467 1391 2604 1422 totalita-

1543 1439 1608 1464 tem
1631 1443 1688 1464 seu
1711 1434 1986 1474 complementum
2010 1443 2073 1474 qua
2095 1443 2153 1464 seu
2177 1443 2242 1474 quo
2266 1435 2443 1475 hypostasis
2461 1434 2564 1466 differt
2585 1444 2604 1466 a

1543 1483 1669 1508 natura:
1702 1483 1733 1508 et
1756 1477 1844 1518 quod
1867 1483 1979 1508 natura
2001 1483 2161 1518 assumpta
2184 1478 2336 1518 impedita
2359 1483 2406 1509 est
2436 1488 2455 1508 a
2476 1479 2604 1519 propria

1543 1521 1775 1561 personalitate,
1789 1531 1871 1561 quae
1887 1521 1926 1552 ad
1941 1522 2042 1561 ipsam
2058 1527 2306 1561 consequeretur
2321 1527 2505 1562 separatam,
2522 1531 2604 1562 quo-

1543 1565 1629 1595 niam
1660 1570 1793 1595 cessaret
1824 1566 1920 1600 unio,
1951 1574 2034 1605 quae
2056 1565 2230 1605 impedivit.
2265 1565 2306 1596 Et
2327 1566 2353 1596 si
2383 1565 2423 1596 ad
2447 1567 2504 1597 has
2526 1566 2605 1597 duas

1543 1609 1662 1649 glossas
1693 1614 1724 1639 te
1753 1608 1936 1644 resolveris,
1968 1609 2139 1649 perspicies
2172 1609 2281 1639 omnia
2309 1609 2432 1646 soluta,
2463 1610 2545 1641 clara
2574 1616 2606 1642 et

1544 1662 1695 1683 consona.

1594 1697 1677 1727 XIX.
1701 1697 1752 1728 Ad
1774 1697 1907 1727 Aureoli
1929 1697 2070 1737 primum
2090 1698 2106 1714 ¹*
2129 1696 2340 1738 respondetur
2364 1698 2486 1738 primo,
2515 1698 2605 1739 quod

1543 1741 1698 1781 quidquid
1719 1741 1752 1771 in
1776 1746 1895 1772 natura
1912 1741 2097 1781 plantatum
2120 1746 2182 1778 est,
2210 1742 2381 1782 assumpsit
2406 1742 2562 1774 Verbum:
2582 1760 2606 1766 —·

1544 1785 1576 1815 in
1601 1789 1731 1821 natura,
1755 1784 1832 1815 dixit
1855 1785 2082 1821 Damascenus,
2105 1794 2173 1815 non
2197 1785 2229 1815 in
2246 1795 2401 1826 persona.

1598 1829 1832 1864 Veruntamen,
1864 1829 1939 1868 quia
1960 1828 2166 1868 personalitas
2189 1829 2328 1869 plantata
2351 1835 2398 1860 est
2419 1830 2453 1860 in
2475 1835 2604 1867 natura,

1544 1872 1583 1903 ad
1606 1882 1703 1912 quam
1726 1878 1911 1912 sequeretur
1933 1873 1959 1902 si
1981 1882 2049 1903 non
2065 1878 2146 1902 esset
2168 1873 2320 1913 impedita
2342 1883 2399 1914 per
2414 1875 2605 1916 assumptio-

1543 1926 1629 1952 nem,
1649 1916 1763 1947 dicitur
1778 1915 1930 1952 secund0‚
1947 1916 2036 1956 quod
2051 1916 2084 1956 ly
2098 1916 2253 1957 quidquid
2268 1917 2424 1948 distribuit
2438 1927 2498 1958 pro
2513 1918 2604 1959 plan-

1544 1961 1614 1991 tatis
1644 1961 1678 1991 in
1701 1966 1812 1990 natura
1841 1961 1884 1990 ita
1914 1960 2004 2000 quod
2035 1961 2227 1991 conveniant
2253 1961 2311 1991 sibi
2341 1967 2377 1991 ut
2403 1961 2604 2002 distinguitur

1545 2010 1654 2035 contra
1676 2013 1857 2044 personam.

1599 2049 1639 2078 Et
1654 2049 1680 2078 si
1703 2053 1814 2078 contra
1829 2048 1892 2078 hoc
1910 2049 2086 2089 applicetur
2101 2049 2247 2079 instantia
2262 2049 2363 2086 allata,
2379 2049 2507 2086 scilicet,
2527 2050 2604 2081 Ter-

1544 2092 1649 2122 minus
1671 2091 1880 2122 humanitatis
1909 2097 1957 2122 est
1978 2092 2101 2132 aliquid
2114 2092 2346 2129 humanitatis,
2376 2093 2602 2133 respondetur:

1545 2135 1643 2174 Quod
1666 2136 1820 2166 terminus
1842 2135 1972 2166 ultimus
1997 2136 2050 2176 (de
2066 2145 2132 2176 quo
2149 2137 2219 2167 solo
2236 2142 2282 2167 est
2297 2136 2415 2177 sermo)
2432 2137 2471 2167 sit
2485 2137 2606 2178 aliquid

1544 2181 1756 2216 humanitatis,
1780 2185 1886 2220 potest
1908 2179 2076 2220 dupliciter
2090 2180 2232 2220 intelligi.
2255 2180 2373 2216 Primo,
2394 2180 2484 2221 quod
2501 2181 2544 2212 ita
2565 2182 2606 2213 sit

1545 2223 1665 2264 aliquid
1683 2224 1886 2254 humanitatis
1909 2224 2073 2254 distinctae
2096 2230 2206 2255 contra
2225 2234 2405 2264 personam,
2422 2224 2512 2265 quod
2527 2234 2606 2256 con-

1544 2269 1649 2298 veniat
1672 2269 1731 2298 sibi
1754 2269 1874 2308 absque
1897 2268 2129 2308 personalitate.
2153 2268 2194 2299 Et
2216 2269 2260 2299 sic
2282 2274 2431 2308 negatur:
2456 2269 2532 2309 quia
2545 2269 2605 2300 im-

1544 2313 1640 2353 plicat
1663 2312 1729 2343 duo
1753 2311 1996 2342 contradictoria
2019 2312 2123 2348 simul,
2148 2313 2302 2352 quoniam
2318 2317 2365 2343 est
2382 2313 2606 2344 constitutivuz

1544 2357 1785 2397 personalitatis.
1808 2374 1831 2379 —
1853 2356 1927 2386 Alio
1950 2356 2062 2392 modo,
2087 2356 2175 2396 quod
2197 2357 2237 2386 sit
2259 2355 2379 2396 aliquid
2401 2356 2605 2388 humanitatis

1544 2401 1681 2431 totaliter
1712 2400 1900 2440 completae.
1935 2400 1976 2430 Et
1997 2400 2061 2430 hoe
2080 2405 2127 2430 est
2140 2409 2268 2430 verum:
2293 2401 2368 2440 quia
2387 2405 2434 2430 est
2450 2401 2605 2432 terminus

1545 2446 1623 2475 eius.
1643 2445 1683 2474 Et
1699 2445 1779 2474 ultra
1794 2445 1867 2480 hoc,
1881 2449 1927 2475 est
1942 2443 2061 2484 aliquid
2075 2444 2108 2474 in
2124 2445 2267 2484 potentia
2281 2444 2380 2484 ipsius
2391 2444 2604 2481 humanitatis,

1545 2498 1627 2529 quae
1643 2488 1821 2519 secundum
1843 2487 1877 2518 se
1901 2493 1948 2518 est
1969 2488 2173 2518 terminabilis
2196 2489 2333 2518 termino
2356 2489 2498 2528 proprio.

1599 2533 1667 2563 XX.
1691 2531 1743 2562 Ad
1766 2531 1952 2567 secundum,
1976 2537 2121 2571 negatur,
2146 2533 2274 2572 proprie
2297 2531 2479 2571 loquendo,
2502 2533 2605 2572 prima

1544 2577 1683 2616 sequela.
1708 2576 1871 2614 Quoniam
1894 2575 2079 2606 huiusmodi
2102 2576 2245 2606 entitates
2270 2581 2300 2606 et
2318 2576 2472 2606 realitates
2487 2576 2606 2607 consti-

1544 2622 1662 2651 tutivae
1689 2629 1756 2650 non
1779 2625 1853 2650 sunt
1874 2619 1943 2659 ipsa
1965 2620 2048 2649 entia
2078 2628 2160 2659 quae
2183 2625 2272 2655 sunt,
2303 2619 2359 2650 sed
2385 2625 2459 2650 sunt
2489 2619 2607 2660 quibus

1545 2665 1650 2704 aliqua
1673 2669 1761 2694 sunt:
1785 2664 1849 2694 hoc
1873 2664 1958 2693 enim
1973 2662 2073 2694 modo
2090 2669 2178 2694 actus
2194 2663 2328 2699 essendi,
2345 2668 2375 2694 et
2390 2663 2606 2695 universaliter

1545 2709 1747 2739 constitutiva
1775 2708 1913 2743 entium,
1945 2708 2029 2737 entia
2052 2707 2210 2738 dicuntur.
2233 2726 2256 2730 -
2278 2707 2372 2738 Unde
2395 2707 2534 2738 secunda
2555 2716 2605 2738 se-

1545 2753 1639 2793 quela
1661 2752 1739 2782 nihil
1762 2751 1861 2782 valet:
1884 2761 1944 2782 nec
1968 2752 2100 2782 habetur
2122 2751 2179 2782 VII
2200 2752 2377 2793 Metaply‘s.

1598 2795 1649 2826 Ad
1665 2794 1952 2831 confirmationem,
1971 2801 2103 2836 negatur
2118 2795 2171 2826 illa
2187 2795 2418 2831 conditionalis,
2442 2795 2478 2826 Si
2492 2794 2604 2826 distin-

1543 2845 1692 2882 guuntur
1714 2840 1861 2875 realiter,
1886 2845 2025 2879 possunt
2046 2839 2194 2880 separari
2223 2844 2254 2870 et
2274 2839 2447 2880 separatim
2472 2838 2603 2870 assumi.

1545 2884 1708 2922 Quoniam
1730 2893 1798 2914 non
1817 2884 1925 2914 omnia
1949 2883 2093 2914 distincta
2108 2884 2231 2914 realiter
2246 2889 2320 2914 sunt
2334 2882 2527 2923 separabilia,
2543 2882 2605 2913 sal-

1544 2929 1590 2958 vis
1613 2929 1766 2968 utrisque.

1598 2972 1681 3002 XXI.
1705 2971 1756 3002 Ad
1778 2972 1923 3007 tertium,
1947 2978 2079 3011 negatur
2101 2971 2231 3012 sequela
2253 2971 2429 3002 multorum
2451 2970 2604 3001 inconve-

1543 3017 1710 3046 nientium.
1746 3016 1786 3045 Et
1809 3015 1848 3046 ad
1870 3016 2011 3055 primum
2034 3016 2279 3052 inconveniens,
2308 3019 2441 3055 negatur
2462 3013 2602 3054 sequela.

1543 3061 1692 3090 Probatio
1717 3066 1823 3090 autem
1847 3065 1878 3090 et
1900 3061 2031 3090 assumit
2053 3059 2178 3096 falsum,
2202 3065 2233 3090 et
2255 3064 2302 3089 est
2323 3067 2382 3099 pro
2405 3057 2508 3088 nobis.
2542 3058 2603 3088 As·-

1544 3105 1640 3135 sumit
1664 3103 1794 3144 quidem
1818 3103 1942 3140 falsum,
1967 3103 2102 3134 dicendo
2127 3102 2216 3144 quod
2237 3102 2379 3133 Verbum
2393 3111 2461 3132 non
2477 3106 2524 3132 est
2541 3106 2604 3132 ter-

1544 3149 1687 3179 minatio.
1712 3148 1876 3186 Quoniam
1899 3148 2041 3178 Verbum
2065 3153 2112 3178 est
2133 3156 2190 3178 sua
2211 3145 2426 3187 personalitas,
2450 3154 2532 3185 quae
2555 3150 2603 3176 est

1545 3193 1655 3223 ultima
1679 3193 1858 3222 terminatio
1882 3197 2013 3222 naturae
2035 3191 2175 3227 divinae,
2205 3190 2287 3221 sicut
2314 3189 2519 3230 personalitas
2542 3189 2602 3219 hu-

1546 3246 1640 3267 mana
1663 3242 1709 3266 est
1727 3236 1906 3266 terminatio
1924 3241 2054 3266 naturae
2072 3235 2245 3265 humanae:
2269 3233 2352 3264 salva
2370 3241 2496 3273 semper
2513 3232 2603 3264 diffe-

1546 3281 1645 3311 rentia
1675 3289 1756 3320 quae
1786 3279 2028 3320 subintelligitur
2056 3279 2138 3308 inter
2167 3277 2272 3308 divina
2301 3282 2333 3308 et
2361 3282 2473 3307 creata.
2495 3294 2519 3299 -
2545 3277 2603 3307 Est

1546 3330 1653 3355 autem
1676 3333 1734 3364 pro
1758 3325 1867 3354 nobis:
1899 3324 1974 3364 quia
1997 3332 2035 3353 ex
2056 3323 2119 3352 hoc
2150 3320 2239 3362 quod
2261 3321 2402 3351 Verbum
2426 3326 2473 3351 est
2494 3321 2603 3351 termi-

1545 3369 1632 3399 natio
1655 3368 1836 3403 subsistens,
1860 3367 2003 3407 sequitur
2024 3364 2113 3406 quod
2135 3370 2240 3405 potest
2262 3364 2411 3405 supplere
2433 3364 2517 3395 vices
2540 3370 2602 3395 ter·

1544 3412 1726 3442 minationis
1750 3417 1881 3447 creatae,
1905 3419 1987 3451 quae
2002 3419 2068 3440 non
2086 3414 2132 3439 est
2147 3418 2242 3439 suum
2257 3408 2471 3444 terminatum,
2488 3413 2601 3448 utpote

1544 3456 1738 3496 praehabens
1767 3454 1922 3495 quidquid
1945 3459 1991 3484 est
2013 3453 2046 3484 in
2069 3452 2252 3483 huiusmodi
2275 3452 2384 3483 creatis
2406 3452 2603 3483 terminatio-

1543 3500 1646 3529 nibus.

1599 3542 1649 3573 Ad
1673 3542 1849 3574 secundum
1872 3541 2115 3577 inconveniens,
2144 3540 2285 3571 similiter
2307 3545 2438 3580 negatur
2461 3540 2600 3581 sequela.

2629 696 2639 707 ⁸
2652 695 2678 718 In
2692 695 2774 725 Symb.

2629 869 2737 892 ‘Ar-istor.
2747 869 2839 898 Phrate.

2629 897 2669 918 lib.
2684 896 2724 922 111,
2743 901 2794 925 up.
2807 901 2840 923 vi.

2631 929 2653 944 n.
2673 921 2695 944 8.
2715 933 2726 939 -
2748 922 2774 945 S.
2793 921 2840 945 Th.

2630 949 2682 971 lect.
2697 955 2729 971 xi.

2630 1395 2640 1406 ⁸
2653 1394 2679 1418 ln
2696 1401 2758 1424 resp.
2773 1394 2802 1417 nd
2815 1354 2872 1424 33l

2629 1421 2847 1503 gumi-:s
2863 1418 2872 1481 ³.

2645 1491 2651 1502 ,
2682 1490 2688 1497 .
