2872 3970
1022 276 1283 322 QUAEsTlo
1312 276 1363 323 v,

32 892 46 921 Γ
64 901 101 925 cf.

35 915 56 940 Α,
81 927 96 951 d
111 907 150 930 qu.
166 907 190 923 ιν
213 901 252 923 ln-

362 904 459 941 tium
487 904 682 940 humanae
710 909 869 939 naturae
887 901 918 937 ³¹⁸.

279 958 328 994 Et
355 956 454 993 circa
481 956 558 992 hoc
585 962 824 1004 quaeruntur
851 961 1028 1002 quatuor.

331 1008 483 1046 Primo:
521 1016 654 1045 utrum
681 1007 798 1044 Filius
833 1006 905 1043 Dei
937 1005 1111 1042 debuerit
1145 1016 1340 1042 assumere

384 1073 524 1099 verum
551 1073 704 1110 corpus.

408 1538 436 1550 m

397 1548 401 1554 .
427 1536 448 1555 a<
488 1520 511 1544 ι)
539 1519 674 1544 PmMUM
701 1518 754 1543 sm
778 1517 1014 1542 PROCEDITUR.
1043 1505 1205 1542 Videtur
1231 1505 1338 1554 quod

402 1532 468 1612 ’ἓξὲξ
488 1559 607 1597 Filius
626 1558 698 1596 Dei
724 1570 804 1595 non
823 1558 1072 1608 assumpserit
1089 1570 1228 1595 verum
1256 1570 1339 1594 cor·

341 1599 573 1662 πνζῒξρυε
603 1611 752 1648 Dicitur
775 1611 877 1647 enim
898 1612 1055 1660 Philipp.
1076 1623 1097 1647 11
1115 1610 1136 1632 '¹‘
1164 1611 1272 1659 quod
1301 1612 1338 1647 in

335 1642 433 1701 ᾗδὲ)
447 1659 762 1703 &similitudinem
797 1665 989 1700 hominum
1007 1665 1137 1712 sactus
1164 1669 1225 1700 est.
1263 1663 1340 1700 Sed

276 1718 385 1768 quod
412 1724 468 1754 est
495 1717 711 1754 secundum
737 1716 954 1763 veritatem,
984 1729 1064 1753 non
1093 1716 1230 1753 dicitur
1257 1727 1339 1752 esse

276 1770 493 1808 secundum
531 1769 830 1806 similitudinem.
869 1769 971 1816 Ergo
1006 1768 1125 1805 Filius
1152 1768 1225 1805 Dei
1259 1780 1340 1804 non

276 1823 482 1872 assumpsit
508 1835 647 1859 verum
675 1834 827 1871 corpus.
1074 1852 1081 1855 ,

331 1887 366 1912 2.
395 1877 629 1918 PRAETEREA,
649 1874 861 1924 assumptio
890 1873 1062 1923 corporis
1081 1874 1121 1911 in
1139 1875 1247 1911 nullo
1276 1874 1340 1910 de-

275 1928 423 1977 rogavit
441 1927 610 1976 dignitati
629 1925 853 1964 div'initatis:
884 1927 974 1964 dicit
992 1926 1097 1964 enirn
1119 1928 1202 1964 Leo
1222 1927 1339 1975 Papa,

220 2001 249 2023 ,1,
275 1981 315 2018 in
334 1982 522 2019 Sermone
536 1980 556 2003 ’¹‘
570 1980 615 2017 de
632 1981 835 2019 Nativitate
847 1980 898 2027 ²⁸³³,
914 1980 1022 2029 quod
1037 1992 1104 2016 nec
1122 1980 1340 2027 inferiorem

275 2040 450 2072 naturam
486 2035 710 2083 consumpsit
735 2033 980 2083 glorificatio,
1009 2045 1077 2069 nec
1109 2034 1339 2082 superiorem

236 2084 238 2087 ’
274 2089 406 2124 minuit
424 2088 636 2136 assumptio.
665 2086 744 2123 Sed
761 2087 838 2123 hoc
856 2086 905 2123 ad
924 2085 1145 2133 dignitatem
1165 2084 1237 2122 Dei
1255 2096 1340 2133 per-

275 2140 369 2178 tinet
394 2140 503 2189 quod
522 2139 568 2176 sit
586 2138 749 2176 omnino
769 2151 791 2175 a
809 2150 973 2188 corpore
997 2145 1206 2187 separatus.
1237 2138 1339 2184 Ergo

274 2192 428 2231 videtur
455 2192 564 2241 quod
581 2203 652 2241 per
669 2191 976 2240 assumptionem
997 2203 1078 2227 non
1102 2190 1215 2228 fuerit
1233 2191 1340 2227 Deus

275 2244 430 2294 corpori
457 2244 599 2282 unitus.

330 2298 364 2334 3.
394 2299 626 2344 PRAETEREA,
656 2296 762 2344 signa
790 2296 930 2334 debent
957 2296 1190 2345 respondere
1218 2295 1339 2343 signa-

274 2350 332 2387 tis.
353 2350 432 2388 Sed
450 2349 708 2400 apparitiones
724 2349 862 2387 veteris
877 2348 1125 2395 Testamenti,
1141 2361 1240 2397 quae
1260 2349 1339 2386 fue-

275 2410 366 2441 runt
392 2402 499 2451 signa
526 2410 563 2439 et
588 2402 735 2450 figurae
756 2407 773 2424 ‘²
801 2401 1049 2451 apparitionis
1078 2401 1229 2448 Christi,
1259 2413 1340 2438 non

274 2456 430 2493 fuerunt
466 2455 683 2492 secundum
713 2454 885 2504 corporis
921 2454 1139 2501 veritatem,
1178 2454 1246 2491 sed
1283 2466 1340 2491 se-

276 2509 452 2546 cundum
478 2507 744 2556 imaginariam
771 2507 983 2545 visionem:
1014 2507 1110 2544 sicut
1137 2514 1239 2556 patet
1266 2508 1339 2544 lsa-

277 2560 336 2598 iae
365 2573 417 2599 vl:
454 2560 538 2599 Vidi
567 2562 774 2598 Dominum
806 2561 1008 2606 sedentem,
1038 2568 1107 2596 etc.
1144 2560 1247 2607 Ergo
1283 2559 1339 2596 vi-

277 2613 389 2650 detur
415 2613 523 2662 quod
559 2613 674 2650 etiam
701 2612 887 2662 apparitio
925 2612 1008 2650 Filii
1041 2612 1113 2649 Dei
1149 2612 1189 2649 in
1225 2624 1339 2649 mun-

277 2666 374 2703 dum
392 2664 407 2695 β
434 2677 516 2702 non
541 2665 653 2703 suerit
680 2666 895 2703 secundum
923 2665 1095 2715 corporis
1127 2664 1337 2713 veritatem,

277 2719 345 2755 sed
373 2719 501 2755 solum
528 2719 745 2756 secundum
773 2718 1097 2766 imaginationem.

330 2771 404 2809 SED
425 2782 569 2808 CONTRA
587 2783 652 2808 EST
680 2771 788 2820 quod
806 2771 1043 2818 Augustinus
1062 2770 1162 2819 dicit,
1182 2770 1222 2807 in
1240 2771 1338 2808 libro

278 2825 590 2874 Octogintatrium
623 2825 769 2866 Quaest.
789 2823 826 2860 *ε
855 2825 896 2861 Si
915 2825 1142 2873 phantasma
1158 2825 1238 2872 suit
1258 2836 1338 2861 cor-

269 2889 343 2927 pus
374 2878 519 2922 Christi,
537 2876 675 2924 fefellit
706 2877 880 2913 Christus.
908 2878 955 2912 Et
980 2878 1014 2913 si
1027 2877 1178 2924 fefellit,
1203 2879 1338 2914 veritas

275 2942 351 2967 non
386 2935 447 2966 est.
488 2931 553 2966 Est
588 2935 711 2966 autem
738 2931 872 2966 veritas
903 2929 1077 2966 Christus.
1119 2931 1227 2978 Ergo
1262 2942 1336 2966 non

269 2983 495 3033 phantasma
503 2982 583 3029 fuit
600 2993 735 3030 corpus
762 2983 849 3018 eius.
879 2981 927 3017 Et
954 2981 1008 3018 sic
1025 2988 1128 3030 patet
1146 2982 1254 3030 quod
1272 2994 1337 3019 ve-

275 3047 363 3072 rum
392 3047 534 3084 corpus
562 3033 779 3082 assumpsit.

328 3089 554 3126 RESPONDEO
582 3098 764 3124 memnon
792 3087 911 3135 quod,
941 3085 1038 3123 sicut
1064 3085 1202 3123 dicitur
1228 3086 1268 3123 in
1295 3086 1337 3123 li-

275 3140 347 3177 bro
375 3140 420 3177 de
446 3140 708 3177 Ecclesiasticis
734 3141 982 3188 Dogmatihus
999 3138 1030 3185 ²¹⁶,
1060 3145 1166 3175 natus
1193 3145 1244 3175 est
1265 3140 1340 3176 Dei

275 3193 392 3230 Filius
419 3205 493 3230 non
516 3194 692 3242 putative,
712 3193 818 3241 quasi
843 3193 1089 3241 imaginatum
1117 3203 1251 3240 corpus
1274 3193 1336 3228 ha-

276 3247 382 3292 bens,
409 3245 475 3282 sed
499 3257 634 3294 corpus
664 3257 806 3282 verum.
845 3245 892 3281 Et
920 3244 1035 3280 huius
1072 3242 1166 3280 ratio
1203 3243 1337 3292 triplex

274 3305 401 3347 potest
437 3296 630 3345 assignari.
670 3297 848 3343 Quarum
875 3296 1000 3346 prima
1027 3303 1083 3332 est
1116 3307 1163 3332 ex
1191 3296 1336 3332 ratione

10 3383 19 3401 „3
51 3375 75 3403 '.
277 3350 473 3387 humanae
501 3357 670 3397 naturae,
691 3350 739 3386 ad
762 3362 882 3398 quam
909 3348 1070 3398 pertinet
1088 3360 1227 3384 verum
1254 3360 1335 3385 cor-

9 3402 10 3405 ’
57 3412 216 3436 *·1v‚art.
233 3416 251 3431 ¹·
277 3414 351 3452 pus
369 3403 522 3440 habere.
545 3402 752 3452 Supposito
771 3402 882 3450 igitur
900 3414 946 3439 ex
964 3400 1211 3451 praemissis*
1229 3401 1335 3449 quod

333 3531 361 3601 ἔξ

38 1955 40 1957 >
62 1974 149 1998 Primo.

67 2001 143 2024 Serm.
149 2001 211 2029 xm,

2 2850 6 2858 ζ
51 2847 54 2852 .
62 2816 113 2859 Qu.
127 2835 174 2852 xxv.

5 3133 11 3149 ¹
59 3154 68 3166 ·›,
99 3149 122 3172 p.
135 3149 158 3167 ιι.
169 3155 180 3161 -
189 3144 251 3167 Inter

56 3193 66 3210 ς
82 3180 106 3192 =·.
118 3170 179 3198 Aug.

379 3535 406 3556 et
416 3533 534 3566 figurae.
546 3547 565 3551 -
583 3533 644 3558 Om.
664 3533 731 3565 HpG
750 3538 775 3558 et
793 3533 927 3558 editiones.
1361 3533 1365 3597 Ι

378 3568 514 3594 mundum.
526 3582 546 3587 -
563 3569 661 3593 mundo
681 3568 709 3594 P.

363 863 468 888 EINDE
487 849 813 887 considerandum
832 855 888 885 est
906 848 954 885 de
974 846 1237 896 assumptione
1255 858 1341 896 par·
1366 845 1370 898 Ι

1393 274 1684 312 ARTICULUS
1712 275 1727 311 I

991 518 1404 595 QUAESTIO
1444 517 1756 595 QUINTA

608 639 691 679 DE
724 637 1154 697 ASSUMPTIONE
1186 637 1460 678 PARTIUM
1494 636 1802 677 HUMANAE
1834 634 2132 676 NATURAE

1069 753 1103 777 IN
1133 752 1304 783 QUATUOR
1330 751 1531 777 ARTICULOS
1557 751 1670 776 DIVISA

1450 845 1651 883 Secundo:
1694 852 1826 882 utrum
1867 856 2063 881 assumere
2106 843 2279 880 debuerit
2315 855 2457 893 corpus

1501 923 1708 962 terrenum,
1739 914 1877 951 scilicet
1905 927 2062 951 carnem
2090 922 2126 951 et
2154 914 2393 962 sanguinem.

1448 985 1600 1023 Tertio:
1630 993 1761 1022 utrum
1789 986 2037 1034 assumpserit
2065 986 2246 1023 animam.

1448 1058 1618 1103 Quarto:
1646 1065 1778 1094 utrum
1792 1070 1987 1094 assumere
2010 1058 2184 1094 debuerit
2211 1058 2455 1095 intellectum.

1089 1193 1409 1235 ARTICULUS
1440 1193 1648 1235 PRIMUS

820 1295 977 1326 UTRUM
1000 1294 1137 1325 F1L1us
1160 1294 1232 1324 DEI
1255 1293 1549 1325 ASSUMPSERlT
1572 1295 1725 1326 VERUM
1751 1295 1919 1326 coneus

360 1384 392 1409 111
411 1384 495 1414 Sent„
515 1383 574 1408 dist.
591 1390 619 1413 ιι,
639 1390 683 1415 qu.
702 1389 720 1411 1,
740 1387 786 1407 art.
807 1381 831 1412 3,
849 1382 900 1414 qu*
921 1388 944 1412 ι,
965 1389 994 1412 2;
1014 1381 1071 1407 dist.
1090 1389 1125 1412 1v,
1145 1389 1189 1414 qu.
1208 1389 1235 1412 11,
1255 1386 1303 1406 art.
1325 1389 1352 1412 13
1372 1381 1414 1411 lv.
1433 1381 1491 1406 dist.
1509 1389 1547 1412 111,
1567 1387 1614 1407 art.
1634 1381 1657 1413 3,
1677 1382 1727 1414 qu*
1747 1389 1770 1411 2.
1790 1383 1821 1406 ad
1842 1389 1869 1412 2;
1889 1383 1923 1406 IV
1943 1383 2019 1408 Cont.
2041 1384 2127 1413 Gent„
2148 1391 2203 1416 cap.
2222 1391 2288 1415 xx1x,
2307 1392 2368 1414 xxx;

712 1417 855 1449 Compend.
878 1417 975 1447 neat„
996 1424 1050 1449 cap.
1070 1424 1154 1447 ccv113
1173 1417 1217 1441 Ad
1235 1416 1322 1445 Rom„
1342 1424 1397 1449 cap.
1415 1424 1470 1448 vm,
1489 1417 1547 1442 lect.
1566 1424 1589 1448 1;
1609 1417 1629 1441 11
1647 1417 1684 1442 ad
1705 1418 1774 1448 Cor.¹
1794 1425 1850 1450 cap.
1869 1425 1892 1447 ν,
1912 1418 1969 1443 lect.
1988 1426 2022 1443 w.

1391 1505 1628 1542 conveniens
1646 1506 1758 1542 fuerit
1776 1506 1917 1543 Filium
1936 1507 2008 1543 Dei
2027 1520 2222 1545 assumere
2243 1509 2457 1546 humanam

1392 1566 1582 1604 naturam,
1603 1571 1845 1607 consequens
1873 1567 1928 1596 est
1947 1561 2054 1608 quod
2073 1573 2211 1597 verum
2231 1573 2371 1610 corpus
2400 1575 2457 1599 as-

1393 1611 1609 1660 sumpserit.

1446 1664 1626 1700 Secunda
1655 1663 1749 1700 ratio
1770 1664 1871 1701 sumi
1889 1673 2014 1713 potest
2042 1678 2088 1702 ex
2108 1666 2166 1702 his
2195 1679 2294 1714 quae
2314 1667 2354 1703 in
2374 1680 2457 1717 my-

1392 1716 1506 1752 sterio
1535 1716 1806 1753 incarnationis
1834 1725 1922 1753 sunt
1950 1725 2042 1754 acta.
2081 1718 2120 1755 Si
2149 1719 2253 1755 enim
2281 1731 2361 1756 non
2388 1721 2458 1757 fuit

1392 1781 1529 1805 verum
1560 1781 1702 1817 corpus
1730 1768 1812 1805 eius
1840 1770 1907 1806 sed
1934 1770 2236 1818 phantasticum,
2267 1783 2357 1819 ergo
2386 1785 2458 1810 nec

1392 1833 1526 1858 veram
1546 1829 1710 1857 mortem
1732 1821 1929 1868 sustinuit;
1950 1835 2022 1859 nec
2040 1823 2185 1872 aliquid
2200 1836 2337 1860 eorum
2357 1837 2457 1874 quae

1394 1874 1441 1910 de
1468 1886 1515 1910 eo
1535 1873 1799 1921 Evangelistae
1827 1883 1993 1922 narrant,
2014 1877 2230 1912 secundum
2257 1876 2457 1915 veritatem

1392 1926 1516 1974 gessit,
1545 1927 1613 1963 sed
1641 1928 1769 1963 solum
1797 1928 2013 1964 secundum
2043 1929 2308 1978 apparentiam
2336 1943 2457 1979 quan-

1394 1980 1496 2016 dam.
1527 1980 1575 2016 Et
1603 1979 1656 2015 sic
1684 1979 1799 2016 etiam
1827 1980 2000 2029 sequitur
2027 1982 2134 2030 quod
2162 1994 2242 2018 non
2269 1982 2339 2019 fuit
2366 1996 2476 2021 vera>

1393 2034 1495 2069 salus
1513 2031 1683 2068 hominis
1703 2033 1926 2070 subsecuta:
1953 2041 2103 2083 oportet
2122 2035 2226 2071 enim
2246 2035 2427 2073 effectum
2441 2041 2458 2065 Υ

1393 2097 1531 2125 causae
1559 2084 1854 2133 proportionari.

1445 2137 1576 2174 Tertia
1604 2137 1699 2174 ratio
1719 2146 1844 2186 potest
1871 2138 1972 2175 sumi
1992 2151 2038 2176 ex
2065 2139 2147 2188 ipsa
2169 2139 2348 2187 dignitate
2372 2153 2457 2190 per-

1393 2202 1511 2227 sonae
1535 2190 1775 2237 assumentis,
1800 2203 1899 2239 quae
1926 2203 2017 2228 cum
2046 2192 2091 2228 sit
2118 2192 2267 2240 veritas,
2288 2205 2368 2230 non
2392 2194 2457 2231 de-

1392 2243 1470 2279 cuit
1497 2250 1540 2279 ut
1557 2242 1597 2279 in
1617 2254 1734 2291 opere
1763 2243 1845 2279 eius
1864 2243 1991 2292 aliqua
2019 2244 2124 2281 fictio
2150 2254 2259 2282 esset.
2289 2247 2401 2283 Unde
2421 2254 2458 2283 et

1392 2295 1586 2332 Dominus
1614 2296 1720 2332 hunc
1747 2308 1918 2332 errorem
1954 2309 2024 2346 per
2051 2296 2219 2346 seipsum
2254 2299 2456 2336 excludere

1393 2348 1568 2396 dignatus
1606 2356 1680 2394 est,
1710 2349 1805 2385 Luc.
1839 2350 1924 2391 ult.,
1955 2361 2046 2386 cum
2081 2349 2273 2399 discipuli,
2310 2357 2455 2389 contur-

1391 2403 1469 2439 bati
1494 2407 1527 2438 et
1554 2403 1753 2447 conterriti,
1767 2403 1950 2450 putabant
1967 2414 2006 2438 se
2031 2403 2199 2451 spiritum
2224 2403 2351 2440 videre
2368 2404 2398 2451 ²¹³,
2420 2411 2456 2441 et

1392 2466 1474 2491 non
1501 2466 1640 2491 verum
1677 2466 1834 2503 corpus:
1874 2462 1910 2490 et
1938 2454 2024 2491 ideo
2060 2467 2100 2491 se
2129 2454 2182 2491 eis
2215 2456 2455 2505 palpandum

1390 2506 1578 2556 praebuit,
1599 2506 1730 2543 dicens
1749 2507 1785 2543 *ε
1815 2507 1969 2556 Palpate
1987 2513 2020 2544 et
2037 2507 2176 2545 videte:
2203 2510 2289 2557 quia
2307 2511 2456 2558 spiritus

1392 2572 1545 2597 carnem
1565 2566 1598 2596 et
1617 2572 1699 2596 ossa
1727 2572 1801 2596 non
1821 2561 1939 2606 habet,
1958 2562 2050 2596 sicut
2076 2573 2136 2596 me
2162 2561 2288 2598 videtis
2306 2562 2452 2599 habere.

1444 2614 1502 2649 AD
1530 2624 1665 2650 PRIMUM
1694 2624 1792 2649 ERGO
1820 2624 2002 2650 DICENDUM
2029 2613 2136 2662 quod
2156 2613 2363 2650 similitudo
2392 2614 2454 2651 illa

1392 2665 1569 2715 exprimit
1595 2664 1795 2701 veritatem
1815 2666 2011 2702 humanae
2029 2673 2187 2702 naturae
2216 2665 2254 2702 in
2282 2666 2452 2714 Christo,

1390 2731 1461 2768 per
1487 2718 1653 2754 modum
1672 2730 1751 2766 quo
1772 2730 1908 2754 omnes
1936 2717 2003 2766 qui
2022 2730 2112 2754 vere
2131 2718 2171 2754 in
2195 2719 2367 2755 humana
2386 2731 2453 2756 na-

1390 2779 1476 2808 tura
1503 2770 1679 2817 existunt,
1709 2770 1850 2806 similes
1878 2770 2003 2819 specie
2031 2782 2112 2806 esse
2142 2770 2330 2807 dicuntur.
2359 2772 2453 2808 Non

1391 2832 1522 2861 autem
1540 2822 1756 2870 intelligitur
1774 2822 1981 2859 similitudo
2000 2823 2246 2871 phantastica.
2267 2824 2328 2860 Ad
2342 2823 2452 2861 cuius

1391 2876 1634 2923 evidentiam,
1655 2876 1863 2924 Apostolus
1882 2874 2074 2922 subiungit
2092 2875 2112 2896 ’¹‘
2139 2876 2246 2924 quod
2254 2877 2384 2923 factus
2402 2883 2454 2914 est

1391 2929 1562 2967 obediens
1583 2941 1696 2977 usque
1722 2928 1773 2964 ad
1797 2933 1966 2972 mortem,
1985 2933 2142 2964 mortem
2170 2938 2292 2964 autem
2312 2931 2452 2966 crucis:

1391 2982 1498 3031 quod
1516 2981 1600 3017 fieri
1618 2993 1698 3017 non
1725 2979 1910 3028 potuisset
1935 2979 1965 3016 si
1983 2980 2114 3016 fuisset
2137 2981 2218 3017 sola
2242 2980 2450 3019 similitudo

1389 3033 1636 3084 phantastica.

1443 3088 1500 3123 AD
1526 3097 1713 3122 SECUNDUM
1736 3096 1916 3121 DICENDUM
1945 3085 2053 3133 quod
2071 3097 2141 3134 per
2159 3086 2235 3122 hoc
2262 3086 2369 3134 quod
2389 3087 2449 3123 Fi-

1390 3139 1462 3176 lius
1490 3138 1562 3174 Dei
1589 3149 1726 3174 verum
1761 3149 1902 3186 corpus
1936 3137 2156 3187 assumpsit,
2186 3138 2225 3174 in
2253 3140 2359 3176 nullo
2395 3146 2450 3176 est

1390 3191 1471 3228 eius
1491 3189 1650 3237 dignitas
1679 3189 1876 3226 diminuta.
1914 3191 2025 3227 Unde
2050 3190 2284 3238 Augustinus
2303 3191 2323 3213 ’¹‘
2349 3191 2447 3240 dicit,
2476 3199 2485 3209 ”
2500 3198 2644 3226 Fulgentius-

1390 3244 1429 3280 in
1448 3243 1544 3280 libro
1566 3243 1612 3279 de
1628 3243 1720 3279 Fide
1742 3242 1793 3279 ad
1808 3244 1959 3279 Petrum
1973 3243 2011 3279 *τ
2040 3245 2258 3281 Exinanivit
2277 3246 2447 3293 seipsum,
2476 3254 2486 3264 ²·
2501 3255 2558 3282 cap.
2572 3261 2596 3277 ιι.

1379 3297 1553 3343 sormam
1580 3296 1680 3332 servi
1704 3297 1898 3344 accipiens,
1928 3302 1965 3332 ut
1980 3297 2095 3343 fieret
2112 3308 2258 3333 servus.-
2283 3298 2348 3333 sed
2362 3298 2449 3345 for-

1389 3361 1473 3385 mae
1499 3349 1572 3384 Dei
1592 3348 1858 3397 plenitudinem
1886 3361 1961 3385 non
1990 3350 2120 3385 amisit.
2150 3350 2242 3385 Non
2262 3349 2365 3386 enim
2388 3349 2448 3386 Fi-

1389 3401 1460 3438 lius
1489 3400 1560 3437 Dei
1589 3400 1642 3437 sic
1678 3400 1882 3450 assumpsit
1909 3413 2046 3438 verum
2081 3413 2221 3450 corpus
2256 3409 2297 3438 ut
2324 3402 2449 3439 forma

2483 2410 2494 2422 '¹
2507 2410 2574 2432 Vers.
2588 2417 2623 2439 37.

2481 2516 2493 2528 ⁴
2507 2516 2573 2539 νει-ι.
2587 2523 2623 2545 39.

2481 2886 2491 2897 ⁸
2504 2886 2569 2908 Vers.
2585 2887 2607 2908 8.

1444 3531 1471 3566 γ)
1489 3532 1617 3565 effectum.
1629 3546 1648 3551 —
1666 3532 1687 3557 E
1707 3537 1731 3557 et
1750 3533 1836 3563 tertla;
1856 3532 1970 3566 effectus.
