2872 3970
183 1058 194 1068 ·
202 1056 272 1078 Num.
283 1062 306 1083 n,
323 1056 391 1077 Circa

183 1082 287 1104 eundem.

184 1111 207 1120 ’⁸
220 1109 289 1131 Num.
305 1114 339 1130 m.

417 285 494 321 214

418 351 524 388 fuisse,
548 357 681 391 negatur
704 351 801 382 fuisse
825 350 864 381 de
887 351 1053 391 supposito
1077 356 1224 380 aeterno:
1254 350 1328 389 quia
1352 349 1478 388 negatio

418 401 524 426 totum
555 395 686 426 destruit
712 394 924 435 significatum
954 403 1010 434 per
1035 394 1120 424 hunc
1145 393 1324 428 hominem,
1355 399 1387 423 et
1412 401 1478 422 non

419 440 519 470 solam
543 439 699 469 rationem
723 449 787 480 qua
810 444 856 469 est
878 439 989 468 horno.
1021 438 1081 468 Ista
1103 436 1262 477 siquidem
1288 437 1478 476 propositio,

418 483 483 514 Iste
505 483 610 518 homo,
635 483 850 513 demonstrato
876 482 1013 517 Christo,
1039 481 1176 521 incoepit
1197 490 1280 516 esse,
1306 479 1424 510 claudit
1445 480 1479 510 in

419 537 452 557 se
483 527 561 557 duas
591 527 843 567 propositiones:
875 527 1003 556 alteram
1031 524 1262 560 affirmativam,
1293 524 1358 554 Iste
1383 524 1478 554 homo

419 571 610 612 quandoque
623 571 716 612 fuit‚·
745 571 874 600 alteram
896 570 1084 610 negativam,
1108 573 1139 599 et
1162 569 1219 599 iste
1240 569 1346 603 homo,
1371 568 1479 597 imme-

419 615 506 646 diate
528 620 603 646 ante
626 614 723 650 illud,
747 624 812 644 non
830 614 912 655 fuit.
947 613 1035 643 Haec
1062 618 1169 642 autem
1194 612 1340 652 negativa
1370 617 1416 642 est
1439 611 1479 641 de

420 659 562 690 secundo
582 658 755 694 adiacente,
780 663 810 688 et
832 663 936 698 negat,
960 666 1019 697 pro
1035 662 1180 696 tempore
1195 655 1416 696 praecedente,
1440 655 1479 685 ab

419 703 481 733 isto
504 703 636 733 homine
653 712 729 732 esse.
753 701 880 742 Negans
897 706 1003 731 autem
1026 701 1113 730 hunc
1128 701 1294 730 hominem
1310 709 1388 735 esse,
1412 708 1479 729 non

419 753 514 787 negat
537 746 654 776 directe
678 746 764 776 hunc
788 755 854 775 esse
878 745 1053 780 hominem,
1078 749 1113 774 ut
1136 743 1251 774 Scotus
1267 750 1298 774 et
1314 743 1480 774 adversarii

421 795 602 831 exponunt:
627 795 663 820 ut
685 795 780 829 patet.
805 789 890 828 Ergo
913 794 1007 828 negat
1029 793 1145 823 totum,
1170 788 1289 818 scilicet
1311 788 1398 817 hunc
1420 787 1479 817 ho-

420 835 542 864 minem
565 843 642 864 esse.
677 834 717 863 Et
741 842 816 863 cum
838 833 890 863 hic
911 833 1006 863 homo
1032 841 1069 862 ex
1092 837 1179 871 parte
1203 832 1337 862 subiecti
1363 832 1480 871 princi-

419 879 531 918 paliter
553 878 704 917 importet
726 877 758 917 ly
781 877 875 912 hunc,
901 877 975 916 quia
997 876 1139 906 subiecta
1154 875 1354 906 materialiter
1369 881 1480 906 tenen-

419 928 486 958 tur3
519 930 720 960 consequens
751 926 797 950 est
827 920 916 960 quod
943 920 1156 961 principaliter
1186 925 1318 959 negatur
1342 929 1409 950 esse
1441 918 1480 949 de

420 966 587 1006 supposito
611 965 827 995 demonstrato
851 974 907 1004 per
930 965 961 1005 ly
977 964 1037 994 hic.
1061 964 1109 994 Ac
1133 973 1190 1004 per
1211 964 1284 1000 hoc,
1301 963 1479 1004 propositio

421 1015 467 1039 est
490 1009 674 1049 simpliciter
697 1008 782 1038 falsa.

474 1053 527 1083 VI.
544 1052 595 1083 Ad
612 1053 736 1082 obiecta
751 1051 894 1082 secundo
912 1052 986 1082 loco
1003 1051 1145 1082 Durandi
1157 1053 1174 1068 ⁴*
1191 1057 1222 1082 et
1238 1051 1325 1082 Scoti
1338 1052 1382 1087 fl,
1400 1052 1479 1082 scito

421 1097 510 1136 quod
526 1106 601 1132 esse,
626 1096 756 1136 quando
781 1102 827 1126 est
849 1096 1027 1126 secundum
1043 1095 1199 1131 adiacens,
1225 1095 1338 1126 dicitur
1360 1096 1480 1136 impor-

420 1146 485 1171 tare
509 1150 576 1171 esse
599 1140 792 1180 simpliciter,
816 1150 883 1170 non
907 1145 942 1170 ut
965 1150 1032 1170 esse
1056 1140 1240 1180 simpliciter
1262 1145 1395 1170 vocatur
1413 1149 1480 1170 esse

421 1185 629 1220 substantiae,
653 1190 689 1214 ut
704 1190 790 1224 patet
806 1194 844 1214 ex
861 1194 900 1214 eo
924 1183 1013 1224 quod
1032 1183 1072 1214 de
1088 1183 1303 1214 accidentibus
1327 1182 1482 1214 formatur

421 1229 600 1269 propositio
625 1228 663 1259 de
687 1227 829 1258 secundo
854 1228 1033 1264 adiacente,
1058 1233 1109 1264 ut,
1133 1228 1245 1258 albedo
1270 1233 1316 1258 est
1339 1228 1384 1268 (et
1406 1228 1481 1258 hinc

421 1273 484 1303 ruit
507 1272 623 1302 fabrica
646 1272 802 1311 Scotica):
827 1272 882 1302 sed
901 1278 936 1302 ut
952 1282 1019 1302 esse
1036 1272 1220 1312 simpliciter
1243 1271 1398 1312 significat
1414 1281 1482 1302 esse

421 1317 489 1347 sine
506 1316 666 1347 additione
683 1326 739 1346 seu
755 1316 1018 1346 determinatione
1042 1316 1157 1356 aliqua,
1178 1317 1263 1346 iuxta
1278 1315 1358 1346 illud
1373 1315 1400 1346 ΙΙ
1420 1316 1481 1346 Το-

185 1365 194 1375 ·
209 1363 313 1391 (Ἀρ-ιι,
333 1369 355 1384 n.
370 1370 392 1389 4-
415 1361 566 1401 picorum
585 1362 618 1390 *2
646 1360 839 1401 Simpliciter
865 1360 936 1390 dico
967 1360 1053 1401 quod
1076 1360 1166 1390 nullo
1190 1360 1299 1391 addito
1323 1360 1406 1391 dico.
1442 1360 1482 1391 Et

421 1405 495 1435 hinc
519 1404 554 1434 fit
577 1410 622 1440 ut,
646 1405 711 1434 sive
735 1405 767 1434 in
787 1404 915 1435 Christo
939 1405 978 1434 sit
994 1414 1096 1434 unum
1112 1404 1177 1435 sive
1193 1404 1284 1444 plura
1301 1414 1379 1440 esse,
1401 1404 1482 1435 nihil

420 1447 595 1479 referat‘ad
619 1449 839 1488 quaestionem
863 1449 944 1478 hanc
968 1447 1007 1478 de
1031 1448 1263 1488 propositione,
1287 1457 1355 1478 non
1378 1447 1418 1478 de
1437 1458 1480 1479 re.

421 1493 462 1523 Et
484 1492 634 1527 similiter,
659 1493 724 1522 sive
748 1502 815 1523 esse
837 1492 1004 1522 hominem
1027 1498 1126 1532 ponat
1151 1502 1217 1522 esse
1241 1493 1433 1523 substantiae
1449 1493 1482 1523 in

422 1536 549 1567 Christo
574 1536 639 1566 sive
662 1545 749 1572 non,
774 1536 852 1566 nihil
876 1536 915 1566 ad
938 1537 1157 1576 propositum,
1189 1535 1228 1567 de
1251 1537 1482 1577 propositionis

420 1581 550 1611 veritate
574 1589 738 1620 quaerens.
763 1580 908 1611 Dicendo
932 1580 1036 1620 igitur,
1053 1580 1117 1611 Iste
1139 1580 1234 1611 homo
1252 1581 1390 1621 incoepit
1405 1590 1481 1617 esse,

422 1625 497 1665 quia
520 1623 638 1654 claudit
660 1624 693 1655 in
717 1634 750 1655 se
773 1625 865 1655 istam
888 1625 1067 1664 negativam
1091 1623 1130 1655 de
1146 1624 1288 1655 secundo
1308 1624 1481 1661 adiacente,

421 1669 486 1699 Iste
508 1669 603 1698 homo
628 1677 691 1699 non
707 1669 798 1710 suit;
822 1674 852 1698 et
875 1668 907 1709 ly
931 1678 995 1698 non
1011 1668 1084 1710 fuit
1106 1669 1190 1699 tollit
1205 1679 1273 1699 esse
1292 1669 1411 1709 absque
1429 1669 1482 1700 de-

421 1713 644 1743 terminatione
669 1722 889 1753 quacumque:
915 1722 1116 1752 consequens
1140 1713 1301 1743 evidenter
1324 1719 1371 1743 est
1393 1713 1483 1753 quod

423 1756 577 1796 significat
593 1756 771 1787 subiectum
787 1766 854 1786 non
870 1755 983 1792 fuisse;
1004 1762 1035 1786 et
1050 1766 1117 1786 non
1133 1756 1288 1796 significat
1303 1766 1370 1787 non
1386 1756 1482 1788 fuisse

423 1801 630 1830 substantiam
654 1806 708 1831 aut
730 1801 913 1836 hominem,
942 1805 996 1830 aut
1019 1800 1197 1830 secundum
1220 1801 1405 1840 primarium
1429 1807 1483 1831 aut

423 1843 646 1874 secundarium
662 1853 739 1874 esse.
764 1844 804 1874 Et
827 1845 889 1874 ruit
904 1849 969 1874 tam
985 1844 1123 1874 obiectio
1140 1844 1283 1874 Durandi
1306 1854 1401 1884 super
1417 1845 1482 1875 duo

425 1897 493 1918 esse
516 1887 663 1924 fundata3
695 1897 792 1928 quam
815 1888 933 1927 positio
958 1887 1045 1918 Scoti
1072 1897 1167 1928 super
1190 1897 1258 1918 esse
1281 1888 1481 1929 simpliciter,

423 1932 488 1962 hoc
511 1937 557 1962 est
579 1932 780 1967 substantiae,
805 1931 943 1962 fundata.
968 1931 1110 1971 Uterque
1134 1932 1220 1962 enim
1243 1938 1370 1972 oportet
1393 1932 1483 1972 quod

425 1975 613 2006 determinet
629 1976 660 2016 ly
680 1975 826 2017 nonfuit
848 1975 887 2006 ad
906 1975 1036 2015 aliquod
1053 1985 1130 2012 esse,
1147 1976 1258 2006 saltem
1274 1977 1480 2008 substantiae:

423 2020 603 2060 propositio
620 2025 726 2050 autem
743 2021 810 2060 ipsa
833 2025 927 2059 negat
940 2020 1050 2060 fuisse
1073 2020 1192 2060 absque
1219 2019 1482 2051 determinatione

425 2063 465 2094 ad
488 2073 555 2094 esse
578 2064 770 2094 substantiae
792 2064 842 2094 vel
866 2063 1046 2099 accidentis,
1070 2064 1164 2104 primi
1179 2064 1230 2094 vel
1246 2064 1388 2101 secundi,
1408 2065 1482 2095 sim-

424 2108 548 2148 pliciter
570 2107 620 2138 vel
643 2107 820 2138 secundum
844 2107 931 2148 quid.
955 2108 996 2138 Et
1018 2107 1101 2143 ideo,
1127 2117 1164 2138 ex
1186 2109 1300 2138 virtute
1316 2110 1481 2145 sermonis,

423 2152 603 2192 propositio
628 2157 674 2182 est
697 2152 880 2192 simpliciter
903 2151 995 2182 falsa:
1027 2157 1063 2182 ut
1085 2152 1208 2182 Auctor
1231 2153 1353 2192 optime
1375 2153 1409 2183 in
1432 2153 1482 2183 lit-

423 2201 489 2226 tera
512 2196 627 2225 intulit.

479 2239 529 2269 Ad
552 2240 708 2270 rationem
732 2249 807 2279 ergo
832 2239 919 2270 Scoti
949 2239 1063 2270 dicitur
1086 2239 1191 2280 quod,
1219 2240 1293 2270 licet
1317 2250 1384 2271 esse
1407 2241 1481 2271 sub-

423 2284 554 2313 stantiae
577 2284 616 2314 sit
639 2293 705 2314 esse
729 2283 913 2323 simpliciter
936 2289 971 2314 ut
994 2283 1196 2324 distinguitur
1219 2290 1329 2314 contra
1347 2294 1414 2315 esse
1430 2294 1481 2316 ac-

424 2327 595 2363 cidentale,
626 2337 693 2358 non
717 2333 823 2358 tamen
847 2333 893 2358 est
917 2337 983 2358 esse
1007 2328 1191 2368 simpliciter
1221 2334 1257 2358 ut
1280 2328 1482 2368 distinguitur

423 2377 534 2402 contra
557 2381 624 2401 esse
647 2371 901 2402 determinatum.
925 2372 1003 2402 Esse
1019 2378 1126 2402 autem
1142 2372 1320 2403 secundum
1336 2372 1481 2403 adiacens

423 2420 470 2445 est
493 2424 559 2445 esse
583 2415 767 2455 simpliciter
790 2421 826 2446 ut
849 2415 1051 2456 distinguitur
1074 2422 1184 2446 contra
1208 2425 1276 2447 esse
1292 2416 1480 2447 determina-

422 2465 502 2489 tum.
527 2458 612 2489 Cum
633 2460 718 2490 enim
741 2459 886 2495 dicimus,
910 2461 937 2490 A
954 2465 1000 2490 est
1015 2460 1065 2491 vel
1080 2470 1145 2490 non
1162 2465 1217 2496 est,
1241 2470 1308 2491 non
1325 2460 1397 2491 dico
1415 2471 1482 2491 esse

423 2503 626 2534 substantiale
650 2509 704 2534 aut
727 2503 936 2534 accidentale:
962 2503 1017 2534 sed
1041 2513 1124 2540 esse,
1149 2505 1270 2544 absque
1293 2504 1481 2535 determina-

422 2547 511 2577 tione
535 2547 801 2578 substantialitatis
825 2553 879 2578 aut
902 2547 1169 2584 accidentalitatis,
1187 2554 1246 2579 etc.

477 2590 529 2621 Ad
558 2591 699 2631 primum
729 2591 910 2622 fomentum
925 2615 932 2628 ,
964 2592 1039 2632 quia
1066 2591 1155 2632 quod
1178 2597 1345 2632 generatur
1371 2593 1483 2633 incipit

1112 272 1375 319 QUAESTIO
1405 272 1508 318 XVI,
1538 271 1830 310 ARTICULUS
1858 273 1894 308 X

1533 357 1616 379 esse:
1642 349 1756 380 dicitur
1776 349 1866 390 quod
1889 351 1951 380 hoc
1975 356 2022 381 est
2044 360 2157 381 verum
2180 351 2403 383 communiter.
2437 351 2590 385 Sednon

1533 398 1579 423 est
1602 403 1713 424 verum
1737 393 1867 434 quando
1895 393 1984 434 quod
2003 400 2170 434 generatur
2193 395 2428 436 suppositaliter
2449 402 2589 436 praeest:

1532 442 1568 466 ut
1591 436 1705 467 accidit
1727 437 1761 468 in
1783 438 1962 478 proposito.

1586 480 1637 511 Ad
1660 481 1849 518 secundum,
1872 487 2006 522 negatur
2029 483 2268 523 consequentia.
2303 483 2344 513 Et
2367 482 2407 513 ad
2429 483 2590 523 probatio-

1531 533 1607 554 nem
1631 524 1745 555 dicitur
1766 525 1864 565 .quod
1892 526 1995 556 maior
2017 532 2064 557 est
2085 536 2159 557 vera
2188 526 2227 557 de
2250 532 2320 557 toto
2350 531 2387 557 ut
2409 532 2515 558 totum
2544 531 2592 558 est

1533 569 1812 608 categorematice3
1836 575 1868 600 et
1889 570 2032 600 similiter
2054 569 2094 601 de
2117 571 2298 611 composito
2322 580 2380 601 seu
2398 571 2590 607 coniunct03

1533 617 1564 642 et
1590 612 1733 643 similiter
1763 613 1803 644 de
1827 614 1960 645 nomine
1991 623 2048 654 per
2071 624 2104 645 se
2130 615 2236 655 primo
2263 614 2460 655 significante
2486 621 2591 646 totum

1532 665 1590 686 seu
1613 657 1831 697 compositum
1853 663 1908 688 aut
1929 658 2142 689 coniunctum
2165 658 2437 699 categorematice,
2461 665 2494 690 et
2515 668 2591 700 sup-

1532 705 1674 740 ponente
1703 710 1761 741 per
1784 710 1817 731 se
1843 702 1948 741 primo
1975 711 2034 742 pro
2057 702 2131 733 illo:
2159 708 2211 739 ut,
2235 703 2261 733 si
2282 712 2336 734 aes
2359 703 2502 744 incoepit
2524 712 2592 734 esse

1533 744 1743 784 sphaericum,
1767 745 1924 785 sequitur,
1946 745 2040 787 Ergo
2063 746 2201 787 sphaera
2223 755 2324 777 aenea
2348 746 2486 788 incoepit
2507 754 2593 784 esse‚·

1533 788 1608 828 quia
1632 794 1663 818 et
1685 788 1841 828 significat
1859 794 1890 819 et
1906 790 2060 829 supponit
2082 799 2140 830 per
2154 800 2189 821 se
2203 791 2309 831 primo
2332 800 2392 831 pro
2407 796 2488 828 toto,
2512 791 2593 822 idest

1533 832 1665 872 sphaera
1691 841 1798 863 aenea.
1834 833 1932 864 Secus
1958 838 2067 864 autem
2094 839 2140 865 est
2169 834 2210 865 de
2235 835 2373 866 termino
2399 835 2592 875 importante

1534 875 1665 916 quidem
1687 882 1810 912 totum,
1835 876 1890 907 sed
1912 877 2127 918 principaliter
2148 878 2278 910 alteram
2300 884 2440 919 partem,
2462 885 2495 910 et
2516 888 2593 920 sup-

1534 926 1674 960 ponente
1690 930 1748 961 pro
1764 921 1817 951 illa
1833 921 2040 952 connotando
2056 927 2181 952 tantum
2195 922 2360 963 reliquam.
2385 923 2480 954 Tunc
2495 924 2592 960 enirn,

1534 965 1680 1004 quamvis
1709 963 1902 1005 praecedens
1924 974 1996 1005 pars
2024 965 2156 1006 incipiat
2179 975 2246 997 esse
2269 966 2379 1003 altera,
2406 976 2475 998 non
2497 966 2593 998 infer-

1533 1013 1584 1038 tur
1613 1014 1720 1039 tamen
1749 1008 1839 1049 quod
1869 1017 1990 1039 nomen
2020 1018 2206 1050 supponens
2229 1019 2288 1050 pro
2317 1011 2420 1050 prima
2443 1016 2532 1050 parte
2563 1016 2594 1042 et

1534 1052 1742 1083 connotando
1765 1058 1889 1083 tantum
1912 1053 1946 1083 in
1961 1053 2184 1094 suppositione
2200 1053 2339 1091 alteram,
2361 1049 2493 1095 incipiat
2508 1063 2592 1086 esse:

1534 1097 1610 1136 quia
1633 1096 1836 1127 denotaretur
1858 1106 1915 1137 per
1930 1097 1993 1128 hoc
2017 1096 2106 1138 quod
2128 1098 2197 1138 ipsa
2218 1098 2320 1138 prima
2342 1107 2424 1138 pars,
2447 1107 2506 1138 pro
2530 1108 2595 1139 qua

1534 1141 1697 1180 supponit,
1721 1141 1875 1181 inciperet
1898 1150 1975 1172 esse.
2001 1141 2052 1172 Sic
2068 1147 2175 1172 autem
2191 1147 2238 1172 est
2252 1142 2286 1172 in
2301 1142 2478 1183 proposito.
2502 1142 2594 1181 Quo—

1533 1185 1620 1215 niam
1643 1190 1708 1215 tam
1731 1185 1763 1226 ly
1782 1185 1928 1216 Christus
1951 1194 2050 1225 quam
2072 1185 2130 1216 iste
2151 1185 2257 1222 homo,
2281 1185 2356 1216 licet
2373 1185 2525 1227 importet
2542 1192 2593 1218 to-

1534 1234 1614 1265 tum,
1639 1229 1758 1260 scilicet
1780 1229 1985 1269 suppositum
2008 1235 2039 1260 et
2061 1235 2207 1260 naturam
2229 1230 2418 1266 humanam,
2442 1230 2596 1271 supponit

1534 1278 1641 1303 tamen
1663 1282 1723 1313 pro
1747 1274 1925 1314 supposito,
1950 1279 1981 1304 et
2002 1274 2037 1304 in
2060 1274 2274 1314 supponendo
2298 1283 2336 1304 ex
2359 1279 2447 1315 parte
2462 1274 2596 1306 subiecti

1535 1322 1690 1348 connotat
1711 1323 1836 1348 tantum
1851 1323 1997 1348 naturam
2012 1317 2203 1348 humanam:
2228 1318 2304 1358 quia
2327 1319 2468 1349 subiecta
2483 1323 2595 1349 tenen-

1534 1366 1586 1391 tur
1608 1361 1818 1392 materialiter.
1853 1361 1894 1392 Et
1916 1367 2102 1402 propterea,
2126 1363 2271 1402 quamvis
2292 1362 2351 1392 iste
2374 1362 2505 1403 incipiat
2527 1371 2596 1394 esse

1534 1406 1646 1442 homo,
1669 1415 1736 1436 non
1759 1411 1866 1436 tamen
1889 1405 2042 1446 sequitur,
2066 1405 2159 1448 Ergo
2183 1406 2242 1438 iste
2262 1406 2358 1437 homo
2382 1406 2494 1448 incipit
2509 1414 2596 1438 esse:

1535 1450 1611 1490 quia
1633 1449 1838 1480 denotaretur
1860 1449 1950 1490 quod
1972 1459 2109 1490 persona
2131 1449 2184 1480 illa
2205 1450 2383 1490 incoeperit
2406 1459 2484 1481 esse.

1589 1493 1641 1524 Ad
1664 1493 1854 1524 Durandurn
1876 1493 1991 1524 ultimo
2015 1493 2276 1534 distinguendum
2299 1500 2483 1525 censentem
2499 1495 2526 1531 *‚
2549 1493 2597 1526 di·
2623 1495 2634 1506 ⁴

1535 1538 1616 1568 citur
1639 1537 1745 1578 quod,
1773 1538 1799 1568 si
1823 1537 1964 1568 cautelae
1988 1547 2086 1578 opera
2115 1537 2206 1568 datur
2229 1537 2471 1578 distinguendo,
2497 1538 2597 1571 tutior

1536 1591 1611 1612 cum
1635 1582 1785 1622 Magistro
1810 1581 2054 1618 Sententiarum,
2078 1582 2111 1612 in
2135 1581 2186 1618 111,
2212 1581 2281 1612 dist.
2298 1592 2351 1618 xn,
2375 1582 2500 1622 eligitur
2514 1591 2596 1622 pars,

1536 1631 1571 1656 ut
1593 1626 1637 1656 ibi
1659 1631 1755 1667 patet.
1780 1625 1843 1656 Sed
1866 1626 1891 1656 si
1915 1631 2080 1656 accusatur
2102 1625 2242 1656 falsitatis
2265 1635 2386 1666 negans
2407 1625 2500 1657 istam
2521 1635 2597 1667 pro-

1535 1670 1747 1710 positionem,
1771 1669 1837 1701 Iste
1865 1670 1977 1706 homo,
2001 1679 2079 1706 seu,
2100 1669 2246 1702 Christus
2269 1670 2408 1711 incoepit
2429 1679 2512 1706 esse,
2535 1670 2598 1702 uti-

1535 1723 1610 1744 nam
1625 1724 1693 1744 non
1707 1713 1870 1745 studeatur
1885 1713 2073 1745 calumniae.
2098 1713 2273 1752 Quoniam,
2290 1719 2326 1745 ut
2341 1714 2405 1745 iam
2421 1723 2459 1745 ex
2475 1713 2569 1747 dictis
2581 1713 2598 1732 “
2624 1714 2636 1726 ”

1535 1758 1718 1798 persuaderi
1741 1764 1862 1799 potest,
1894 1758 2017 1788 locutio
2041 1758 2100 1788 ista
2123 1758 2307 1798 simpliciter
2329 1763 2361 1789 et
2383 1758 2528 1789 absolute
2551 1763 2599 1790 eet
2655 1788 2659 1793 ,

1536 1802 1621 1832 falsa.
1646 1801 1739 1833 Unde
1763 1802 1910 1832 damnata
1931 1811 2035 1842 nuper
2058 1808 2104 1832 est
2126 1801 2250 1832 Parisiis
2265 1803 2298 1832 ἐ
2324 1808 2365 1838 et,
2390 1811 2466 1833 cum
2488 1802 2598 1845 appel-
2625 1805 2636 1815 ⁸

1535 1845 1803 1920 Ἑέἑηωὲἰίεῐνίἀ
1825 1846 2047 1886 Apostolicam
2069 1845 2196 1882 Sedem,
2218 1846 2387 1886 reprobata
2409 1845 2523 1878 dicitur
2537 1845 2597 1878 sub

1589 1933 1657 1963 VII.
1689 1933 1838 1964 Secundo
1866 1934 1898 1964 in
1922 1933 2024 1964 littera
2046 1933 2199 1974 probatur
2227 1933 2392 1965 conclusio
2414 1933 2596 1975 proposita,

1535 1977 1664 2013 scilicet,
1683 1977 1758 2008 Non
1783 1982 1830 2008 est
1851 1977 2018 2008 dicendum
2041 1977 2128 2018 quod
2147 1977 2205 2008 iste
2219 1977 2315 2008 homo
2331 1977 2470 2019 incoepit
2483 1978 2595 2009 esse':
2624 1982 2635 1993 ·
2677 1997 2684 2004 -

1535 2022 1626 2062 quia,
1652 2021 1725 2052 dato
1750 2020 1839 2061 quod
1862 2026 1943 2052 esset
1966 2031 2056 2057 vera,
2083 2031 2151 2052 non
2182 2028 2262 2052 esset
2288 2031 2325 2052 ea
2351 2020 2526 2059 utendum3
2557 2021 2598 2054 ad

1536 2065 1715 2096 evitandam
1744 2065 1900 2096 haeresim
1921 2065 1989 2095 Arii
2018 2066 2216 2096 attribuentis
2244 2065 2372 2096 Christo
2399 2075 2467 2097 non
2490 2066 2597 2099 solum

1535 2109 1624 2150 quod
1647 2114 1693 2140 est
1717 2115 1858 2140 creatura
1882 2114 1913 2140 et
1928 2110 2034 2140 minor
2049 2109 2150 2146 Patre,
2167 2108 2222 2140 sed
2239 2110 2334 2140 etiam
2349 2109 2440 2150 quod
2454 2110 2597 2152 incoepit

1535 2163 1613 2190 esse,
1631 2153 1767 2184 dicendo
1791 2153 1880 2193 quod
1903 2158 1975 2184 erat
1996 2153 2125 2194 quando
2143 2163 2207 2189 non
2224 2158 2304 2190 erat,
2329 2159 2365 2184 ut
2386 2159 2474 2194 patet
2490 2153 2526 2186 in
2539 2153 2597 2186 Ni-

1536 2207 1633 2228 caena
1652 2196 1785 2238 Synodo
1801 2198 1828 2227 *.
1860 2197 1900 2228 Et
1921 2203 1967 2228 est
1982 2207 2108 2228 sensus:
2131 2197 2217 2228 Erat
2238 2197 2368 2229 duratio
2388 2198 2420 2228 in
2443 2207 2508 2239 qua
2531 2207 2596 2230 non
2624 2201 2635 2212 ·

1535 2246 1606 2272 erat
1630 2241 1792 2277 Christus,
1817 2241 1893 2282 quia
1916 2251 1980 2272 non
2005 2246 2052 2272 est
2073 2241 2112 2272 ab
2136 2247 2291 2272 aeterno:
2323 2247 2433 2273 contra
2455 2243 2597 2283 Aposto-

1534 2286 1602 2316 lum
1625 2285 1785 2316 dicentem
1799 2286 1832 2321 *‚
1857 2285 1948 2316 Iesus
1973 2285 2119 2317 Christus
2141 2286 2211 2316 heri
2234 2291 2266 2317 et
2286 2286 2396 2322 hodie,
2421 2286 2488 2328 ipse
2509 2283 2547 2317 et'
2562 2285 2596 2319 in
2624 2306 2635 2317 .

1534 2330 1664 2360 saecula
1672 2336 1685 2366 ,⁶
1705 2335 1735 2360 et
1752 2329 1904 2360 Ioannem
1921 2329 2080 2360 dicentem
2095 2331 2122 2366 ’ξ
2138 2329 2178 2360 In
2188 2330 2352 2371 principio
2368 2335 2440 2361 erat
2452 2329 2596 2370 Verbum.
2624 2359 2636 2372 ,

1589 2373 1671 2404 VIII.
1697 2374 1731 2404 In
1761 2374 1970 2414 responsione
2000 2374 2039 2404 ad
2062 2373 2260 2410 secundum,
2284 2374 2381 2404 habes
2405 2373 2495 2414 quod
2517 2369 2596 2407 dixi-

1534 2427 1606 2448 mus
1622 2419 1638 2434 *
1662 2417 1701 2448 de
1725 2427 1792 2448 esse
1816 2418 2002 2458 simpliciter
2024 2423 2060 2448 ut
2083 2417 2286 2458 distinguitur
2309 2423 2420 2449 contra
2438 2427 2506 2449 esse
2521 2417 2596 2449 sub-
2624 2421 2635 2432 ⁸

1535 2462 1676 2498 stantiae,
1692 2467 1770 2502 puta
1785 2461 1934 2498 hominis,
1953 2467 1983 2492 et
1999 2461 2140 2492 similiter
2155 2461 2341 2492 accidentis:
2367 2471 2442 2492 cum
2465 2461 2596 2503 ponitur

1536 2506 1682 2546 superius
1705 2506 1744 2536 ad
1768 2515 1835 2536 esse
1858 2506 2034 2542 hominem;
2059 2511 2099 2542 et,
2122 2506 2190 2546 pari
2213 2506 2345 2542 ratione,
2369 2505 2408 2536 ad
2432 2515 2499 2537 esse
2522 2505 2596 2538 sub-

1536 2551 1680 2580 stantiam
1705 2556 1735 2580 et
1759 2559 1826 2581 esse
1849 2549 2006 2580 accidens.

1211 2763 1529 2807 ARTICULUS
1558 2764 1807 2807 DECIMUS

612 2862 768 2893 UTRUM
794 2862 913 2894 HAEC
938 2862 1003 2894 SIT
1026 2863 1158 2902 VERA:
1186 2863 1416 2901 CHRISTUS,
1441 2864 1695 2895 SECUNDUM
1719 2865 1847 2902 QUOD
1869 2865 2018 2902 HOMO,
2041 2865 2131 2896 EST
2152 2866 2407 2904 CREATURA;

1280 2908 1376 2945 VEL,
1400 2908 1623 2939 INCOEPIT
1639 2909 1750 2940 ESSE

1041 2993 1071 3018 111
1091 2993 1173 3023 Sent„
1194 2993 1252 3020 dist.
1271 3001 1306 3024 iv,
1326 3001 1371 3026 qu.
1390 3001 1413 3023 ι,
1433 2999 1479 3020 art.
1500 3001 1523 3023 2,
1542 2994 1591 3027 qu·
1612 3001 1635 3024 2,
1655 2995 1686 3019 ad
1708 3001 1735 3026 ¹3
1755 2995 1812 3021 dist.
1833 3002 1868 3026 xi,
1887 3001 1933 3022 art.
1954 2995 1978 3020 3.

489 3087 580 3109 »νηΐ

462 3091 510 3124 3„
543 3110 545 3113 ,
572 3099 593 3119 a
632 3081 654 3106 D
679 3082 838 3108 Damnum
858 3083 909 3108 Sic
929 3083 1163 3110 PROCEDITUR.
1193 3070 1354 3109 Videtur
1371 3073 1478 3122 quod

456 3112 728 3181 §.ffisshaec
754 3123 798 3159 sit
817 3123 926 3160 falsa:
960 3125 1133 3171 Christus,
1153 3125 1353 3162 secundum
1383 3126 1481 3175 quod

442 3175 464 3218 '¹
502 3188 559 3227 v:
577 3180 602 3215 Υ,
633 3175 762 3220 homo,
792 3182 841 3212 est
873 3182 1064 3221 creatura;
1090 3179 1170 3224 vel,
1201 3179 1357 3228 incoepit
1391 3191 1477 3215 esse.

480 3201 575 3257 4⁷⁵⁹&
591 3219 621 3260 Μ
634 3225 739 3262 Nihil
768 3227 871 3264 enim
891 3227 930 3264 in
950 3229 1101 3267 Christo
1130 3238 1184 3267 est
1208 3238 1379 3268 creatum
1407 3231 1479 3268 nisi

426 3277 597 3314 humana
620 3285 765 3315 natura.
788 3279 863 3316 Sed
890 3280 985 3317 haec
1004 3290 1058 3318 est
1085 3282 1194 3320 falsa:
1229 3284 1403 3330 Christus,
1424 3296 1478 3321 se-

426 3329 586 3365 cundum
615 3330 713 3378 quod
747 3331 878 3377 homo,
908 3338 957 3368 est
993 3334 1156 3372 humana
1194 3342 1337 3374 natura.
1377 3337 1478 3386 Ergo

1587 3085 1621 3110 2.
1650 3074 1882 3122 ΡκΑετεκεΑ,
1911 3075 2174 3124 praedicatum
2205 3075 2326 3125 magis
2354 3075 2595 3126 praedicatur

1532 3125 1580 3162 de
1599 3125 1763 3164 termino
1783 3126 1822 3164 in
1841 3127 2140 3178 reduplicatione
2158 3128 2285 3178 posito
2303 3140 2422 3178 quam
2441 3128 2489 3166 de
2507 3128 2593 3179 ipso

1533 3178 1704 3216 subiecto
1732 3180 2020 3229 propositionis:
2051 3180 2158 3229 sicut,
2188 3181 2219 3218 si
2246 3180 2406 3230 dicatur,
2436 3182 2591 3232 Corpus,

1531 3233 1732 3269 secundum
1766 3233 1864 3282 quod
1898 3234 2121 3281 coloratum,
2151 3239 2202 3271 est
2236 3234 2392 3281 m'sibile,
2422 3233 2594 3284 sequitur

1533 3285 1639 3334 quod
1675 3286 1889 3323 coloratum
1917 3285 1963 3323 sit
1990 3285 2148 3324 visibile.
2187 3286 2264 3324 Sed
2290 3285 2387 3324 haec
2420 3298 2500 3324 non
2537 3294 2593 3324 est

1534 3337 1718 3385 absolute,
1739 3337 1835 3375 sicut
1853 3338 1999 3376 dictum
2019 3347 2075 3376 est
2090 3344 2107 3360 ⁶
2121 3338 2152 3387 ’¹‘,
2173 3338 2439 3376 concedenda:
2462 3339 2592 3377 Homo
2620 3375 2630 3385 ,

426 3379 539 3418 etiam
578 3382 672 3418 haec
699 3390 754 3419 est
788 3382 898 3420 falsa:
937 3385 1118 3432 Christus,
1146 3389 1345 3426 secundum
1383 3390 1482 3439 quod
1537 3391 1700 3428 Christus
1734 3397 1784 3428 est
1811 3397 1993 3429 creatura.
2031 3392 2134 3440 Ergo
2170 3391 2283 3429 etiem
2316 3403 2443 3441 neque
2478 3392 2590 3430 haec:

426 3433 549 3478 homo,
579 3439 628 3470 est
655 3440 837 3472 creatura.

481 3563 509 3598 α)
526 3565 594 3590 sicut
614 3566 712 3592 dictum
731 3571 778 3593 est.
796 3582 815 3586 -
834 3567 896 3593 Post
915 3571 1040 3593 creatura
1060 3570 1130 3601 ponit
1149 3570 1180 3595 Η.

1537 3444 1711 3490 Christus,
1739 3444 1940 3481 secundum
1969 3444 2069 3494 quod
2093 3445 2222 3492 homo,
2251 3450 2302 3482 est
2329 3450 2511 3482 creatura.
