2872 3970
404 288 473 324 186
1102 281 1365 329 QUAESTIO
1395 281 1483 327 xv,

396 379 563 416 corpore,
583 376 672 401 cum
700 362 838 399 scilicet
861 363 996 398 Christi
1013 367 1045 397 et
1063 360 1251 397 Ecclesiae
1270 371 1345 395 una
1367 370 1454 407 per-

395 432 487 457 sona
515 419 736 455 aestimatur.
771 416 818 452 Et
847 414 1062 451 secundum
1090 413 1177 458 hoc,
1208 411 1381 448 Christus
1409 423 1455 447 ex

394 483 559 522 persona
578 469 844 506 membrorum
865 478 1024 503 suorum
1045 467 1206 514 loquens
1225 463 1325 510 dicit,
1341 465 1455 500 verba

395 526 609 562 delictorum
646 533 837 558 meorum:
878 531 956 556 non
992 518 1099 567 quod
1137 517 1175 554 in
1213 516 1296 566 ipso
1332 515 1454 564 capite
1481 538 1484 584 u

396 577 530 615 delicta
558 574 704 612 fuerint.

448 631 505 666 AD
533 639 720 666 SECUNDUM
749 637 927 662 mcizNDUM
956 623 1075 673 quod,
1096 622 1191 659 sicut
1219 621 1454 670 Augustinus

395 682 494 730 dicit,
510 683 546 718 X
558 693 669 730 super
687 680 777 716 Gen.
794 677 844 714 ad
860 678 922 714 litt.
936 676 966 723 ³⁸,
983 688 1062 712 non
1082 675 1189 712 omni
1209 674 1329 711 modo
1346 673 1453 710 Chri·
1482 701 1483 707 ,

394 744 473 772 stus
499 734 568 771 fuit
596 733 634 770 in
663 731 800 776 Adam,
822 738 858 767 et
885 729 924 766 in
952 728 1032 766 aliis
1060 727 1247 772 Patribus⁷
1275 738 1354 775 quo
1382 738 1454 762 nos
1481 745 1483 770 3

394 789 445 825 ibi
473 787 625 824 fuimus.
664 785 748 821 Nos
775 783 879 819 enim
913 781 1056 818 fuimus
1089 780 1127 816 in
1156 780 1281 816 Adam
1319 790 1453 815 secun·
1481 790 1483 818 ς

394 841 487 878 dum
518 839 704 875 rationem
734 835 974 881 seminalem,
1004 842 1040 870 et
1068 832 1282 869 secundum
1315 843 1453 879 corpu-
1481 863 1482 876 ξ

394 895 534 930 lentam
563 888 829 927 substantiam:
860 887 950 936 quia
970 885 1118 931 scilicet,
1140 893 1181 921 ut
1209 884 1289 933 ipse
1309 883 1453 920 ibidem
1480 882 1482 927 ἒ

253 953 267 969 ²
393 945 501 989 dicit,
531 956 614 980 cum
642 944 686 979 sit
713 943 750 978 in
787 942 926 977 semine
953 945 986 976 et
1013 938 1161 976 visibilis
1179 943 1195 959 ἰ
1223 937 1453 986 corpulentia
1480 930 1482 944 '

392 1005 424 1035 et
443 997 630 1034 inuisibilis
650 996 755 1040 ratio,
772 999 967 1042 utrumque
984 992 1146 1028 cucurrit
1165 1003 1214 1027 ex
1226 990 1361 1027 Adam.
1383 989 1456 1026 Sed

395 1052 557 1088 Christus
575 1048 750 1086 visibilem
770 1048 894 1084 carnis
911 1046 1150 1082 substantiam
1170 1043 1215 1080 de
1233 1055 1349 1080 carne
1373 1044 1452 1080 Vir-

390 1105 488 1154 ginis
514 1103 682 1151 sumpsit:
709 1101 803 1136 ratio
831 1111 919 1137 vero
948 1098 1195 1147 conceptionis
1222 1098 1299 1133 eius
1327 1107 1401 1132 non
1430 1108 1454 1132 a

389 1158 529 1194 semine
554 1155 670 1199 uirili,
699 1153 764 1190 sed
788 1153 902 1202 longe
929 1152 1052 1196 aliter,
1083 1162 1128 1187 ac
1155 1149 1311 1198 desuper
1343 1150 1451 1186 venit.

390 1209 502 1247 Unde
538 1219 616 1244 non
649 1206 716 1243 fuit
744 1205 780 1242 in
816 1205 942 1242 Adam
976 1203 1193 1240 secundum
1228 1201 1453 1239 seminalem

391 1262 590 1307 rationem,
611 1260 677 1296 secl
697 1260 824 1296 solum
844 1257 1059 1295 secundum
1079 1256 1344 1304 corpulentam
1364 1254 1452 1291 sub-

390 1314 577 1352 stantiam.
608 1314 655 1350 Et
683 1312 770 1348 ideo
792 1311 964 1348 Christus
992 1321 1070 1346 non
1091 1307 1235 1357 accepit
1254 1307 1374 1344 active
1403 1307 1451 1344 ab

390 1368 516 1405 Adam
545 1374 721 1403 naturam
746 1366 971 1410 humanam,
1001 1362 1068 1399 sed
1097 1363 1223 1398 solum
1252 1360 1452 1397 materiali—

390 1430 458 1467 ter,
487 1419 607 1457 active
635 1430 727 1455 vero
757 1430 778 1454 a
807 1416 949 1466 Spiritu
983 1416 1143 1453 Sancto:
1183 1413 1279 1451 sicut
1306 1421 1343 1450 et
1370 1413 1451 1462 ipse

390 1475 516 1510 Adam
551 1470 791 1508 materialiter
826 1468 988 1518 sumpsit
1016 1478 1156 1516 corpus
1185 1479 1230 1503 ex
1259 1466 1351 1503 limo
1379 1473 1451 1502 ter-

152 1530 242 1578 2eg2’1·
264 1536 314 1558 ⁰²⁹·
337 1535 362 1556 ¹¹³
390 1539 465 1573 rae,
486 1525 606 1563 active
635 1532 765 1561 autem
784 1536 806 1559 a
825 1523 909 1559 Deo
924 1522 954 1558 ⁹³².
986 1523 1033 1558 Et
1058 1528 1215 1570 propter
1237 1520 1314 1556 hoc
1342 1518 1451 1556 Chri-

206 1563 246 1584 '7’
390 1588 468 1616 stus
488 1590 566 1615 non
590 1576 761 1627 peccavit
781 1576 818 1612 in
839 1575 977 1622 Adam,
998 1574 1036 1610 in
1057 1586 1136 1623 quo
1155 1572 1223 1609 fuit
1249 1573 1377 1609 solum
1396 1583 1450 1608 se-

390 1632 561 1669 cundum
586 1629 795 1667 materiam.

442 1687 499 1721 AD
527 1695 686 1720 TERTIUM
713 1693 893 1719 DICENDUM
923 1680 1029 1729 quod
1065 1679 1239 1716 Christus
1274 1691 1343 1715 sua
1371 1686 1451 1715 ten-

249 1740 265 1765 λ
390 1738 530 1775 tatione
569 1744 604 1772 et
641 1734 817 1785 passione
855 1733 966 1770 nobis
1004 1731 1190 1769 auxilium
1227 1731 1310 1768 tulit
1332 1729 1347 1752 λ
1379 1743 1451 1779 pro

155 687 166 698 ⁸
181 687 237 714 cap.
253 693 291 708 xx.

444 1870 469 1902 κ)
488 1873 513 1894 et
532 1869 650 1894 visibilis.
667 1881 686 1886 —
704 1866 806 1895 ‘renim
825 1865 935 1890 visibitis
949 1865 979 1894 D,
994 1863 1132 1889 invisibilis
1151 1863 1238 1888 ceteri.
1257 1863 1306 1887 Pro
1323 1862 1451 1891 cucurrit,

390 1906 477 1932 currit
495 1912 599 1934 omnes;
618 1904 649 1928 cf.
670 1911 713 1935 qu.
733 1909 821 1926 Lxxxw
840 1906 885 1925 art.
907 1906 939 1924 10
959 1908 986 1925 π.

443 1940 472 1974 λ)
490 1940 623 1965 auxilium
643 1938 712 1963 tulit.
731 1951 750 1955 -
767 1936 917 1962 auxiliatus
935 1939 975 1960 est
993 1935 1127 1960 editiones.

445 1976 474 2010 μ)
492 1975 742 2008 satisfactionem-
754 1973 854 2002 Tertia;
874 1971 1103 2004 satisfaciendum.
1127 1970 1176 1994 Pro
1197 1970 1290 2002 ipsam,
1305 1969 1390 2001 ipsam
1409 1975 1453 1993 sa—

392 2012 571 2045 tissactionem
591 2010 631 2035 ed.
650 2017 675 2034 a.

1519 278 1810 317 ARTICULUS
1838 280 1868 316 II

1510 357 1623 394 nobis
1651 357 1925 394 satisfaciendo.
1957 357 2033 394 Sed
2061 364 2262 406 peccatum
2290 368 2371 395 non
2390 369 2571 407 coopera-

1510 418 1572 447 tur
1599 410 1647 447 ad
1676 409 1968 447 satisfactionem
1987 415 2025 455 μ,
2053 409 2120 446 sed
2148 410 2268 458 magis
2296 410 2420 459 ipsam
2451 410 2572 461 impe-

1510 462 1584 509 dit,
1615 470 1657 499 ut
1685 462 1830 499 dictum
1868 470 1923 499 est
1944 461 1975 498 *.
2015 463 2062 499 Et
2090 462 2177 499 ideo
2214 475 2294 499 non
2331 463 2499 512 oportuit
2531 471 2574 501 ut

1509 523 1712 565 peccatum
1731 515 1771 552 in
1799 527 1839 553 se
1865 515 2033 561 haberet,
2055 515 2120 552 sed
2150 515 2258 564 quod
2285 515 2447 552 omnino
2476 525 2573 553 esset

1509 579 1630 617 purus
1650 579 1672 604 a
1691 574 1866 616 peccato:
1897 567 2079 617 alioquin,
2099 579 2227 616 poena
2255 579 2374 617 quam
2397 567 2573 606 sustinuit

1508 620 1639 657 fuisset
1667 619 1738 657 sibi
1766 620 1895 659 debita
1919 632 1991 670 pro
2019 628 2177 670 peccato
2205 620 2375 670 proprio.

1562 674 1619 709 AD
1648 683 1819 715 QUARTUM
1856 684 2037 710 mcennum
2073 673 2180 722 quod
2209 674 2315 710 Deus
2341 674 2436 721 fecit
2467 675 2572 711 Chri-

1507 731 1602 762 stum
1625 731 1834 775 peccatum,
1855 737 1935 762 non
1963 725 2122 775 quidem
2149 733 2192 763 ut
2213 725 2253 765 in
2281 738 2320 763 se
2339 733 2541 775 peccatum
2559 733 2573 748 ν

1509 778 1677 824 haberet,
1698 778 1766 814 sed
1794 778 1885 827 quia
1904 778 1989 815 fecit
2007 790 2099 816 eum
2118 778 2285 816 hostiam
2303 791 2375 828 pro
2394 786 2570 828 peccato:

1509 831 1604 868 sicut
1634 831 1735 868 Osee
1754 843 1788 868 1v
1806 830 1827 852 '¹‘
1854 830 2002 878 dicitur,
2021 831 2179 868 Peccata
2200 832 2335 881 populi
2359 833 2436 869 mei
2451 844 2572 870 come·
2600 839 2611 850 ⁵

1509 884 1613 930 dent,
1643 883 1782 920 scilicet
1819 883 2055 930 sacerdotes,
2092 883 2158 933 qui
2196 884 2411 922 secundum
2448 886 2572 934 legem

1509 937 1765 974 comedebant
1784 936 1927 973 hostias
1945 948 2017 986 pro
2036 943 2194 986 peccato
2223 936 2368 974 oblatas
2386 937 2417 974 ⁵⁸.
2447 938 2501 978 Et.
2515 950 2571 975 se-
2599 939 2609 950 ⁴

1508 989 1682 1027 cundum
1711 990 1816 1026 hunc
1843 989 2009 1026 modum
2036 988 2175 1026 dicitur
2191 989 2309 1026 Isaiae
2333 989 2435 1036 L111*‚
2454 990 2573 1040 -quod
2601 997 2610 1006 ⁶

1507 1044 1692 1079 Dominus
1705 1043 1830 1092 posuit
1848 1043 1887 1079 in
1905 1053 1950 1079 eo
1968 1042 2174 1091 iniquitates
2193 1043 2360 1079 omnium
2389 1047 2572 1080 nostrum.-

1509 1095 1599 1145 quia
1618 1094 1757 1132 scilicet
1776 1106 1868 1132 eum
1894 1093 2047 1132 tradidit
2066 1101 2108 1131 ut
2126 1102 2224 1132 esset
2251 1094 2375 1132 hostia
2393 1105 2464 1144 pro
2483 1106 2572 1145 pec-

1508 1147 1599 1186 catis
1628 1147 1807 1185 omnium
1834 1146 2054 1185 hominum.

1561 1202 1643 1248 Vel,
1661 1202 1758 1250 fecit
1784 1212 1869 1238 eum
1891 1206 2100 1250 peccatum,
2121 1199 2227 1247 idest,
2252 1202 2446 1238 habentem
2472 1202 2572 1239 simi-

1507 1254 1696 1291 litudinem
1734 1255 1860 1291 carnis
1887 1255 2053 1303 peccati,
2082 1261 2125 1290 ut
2152 1253 2290 1291 dicitur
2314 1255 2426 1291 Rom.
2454 1266 2514 1292 vm
2538 1254 2571 1292 ¹⁸².

1508 1308 1556 1344 Et
1583 1308 1659 1344 hoc
1686 1314 1844 1356 propter
1861 1318 2003 1355 corpus
2030 1306 2206 1356 passibile
2226 1314 2263 1343 et
2281 1308 2440 1344 mortale
2463 1307 2572 1357 quod

1507 1368 1723 1409 assumpsn.
2476 1374 2482 1380 -

1560 1414 1617 1450 An
1637 1424 1798 1455 QUINTUM
1816 1423 1998 1450 DICENDUM
2024 1412 2131 1461 quod
2152 1411 2353 1461 poenitens
2381 1412 2571 1450 laudabile

1507 1466 1730 1514 exemplum
1759 1465 1849 1502 dare
1877 1472 2013 1514 potest,
2042 1477 2122 1502 non
2151 1477 2196 1502 ex
2224 1477 2271 1502 eo
2300 1466 2408 1514 quod
2437 1477 2571 1515 pecca-

1505 1517 1578 1564 vit,
1608 1518 1675 1555 sed
1704 1517 1743 1555 in
1771 1518 1847 1554 hoc
1873 1518 1981 1567 quod
2015 1517 2229 1554 voluntarie
2257 1529 2426 1567 poenam
2461 1518 2571 1556 susti-

1506 1569 1596 1608 netE
1616 1583 1688 1620 pro
1708 1578 1876 1620 peccato.
1906 1570 2018 1608 Unde
2039 1569 2213 1607 Christus
2232 1570 2335 1607 dedit
2354 1570 2572 1609 maximum

1505 1625 1729 1674 exemplum
1757 1622 2054 1672 poenitentibus,
2083 1623 2179 1660 dum
2207 1635 2287 1660 non
2315 1635 2386 1672 pro
2413 1631 2570 1672 peccato

1506 1676 1677 1727 proprio,
1698 1676 1765 1713 sed
1792 1688 1863 1725 pro
1883 1675 2047 1725 peccatis
2074 1675 2239 1713 aliorum
2258 1675 2380 1713 voluit
2402 1683 2572 1726 poenam

1506 1729 1645 1768 subire.
2505 1730 2508 1734 ’

1558 1861 1583 1902 ν).
1598 1865 1747 1893 peccatum.
1765 1875 1786 1879 —
1802 1861 1822 1885 F
1842 1866 1868 1885 et
1885 1860 1973 1891 tei-tin
1991 1859 2102 1892 aliquod
2120 1860 2151 1889 D,
2167 1859 2272 1892 aliquid
2285 1859 2393 1892 peccati
2409 1860 2456 1891 ⁸C,
2468 1857 2574 1893 aliq-M

1506 1902 1592 1965 (ἐωξὶ.
1599 1931 1766 1964 poenitens...
1777 1931 1928 1956 voluntarie
1938 1937 2054 1962 poenam
2069 1931 2191 1956 sustinet.
2199 1945 2220 1949 —
2231 1930 2265 1961 P;
2278 1930 2321 1959 ita,
2334 1930 2381 1955 sed
2394 1924 2573 1962 nummarius,

1506 1972 1590 1992 cetera
1608 1967 1696 1997 tertia;
1712 1966 1937 1999 poenitentibus...
1952 1972 2055 1998 poenas
2073 1966 2200 1991 sustinuit
2218 1966 2388 1992 voluntarius
2405 1965 2492 1992 ceteri.

1064 2094 1397 2127 Commentaria
1420 2091 1672 2125 cardinalis
1695 2091 1897 2124 Caietam

452 2198 558 2219 nunus
581 2187 682 2217 clarus
705 2191 760 2216 est.
784 2203 806 2207 —
830 2185 865 2214 In
888 2193 1023 2224 corpore
1053 2188 1099 2212 est
1122 2191 1187 2212 una
1215 2181 1381 2211 conclusio
1405 2190 1453 2210 re-

394 2201 600 2273 Tsponsiva
622 2231 780 2271 quaesito:
807 2229 952 2259 Christus
975 2227 1065 2257 nullo
1089 2225 1184 2256 modo
1207 2225 1379 2265 assumpsit
1400 2225 1454 2255 de-

382 2278 509 2319 fectum
520 2275 655 2316 peccati.
679 2274 842 2304 Probatur.
866 2272 1018 2302 Defectus
1033 2270 1186 2310 assumpti
1202 2279 1220 2299 a
1236 2268 1364 2299 Christo
1380 2275 1454 2300 sunt

392 2321 544 2361 assumpti
568 2319 606 2350 ad
630 2319 703 2349 tria:
733 2318 795 2347 hoc
823 2322 878 2351 est,
903 2315 942 2346 ad
970 2313 1228 2346 satisfaciendum
1254 2322 1313 2352 pro
1340 2318 1452 2343 natura

391 2366 547 2400 humana;
580 2363 619 2393 ad
653 2360 926 2402 comprobandam
959 2369 1049 2390 suam
1076 2358 1323 2394 humanitatem
1355 2362 1386 2387 et
1413 2357 1452 2388 ad

1154 2528 1368 2571 ARTICU
1377 2528 1474 2570 LUS

1508 2181 1692 2254 expmplum
1718 2181 1851 2210 virtutis.
1886 2179 1950 2211 Sed
1973 2180 2115 2211 defectus
2146 2181 2269 2221 peccati
2291 2180 2331 2212 ad
2353 2181 2432 2212 nihil
2454 2181 2572 2213 hurum

1507 2235 1546 2254 va
1559 2225 1767 2309 &affigam
1782 2279 1820 2299 ex
1831 2270 1936 2309 primo
1949 2269 2082 2300 articulo
2099 2258 2317 2310 praecedentis
2333 2256 2572 2310 quaestionis-¹

1507 2313 1614 2343 Minor
1637 2313 1818 2353 singillatim
1842 2313 1949 2353 quoad
1972 2313 2110 2353 singulas
2132 2319 2236 2354 partes
2259 2313 2341 2344 clare
2362 2314 2516 2354 probatur
2538 2315 2573 2350 ia

1506 2357 1621 2387 littera:
1647 2357 1689 2388 ita
1711 2363 1748 2387 ut
1770 2366 1837 2388 non
1861 2357 1900 2387 sit
1923 2367 2006 2398 opus
2030 2367 2200 2398 exponere.
2539 2355 2543 2359 ξ

2515 2232 2518 2239 v

1508 2527 1809 2570 SECUNDUS

981 2622 1138 2653 UTRUM
1162 2622 1205 2652 IN
1230 2621 1419 2652 CHRISTO
1444 2621 1603 2652 FUERlT
1628 2621 1773 2651 FOMES
1795 2619 1984 2652 PECCATI

1016 2702 1091 2732 Infra,
1111 2709 1156 2734 qu,
1175 2708 1251 2731 xxvu,
1271 2706 1317 2726 art.
1337 2700 1360 2730 3,
1380 2701 1412 2725 ad
1433 2707 1461 2731 ι;
1484 2700 1627 2732 Compend.
1649 2699 1746 2730 Theol„
1766 2707 1820 2732 cap.
1841 2707 1941 2725 ccxxxv.

416 2826 580 2904 Οἴη
604 2846 641 2882 in
663 2844 813 2882 Christo
833 2842 943 2880 fuerit
971 2842 1093 2878 fomes
1121 2841 1275 2890 peccati.
1305 2841 1366 2877 Ab
1391 2852 1454 2877 eo-

410 2879 693 2958 &smfffffdem
727 2897 830 2934 enirn
869 2894 1055 2945 principio
1100 2894 1295 2931 derivatur
1331 2893 1455 2931 fomes

450 2943 767 3000 Qpeccafi,
811 2957 846 2986 et
887 2947 1112 2998 passibilitas
1158 2946 1329 2996 corporis
1375 2946 1455 2983 sive

396 3003 621 3041 mortalitas:
656 3003 794 3040 scilicet
822 3015 867 3040 ex
897 3000 1151 3038 subtractione
1181 2999 1371 3048 originalis
1399 2999 1455 3037 iu-

397 3057 532 3101 stitiae,
562 3068 630 3105 per
657 3068 775 3105 quam
805 3055 917 3092 simul
946 3054 1142 3091 inferiores
1176 3053 1276 3090 vires
1304 3052 1455 3090 animae

398 3109 659 3146 subdebantur
687 3108 839 3153 rationi,
869 3116 904 3144 et
933 3119 1072 3156 corpus
1109 3105 1271 3144 animae.
1312 3105 1388 3143 Sed
1417 3105 1455 3142 in

400 3162 548 3199 Christo
586 3161 654 3198 fuit
692 3160 914 3209 passibilitas
955 3159 1126 3209 corporis
1164 3167 1199 3196 et
1236 3158 1454 3196 mortalitas.

400 3215 499 3262 Ergo
529 3213 642 3250 etiam
671 3213 708 3249 in
737 3225 783 3249 eo
813 3213 879 3249 suit
907 3213 1028 3249 fomes
1057 3212 1210 3261 peccati.

454 3279 487 3302 2.
519 3267 756 3310 ΡκΑΕτΕκΕΑ,
786 3265 880 3302 sicut
915 3266 1177 3302 Damascenus
1210 3265 1314 3311 dicit,
1345 3264 1383 3301 in
1412 3265 1456 3302 111

301 3355 373 3370 ,m-
401 3318 494 3355 libro
513 3318 544 3365 *‚
574 3318 798 3366 beneplacito
827 3317 971 3353 divinae
1005 3318 1197 3354 voluntatis
1223 3320 1456 3367 permitteba-

231 3383 242 3396 =
283 3382 317 3396 ¹¹*
339 3383 373 3396 *v-
401 3377 460 3407 tur
487 3383 575 3407 caro
599 3372 731 3407 Christi
745 3371 825 3418 pati
842 3375 875 3405 et
894 3371 1044 3418 operari
1066 3382 1159 3419 quac
1183 3372 1349 3419 propria.
1380 3371 1456 3408 Sed

403 3423 600 3471 proprium
638 3430 692 3459 est
729 3421 831 3459 carni
868 3429 910 3458 ut
946 3422 1187 3470 concupiscat
1225 3423 1457 3461 delectabilia

459 3553 484 3585 α)
498 3554 610 3586 fomitis.
630 3569 646 3571 —
663 3553 765 3585 peccati
785 3554 851 3577 nddit
870 3553 941 3577 tertia
961 3557 1062 3585 praeter
1080 3552 1111 3578 G.

437 2811 483 2828 ..υ
518 2821 560 2839 ,a
603 2806 624 2830 D
644 2803 832 2829 SECUNDUM
852 2802 903 2827 su:
924 2801 1157 2826 PRocemTUR.
1173 2787 1334 2824 Videtur
1348 2788 1455 2837 quod
1479 2785 1483 2826 Ι
1508 2787 1589 2824 sibi.
1620 2787 1723 2824 Cum
1752 2799 1841 2835 ergo
1865 2786 1959 2823 nihil
1978 2786 2082 2823 aliud
2110 2785 2156 2823 sit
2183 2787 2307 2824 fornes
2333 2799 2454 2836 quam
2480 2798 2572 2824 con-

1507 2839 1756 2890 cupiscentia,
1786 2848 1828 2876 ut
1856 2839 1993 2876 dicitur
2020 2839 2059 2876 in
2088 2839 2225 2876 Glossa
2251 2839 2282 2886 ²¹²,
2314 2840 2426 2878 Rom.
2454 2851 2501 2878 vn
2517 2839 2570 2888 **,
2597 2844 2620 2882 ζ.

1507 2893 1660 2930 videtur
1686 2893 1794 2942 quod
1821 2892 1861 2929 in
1890 2892 2041 2930 Christo
2069 2892 2179 2929 fuerit
2205 2893 2329 2930 fomes
2355 2890 2511 2946 peccati.
2533 2899 2535 2903 ⁴

1563 2946 1597 2983 3.
1627 2947 1860 2991 ΡΒΑΕΤΕΚΕΑ,
1881 2945 2026 2983 ratione
2045 2945 2186 2983 fomitis
2206 2951 2222 2967 ⁴²
2241 2957 2332 2984 caro
2351 2944 2573 2996 concupiscit

1508 2999 1683 3038 adversus
1701 3001 1880 3048 spiritum,
1901 3007 1942 3036 ut
1961 2997 2098 3036 dicitur
2129 2999 2248 3036 Galat.
2268 3011 2292 3037 v
2309 2997 2340 3035 *.
2371 2997 2448 3037 Sed
2465 3004 2571 3036 tanto
2598 3007 2608 3018 ·

1509 3051 1661 3101 spiritus
1696 3051 1907 3089 ostenditur
1942 3064 2024 3089 esse
2059 3051 2191 3089 fortior
2217 3059 2254 3088 et
2280 3050 2400 3100 magis
2435 3050 2572 3099 dignus

1509 3117 1671 3151 corona,
1710 3113 1855 3154 quanto
1892 3105 2013 3154 magis
2050 3116 2167 3154 super
2185 3103 2200 3134 β
2227 3105 2396 3152 hostem,
2433 3101 2572 3141 scilicet

1509 3157 1860 3207 concupiscentiam
1897 3157 2038 3204 carnis,
2077 3157 2314 3195 dominatur:
2356 3156 2571 3194 secundum

1510 3211 1603 3249 illud
1622 3212 1651 3248 11
1671 3213 1764 3249 Tim.
1781 3211 1852 3248 11²⁸:
1874 3212 1964 3248 Non
1985 3211 2225 3248 coronabitur
2243 3211 2316 3249 nisi
2331 3210 2396 3259 qui
2410 3209 2573 3259 legitime
2598 3219 2608 3227 ·

1509 3266 1712 3302 certaverit.
1744 3263 1916 3301 Christus
1945 3272 2075 3301 autem
2103 3262 2236 3303 habuit
2262 3260 2510 3300 fortissimum
2535 3269 2572 3299 et

1510 3316 1867 3355 victoriosissimum
1903 3316 2096 3367 spiritum,
2135 3323 2171 3353 et
2206 3314 2373 3352 maxime
2411 3313 2571 3363 dignum

1511 3382 1672 3408 corona:
1708 3370 1924 3407 secundum
1951 3369 2044 3407 illud
2070 3369 2187 3419 Apoc.
2216 3380 2250 3405 vi
2268 3367 2305 3403 *ε
2334 3368 2433 3405 Data
2461 3373 2511 3404 est
2538 3369 2574 3404 ei

1511 3436 1664 3470 corona,
1685 3429 1718 3460 et
1737 3424 1848 3461 exivit
1875 3424 2036 3469 vincens,
2057 3427 2095 3460 ut
2112 3423 2283 3459 vinceret.
2303 3419 2463 3458 Videtur
2481 3431 2572 3468 ergo

1550 3555 1591 3615 tss)
1611 3562 1698 3587 super.
1716 3569 1735 3574 -
1752 3558 1862 3587 superat
1880 3553 2000 3588 (superat
2018 3559 2100 3586 super
2116 3552 2169 3586 pG)
2187 3552 2270 3583 tertia.
2289 3557 2315 3578 et
2332 3559 2386 3578 om.
2405 3558 2466 3577 mox
2488 3551 2574 3576 domi-

1514 3597 1547 3614 na
1563 3598 1602 3615 ur.

2697 425 2716 452 μ.

2599 469 2608 478 ”
2624 467 2648 490 ln
2665 473 2772 496 corpore.

2599 1253 2611 1264 ⁸
2624 1252 2692 1276 Vm.
2705 1259 2725 1283 3.

2599 3371 2608 3381 ⁸
2622 3369 2689 3392 Vera.
2704 3375 2727 3392 a.
