2872 3970
494 282 571 329 418
842 259 855 269 “
1168 282 1431 329 QUAEsrio
1460 282 1592 329 xmn,
1615 279 1914 320 -ARTICULUS
1941 282 1988 319 111

1169 403 1502 435 Commentaria
1525 402 1777 436 Cardinalis
1798 403 2000 436 Caietam

553 491 659 511 nurus
692 482 803 512 clarus.
826 500 848 504 -
871 482 907 512 In
931 491 1066 522 corpore
1083 481 1148 511 duo
1172 481 1263 511 fiunt.
1288 481 1406 517 Primo,
1422 490 1556 521 respon·
1608 481 1684 518 rius,
1700 482 1820 514 scilicet
1835 481 1969 513 divinae.
1993 483 2035 514 Et
2058 481 2194 513 declarat
2215 482 2368 514 modum:
2394 487 2426 514 et
2448 483 2557 525 quoad
2571 515 2591 522 ,Α
2657 500 2671 508 -

495 493 644 556 Tdetur
661 525 822 565 quaesito:
845 525 991 556 Christus
997 525 1084 566 fecit
1106 525 1265 555 miracula
1294 525 1412 555 virtute
1433 524 1554 555 divina.
1608 535 1668 561 ras,
1681 525 1757 565 quia
1771 525 1952 556 humanitas
1968 531 2034 557 erat
2048 527 2296 558 instrumentum
2311 525 2499 567 divinitatis;
2515 532 2548 559 et
2562 493 2671 570 quoa-l
2754 556 2769 565 ,

492 569 656 599 Probatur.
682 568 767 606 Quia
785 579 858 600 vera
880 569 1032 599 miracula
1047 568 1114 598 sola
1129 569 1245 598 virtute
1262 567 1368 598 divina
1389 567 1458 598 fieri
1479 577 1555 608 pos·
1610 569 1787 604 actionem,
1812 570 1888 610 quia
1916 569 2057 600 humana
2087 570 2170 600 actio
2193 570 2343 601 virtutem
2365 571 2490 612 accepit
2519 581 2538 603 a
2559 576 2691 614 namta-

492 618 575 642 sunt.
598 630 621 634 —
643 613 684 642 Et
708 612 915 643 confirmatur
938 613 1124 643 auctoritate
1147 612 1276 642 Leonis.
1610 612 1725 643 divina.
1750 612 1843 650 Quae
1867 622 1905 643 ex
1928 614 2074 653 superius
2089 614 2106 631 ⁴*
2129 614 2302 654 explanatis
2325 614 2409 645 clara
2431 620 2514 645 sunt.
2696 616 2769 654 'Ur-„9

547 656 707 692 Secundo,
732 656 903 696 respondet
926 657 1038 686 tacitae
1063 656 1256 695 quaestioni:
1285 655 1372 691 Quid
1388 655 1428 685 de
1442 655 1555 686 huma·
1663 656 1922 696 Responsionern
1946 666 2078 698 quoque
2102 657 2143 687 ad
2174 658 2303 688 tertium
2331 666 2369 688 ex
2396 658 2505 690 Lucae
2529 667 2562 688 11
2584 659 2670 699 capi·
2756 655 2764 701 ᾗ

493 700 591 730 nitate
609 699 756 730 Christi?
778 699 933 739 Nunquid
941 699 1090 740 faciebat
1105 699 1292 729 miracula?
1315 699 1355 729 Et
1371 698 1447 729 dicit
1466 698 1556 739 quod
1609 700 1678 730 tulo
1702 700 1809 730 habes.

492 749 631 783 utraque
649 749 760 774 natura
784 744 895 783 agebat
918 743 1079 778 miracula,
1098 743 1329 773 communione
1352 747 1460 773 tamen
1479 743 1555 773 alte-

1290 894 1608 938 ARTICULUS
1637 895 1868 938 TERTIUS

548 989 703 1020 UTRUM
729 988 942 1019 CHRISTUS
970 988 1234 1019 INCOEPERIT
1262 989 1492 1020 MIRACULA
1515 989 1688 1020 FACERE
1712 989 1756 1020 IN
1779 989 1950 1021 NUPTns
1976 990 2197 1022 MUTANDO
2221 991 2381 1030 AQUAM
2404 991 2448 1041 nst
2471 991 2633 1041 viuum>

1017 1067 1107 1098 Supra,
1127 1074 1172 1099 qu.
1191 1073 1272 1098 xxxvi,
1293 1071 1339 1093 art.
1358 1073 1384 1098 4,
1404 1066 1436 1092 ad
1456 1066 1486 1099 3;
1507 1066 1537 1092 In
1559 1066 1642 1097 loun..
1662 1074 1717 1099 cap.
1736 1074 1764 1098 u,
1784 1067 1842 1093 lect.
1861 1074 1886 1099 ¹3
1904 1075 1961 1101 cap.
1978 1075 2020 1100 xv,
2039 1068 2098 1095 lect.
2115 1076 2140 1095 v.

526 1194 550 1204 ¹„
608 1174 676 1216 μς(
699 1167 721 1191 n
741 1166 900 1191 TERTmM
919 1166 971 1191 sic
990 1166 1227 1192 PROCEmTUR.
1256 1153 1418 1192 Videtur
1445 1154 1553 1203 quod
1607 1153 1695 1192 ritas
1714 1153 1962 1193 humanitatis
1980 1154 2111 1205 ipsius.
2141 1156 2190 1194 Et
2207 1156 2307 1204 ideo,
2327 1156 2424 1196 sicut
2442 1154 2517 1208 dici

614 1193 676 1265 {Ji
702 1206 875 1244 Christus
899 1218 980 1243 non
999 1206 1208 1256 incoeperit
1226 1206 1412 1244 miracula
1429 1207 1553 1244 facere
1607 1215 1822 1253 sostomus‚
1856 1220 1969 1258 super
2000 1210 2109 1246 Ioan.
2131 1208 2171 1257 ³¹⁸,
2199 1209 2369 1256 decenter
2403 1212 2485 1249 non'
2512 1211 2556 1258 in
2610 1204 2622 1212 ρ

590 1273 629 1307 ς
642 1247 739 1296 in
758 1258 911 1308 nuptiis,
931 1259 1119 1297 mutando
1143 1271 1287 1308 aquam
1305 1258 1345 1296 in
1363 1259 1502 1296 vinum
1519 1258 1550 1296 *.
1605 1260 1717 1310 signa
1740 1261 1871 1307 facere
1897 1273 1947 1302 ex
1966 1262 2096 1311 prima
2115 1267 2252 1300 aetate.-
2279 1264 2544 1310 existimassem

594 1302 643 1345 ζῶ
658 1302 691 1346 K
735 1311 854 1360 egitur
882 1311 987 1349 enim
1015 1311 1054 1349 in
1082 1311 1179 1349 libro
1207 1313 1254 1350 de
1278 1312 1447 1360 Infantia
1475 1313 1552 1350 Sal·
1602 1313 1840 1362 phantasiam
1859 1317 1875 1341 ’f
1903 1325 1980 1350 esse
2006 1314 2313 1362 incarnationem,
2334 1321 2367 1352 et
2393 1317 2479 1353 ante
2534 1317 2537 1319 ’
2565 1309 2579 1320 '⁴

251 1373 260 1382 ·
282 1372 372 1393 Fabric·
403 1371 461 1393 Cod·
488 1366 625 1402 vatoris
643 1363 683 1410 ²¹⁸,
713 1365 820 1414 quod
859 1364 1031 1401 Christus
1068 1364 1109 1402 in
1137 1377 1207 1402 sua
1234 1364 1397 1413 pueritia
1433 1365 1554 1402 multa
1607 1377 1697 1402 num
1724 1371 1867 1416 tempus
1893 1367 1999 1404 cruci
2023 1378 2108 1404 eum
2135 1367 2376 1406 tradidissent.

248 1397 461 1471 ffffiffi‘ss’f'gfssfi
488 1417 672 1454 miracula
699 1417 794 1454 fecit.
839 1418 915 1455 Sed
953 1417 1183 1454 miraculum
1221 1417 1268 1455 de
1301 1417 1553 1455 conversione
1658 1419 1716 1455 An
1737 1430 1872 1456 ramum
1891 1430 1990 1456 ERGO
2018 1431 2201 1458 memnon
2226 1420 2347 1469 quod,
2375 1419 2474 1458 sicut
2501 1397 2670 1475 Chi-yso?-

250 1451 460 1505 inq'ltfliss'fxv'
489 1482 611 1518 aquae
648 1469 687 1506 in
720 1470 858 1507 vinum
894 1469 979 1507 fecit
1010 1469 1050 1506 in
1083 1469 1226 1519 nuptiis
1263 1469 1457 1518 trigesimo
1492 1471 1555 1507 vel
1607 1477 1756 1508 stomus
1784 1469 1885 1517 dicit,
1912 1483 2024 1522 super
2041 1473 2149 1510 Ioan.
2164 1471 2196 1518 ²¹³,
2216 1484 2263 1510 ex
2289 1473 2410 1511 verbo
2429 1472 2582 1522 Ioannis
2597 1470 2700 1529 Bq5

488 1522 807 1572 trigesimoprirno
824 1527 938 1560 'anno
968 1535 1059 1559 suae
1088 1522 1229 1560 aetatis.
1273 1523 1375 1571 Ergo
1402 1521 1555 1560 videtur
1606 1522 1741 1572 ptistae
1760 1522 1919 1561 dicentis
1932 1522 1964 1568 *‚
1994 1539 2013 1558 «
2034 1525 2084 1562 Ut
2102 1524 2364 1563 manifestetur
2381 1525 2420 1563 in
2438 1524 2563 1580 Ῑθηρὶ,
2575 1520 2634 1583 Ε
2664 1523 2688 1543 ⁹*

489 1575 596 1624 quod
624 1587 704 1612 non
733 1575 941 1625 incoeperit
968 1582 1060 1612 tunc
1087 1575 1272 1613 miracula
1298 1575 1433 1612 facere.
1605 1583 1737 1625 pterea
1757 1575 1848 1613 veni
1875 1587 1946 1624 ego
1973 1575 2013 1614 in
2041 1588 2143 1627 aqua
2159 1577 2356 1628 baptizans
2377 1593 2412 1625 »‚
2432 1588 2522 1620 man
2554 1621 2560 1633 Ι

543 1639 578 1664 2.
608 1628 849 1674 PRAETEREA,
880 1627 1055 1665 Christus
1086 1628 1247 1666 faciebat
1274 1627 1460 1665 miracula
1496 1640 1554 1665 se·
1606 1634 1658 1666 est
1685 1629 1784 1678 quod
1800 1629 1864 1667 illa
1881 1631 1993 1679 Signa
2021 1642 2116 1680 quae
2143 1630 2292 1680 quidam
2311 1631 2437 1669 dicunt
2453 1630 2494 1681 in
2533 1670 2536 1678 ἦ

488 1680 662 1718 cundum
681 1680 862 1718 virtutem
882 1680 1066 1718 divinam.
1097 1681 1174 1718 Sed
1192 1680 1313 1718 virtus
1332 1680 1463 1718 divina
1484 1680 1555 1718 fuit
1606 1693 1630 1718 a
1653 1681 1797 1719 Christo
1804 1681 1928 1730 facta,
1948 1682 2143 1720 mendacia
2162 1688 2196 1720 et
2201 1684 2376 1732 fictiones
2392 1684 2488 1724 sunt.
2518 1728 2523 1733 .
2554 1711 2560 1732 ἦ,

489 1733 528 1769 ἰη
548 1745 594 1770 eo
615 1746 637 1770 a
655 1733 843 1782 principio
863 1735 955 1770 sua'e
975 1732 1251 1782 conceptionis:
1273 1745 1320 1770 ex
1337 1741 1430 1770 tunc
1449 1731 1554 1771 enim
1606 1746 1630 1771 a
1651 1735 1780 1783 prima
1807 1740 1925 1772 aetate
1951 1735 2135 1773 miracula
2152 1735 2304 1784 fecisset
2334 1734 2578 1794 Christusn'k‘,

489 1785 558 1822 fuit
586 1786 692 1822 Deus
721 1793 756 1822 et
784 1787 916 1823 homo.
956 1787 1057 1834 Ergo
1086 1785 1239 1823 videtur
1266 1786 1374 1835 quod
1402 1798 1424 1823 a
1450 1785 1555 1835 prin·
1607 1799 1720 1836 quam
1737 1785 1751 1808 ὃ
1779 1799 1898 1836 neque
1922 1788 2087 1825 Ioannes
2113 1800 2198 1826 eum
2226 1791 2447 1839 ignorasset,
2473 1782 2597 1848 ηρῲῗς

490 1838 590 1887 cipio
619 1838 803 1875 miracula
829 1837 968 1875 fecerit.
1376 1848 1378 1850 ·
1605 1839 1706 1888 liqua
1725 1839 1916 1877 multitudo
1935 1840 2150 1890 indiguisset
2166 1842 2348 1891 magistro
2366 1841 2419 1880 ad
2475 1881 2495 1886 „

545 1890 578 1927 3.
600 1891 832 1937 ΡΒΑΕΤΕΚΕΑ,
855 1890 1028 1928 Christus
1055 1898 1142 1940 post
1161 1890 1399 1940 baptismum
1418 1897 1455 1927 et
1472 1897 1553 1927 ten·
1606 1891 1695 1928 dum
1723 1903 1820 1929 eum.
2584 1924 2636 1937 ‚
2674 1942 2678 1943 ⁷

489 1942 673 1980 tationem
701 1943 826 1992 coepit
847 1943 1053 1992 discipulos
1072 1949 1319 1991 congregare:
1349 1951 1392 1980 ut
1419 1942 1555 1991 legitur
1658 1944 1716 1981 An
1736 1956 1926 1982 SECUNDUM
1952 1955 2136 1987 DICENDJJM
2163 1946 2271 1995 quod
2289 1944 2421 1984 divina
2438 1941 2475 1984 v‘'
2613 1939 2647 1953 ²
2662 1943 2673 1982 J*

248 1996 462 2051 ⁴..V50‘53f2f234
490 1995 625 2032 Matth.
648 2008 682 2032 w
700 1995 720 2016 '¹‘
748 2003 784 2032 et
805 1997 908 2033 Ioan.
930 1995 1008 2032 1**.
1040 1995 1117 2033 Sed
1144 1994 1320 2044 discipuli
1347 1995 1554 2044 praecipue
1606 1995 1762 2033 rabatur
1788 1996 1828 2033 in
1857 1996 2008 2034 Christo
2041 1998 2259 2035 secundum
2289 1998 2398 2048 quod
2431 1985 2674 2042 eratneceass

490 2047 704 2096 congregati
724 2056 812 2084 sunt
834 2048 882 2085 ad
901 2048 1030 2097 ipsum
1057 2056 1215 2098 propter
1232 2047 1432 2085 miracula:
1458 2046 1555 2085 sicut
1607 2049 1748 2086 sarium
1770 2049 1819 2086 ad
1839 2050 2000 2087 salutem
2018 2050 2245 2096 humanam,
2264 2058 2423 2101 propter
2447 2050 2570 2102 quam
2653 2053 2655 2055 ’
2688 2071 2690 2073 >

248 2099 258 2109 ⁶
272 2098 337 2120 Vm·
353 2105 369 2125 4
383 2104 435 2126 ΒΨ]-
490 2100 626 2137 dicitur
653 2102 748 2137 Luc.
769 2113 792 2138 v
810 2100 841 2146 ³¹²,
871 2101 979 2150 quod
1007 2102 1165 2138 Petrum
1192 2100 1346 2138 vocavit
1373 2100 1554 2150 obstupe·
1606 2113 1698 2138 nem
1726 2109 1995 2150 assumpserat.
2025 2102 2074 2139 Et
2099 2102 2188 2140 ideo
2207 2102 2261 2140 sic
2286 2103 2471 2142 miracula
2494 2103 2677 2171 fecitQ

490 2160 659 2190 scentem
687 2161 844 2202 propter
871 2153 1103 2190 miraculum
1131 2153 1238 2202 quod
1266 2153 1405 2190 fecerat
1432 2155 1470 2190 in
1492 2165 1553 2191 ca-
1605 2161 1684 2190 tute
1709 2153 1840 2191 divina
1866 2161 1908 2191 ut
1934 2153 2026 2192 fidei
2054 2155 2103 2192 de
2129 2155 2286 2193 veritate
2311 2154 2436 2194 carnis
2454 2155 2561 2203 eius,
2597 2156 2601 2161 ”

483 2212 598 2255 ptura
620 2207 792 2255 piscium.
828 2207 929 2254 Ergo
958 2205 1110 2243 videtur
1138 2206 1244 2255 quod
1273 2214 1359 2242 ante
1389 2205 1553 2243 miracu·
1606 2205 1794 2244 iudicium
1821 2218 1903 2244 non
1929 2206 2048 2244 fieret.

347 2270 362 2285 α
488 2260 571 2295 lum
600 2259 706 2307 quod
727 2264 744 2280 α
771 2259 856 2296 fecit
883 2259 923 2296 in
947 2258 1099 2308 nuptiis,
1119 2258 1247 2296 fecerit
1266 2258 1338 2296 alia
1356 2257 1552 2299 miracula.
1659 2260 1716 2296 An
1743 2271 1904 2297 Tannum
1930 2271 2113 2298 nicssnnuu
2140 2260 2248 2309 quod
2275 2261 2352 2299 hoc
2370 2259 2579 2312 ipsum-‘ad'

249 2317 258 2326 ·
274 2315 340 2337 vers.
359 2323 390 2338 ¹¹·
537 2312 617 2353 ,SED
646 2323 790 2348 CONTRA
818 2323 883 2348 nsr
918 2312 1024 2360 quod
1060 2311 1198 2348 dicitur
1224 2313 1328 2348 Ioan.
1355 2323 1376 2349 11
1396 2311 1436 2348 *2
1465 2313 1556 2349 Hoc
1607 2311 1698 2349 dem
1717 2311 1996 2362 discipulorum
2013 2312 2187 2362 pertinet,
2207 2313 2316 2363 quod
2334 2313 2533 2363 Christum

479 2365 574 2412 fecit
607 2365 749 2400 initium
784 2366 982 2414 signorum
1008 2366 1112 2402 Iesus
1140 2366 1177 2401 in
1211 2366 1317 2402 Cana
1351 2364 1552 2402 Galilaeae.
1606 2372 1695 2402 sunt
1728 2376 1821 2402 cum
1855 2365 1958 2402 nulla
1985 2377 2070 2402 eum
2104 2366 2290 2404 miracula
2311 2367 2450 2416 facere

541 2418 765 2454 RESPONDEO
794 2429 975 2454 DICENDUM
1004 2417 1112 2466 quod
1139 2417 1325 2454 miracul'a
1350 2417 1447 2454 facta
1466 2425 1555 2454 sunt
1606 2417 1702 2454 sicut
1730 2417 1938 2466 Gregorius
1965 2417 2066 2464 dicit,
2094 2417 2136 2456 in
2163 2418 2333 2468 quadam
2359 2415 2532 2461 Humilia

489 2482 512 2506 a
534 2469 684 2506 Christo
713 2477 869 2518 propter
888 2469 1225 2507 confirmationem
1244 2469 1326 2507 eius
1345 2469 1553 2516 doctrinae,
1606 2477 1649 2507 ut
1677 2470 1978 2520 Chrysostomus
2005 2469 2096 2508 dicit
2113 2470 2145 2517 ²⁸¹,
2173 2473 2342 2511 maxime
2366 2478 2455 2510 tunc
2478 2474 2514 2520 si

490 2530 526 2558 et
554 2522 603 2559 ad
627 2522 910 2559 ostendendum
929 2522 1110 2560 virtutem
1130 2522 1303 2559 divinam
1321 2522 1362 2559 in
1381 2522 1477 2572 ipso.
1507 2523 1556 2560 Et
1606 2525 1806 2560 cessarium
1834 2529 1914 2561 erat
1929 2524 2083 2572 facere,
2111 2524 2261 2574 quando
2287 2525 2456 2576 discipuli
2479 2522 2635 2576 iam

350 2572 364 2605 β
490 2574 577 2612 ideo
590 2604 598 2620 ‚
628 2583 818 2624 quantum
877 2575 901 2612 d
933 2574 1105 2624 primum
1125 2574 1160 2622 β,
1189 2587 1271 2612 ηοη
1303 2574 1435 2612 debuit
1467 2583 1553 2612 ante
1605 2577 1759 2626 gregati
1774 2582 1881 2614 erant
1899 2581 1932 2613 et
1950 2576 2080 2623 devoti,
2101 2582 2135 2614 et
2161 2577 2382 2619 attendentes
2408 2577 2465 2620 his
2491 2589 2593 2628 quae

490 2627 674 2664 miracula
702 2628 823 2664 facere
843 2641 972 2677 ,tquam
996 2628 1135 2665 docere
1154 2628 1347 2677 inciperet.
1377 2628 1470 2666 Non
1489 2640 1554 2665 au·
1606 2630 1704 2666 bant.
1724 2629 1831 2667 Unde
1847 2629 2030 2666 subditur:
2054 2643 2073 2663 «
2089 2630 2138 2667 Et
2155 2629 2388 2674 crediderunt
2405 2633 2444 2668 in
2462 2642 2558 2679 eum..
2573 2641 2642 2661 νεῖ

489 2688 568 2717 tem
597 2680 728 2717 debuit
756 2680 923 2729 incipere
951 2681 1090 2718 docere
1119 2688 1205 2718 ante
1228 2681 1435 2730 perfectam
1455 2686 1554 2718 aeta·
1600 2681 1684 2731 puli
1709 2683 1785 2718 eius
1807 2695 1847 2718 »ε
1877 2693 1958 2719 ηοη
1985 2681 2078 2731 quia
2103 2689 2196 2720 tunc
2213 2682 2388 2732 primum
2405 2678 2586 2735 creditis*
2602 2681 2611 2691 ⁴

253 2738 263 2747 ⁸
278 2737 462 2764 Qu·¹¹¹¹x⁵⁸‘²·
490 2741 585 2769 tem:
616 2741 658 2769 ut
686 2745 802 2782 supra
819 2733 840 2755 '¹‘
867 2733 1043 2770 habitum
1072 2741 1137 2781 est,
1167 2746 1258 2771 cum
1286 2733 1334 2772 de
1361 2733 1552 2783 baptismo
1607 2734 1675 2771 sed
1709 2734 1801 2783 quia
1836 2741 1929 2784 tunc
1965 2734 2174 2784 diligentius
2205 2741 2239 2773 et
2263 2736 2465 2786 perfectius
2506 2753 2562 2772 2·-
2600 2750 2633 2769 ,ιν

250 2769 272 2791 3'
492 2785 573 2822 eius
601 2794 785 2834 ageretur.
1606 2794 1705 2824 runt.
1735 2809 1760 2813 -
1788 2787 1859 2824 Vel
1885 2786 2093 2836 discipulos
2114 2795 2228 2825 vocat
2247 2799 2314 2826 eos
2341 2791 2406 2839 qui
2418 2788 2549 2837 fitturi
2563 2778 2630 2831 ers-³³

545 2839 747 2885 Quantum
774 2846 904 2875 autem
933 2839 981 2876 ad
1005 2839 1233 2884 secundum,
1254 2837 1308 2876 sic
1326 2838 1458 2876 debuit
1484 2851 1555 2889 per
1607 2840 1776 2889 discipuli
1784 2853 1796 2876 .·
1829 2839 1925 2877 sicut
1959 2839 2116 2889 exponit
2141 2841 2398 2890 Augustinus,
2426 2840 2466 2879 in
2492 2841 2591 2898 libro

492 2890 675 2928 miracula
703 2891 940 2928 divinitatem
965 2893 1165 2929 ostendere
1193 2899 1236 2929 ut
1254 2892 1472 2929 crederetur
1489 2904 1554 2930 ve-
1611 2894 1799 2930 Consensu
1826 2892 2154 2943 Evangelistarum
2171 2893 2203 2930 ²⁸².

252 1269 260 1277 ·
280 1267 343 1288 Ioan.
365 1272 415 1293 cap.
436 1271 462 1293 ιι,

250 1299 309 1314 vers.
326 1299 383 1315 ι-ιι.

2531 1404 2535 1411 ι

2615 1788 2619 1792 ›
2637 1780 2664 1794 ΙΝ
2679 1791 2681 1794 .

544 3023 571 3056 α)
592 3023 749 3048 miraculum
769 3024 848 3055 quod.
866 3037 885 3042 -—
902 3023 943 3064 Da
962 3028 987 3048 et
1004 3024 1078 3048 tertia
1096 3029 1199 3057 praeter
1217 3025 1255 3056 H;
1275 3024 1406 3050 miracula
1424 3032 1500 3057 quae.
1579 3026 1583 3092 Ι
1660 3024 1688 3058 γ)
1704 3025 1887 3056 phantasiam.
1898 3039 1918 3044 -
1926 3025 2127 3058 phantasmata
2144 3026 2167 3056 b,
2182 3025 2346 3058 phantasma
2357 3026 2402 3059 Pe,
2410 3018 2614 3068 phataatiup*
2624 3019 2626 3022 ’

546 3058 572 3092 β)
588 3059 716 3090 primum.
733 3073 752 3077 -
771 3059 808 3083 Fa
827 3065 852 3083 et
870 3064 942 3084 terna
962 3064 1063 3092 praeter
1082 3060 1120 3089 H;
1140 3060 1234 3091 ipsum.
1661 3059 1686 3095 ὂ)
1707 3067 1882 3093 nequaquam.
1898 3075 1918 3080 -
1936 3061 1998 3086 Om.
2016 3061 2052 3092 1³3
2071 3067 2155 3094 neque
2172 3069 2226 3086 om.
2245 3061 2304 3087 EaD
2323 3066 2349 3087 et
2366 3069 2393 3088 a.

1167 3138 1499 3171 Commentariun
1520 3138 1771 3172 Cardinalis
1792 3139 1995 3173 Caietam

499 3224 663 3286 Trrurus
688 3215 799 3251 clarus,
817 3216 1021 3246 occasionem
1045 3227 1083 3247 ex
1107 3217 1271 3258 Evangelii
1292 3218 1395 3248 verbis
1421 3218 1552 3249 habens.
1608 3218 1669 3249 nisi
1692 3218 1782 3259 quod
1804 3218 1957 3250 miracula
1979 3218 2097 3250 Christi
2119 3219 2331 3261 incoeperunt
2352 3219 2387 3251 in
2402 3225 2503 3252 aetate
2516 3228 2540 3262 p
2575 3259 2577 3261 ι

613 3259 649 3288 1η
679 3268 814 3299 corpore
837 3269 901 3289 una
923 3260 1104 3291 conclusio:
1133 3261 1279 3292 Christus
1303 3262 1442 3302 incoepit
1455 3262 1554 3293 mira·
1608 3262 1738 3303 quando
1762 3263 1904 3304 incoepit
1927 3262 2053 3300 docere,
2076 3263 2140 3295 hoc
2156 3269 2212 3300 est,
2228 3269 2302 3304 post
2322 3262 2543 3305 baptismuml

497 3302 569 3331 cula
580 3303 698 3343 facere
718 3303 749 3332 in
767 3303 894 3342 nuptiiS.
918 3303 1081 3334 Probatur.
1106 3305 1258 3335 Miracula
1275 3305 1391 3336 Christi
1415 3312 1489 3336 sunt
1503 3306 1553 3336 vel
1607 3306 1694 3337 iuxta
1711 3308 1845 3338 verbum
1860 3307 1953 3344 Petri,
1970 3308 2038 3338 Ace.
2054 3317 2066 3338 1
2081 3309 2107 3344 ³,
2132 3307 2292 3349 Incipiens
2307 3317 2328 3339 a
2342 3307 2496 3349 baptismo
2513 3306 2649 3339 leaenis

498 3344 536 3374 ad
567 3345 817 3376 confirmandam
847 3345 1024 3376 doctrinam
1056 3348 1122 3378 eius
1134 3371 1141 3383 ,
1173 3349 1222 3379 vel
1253 3349 1291 3379 ad
1315 3349 1553 3380 monstrandam
1609 3351 1684 3390 quia
1698 3356 1806 3382 tamen
1824 3351 1950 3382 nullum
1965 3351 2079 3392 legitur
2094 3352 2284 3393 miraculum
2299 3357 2372 3383 ante
2387 3352 2514 3393 nuptias
2529 3351 2650 3383 factum

500 3389 566 3418 eius
590 3389 737 3419 deitatem
754 3389 843 3419 facta.
869 3389 931 3419 Sed
947 3396 1076 3429 propter
1092 3397 1264 3432 utrumque
1280 3392 1389 3423 debuit
1404 3394 1436 3424 in
1453 3399 1553 3424 aetate
1609 3400 1639 3424 et
1663 3395 1798 3426 Ioannes
1820 3395 1961 3435 Baptista
1983 3400 2053 3426 toto
2071 3395 2127 3426 illo
2143 3396 2248 3436 primo
2264 3405 2349 3427 anno
2372 3395 2559 3427 monstravit
2573 3395 2648 3426 eum
2699 3432 2702 3433 ⁷
2723 3431 2728 3437 Μ

499 3431 636 3471 perfecta
659 3434 798 3473 incipere
821 3433 988 3463 miracula.
1007 3434 1101 3473 Ergo.
1125 3453 1147 3457 —
1170 3436 1379 3475 Assumptum
1396 3447 1432 3467 ex
1449 3438 1552 3477 primo
1609 3444 1640 3468 et
1670 3438 1804 3469 loannes
1832 3439 2048 3479 Evangelista,
2072 3439 2105 3470 in
2129 3440 2341 3471 anniversario
2365 3438 2426 3477 die,
2451 3448 2517 3480 quo
2540 3438 2666 3480 nuptia·
2698 3463 2700 3465 »

500 3475 631 3505 articulo
648 3482 742 3515 patet.
766 3495 788 3498 —
812 3477 926 3512 Minor,
944 3477 1052 3516 quoad
1071 3483 1237 3518 utramque
1254 3485 1385 3519 partem,
1402 3482 1554 3520 probatur
1609 3482 1779 3513 celebratas
1803 3482 1901 3513 credit
1923 3483 2064 3514 Ecclesia
2079 3484 2106 3519 *‚
2129 3483 2215 3520 dicit,
2238 3483 2315 3514 Hoc
2345 3483 2471 3514 initium
2497 3483 2667 3525 signorum
2695 3481 2732 3525 ἧς,

500 3518 581 3548 clare
605 3524 635 3548 et
659 3520 838 3559 singillatim
862 3521 893 3550 in
918 3520 1028 3550 littera.
1599 3525 1686 3566 fecit
1708 3526 1807 3562 Iesus,
1825 3532 1884 3557 etc.
1901 3526 1931 3563 ’ς
1956 3527 2029 3557 satis
2051 3527 2277 3558 rationabiliter
2292 3525 2464 3558 affirmatur
2483 3526 2573 3567 quod
2587 3523 2666 3558 illud
2691 3523 2748 3566 ‚ff

555 3562 617 3592 Ubi
634 3563 711 3592 scito
737 3563 824 3602 quod
842 3573 877 3593 ex
895 3563 1078 3594 huiusmodi
1095 3564 1215 3595 ratione
1232 3565 1305 3596 licet
1320 3575 1386 3597 non
1402 3566 1555 3599 habeatur
1610 3568 1669 3599 fuit
1699 3569 1839 3609 primum
1869 3570 2059 3601 miraculum
2088 3570 2272 3611 simpliciter
2301 3569 2390 3611 quod
2414 3570 2558 3602 Christus
2580 3569 2664 3601 feeit.
2716 3591 2728 3609 3
2741 3582 2756 3608 ᾗ
