2872 3970
206 905 217 916 ⁸
227 904 262 925 De
271 904 330 925 Fide
340 903 417 931 omn,

204 931 246 952 lib.
257 930 296 958 111,
307 936 357 958 cap.
367 937 417 952 xm.

440 299 515 324 222

1135 288 1398 336 QUAESTIO
1427 288 1547 330 XVII,
1577 287 1869 324 ARTICULUS
1897 287 1926 324 II

1207 448 1522 492 ARTICULUS
1553 447 1851 489 SECUNDUS

1022 543 1178 575 UTRUM
1202 542 1245 573 IN
1269 540 1458 572 CHRISTO
1483 540 1549 571 Str
1573 539 1761 570 TANTUM
1785 540 1912 571 UNUM
1935 539 2037 571 ESSE

678 623 709 648 111
731 623 813 652 Seni„
834 623 892 647 dist.
911 629 1008 653 lv,.qu.
1027 629 1044 651 ι,
1064 626 1110 646 art.
1131 628 1154 650 2,
1174 620 1224 652 qu·
1245 626 1271 650 ις
1292 619 1350 644 dist.
1368 626 1402 647 vx.
1421 626 1466 650 qu.
1484 625 1512 647 Π,
1531 621 1578 643 art.
1598 624 1627 648 23
1646 617 1706 643 dist.
1724 625 1774 647 nv,
1793 622 1840 643 art.
1861 624 1884 648 1,
1903 617 1954 650 qu⁸
1973 625 2003 648 ις
2023 618 2081 643 dist.
2099 626 2169 649 xvm,
2188 623 2236 644 art.
2256 625 2280 649 ι,
2299 619 2331 645 ad
2351 619 2380 651 3;

790 658 831 682 De
853 657 954 682 Unione
976 656 1062 685 Ver-b„
1082 661 1128 681 art.
1149 662 1172 687 1,
1192 655 1223 679 ad
1244 661 1290 684 ¹03
1309 660 1355 679 art.
1374 661 1391 685 4
1398 661 1405 684 ;
1427 653 1522 683 Quodl.
1541 653 1584 684 IX,
1603 661 1647 685 qu.
1665 660 1693 684 u,
1712 657 1759 678 art.
1778 660 1808 684 25
1830 653 1974 685 compend.
1996 653 2097 683 nicol..
2117 662 2172 687 cap.
2191 661 2269 680 ccxxi.

479 760 487 789 )
574 780 577 784 s
593 768 631 812 ὅ(
653 758 676 782 D
691 757 879 782 SECUNDUM
894 757 945 781 Sic
960 755 1194 781 PROCEDITUR.
1215 742 1376 779 Videtur
1394 741 1501 790 quod

484 764 543 788 a
559 764 569 780 ⁶
580 775 593 785 ι

471 777 627 857 ’ἔτ’ᾼὲ..
654 797 694 834 in
723 797 874 834 Christo
903 808 983 834 non
1011 796 1056 833 sit
1083 803 1233 832 tantum
1252 806 1377 831 unum
1406 806 1500 839 esse,

462 835 642 906 axzffi*

500 878 559 929 ξφ

654 850 721 886 sed
749 850 840 886 duo.
879 849 979 886 Dicit
1007 848 1110 885 enirn
1147 849 1433 893 Damascenus,
1462 846 1502 883 in

443 963 620 991 naturam
648 955 687 992 in
716 955 867 991 Christo
900 953 1152 1003 duplicantur.
1193 953 1269 990 Sed
1302 965 1384 989 esse
1411 964 1502 989 con-

444 1006 615 1056 sequitur
642 1016 839 1044 naturam:
870 1019 951 1044 esse
980 1006 1084 1043 enim
1113 1013 1167 1043 est
1195 1019 1217 1043 a
1235 1006 1370 1043 forma.
1401 1006 1502 1053 Ergo

443 1060 483 1097 in
513 1059 664 1097 Christo
694 1068 781 1097 sunt
809 1060 888 1097 duo
917 1072 1011 1097 esse.

500 1124 533 1149 2.
564 1113 803 1159 PRAETEREA,
834 1125 915 1149 esse
943 1112 1027 1149 Filii
1064 1111 1136 1148 Dei
1173 1119 1228 1148 est
1256 1110 1338 1160 ipsa
1374 1110 1505 1147 divina

444 1173 599 1212 natura,
630 1173 665 1202 et
700 1173 754 1202 est
790 1173 999 1202 aeternum.
1039 1165 1132 1202 Esse
1169 1172 1300 1201 autem
1336 1162 1504 1200 hominis

446 1218 584 1255 Christi
612 1230 692 1255 non
720 1225 774 1255 est
802 1218 932 1255 divina
958 1226 1105 1264 natura,
1127 1217 1194 1254 sed
1222 1224 1277 1253 est
1300 1229 1382 1264 esse
1409 1223 1504 1253 tem-

443 1272 586 1320 porale.
626 1272 727 1319 Ergo
755 1271 795 1307 in
824 1271 975 1308 Christo
1013 1283 1093 1307 non
1121 1278 1176 1307 est
1202 1277 1349 1307 tantum
1379 1281 1505 1306 unum

445 1335 538 1360 esse.
1473 1323 1477 1326 ’

501 1376 534 1413 3.
564 1377 794 1422 PRAETEREA,
824 1376 863 1413 in
891 1375 1094 1422 Trinitate,
1124 1374 1302 1424 quamvis
1330 1374 1404 1412 sint
1430 1382 1505 1411 tres

445 1441 650 1478 personae,
680 1437 735 1465 est
761 1436 891 1466 tamen
919 1441 1043 1466 unum
1071 1441 1172 1474 esse,
1202 1435 1359 1478 propter
1385 1427 1504 1464 unita-

444 1489 524 1518 tem
552 1490 719 1519 naturae.
751 1482 827 1519 Sed
855 1481 894 1518 in
915 1481 1066 1518 Christo
1094 1489 1182 1518 sunt
1206 1481 1306 1518 duae
1333 1488 1504 1527 naturae,

445 1534 624 1582 quamvis
652 1534 697 1571 sit
724 1547 802 1571 una
829 1546 1005 1583 persona.
1043 1535 1144 1582 Ergo
1173 1533 1213 1570 in
1242 1533 1394 1571 Christo
1426 1545 1506 1570 non

446 1594 501 1623 est
527 1599 652 1624 unum
681 1599 761 1624 esse
789 1594 950 1631 tantum,
980 1587 1047 1623 Sed
1076 1587 1166 1624 duo.

499 1652 535 1686 4.
566 1641 806 1686 PRAETEREA,
835 1640 874 1676 in
904 1640 1054 1676 Christo
1093 1639 1221 1676 anima
1249 1639 1312 1676 dat
1349 1638 1507 1688 aliquod

447 1704 529 1729 esse
548 1692 720 1741 corpori:
755 1705 846 1729 cum
875 1692 920 1729 sit
947 1693 1071 1729 forma
1099 1692 1191 1729 eius.
1231 1692 1308 1729 Sed
1335 1704 1416 1728 non
1443 1692 1507 1728 dat

448 1744 518 1782 sibi
547 1757 628 1781 esse
657 1744 852 1782 divinum:
883 1757 973 1782 cum
1002 1745 1047 1781 sit
1074 1744 1298 1782 increatum.
1337 1745 1438 1792 Ergo
1467 1744 1507 1781 in

450 1797 600 1834 Christo
630 1805 684 1834 est
711 1797 814 1834 aliud
843 1810 924 1834 esse
952 1805 1101 1846 praeter
1128 1809 1209 1834 esse
1238 1797 1426 1834 divinum.
1460 1798 1507 1833 Et

449 1850 502 1886 sic
530 1850 569 1886 in
598 1850 748 1886 Christo
777 1862 856 1886 non
885 1857 940 1886 est
966 1857 1115 1886 tanturn
1143 1862 1269 1886 unum
1297 1861 1390 1886 esse.

504 1903 577 1939 SED
606 1914 770 1949 CONTRA,
800 1902 1123 1951 unumquodque,
1153 1902 1365 1939 secundum
1401 1902 1507 1950 quod

450 1954 587 1991 dicitur
622 1967 690 1991 ens
710 1960 738 2001 α,
768 1954 904 1992 dicitur
931 1967 1075 1991 unum:
1105 1955 1196 2004 quia
1224 1967 1349 1992 unum
1377 1961 1413 1991 et
1441 1966 1508 1991 ens

449 2015 735 2044 convertuntur.
766 2007 805 2044 Si
825 2019 913 2055 ergo
933 2007 971 2044 in
993 2007 1142 2044 Christo
1162 2008 1241 2045 duo
1262 2015 1386 2044 essent
1413 2019 1505 2053 esse,

450 2067 486 2096 et
504 2072 584 2097 non
603 2068 752 2097 tantum
780 2073 916 2107 unum,
939 2059 1111 2097 Christus
1134 2068 1231 2097 esset
1258 2061 1350 2108 duo,
1371 2067 1407 2096 et
1427 2072 1507 2096 non

450 2125 587 2149 unum.

503 2167 726 2202 RESPONDEO
746 2177 925 2202 DICENDUM
945 2166 1064 2214 quod,
1080 2165 1170 2214 quia
1189 2165 1228 2202 in
1249 2164 1400 2202 Christo
1420 2173 1508 2202 sunt

451 2218 550 2255 duae
569 2225 726 2254 naturae
746 2225 781 2254 et
800 2230 878 2254 una
906 2218 1132 2267 hypostasis,
1153 2230 1307 2255 necesse
1327 2225 1382 2254 est
1402 2218 1508 2267 quod

451 2283 496 2307 ea
523 2283 622 2319 quae
660 2271 708 2307 ad
740 2278 917 2307 naturam
954 2270 1143 2319 pertinent
1171 2270 1210 2307 in
1247 2270 1398 2308 Christo
1436 2270 1509 2307 sint

450 2324 550 2368 duo,
589 2335 688 2372 quae
725 2331 854 2360 autem
891 2324 1078 2372 pertinent
1115 2324 1164 2360 ad
1196 2323 1435 2373 hypostasim
1469 2323 1509 2360 in

452 2376 602 2413 Christo
629 2376 702 2412 sint
728 2388 852 2412 unum
880 2384 1040 2413 tantum.
1071 2378 1164 2413 Esse
1191 2384 1322 2413 autem
1349 2376 1509 2425 pertinet

450 2429 499 2466 ad
535 2428 772 2478 hypostasim
810 2437 845 2465 et
873 2429 922 2466 ad
950 2437 1146 2466 naturam:
1185 2429 1234 2466 ad
1272 2429 1509 2478 hypostasim

450 2481 608 2530 quidem
641 2481 736 2518 sicut
764 2481 813 2518 ad
840 2481 878 2518 id
907 2482 1013 2531 quod
1042 2482 1156 2519 habet
1184 2494 1286 2527 esse;
1323 2482 1372 2518 ad
1400 2490 1508 2519 natu-

451 2547 534 2571 ram
562 2542 691 2571 autem
717 2534 812 2571 sicut
840 2534 888 2571 ad
916 2534 955 2571 id
990 2547 1069 2584 quo
1098 2534 1241 2584 aliquid
1265 2535 1380 2572 habet
1407 2547 1507 2582 esse;

450 2595 586 2624 natura
623 2587 726 2623 enim
763 2587 996 2635 significatur
1035 2599 1104 2636 per
1139 2587 1305 2624 modum
1320 2591 1323 2594 ’
1341 2588 1507 2635 formae,

451 2652 549 2689 quae
579 2639 714 2676 dicitur
732 2652 800 2676 ens
828 2652 874 2676 ex
893 2652 940 2676 eo
960 2641 1066 2689 quod
1095 2652 1139 2677 ea
1163 2639 1306 2689 aliquid
1326 2648 1392 2688 est,
1414 2640 1510 2678 sicut

450 2692 624 2729 albedine
645 2700 700 2729 est
718 2692 861 2741 aliquid
888 2693 1031 2738 album,
1053 2700 1089 2729 et
1107 2693 1343 2730 humanitate
1371 2701 1426 2730 est
1445 2694 1508 2731 ali-

451 2745 536 2794 quis
564 2746 696 2782 homo.
727 2746 793 2782 Est
821 2753 950 2782 autem
978 2745 1302 2783 considerandum
1330 2747 1448 2796 quod,
1479 2747 1509 2784 si

451 2798 578 2846 aliqua
605 2798 728 2835 forma
756 2799 817 2835 vel
844 2806 979 2835 natura
1007 2807 1062 2835 est
1089 2811 1188 2848 quae
1217 2811 1297 2836 non
1325 2799 1509 2848 pertineat

451 2851 500 2887 ad
533 2863 612 2887 esse
649 2852 848 2900 personale
887 2851 1100 2901 hypostasis
1136 2852 1387 2899 subsistentis,
1417 2852 1509 2890 illud

452 2915 532 2939 esse
557 2915 635 2939 non
664 2903 800 2940 dicitur
828 2916 909 2940 esse
937 2904 1035 2941 illius
1062 2917 1249 2953 personae
1278 2905 1508 2954 simpliciter,

453 2955 519 2991 sed
547 2957 761 2993 secundum
795 2957 907 3005 quid:
947 2957 1043 2994 sicut
1070 2970 1151 2994 esse
1184 2958 1316 2994 album
1345 2966 1400 2995 est
1428 2970 1509 2995 esse

454 3008 628 3054 Socratis,
644 3021 723 3045 non
741 3009 968 3058 inquantum
990 3018 1044 3047 est
1059 3011 1244 3057 Socrates,
1261 3011 1328 3047 sed
1347 3010 1509 3060 inquan-

452 3068 535 3096 tum
565 3069 618 3098 est
646 3062 765 3098 albus.
796 3063 843 3098 Et
863 3062 1086 3100 huiusmodi
1115 3075 1196 3100 esse
1215 3063 1309 3100 nihil
1332 3064 1510 3112 prohibet

453 3113 692 3162 multiplicari
716 3114 754 3150 in
774 3127 852 3151 una
880 3115 1075 3163 hypostasi
1102 3117 1162 3153 vel
1191 3128 1375 3165 persona:
1406 3115 1509 3154 aliud

454 3165 557 3201 enim
586 3173 640 3202 est
677 3178 758 3202 esse
795 3179 873 3215 quo
904 3169 1077 3204 Socrates
1112 3177 1166 3205 est
1198 3169 1327 3215 albus,
1357 3176 1393 3206 et
1429 3181 1509 3218 quo

456 3218 629 3254 Socrates
657 3226 711 3254 est
739 3218 919 3256 musicus.
958 3221 1033 3257 Sed
1061 3221 1152 3258 illud
1181 3233 1262 3258 esse
1291 3222 1398 3270 quod
1425 3234 1509 3271 per-

454 3268 545 3305 tinet
573 3270 621 3306 ad
649 3269 771 3318 ipsam
799 3271 1034 3319 hypostasim
1053 3275 1114 3309 vel
1141 3286 1346 3322 personam
1375 3286 1509 3312 secun-

457 3321 550 3357 dum
580 3334 630 3366 se,
652 3322 884 3370 impossibile
905 3331 959 3359 est
978 3324 1016 3360 in
1036 3337 1113 3361 una
1133 3327 1326 3375 hypostasi
1346 3329 1406 3364 vel
1426 3339 1509 3376 per—

457 3385 550 3431 sona
565 3374 819 3432 multiplicari:
843 3375 933 3423 quia
948 3375 1180 3425 impossibile
1196 3387 1249 3415 est
1269 3380 1375 3428 quod
1395 3380 1509 3417 unius

457 3436 509 3460 rei
538 3437 616 3462 non
645 3434 689 3462 Slt
717 3438 841 3463 unum
870 3439 961 3463 esse.

511 3547 538 3579 α)
557 3548 696 3573 secundum
716 3548 787 3580 quod
806 3549 903 3574 dicitur
918 3556 1000 3573 ens.-
1014 3549 1155 3574 secundum
1175 3550 1223 3575 hoc
1242 3551 1340 3577 dicitur
1358 3560 1404 3578 ens
1417 3560 1508 3579 secun-

457 3582 519 3606 dum
540 3583 610 3614 quod
628 3583 646 3607 1³
665 3589 689 3607 ct
708 3585 788 3609 tertia.

549 896 595 937 ἔθ’)
611 895 698 939 ΧΙΙΙ
717 902 814 938 libro
833 902 864 948 ³¹⁶,
894 901 1001 951 quod
1021 913 1066 938 ea
1083 913 1183 950 quae
1212 906 1511 953 consequuntur·

1611 740 1652 778 Si
1679 740 1790 788 igitur
1817 741 1990 778 humana
2017 748 2154 778 natura
2187 740 2383 778 adveniret
2409 740 2506 779 Filio
2533 741 2617 790 Dei,

1557 805 1638 830 non
1666 793 1901 842 hypostatice
1928 795 1991 830 vel
2021 793 2280 843 personaliter,
2309 794 2377 831 sed
2408 794 2619 832 accidenta-

1558 845 1650 889 liter,
1672 846 1768 882 sicut
1786 845 1946 895 quidam
1973 853 2186 895 posuerunt
2203 845 2236 894 *,
2256 854 2449 896 oporteret
2474 858 2619 898 ponere

1558 898 1598 936 in
1627 898 1778 936 Christo
1807 898 1886 936 duo
1915 910 2018 935 esse:
2054 910 2181 936 unum
2208 899 2367 948 quidem
2403 900 2619 938 secundum

1559 951 1667 1000 quod
1695 959 1750 988 est
1777 951 1902 997 Deus3
1932 950 2035 988 aliud
2055 959 2185 989 autem
2204 952 2420 992 secundum
2439 953 2547 1002 quod
2565 961 2620 990 est

1559 1005 1693 1041 homo.
1734 1003 1840 1042 Sicut
1866 1003 1906 1040 in
1935 1004 2090 1041 Socrate
2126 1004 2284 1053 ponitur
2309 1003 2413 1042 aliud
2449 1017 2531 1042 esse
2544 1008 2550 1011 ”
2563 1017 2620 1043 se-

1559 1057 1734 1094 cundum
1762 1056 1869 1106 quod
1897 1064 1952 1093 est
1979 1057 2108 1104 albus,
2137 1056 2240 1094 aliud
2269 1057 2486 1094 secundum
2513 1058 2621 1107 quod

1560 1117 1615 1147 est
1634 1111 1771 1146 homo:
1793 1108 1884 1158 quia
1903 1121 1984 1146 esse
2004 1109 2137 1146 album
2151 1120 2232 1146 non
2245 1109 2407 1159 pertinet
2424 1109 2474 1147 ad
2492 1109 2621 1160 ipsum

1560 1175 1642 1200 esse
1661 1163 1862 1212 personale
1882 1161 2058 1199 Socratis.
2084 1162 2178 1199 Esse
2198 1170 2327 1199 autern
2346 1161 2565 1212 capitatum,
2584 1170 2622 1200 et

1560 1228 1642 1253 esse
1670 1227 1914 1264 corporeum,
1938 1222 1974 1252 et
2001 1227 2083 1252 esse
2111 1214 2337 1261 animatum,
2356 1222 2482 1253 totum
2507 1215 2621 1266 perti-

1560 1276 1625 1306 net
1643 1269 1692 1305 ad
1711 1280 1832 1306 unam
1850 1280 2058 1317 personam
2074 1267 2254 1306 Socratis:
2275 1275 2312 1305 et
2329 1267 2417 1305 ideo
2436 1280 2484 1306 ex
2497 1267 2621 1307 omni-

1561 1322 1634 1359 bus
1658 1320 1717 1358 his
1744 1333 1824 1358 non
1842 1320 1886 1358 fit
1904 1320 1974 1357 nisi
2003 1332 2129 1358 unum
2148 1319 2163 1350 β
2182 1332 2264 1357 esse
2283 1320 2323 1358 in
2343 1321 2498 1358 Socrate
2511 1321 2543 1359 ²⁸.
2573 1321 2622 1359 Et

1561 1373 1592 1411 si
1619 1373 1852 1422 contingeret
1879 1373 2004 1423 quod,
2032 1381 2120 1423 post
2147 1373 2458 1411 constitutionem
2490 1385 2621 1424 perso—

1560 1439 1633 1465 nae
1654 1426 1830 1473 Socratis,
1851 1426 2075 1464 advenirent
2101 1426 2247 1464 Socrati
2264 1438 2404 1464 manus
2422 1427 2484 1464 vel
2502 1426 2622 1476 pedes

1560 1481 1622 1518 vel
1659 1479 1778 1524 oculi,
1812 1478 1908 1517 sicut
1945 1478 2079 1516 accidit
2115 1478 2155 1516 in
2187 1491 2302 1517 caeco
2338 1487 2446 1526 nato,
2479 1491 2527 1517 ex
2562 1479 2622 1519 his

1561 1545 1642 1570 non
1679 1540 1908 1570 accresceret
1945 1531 2091 1570 Socrati
2118 1531 2221 1569 aliud
2259 1543 2340 1569 esse
2353 1561 2362 1578 ,
2391 1531 2459 1570 sed
2494 1533 2622 1571 solum

1562 1585 1692 1623 relatio
1721 1585 1913 1635 quaedam
1941 1585 1991 1622 ad
2017 1584 2262 1622 huiusmodi:
2293 1584 2384 1634 quia
2410 1584 2550 1622 scilicet
2567 1585 2622 1622 di-

1562 1646 1711 1676 ceretur
1738 1650 1819 1675 esse
1839 1650 1919 1674 non
1939 1639 2066 1675 solum
2094 1637 2311 1675 secundum
2330 1649 2376 1675 ea
2394 1649 2494 1687 quae
2516 1637 2623 1688 prius

1562 1692 1739 1737 habebat,
1769 1691 1837 1728 sed
1865 1690 1979 1728 etiam
2007 1689 2224 1728 secundum
2252 1702 2297 1727 ea
2323 1702 2424 1740 quae
2450 1698 2622 1741 postmo-

1563 1745 1659 1782 dum
1687 1743 1758 1781 sibi
1786 1742 2007 1780 adveniunt.

1617 1797 1679 1834 Sic
1707 1797 1836 1845 igitur,
1865 1808 1956 1833 cum
1993 1796 2167 1833 humana
2202 1803 2339 1833 natura
2370 1795 2624 1845 coniungatur

1563 1849 1660 1886 Filio
1680 1849 1751 1886 Dei
1779 1848 2014 1898 hypostatice
2042 1850 2105 1885 vel
2131 1849 2391 1897 personaliter,
2411 1856 2454 1886 ut
2474 1849 2624 1899 supra*
2647 1851 2659 1863 ⁸
2715 1867 2723 1876 ·

1563 1901 1708 1939 dictum
1737 1908 1803 1948 est,
1824 1908 1860 1938 et
1878 1913 1958 1938 non
1986 1900 2274 1948 accidentaliter,
2303 1913 2546 1951 consequens
2567 1909 2623 1939 est

1563 1954 1670 2004 quod
1698 1954 1914 1991 secundum
1941 1954 2156 1991 humanam
2183 1961 2361 1991 naturam
2392 1966 2473 1991 non
2507 1954 2622 1992 adve-

1563 2007 1641 2044 niat
1669 2006 1739 2044 sibi
1767 2019 1917 2043 novum
1936 2018 2017 2043 esse
2045 2007 2258 2055 personale,
2278 2007 2345 2043 sed
2364 2008 2493 2045 solum
2519 2018 2624 2046 nova

1563 2060 1748 2097 habitudo
1777 2071 1858 2096 esse
1886 2059 2096 2108 personalis
2122 2059 2405 2108 praeexistentis
2437 2060 2487 2098 ad
2513 2067 2623 2098 natu-

1563 2125 1646 2150 ram
1674 2113 1908 2149 humanam:
1947 2119 1989 2149 ut
2016 2112 2154 2149 scilicet
2180 2124 2346 2161 persona
2377 2112 2439 2150 illa
2465 2112 2542 2150 iam
2571 2113 2623 2152 di-

1563 2173 1670 2202 catur
1697 2164 1912 2211 subsistere,
1939 2176 2020 2202 non
2048 2166 2173 2202 solum
2203 2165 2420 2202 secundum
2447 2173 2624 2204 naturam

1563 2218 1747 2264 divinam,
1777 2217 1845 2254 sed
1873 2217 1987 2254 etiam
2015 2218 2240 2254 humanam.
2562 2264 2565 2265 ⁷

1616 2272 1673 2308 An
1702 2282 1836 2308 PRIMUM
1865 2282 1962 2307 ERGO
1981 2282 2163 2308 memnon
2181 2271 2289 2320 quod
2317 2282 2399 2308 esse
2422 2270 2624 2322 consequi-

1563 2332 1625 2361 tur
1651 2331 1841 2370 naturam,
1861 2335 1942 2360 non
1969 2322 2066 2360 sicut
2093 2323 2300 2361 habentem
2318 2335 2413 2370 esse,
2433 2324 2501 2362 sed
2527 2323 2626 2363 sicut

1563 2389 1642 2426 qua
1669 2375 1814 2425 aliquid
1842 2383 1916 2412 est:
1945 2388 2154 2425 personam
2172 2384 2314 2423 autem,
2335 2376 2415 2413 sive
2442 2377 2624 2427 hyposta-

1563 2430 1647 2476 sim,
1677 2429 1927 2478 consequitur
1962 2428 2058 2466 sicut
2085 2429 2293 2466 habentem
2320 2440 2414 2466 esse.
2453 2430 2502 2466 Et
2535 2429 2623 2467 ideo

1563 2482 1684 2531 magis
1711 2481 1845 2519 retinet
1871 2481 2058 2519 unitatem
2085 2481 2302 2519 secundum
2332 2481 2518 2520 unitatem
2554 2482 2624 2533 hy-

1562 2535 1736 2585 postasis,
1758 2547 1877 2584 quam
1897 2534 2035 2571 habeat
2053 2534 2275 2572 dualitatem
2294 2534 2511 2572 secundum
2529 2535 2624 2574 dua-

1562 2589 1706 2626 litatem
1733 2595 1902 2625 naturae.
2145 2615 2150 2619 .

1616 2643 1673 2678 An
1701 2653 1890 2678 SECUNDUM
1916 2652 2098 2678 mcENDUM
2132 2640 2240 2689 quod
2267 2640 2360 2677 illud
2396 2652 2478 2678 esse
2506 2648 2624 2678 aeter-

1563 2707 1659 2732 num
1687 2693 1772 2731 Filii
1799 2693 1871 2730 Dei
1899 2693 2004 2742 quod
2034 2700 2089 2729 est
2125 2693 2256 2734 divina
2283 2701 2439 2740 natura,
2467 2693 2511 2730 fit
2541 2705 2624 2739 esse

1562 2746 1743 2794 hominis,
1763 2746 1994 2795 inquantum
2021 2746 2194 2783 humana
2219 2753 2355 2784 natura
2377 2746 2585 2784 assumitur
2601 2748 2625 2785 a

1563 2800 1660 2838 Filio
1688 2798 1760 2836 Dei
1788 2799 1827 2836 in
1855 2798 1998 2836 unitate
2026 2810 2226 2848 personae.

1616 2854 1673 2890 AD
1709 2863 1868 2889 TERTmM
1904 2864 2085 2889 DlCENDUM
2121 2852 2249 2901 quod,
2288 2851 2384 2889 sicut
2419 2851 2460 2889 in
2494 2850 2625 2892 Prima

1563 2907 1673 2943 Parte
1691 2904 1712 2926 *
1739 2904 1885 2941 dictum
1904 2911 1971 2951 est,
1992 2904 2084 2954 quia
2103 2917 2269 2954 persona
2297 2904 2427 2942 divina
2445 2912 2502 2942 est
2518 2904 2624 2943 idem

1563 2970 1654 2995 cum
1682 2965 1837 3003 natura,
1867 2956 1907 2994 in
1934 2957 2108 3007 personis
2145 2957 2285 2995 divinis
2321 2969 2402 2995 non
2438 2965 2495 2995 est
2520 2956 2624 2995 aliud

1563 3022 1645 3048 esse
1663 3022 1851 3060 personae
1870 3015 1886 3039 Υ
1914 3018 2063 3060 praeter
2081 3023 2163 3048 esse
2181 3018 2360 3048 naturae:
2388 3018 2426 3048 et
2441 3009 2530 3048 ideo
2548 3017 2624 3048 tres

1563 3075 1750 3113 personae
1778 3075 1858 3100 non
1886 3063 2030 3100 habent
2056 3063 2128 3101 nisi
2156 3075 2282 3101 unum
2305 3074 2398 3100 esse.
2428 3063 2624 3101 Haberent

1563 3124 1692 3153 autem
1720 3115 1854 3165 triplex
1881 3128 1975 3162 esse,
2000 3116 2030 3153 si
2050 3115 2089 3153 in
2108 3116 2162 3154 eis
2181 3124 2278 3154 esset
2305 3115 2408 3154 aliud
2431 3127 2514 3153 esse
2537 3127 2623 3166 per-

1563 3181 1694 3215 sonae,
1724 3177 1759 3206 et
1787 3169 1891 3206 aliud
1919 3182 2001 3206 esse
2029 3177 2199 3207 naturae.

1616 3223 1673 3259 An
1702 3234 1873 3265 QUAE-rum
1900 3234 2082 3260 DICENDUM
2110 3222 2218 3272 quod
2245 3221 2374 3260 anima
2400 3221 2440 3259 in
2469 3220 2621 3260 Christo

1564 3275 1628 3312 dat
1655 3287 1736 3312 esse
1756 3275 1908 3324 corpori
1928 3274 2158 3325 inquantum
2178 3274 2263 3312 facit
2289 3274 2418 3324 ipsum
2437 3281 2524 3311 actu
2543 3273 2622 3314 ani-

1564 3335 1729 3365 matum:
1751 3329 1857 3377 quod
1878 3336 1932 3365 est
1951 3329 2041 3365 dare
2061 3327 2095 3365 ei
2115 3329 2443 3377 complementum
2465 3334 2622 3365 naturae

1564 3388 1600 3417 et
1627 3381 1776 3430 speciei.
1816 3381 1892 3418 Sed
1921 3380 1951 3418 si
1979 3381 2204 3430 intelligatur
2240 3392 2380 3430 corpus
2411 3379 2622 3429 perfectum

1563 3445 1633 3482 per
1659 3433 1829 3470 animam
1867 3434 2012 3484 absque
2041 3433 2237 3484 hypostasi
2273 3432 2437 3470 habente
2474 3440 2623 3471 utrum—

1617 3554 1642 3623 {23
1663 3563 1752 3581 unum.
1769 3569 1789 3575 -
1806 3556 1842 3580 SD
1861 3563 1878 3581 α
1897 3562 1922 3581 et
1940 3556 2026 3587 tei-tiu
2046 3564 2099 3582 om.

1616 3598 1631 3623 γ
1658 3598 1798 3622 personae.
1816 3605 1835 3610 —
1852 3592 1872 3616 F
1891 3597 1916 3616 et
1935 3592 2021 3623 tei-tiu
2041 3599 2095 3617 om.

2647 850 2800 880 ⁶05·me>
2825 839 2829 847 ³

2680 2911 2720 2940 ’Ξ

2650 2912 2686 2988 aa·

2687 2927 2728 2997 42¹².
