2872 3970
126 917 147 970 [⁷¹.
175 944 211 975 j·
236 928 422 967 Sermone
449 928 496 965 de
521 929 569 965 Ν
563 929 722 965 ativitate
754 928 908 964 Domini
925 926 963 963 *:

136 974 145 984 ⁶
188 1020 209 1034 .
235 986 284 1019 ut
293 992 367 1030 per
383 982 461 1018 eius
487 981 684 1018 adventum
702 980 904 1018 violaretur
931 956 1132 1029 integritas,
1154 980 1217 1028 qui
1233 990 1292 1016 ve-

142 1035 165 1083 )
195 1040 208 1083 ι’
234 1039 342 1071 κεναὶ
365 1045 504 1070 sanare
529 1039 716 1082 corrupta.

128 1099 138 1111 *
155 1128 166 1132 Y,
182 1092 205 1132 „g
242 1100 259 1118 υ
289 1085 420 1123 Tertio
451 1085 520 1123 fuit
552 1085 797 1131 conveniens,
823 1097 872 1122 ne
891 1090 907 1113 Υ
934 1084 1064 1122 matris
1101 1085 1293 1121 honorem

136 1135 166 1163 Ἀ
235 1138 429 1176 nascendo
465 1138 695 1191 diminueret
729 1137 796 1188 qui
837 1145 1012 1187 parentes
1049 1143 1294 1186 praeceperat

233 353 330 403 parit
347 363 500 388 carnem
515 363 665 400 puram,
685 362 708 386 a
726 350 937 398 virginitate
955 354 1078 385 cessat.
1109 348 1182 384 Sed
1203 350 1289 397 quia

234 410 361 442 natum
379 410 431 441 est
457 415 572 441 carne
597 404 767 448 Verbum,
793 402 910 438 Deus
921 401 1072 438 custodit
1099 402 1289 450 virginita-

233 463 326 502 tem,
353 458 511 506 seipsum
539 455 728 493 ostendens
749 466 822 503 per
848 455 918 490 hoc
950 455 1121 491 Verbum.
1157 454 1290 502 Neque

234 511 332 547 euim
367 514 531 546 nostrum
566 509 742 552 verbum,
770 518 855 543 cum
887 508 1057 555 paritur,
1086 507 1290 555 corrumpit

234 567 412 599 mentem:
431 573 547 610 neque
559 561 660 597 Deus
678 560 837 606 Verbum
855 559 1102 604 substantiale,
1112 556 1290 607 partum?

234 614 386 663 eligens,
408 614 566 662 peremit
583 613 854 662 virginitatem.-

289 665 480 712 Secundo,
509 666 585 702 hoe
612 672 667 702 est
693 663 927 701 conveniens
955 671 1144 712 quantum
1172 663 1222 700 ad
1241 663 1291 699 ef-

234 717 376 756 fectum
402 717 671 755 incarnationis
699 715 849 753 Christi.
879 717 984 753 Nam
1011 716 1060 753 ad
1085 717 1162 752 hoc
1188 715 1292 752 venit

235 778 278 809 ut
304 778 474 808 nostram
493 769 780 819 corruptionem
806 770 962 806 tolleret.
992 769 1103 806 Unde
1125 780 1205 804 non
1223 767 1293 804 fuit

143 824 205 870 ζ’ἦῇ
236 822 469 861 conveniens
494 829 538 859 ut
555 822 808 871 virginitatem
835 821 965 858 matris
993 821 1187 858 nascendo
1210 832 1291 857 cor-

234 883 440 925 rumperet.
482 875 593 913 Unde
630 874 866 922 Augustinus
902 874 1009 920 dicit,
1043 874 1082 910 in
1119 873 1292 922 quodam

997 928 1072 964 Fas
1103 938 1178 963 non
1213 931 1293 962 erat

228 1191 496 1229 honorandos.

127 1243 129 1246 ’
146 1234 148 1238 ’
172 1259 186 1298 s
286 1245 345 1282 An
363 1254 499 1281 ptumum
517 1255 616 1281 ERGO
634 1255 815 1281 monimum
829 1243 936 1292 quod
955 1242 1184 1279 Ambrosius
1204 1241 1294 1278 dicit

233 1297 312 1335 hoc
338 1307 535 1345 exponens
560 1296 652 1333 illud
678 1296 786 1345 quod
811 1295 1051 1343 Evangelista
1070 1295 1118 1332 de
1138 1297 1218 1342 lege
1238 1293 1293 1331 in-

139 1378 147 1385 ,
230 1348 353 1396 duxit,
377 1349 496 1386 Omne
513 1349 758 1386 masculinum
771 1347 786 1371 ⁶
809 1349 1029 1398 adaperiens
1047 1348 1196 1386 vulvam
1210 1359 1294 1384 san-

231 1407 333 1441 ctum
359 1402 524 1439 Domino
543 1403 750 1440 vocabitur.
780 1401 899 1448 Quod
927 1401 1098 1450 quidem,
1118 1408 1160 1437 ut
1187 1401 1294 1439 Beda

185 1469 211 1485 -·
234 1453 325 1493 dicit
341 1453 381 1500 ²⁸³,
409 1460 604 1492 consuetae
640 1456 834 1492 nativitatis
870 1466 976 1491 more
1001 1454 1179 1504 loquitur:
1218 1466 1292 1491 non

235 1507 334 1557 quod
358 1509 542 1545 Dominus
574 1509 674 1544 sacri
698 1509 835 1545 ventris
868 1508 1083 1556 hospitium,
1112 1507 1212 1556 quod
1241 1509 1294 1544 in-

234 1570 383 1610 gressus
407 1562 713 1608 sanctificaverat,
742 1571 911 1610 egressus
938 1560 1190 1609 devirginasse
1217 1572 1293 1597 cre-

137 1587 179 1629 ⁴³&
235 1612 374 1650 dendus
399 1615 453 1650 sit.
483 1613 594 1650 Unde
623 1612 684 1650 illa
703 1611 860 1662 aperitio
881 1617 892 1633 Ε
921 1624 1001 1649 non
1026 1612 1209 1660 significat
1237 1624 1293 1649 se·

235 1665 464 1703 serationem
492 1665 643 1703 claustri
670 1665 830 1714 pudoris
856 1665 1034 1713 virginei:
1070 1665 1138 1702 sed
1166 1667 1294 1702 solum

115 1705 212 1769 ⁷²²''÷.,‚
232 1718 381 1755 exitum
408 1718 525 1768 prolis
551 1719 599 1755 de
619 1726 728 1755 utero
757 1717 899 1755 matris.

139 1800 147 1807 .
289 1772 347 1808 An
364 1783 553 1809 SECUNDUM
571 1782 752 1808 memnon
771 1770 878 1819 quod
905 1770 956 1807 ita
982 1770 1155 1807 Christus
1173 1770 1294 1808 voluit
1320 1785 1322 1798 ε

147 1833 212 1848 ·‘
235 1823 433 1861 veritatem
461 1824 520 1860 sui
548 1823 718 1873 corporis
745 1823 1008 1860 demonstrare
1036 1824 1143 1872 quod
1179 1823 1293 1860 etiam

288 1955 314 1990 β)
332 1956 514 1985 substantiale,
529 1959 650 1988 partum.
667 1969 687 1974 —
703 1955 904 1980 substantialem
918 1957 1027 1987 partem
1047 1955 1075 1984 P,
1093 1955 1294 1980 substantialem

233 1992 403 2062 pugneti—
415 2027 457 2052 EF
470 2032 496 2052 et
508 2027 580 2052 tertia
593 2031 693 2060 praeter
706 2027 730 2057 ¹3
743 2026 850 2057 (Tertio
861 2025 1019 2051 conveniens
1031 2026 1156 2060 hocsuit)
1169 2029 1298 2059 quantum

129 2053 146 2087 ἶ
181 2094 196 2099 .,
235 2057 273 2088 dd
290 2063 386 2088 matris
404 2063 530 2087 honorem
551 2070 612 2087 nam
633 2069 685 2086 non
705 2064 764 2086 erat
781 2062 939 2087 conveniens
958 2065 988 2086 ut
1005 2061 1024 2092 1,
1044 2064 1073 2086 ut
1092 2069 1125 2086 ne
1144 2061 1228 2086 ceteri.

139 2101 150 2113 κ
194 2098 197 2101 ⁴

266 2097 317 2132 ὃ)
335 2097 420 2123 Omne
437 2098 619 2123 masculinum.
635 2111 655 2116 -
681 2097 737 2128 PF,
760 2097 844 2122 Omne
868 2097 1013 2122 masculum
1038 2097 1076 2121 sG
1095 2101 1121 2122 et
1138 2104 1168 2126 e,
1191 2096 1300 2122 Omnem

235 2121 371 2172 musculuz
386 2134 419 2164 H,
442 2133 551 2159 Omnem
571 2134 714 2158 masculum
734 2133 819 2159 ceteri.

248 2316 250 2319 “
294 2320 402 2341 nunus
424 2310 526 2341 clarus
556 2315 611 2340 est.
626 2327 651 2332 -
673 2309 707 2340 In
725 2319 860 2350 corpore
883 2308 959 2340 duo.
983 2308 1102 2344 Primo,
1121 2307 1294 2348 responde-

238 2320 348 2387 Ttur
369 2355 529 2394 quaesito:
562 2354 666 2384 Beata
690 2354 788 2395 Virgo
801 2353 875 2395 suit
906 2354 1000 2394 virgo
1025 2354 1056 2383 in
1074 2358 1187 2394 partu.
1217 2353 1295 2383 Pro-

234 2398 325 2431 batur
346 2399 532 2430 auctoritate
554 2398 661 2428 Isaiae.

290 2442 456 2478 Secundo,
491 2442 648 2482 triplicem
682 2442 839 2472 rationem
874 2442 1116 2472 convenientiae
1149 2441 1294 2481 assignat.

236 2486 328 2526 Quae
351 2487 434 2517 clare
455 2491 566 2527 patent
588 2487 622 2516 in
644 2485 756 2516 littera.

289 2530 410 2562 Novitii
424 2536 531 2561 tamen
554 2530 740 2571 percipiant,
765 2539 824 2570 pro
840 2530 942 2570 prima
957 2531 1090 2566 ratione,
1112 2529 1202 2570 quod
1218 2539 1296 2559 con-

205 2579 208 2583 ”
237 2575 343 2616 ceptio
365 2575 453 2607 verbi
476 2575 509 2605 in
533 2574 646 2611 corde,
671 2579 702 2605 et
724 2575 887 2614 processio
910 2574 998 2604 verbi
1022 2583 1059 2604 ex
1084 2573 1197 2610 corde,
1229 2583 1297 2604 non

235 2624 311 2651 sunt
331 2618 398 2650 duo
420 2628 620 2659 progressus:
645 2618 701 2649 sed
723 2618 763 2649 ad
786 2617 1006 2658 exprimendas
1029 2618 1166 2648 diversas
1186 2617 1297 2648 condi-

235 2663 340 2695 tiones
361 2662 553 2694 habitudinis
575 2664 662 2694 verbi
685 2662 725 2694 ad
746 2663 957 2698 intellectum,
983 2662 1123 2693 diversae
1146 2662 1297 2693 adhiben-

235 2712 288 2746 tur
301 2707 448 2738 rationes.
464 2707 607 2738 Verbum
623 2707 709 2738 enim
725 2706 838 2741 cordis,
855 2707 917 2738 hoc
933 2712 988 2741 est,
1006 2713 1182 2747 conceptus
1199 2716 1297 2746 quem

237 2750 352 2783 format
372 2750 551 2782 intellectus
581 2761 656 2782 cum
682 2761 750 2781 rem
776 2751 916 2791 aliquam
938 2751 1101 2791 intelligit,
1134 2757 1164 2781 et
1190 2757 1299 2781 manet

235 2793 322 2826 intus
342 2795 376 2826 in
398 2795 561 2826 intellectu
585 2795 663 2826 dum
686 2805 735 2826 res
750 2801 823 2825 actu
839 2795 1031 2835 intelligitur,
1049 2801 1080 2825 et
1096 2794 1298 2834 distinguitur

237 2838 277 2869 ab
298 2839 460 2871 intellectu
483 2849 501 2870 a
524 2848 590 2879 quo
614 2845 750 2870 emanat.
774 2839 861 2870 Dum
885 2840 971 2869 enim
995 2849 1055 2879 ego
1078 2839 1221 2879 intelligo
1244 2848 1297 2869 me

238 2882 278 2914 ad
299 2883 471 2924 imaginem
493 2884 553 2914 Dei
577 2893 662 2919 esse,
686 2883 792 2914 formo
816 2883 1021 2913 simulacrum
1044 2882 1083 2913 de
1106 2883 1231 2923 meipso
1259 2882 1298 2913 ad

237 2927 408 2967 imaginem
431 2927 507 2964 Dei;
532 2933 564 2958 et
586 2927 737 2963 similiter,
761 2937 836 2958 cum
852 2927 995 2967 intelligo
1014 2937 1067 2958 me
1085 2933 1297 2967 peccatorem,

183 2985 197 3001 zv
238 2970 344 3003 formo
371 2971 576 3002 simulacrum
604 2971 643 3002 de
666 2972 790 3011 meipso
814 2976 999 3011 peccatore;
1032 2976 1063 3001 et
1086 2971 1130 3001 sic
1157 2970 1196 3001 de
1219 2971 1296 3001 aliis.

239 3013 320 3046 mud
342 3021 449 3046 autem
476 3015 697 3051 simulacrum,
722 3014 811 3055 quod
838 3020 1029 3055 conceptus,
1054 3014 1143 3054 quod
1165 3016 1298 3046 verbum

239 3059 423 3099 appellatur,
447 3068 515 3089 non
539 3064 624 3097 extra
646 3064 789 3089 mentem
811 3068 931 3094 meam,
961 3058 1018 3089 sed
1040 3060 1073 3089 in
1096 3064 1204 3089 mente
1227 3068 1299 3089 mea

239 3104 356 3133 manet.
379 3103 420 3133 Et
443 3102 694 3133 similitudinarie
717 3102 830 3133 dicitur
849 3103 977 3143 concipi
992 3103 1026 3132 in
1043 3101 1148 3138 corde,
1166 3108 1197 3132 et
1212 3103 1299 3132 nasci

241 3154 280 3177 ex
301 3146 414 3182 corde;
439 3147 515 3186 quia
537 3147 652 3186 proles,
676 3146 754 3177 dum
776 3147 810 3176 in
833 3152 924 3176 utero
945 3146 1134 3186 concipitur,
1157 3147 1191 3176 in
1206 3152 1298 3176 utero

240 3196 363 3227 metz
387 3196 419 3221 et
438 3190 517 3221 dum
538 3200 576 3220 ex
591 3195 683 3221 utero
699 3191 846 3226 nascitur,
863 3200 881 3220 a
897 3195 996 3221 matre
1013 3190 1214 3230 distinguitur
1228 3200 1300 3230 per-

211 3239 214 3241 “
239 3232 333 3265 fecte.
356 3234 457 3267 Simili
472 3234 630 3274 siquidem
652 3234 763 3270 modo,
779 3234 854 3274 quia
876 3234 1010 3264 verbum
1025 3234 1129 3265 cordis
1150 3235 1183 3264 in
1205 3233 1300 3264 corde

384 3469 495 3494 Summe
514 3469 615 3494 Tuaen.
635 3470 665 3494 D.
680 3469 795 3494 Tuomn
814 3469 846 3494 Τ.
858 3469 933 3494 VIII..

893 270 1156 317 QUAESTIO
1186 271 1358 317 XXVIII,

1387 270 1678 308 ARTICULUS
1707 270 1737 306 ΙΙ

1344 348 1489 385 5ἰῐῐιιιΙζ
1518 348 1599 385 eius
1627 347 1804 385 divinitas
1832 348 2095 384 declararetur.
2126 349 2173 384 Et
2201 348 2287 384 ideo
2316 360 2402 397 per-

1344 401 1496 438 miscuit
1529 401 1626 438 mira
1658 400 1880 437 humilibus.
1914 400 2045 445 Lnde,
2074 408 2116 436 ut
2144 412 2283 449 corpus
2320 400 2403 437 eius

1344 466 1482 490 verum
1511 454 1789 512 ostenderetur,
1808 452 1974 489 nascitur
2002 464 2047 488 ex
2074 453 2226 490 femina
2257 453 2333 490 Sed
2361 461 2403 489 ut

1345 507 1608 543 ostenderetur
1635 505 1717 542 eius
1736 505 1923 551 divinitas,
1943 504 2110 541 nascitur
2130 511 2147 532 η
2168 518 2213 542 ex
2238 505 2400 553 virgine:

1344 558 1426 596 talis
1453 558 1557 595 enim
1579 565 1711 608 partus
1738 559 1838 595 decet
1864 559 1998 603 Deum,
2024 565 2065 593 ut
2093 558 2320 594 Ambrosius
2349 558 2403 594 di-

1346 611 1404 656 cit,
1434 611 1472 647 in
1501 612 1648 660 hymno
1677 609 1929 647 Nativitatis*

1398 666 1455 700 An
1483 675 1641 700 TERTlUM
1660 675 1841 700 DICENDUM
1870 639 1976 711 quod
2005 662 2163 711 quidam
2182 663 2202 684 ²³⁶
2230 663 2442 700 dixerunt·

1347 716 1543 753 Christum
1571 716 1610 752 in
1639 728 1708 752 sua
1736 715 1926 752 nativitate
1951 716 2082 752 dotem
2111 715 2320 752 subtilitatis
2348 728 2405 752 as-

1347 769 1566 817 sumpsisse,
1582 769 1739 817 quando
1760 767 1873 804 exivit
1892 768 1939 804 de
1960 770 2089 805 clauso
2104 768 2258 816 virginis
2276 776 2404 814 uter03

1347 829 1383 858 et
1397 821 1554 870 quando
1567 819 1579 842 θ
1599 820 1810 858 ambulavit
1827 820 1932 857 siccis
1946 821 2109 870 pedibus
2125 833 2241 870 super
2259 833 2364 858 mare
2374 821 2405 862 *,

1347 874 1478 911 dicunt
1507 886 1598 910 eum
1626 873 1876 922 assumpsisse
1906 874 2037 910 dotem
2066 873 2246 922 agilitatis.
2276 896 2301 900 —
2330 875 2406 911 Sed

1347 927 1423 963 hoc
1450 939 1531 963 non
1559 926 1738 963 convenit
1767 926 1825 963 his
1854 939 1953 975 quae
1976 939 2092 975 supra
2110 926 2130 948 ’¹‘
2158 926 2407 964 determinata

1348 987 1446 1025 sunt.
1469 979 1703 1015 Huiusmodi
1723 979 1826 1015 enim
1841 979 1949 1016 dotes
1969 979 2139 1028 corporis
2154 979 2305 1027 gloriosi
2319 992 2406 1029 pro-

1347 1031 1507 1068 veniunt
1526 1044 1572 1068 ex
1592 1031 1844 1068 redundantia
1863 1031 2003 1079 gloriae
2018 1032 2168 1069 animae
2184 1033 2232 1069 ad
2248 1044 2405 1081 corpus:

1347 1092 1389 1120 ut
1416 1084 1512 1120 infra
1539 1084 1702 1130 dicetur,
1733 1097 1822 1121 cum
1858 1084 2078 1121 tractabitur
2105 1085 2152 1121 de
2182 1085 2407 1134 corporibus

1346 1136 1519 1184 gloriosis
1533 1137 1563 1173 ³³⁶.
1584 1137 1741 1173 Dictum
1761 1145 1815 1173 est
1835 1145 1964 1174 autem
1984 1150 2099 1186 supra
2113 1137 2153 1159 ²¹²*
2172 1138 2278 1186 quod
2300 1138 2407 1175 Chri-

2325 268 2398 306 305

1348 1197 1426 1226 stus
1455 1197 1541 1226 ante
1561 1189 1781 1238 passionem
1795 1191 2028 1239 permittebat
2053 1192 2162 1227 carni
2186 1203 2276 1227 suae
2294 1203 2409 1240 agere
2437 1201 2457 1210 ··

1346 1249 1385 1294 et¹
1401 1244 1484 1293 pati
1502 1255 1596 1291 quae
1609 1244 1768 1291 propria
1787 1242 1824 1278 ²¹²:
1854 1254 1926 1279 nec
1945 1242 2060 1279 fiebat
2081 1242 2162 1279 talis
2191 1243 2407 1280 redundan-

1347 1294 1398 1332 tia
1424 1294 1564 1343 gl‘oriae
1593 1295 1642 1331 ab
1670 1294 1799 1332 anima
1827 1295 1876 1331 ad
1905 1307 2056 1344 corpus.

1401 1348 1449 1384 Et
1481 1347 1569 1384 ideo
1598 1347 1807 1384 dicendum
1836 1355 1890 1384 est
1918 1348 2025 1397 quod
2059 1348 2190 1385 omnia
2218 1348 2287 1385 ista
2314 1349 2409 1386 facta

1349 1408 1436 1438 sunt
1455 1400 1683 1437 miraculose
1702 1413 1772 1450 per
1790 1400 1970 1437 virtutem
1990 1400 2173 1437 divinam.
2200 1401 2311 1438 Unde
2331 1402 2409 1438 Au-

1347 1453 1540 1501 gustinus,
1568 1465 1680 1503 super
1706 1455 1815 1490 Ioan.
1835 1453 1872 1490 *z
1901 1454 2002 1491 Moli
2027 1456 2194 1503 corporis
2230 1456 2293 1495 uhi
2323 1455 2409 1492 divi-

1349 1509 1444 1543 nitas
1462 1512 1553 1552 erat,
1574 1508 1665 1543 ostia
1684 1507 1810 1543 clausa
1831 1519 1904 1543 non
1925 1508 2146 1548 obstiterunt.
2175 1507 2245 1544 Ille
2265 1509 2408 1558 quippe,

1349 1572 1424 1597 non
1453 1561 1504 1596 eis
1531 1561 1683 1608 apertis,
1713 1561 1854 1596 intrare
1875 1561 2010 1608 potuit,
2041 1572 2111 1608 quo
2141 1566 2311 1596 nascente
2337 1562 2410 1598 vir-

1346 1614 1484 1662 ginitas
1512 1613 1640 1648 matris
1668 1612 1844 1649 inviolata
1866 1614 2083 1661 permansit.
2122 1613 2169 1649 Et
2201 1612 2410 1662 Dionysius

1348 1664 1448 1710 dicit,
1479 1664 1518 1701 in
1546 1665 1716 1713 quadam
1739 1664 1910 1713 Epistola
1928 1664 1958 1710 ²¹⁸,
1988 1665 2095 1713 quod
2119 1666 2282 1702 Christus
2300 1678 2412 1715 super

1349 1719 1536 1755 hominem
1556 1719 1781 1766 operabatur
1799 1730 1843 1754 ea
1863 1730 1957 1766 quae
1975 1724 2059 1754 sunt
2077 1719 2256 1755 hominis:
2283 1724 2315 1755 et
2342 1719 2413 1755 hoc

1349 1776 1528 1807 monstrat
1546 1772 1656 1819 virgo
1673 1770 2003 1819 supernaturaliter
2022 1772 2242 1820 concipiens,
2263 1777 2296 1807 et
2314 1784 2412 1820 aqua

1349 1823 1524 1860 instabilis
1550 1828 1784 1867 terrenorum
1808 1823 1947 1872 pedum
1970 1825 2149 1859 sustinens
2175 1827 2409 1873 gravitatem.

1403 1953 1426 1988 ε)
1446 1955 1569 1987 aperitio.
1587 1968 1607 1973 —
1624 1955 1729 1986 apertio
1748 1955 1807 1984 Fbc,
1826 1955 1978 1987 adaperitio
1997 1961 2081 1980 cetera
2100 1956 2181 1982 tertia.
2195 1969 2209 1974 -
2232 1955 2294 1980 Post
2313 1963 2415 1981 resera-

1351 1991 1450 2016 tionem
1469 1991 1528 2015 PsH
1548 1990 1645 2015 addunt
1663 1997 1837 2016 communem.

1405 2025 1431 2057 ζ)
1450 2026 1538 2051 simul.
1554 2040 1574 2044 —
1592 2025 1653 2051 Om.
1673 2026 1722 2052 PF.

1406 2060 1433 2094 η)
1453 2061 1582 2086 nascitur.
1599 2075 1619 2079 -
1632 2062 1765 2092 processit
1782 2062 1863 2087 tertia.

1408 2095 1433 2130 θ)
1453 2097 1560 2128 quando
1582 2097 1695 2122 exivit...
1713 2099 1740 2122 et
1757 2098 1874 2129 quando.
1891 2112 1910 2116 —
1928 2094 1997 2122 sicut
2019 2098 2127 2129 quando
2147 2097 2229 2123 tertia.
2248 2097 2286 2122 Cf.
2306 2106 2350 2130 qu.
2368 2106 2415 2123 xiv

1357 2137 1403 2157 art.
1425 2139 1435 2157 1
1458 2132 1490 2156 ad
1511 2131 1540 2162 3,
1560 2137 1606 2158 art.
1627 2139 1640 2156 2
1661 2139 1731 2165 corp.
1738 2141 1745 2164 ;
1766 2140 1810 2165 qu.
1828 2140 1900 2158 Lxxxx
1919 2138 1967 2158 art.
1987 2132 2000 2157 3
2021 2141 2091 2165 corp.

909 2221 1243 2254 Commentario·
1265 2219 1515 2253 Oardinalis
1538 2220 1737 2253 Caietam

1350 2308 1511 2348 prolatum
1527 2315 1643 2345 manet,
1669 2310 1797 2350 concipi
1813 2309 1939 2340 dicitur:
1965 2316 1996 2340 et
2017 2311 2092 2350 quia
2108 2320 2126 2340 a
2142 2310 2237 2342 corde
2253 2312 2414 2351 prolatum

1350 2352 1490 2392 perfecte
1513 2353 1724 2393 distinguitur,
1749 2354 1919 2385 accidentis
1943 2354 2064 2384 sublata
2084 2360 2205 2391 natura,
2229 2355 2303 2386 ideo
2327 2356 2414 2386 nasci

1351 2396 1466 2427 dicitur
1489 2407 1527 2427 ex
1551 2397 1657 2428 corde.
1682 2398 1745 2428 Ubi
1760 2397 1867 2428 videre
1882 2404 1974 2438 potes
1998 2398 2088 2438 quod
2109 2400 2279 2438 conceptio
2302 2400 2415 2430 nativi-

1350 2446 1463 2481 tasque
1486 2442 1573 2472 verbi
1596 2443 1629 2472 in
1653 2447 1684 2472 et
1711 2452 1749 2472 ex
1774 2442 1869 2472 eorde
1899 2453 1982 2473 unus
2005 2451 2173 2482 processus
2197 2448 2260 2478 est,
2285 2443 2414 2474 diversis

1350 2485 1538 2516 nominibus
1561 2485 1682 2516 diversa
1704 2487 1827 2517 ratione
1843 2487 2036 2527 appellatus:
2061 2492 2092 2517 et
2107 2487 2196 2527 quod
2210 2497 2271 2517 nec
2287 2488 2320 2517 in
2337 2497 2414 2518 con-

1352 2534 1448 2569 ceptu
1471 2539 1531 2560 nec
1555 2531 1587 2560 in
1612 2536 1684 2560 ortu
1707 2540 1767 2560 suo
1791 2537 1933 2561 mentem
1956 2531 1989 2561 in
2013 2541 2077 2571 qua
2101 2537 2131 2561 et
2155 2540 2193 2561 ex
2217 2540 2280 2571 qua
2301 2541 2414 2571 proce-

1352 2571 1406 2609 dit,
1432 2575 1618 2614 corrumpit,
1642 2580 1678 2604 ut
1701 2575 1733 2604 in
1757 2574 1889 2615 Synodo
1914 2575 2005 2605 allata
2027 2576 2060 2605 in
2084 2575 2185 2605 littera
2208 2575 2331 2606 dicitur.

1407 2617 1443 2647 ΙΙ.
1469 2618 1504 2648 In
1534 2619 1743 2658 responsione
1774 2618 1813 2649 ad
1843 2619 1988 2654 tertium,
2020 2618 2146 2649 adverte
2175 2619 2263 2659 quod
2292 2620 2415 2650 Auctor

1353 2660 1435 2691 dotis
1458 2663 1592 2693 nomine
1615 2663 1752 2702 appellat
1776 2669 1807 2693 et
1828 2664 1931 2703 ipsam
1954 2673 2022 2693 rem
2046 2673 2129 2703 quae
2153 2663 2210 2693 dos
2235 2663 2358 2700 dicitur,
2384 2670 2414 2694 et

1351 2705 1488 2736 modum
1512 2706 1672 2737 eiusdem:
1696 2707 1760 2737 hoc
1784 2713 1840 2743 est,
1864 2717 1932 2737 rem
1955 2708 2008 2738 tali
2031 2707 2146 2743 modo;
2170 2713 2247 2747 puta
2270 2717 2326 2747 per
2344 2717 2414 2738 mo-

1353 2748 1430 2780 dum
1453 2751 1666 2786 immanentis,
1690 2756 1725 2780 ut
1741 2752 1876 2791 ipsemet
1892 2751 2021 2782 inferius
2035 2751 2256 2787 manifestabit,
2277 2761 2331 2791 qu.
2344 2762 2413 2788 va‚

1352 2798 1408 2824 art.
1427 2803 1455 2824 2.
1481 2794 1522 2824 Et
1545 2804 1620 2824 cum
1644 2805 1680 2825 ex
1705 2794 1824 2835 duplici
1848 2795 1950 2835 capite
1973 2796 2129 2835 potuisset
2152 2795 2339 2835 reprehendi
2355 2805 2414 2835 po-

1352 2838 1424 2867 sitio
1447 2838 1596 2878 Hugonis
1619 2838 1658 2869 de
1682 2838 1799 2869 Sancto
1823 2839 1951 2869 Victore
1975 2840 2008 2869 *z
2040 2839 2159 2869 scilicet
2183 2848 2220 2869 ex
2239 2840 2301 2870 hoc
2325 2840 2414 2880 quod

1352 2887 1419 2912 non
1443 2887 1563 2922 spectat
1586 2882 1625 2912 ad
1647 2883 1826 2913 subtilitatis
1850 2882 1959 2913 dotem
1983 2882 2048 2913 duo
2073 2893 2208 2923 corpora
2232 2893 2299 2914 esse
2319 2885 2413 2914 simul

1352 2926 1386 2955 in
1410 2926 1526 2956 eodem
1548 2927 1640 2962 loco,
1672 2926 1757 2956 unde
1780 2936 1840 2956 nec
1864 2936 1999 2966 corpora
2021 2927 2173 2966 gloriosa,
2199 2937 2236 2957 ex
2259 2938 2316 2958 sua
2338 2938 2413 2968 pro-

1352 2970 1501 3009 prietate,
1532 2975 1684 3010 poterunt
1714 2971 1809 3000 simul
1832 2980 1899 3000 esse
1922 2971 1955 3000 in
1979 2971 2094 3001 eodem
2117 2972 2206 3007 loc0;
2236 2977 2267 3002 et
2290 2982 2327 3002 ex
2350 2973 2413 3002 hoc

1353 3013 1442 3064 quod
1466 3015 1499 3044 in
1522 3023 1655 3064 corpore
1679 3014 1807 3044 animali
1829 3024 1898 3044 non
1919 3015 2079 3045 invenitur
2100 3015 2167 3051 dos,
2193 3016 2267 3055 quia
2282 3025 2350 3046 non
2365 3017 2413 3046 in-

1351 3058 1477 3088 venitur
1493 3058 1616 3088 animae
1629 3058 1786 3097 gloriosae
1802 3057 2010 3089 redundantia
2029 3059 2212 3099 simpliciter
2228 3059 2267 3090 ad
2279 3069 2412 3111 corpus,

1354 3102 1508 3141 quamvis,
1532 3107 1568 3131 ut
1590 3101 1721 3132 inferius
1744 3102 1777 3131 in
1801 3102 1934 3142 allegato
1951 3103 2025 3133 loco
2045 3103 2168 3139 dicitur,
2190 3103 2323 3134 inveniri
2338 3114 2414 3144 pos—

1354 3146 1393 3175 sit
1410 3146 1600 3175 miraculose
1615 3145 1823 3176 redundantia
1839 3146 2016 3177 secundum
2033 3147 2126 3187 quid:
2143 3166 2165 3169 —
2180 3148 2292 3178 maluit
2306 3153 2413 3179 tamen

1353 3190 1476 3220 Auctor
1499 3199 1537 3219 ex
1552 3190 1619 3229 ipsa
1635 3189 1717 3219 dotis
1732 3190 1854 3220 ratione
1877 3191 1929 3221 hic
1947 3191 2131 3231 procedere,
2155 3201 2252 3231 quam
2275 3192 2308 3222 in
2327 3192 2414 3222 illam

1355 3233 1601 3273 disputationem
1627 3234 1719 3264 aliam
1742 3234 1882 3264 introire.

2529 519 2544 542 ⁷l

2432 617 2493 638 'Ad
2508 617 2604 645 Vesper.

2460 671 2539 693 Innoc.
2556 671 2595 695 111.
2616 671 2646 692 de

2432 697 2583 719 Sacr.Altar.
2590 697 2616 718 M
2616 704 2643 723 y-

2432 726 2498 772 ἑτιῗκ,
2505 724 2645 751 1ib.1v,cap.

2530 821 2543 846 Θ

2435 857 2444 866 ·
2452 856 2530 877 Matth.
2540 862 2589 884 cap.
2598 862 2648 882 xiv,

2435 889 2493 904 vers.
2508 889 2540 910 25.

2438 937 2446 946 ·
2460 936 2507 963 Qu.
2522 941 2568 957 xiv.

2436 1146 2647 1200 iuffixiffssssss·

2498 1206 2519 1220 u.
2535 1205 2584 1225 xm,
2605 1202 2647 1220 nrt.

2436 1232 2480 1254 38
2513 1231 2647 1273 ίζέυᾸνΙ,

2437 1256 2541 1275 ΕΓῐ.ἱ.δ

2437 1279 2557 1300 ’.ὓεπιιεο
2560 1277 2650 1299 άεΡίάε

2439 1305 2519 1331 Orth„
2543 1304 2583 1326 lib.
2607 1304 2649 1329 III,

2438 1337 2487 1358 cap.
2511 1337 2559 1352 xix.
2579 1342 2589 1347 -
2612 1330 2649 1352 cf

2438 1364 2489 1385 cap
2504 1364 2541 1379 xv

2438 1460 2447 1468 ⁴
2461 1457 2538 1479 Tract.
2554 1457 2635 1479 CXXI.

2440 1676 2529 1724 Calizi'm.
2532 1676 2572 1704 IV’
2592 1677 2626 1698 ad

2443 2843 2451 2852 ⁸
2465 2842 2543 2863 Innoc.
2559 2842 2598 2863 III.
