2912 4030
435 273 491 297 Vlll

561 341 627 380 Ex
660 339 845 393 antiquis
880 337 1141 379 editionibus
1175 335 1390 377 adhibitae
1423 341 1524 376 sunt
1556 340 1814 389 sequentes:

559 416 598 444 a.
634 402 778 444 Editio
802 401 1006 454 Princeps
1030 405 1104 440 est.
1140 398 1254 439 Hain
1285 403 1479 439 recenset
1507 398 1590 438 sub
1614 399 1670 438 n⁰.
1698 398 1825 448 1468.
1849 396 1957 438 Post
1976 397 2210 439 venialium
2233 398 2363 439 habet
2385 399 2486 445 etc.,·
2517 397 2630 438 linea

436 466 621 507 inferiori
643 465 707 505 Et
723 465 785 504 sic
806 465 871 503 est
883 462 997 516 finis
1019 464 1091 501 etc.
1127 461 1166 501 E
1188 465 1337 500 nostro
1373 459 1606 513 exemplari
1631 458 1766 512 (cuius
1800 471 1928 499 usum
1960 459 2159 501 Patribus
2194 460 2352 501 nostris
2386 459 2430 501 S.
2455 460 2514 500 M.
2538 459 2630 500 Ro-

435 528 593 569 tundae
627 526 921 567 Vindobonae
969 529 1192 577 acceptum
1236 521 1471 575 referimus)
1515 520 1617 562 folia
1661 519 1818 561 Indicis
1861 521 2013 562 avulsa
2056 527 2182 571 sunt;
2231 536 2360 577 super
2392 521 2630 577 marginem

435 591 594 631 multae
618 588 904 630 correctiones
928 585 1108 640 scriptae
1131 590 1241 633 sunt,
1267 596 1449 638 quarum
1472 596 1602 624 unam
1626 589 1790 623 tantum
1814 581 2040 624 citavimus
2060 598 2068 632 ;
2104 584 2153 625 cs.
2177 597 2248 638 qu.
2273 597 2301 625 L
2323 590 2398 626 art.
2423 585 2450 625 3
2475 590 2563 625 not.
2598 589 2631 632 ζ.

562 653 597 692 b.
633 650 765 706 Apud
805 649 919 690 Hain
954 648 1061 688 inter
1094 649 1166 688 n⁰³.
1209 647 1323 697 1468
1359 651 1400 686 et
1441 647 1556 698 1469
1590 644 1703 685 duae
1741 644 1953 686 editiones
1996 645 2251 687 inserendae
2293 647 2444 687 forent.
2488 646 2632 687 Prima

436 722 501 757 est
532 716 637 756 haec
671 719 819 754 nostra
850 713 885 760 b,
922 724 1064 765 quam,
1099 708 1338 750 secundum
1373 714 1619 748 nostrorum
1654 713 1856 761 typorum
1891 707 2180 761 capacitatem,
2205 708 2433 750 describo:
2468 708 2578 762 (Fol.
2609 720 2623 748 1

434 777 704 831 abscissum).
740 775 833 816 Fol.
871 787 894 815 2
939 787 952 814 1
994 773 1073 813 col.
1109 771 1255 825 incipit
1297 783 1433 824 opus:
1484 773 1509 822 (
1621 771 1645 820 )
1685 769 1826 809 VIA
1868 769 2019 809 SAL
2054 766 2073 826 s
2105 773 2233 812 vator
2263 776 2320 812 nr
2349 771 2431 812 dns
2464 767 2484 830 s
2516 771 2632 812 iesus

434 838 520 895 xps
553 842 655 881 teste
687 835 706 897 s
739 837 893 891 angelo
916 834 1081 890 popl¹m
1115 829 1134 891 s
1165 846 1276 873 suue
1306 829 1434 873 salvii
1452 831 1558 886 faci
1588 826 1607 888 s
1641 844 1716 872 ens
1744 837 1821 873 etc.
1855 831 2131 873 Terminatur
2151 833 2222 874 sol.
2244 845 2333 885 214
2357 839 2473 874 recto
2500 846 2523 874 2
2550 833 2629 874 col.

373 923 376 926 >
435 903 560 943 Finit
584 901 777 955 feliciter
813 899 946 940 tercia
976 900 1091 952 pars
1127 908 1294 936 summe
1323 892 1438 935 sacti
1468 890 1486 950 s
1529 894 1570 934 T
1562 894 1687 934 home
1718 893 1770 934 de
1801 894 1992 947 aquino:
2032 895 2244 949 impressa
2286 896 2470 949 Taruisy
2503 891 2522 952 s
2547 897 2635 950 per

434 962 651 1018 magistra
683 961 934 1003 michaelem
968 958 1164 1000 manzolo
1196 957 1248 998 de
1282 953 1300 1013 s
1333 957 1503 998 Parma
1535 956 1668 997 Anno
1689 959 1762 997 etc.
1787 957 1848 997 M.
1874 955 2032 998 CCCC.
2055 957 2096 997 L
2116 957 2239 999 xxvi.
2275 958 2402 999 Folia
2425 957 2632 1010 215-219

434 1027 569 1068 Index
603 1029 796 1079 occupat.
832 1024 878 1063 In
903 1022 1022 1063 cuius
1055 1020 1264 1075 principio
1286 1020 1506 1074 Incipiunt
1533 1019 1651 1060 tituli
1678 1019 1806 1060 tercie
1829 1019 2018 1073 p(ar)tis
2049 1032 2216 1061 summe
2239 1020 2384 1061 sancti
2413 1016 2432 1077 s
2475 1020 2516 1060 T
2508 1020 2633 1060 home

433 1089 486 1130 a’e
517 1089 703 1142 Aquino.
739 1087 785 1126 In
819 1085 903 1125 fine
936 1083 1134 1138 Explicit
1163 1082 1313 1123 tabula
1354 1082 1499 1122 sancti
1535 1082 1576 1121 T
1567 1082 1693 1122 home
1724 1081 1777 1122 de
1807 1078 2077 1140 Aq(ui)no·s
2110 1084 2279 1136 sup(er)
2319 1082 2412 1123 eius
2453 1082 2632 1123 terciam

426 1154 613 1206 partem.
648 1149 773 1190 Folia
794 1153 894 1188 sunt
919 1158 1007 1187 220
1032 1145 1088 1197 (in
1113 1151 1262 1186 nostro
1287 1143 1519 1199 exemplari
1552 1143 1737 1198 primum
1761 1149 1803 1184 et
1825 1143 2022 1185 ultimum
2056 1143 2371 1194 desiderantur;
2407 1144 2554 1185 nescio
2578 1158 2632 1186 an

434 1214 532 1255 alba
554 1212 749 1267 fuerint);
784 1210 935 1251 decem
969 1221 1204 1263 compages
1238 1207 1469 1261 quiniones
1493 1211 1593 1247 sunt
1616 1212 1658 1247 et
1680 1211 1881 1247 notantur
1904 1206 2001 1247 imis
2034 1206 2147 1248 foliis
2171 1221 2178 1248 :
2214 1221 2243 1248 a
2260 1219 2283 1248 c
2300 1220 2324 1247 e
2333 1219 2370 1260 g
2383 1206 2438 1247 il
2447 1220 2475 1247 n
2485 1209 2522 1262 p
2538 1220 2566 1261 q
2582 1219 2633 1255 r:
2665 1240 2669 1247 .

436 1275 666 1317 duodecim
690 1272 996 1328 quaterniones
1016 1285 1023 1312 :
1059 1271 1083 1311 b
1105 1270 1139 1311 d
1143 1269 1187 1324 f
1197 1270 1227 1310 lz
1248 1270 1279 1310 k
1299 1283 1342 1311 m
1364 1283 1388 1310 ο
1410 1273 1430 1310 t
1446 1282 1481 1310 x
1501 1283 1528 1310 e
1549 1282 1608 1310 aa
1630 1269 1681 1310 bb
1697 1285 1716 1317 ,·
1749 1275 1936 1323 quatuor
1957 1269 2176 1311 terniones
2198 1283 2221 1310 s
2242 1282 2272 1309 u
2286 1282 2320 1322 y
2342 1275 2384 1310 et
2405 1268 2632 1311 fasciculus

435 1339 609 1379 ultimus
643 1336 831 1377 Indicem
866 1333 1102 1374 continens.
1138 1332 1329 1388 Paginae
1362 1331 1474 1373 binis
1506 1331 1717 1372 columnis
1741 1331 1798 1372 52
1823 1345 2029 1373 versuum
2063 1331 2325 1373 dividuntur.
2361 1332 2441 1373 Est
2462 1332 2505 1372 in
2528 1332 2632 1374 folio

435 1401 613 1442 minoris
647 1399 822 1446 formae,
858 1397 1101 1437 charactere
1133 1395 1324 1451 gothico.

560 1462 751 1503 Alteram
786 1459 1019 1499 editionem
1043 1458 1096 1498 ab
1122 1458 1235 1498 Hain
1271 1457 1477 1498 omissam
1512 1457 1736 1511 descripsit
1769 1456 1957 1497 Serrano
1981 1457 2170 1498 Morales
2205 1455 2392 1510 (Resefia
2415 1457 2634 1498 Historica

435 1539 487 1566 en
521 1525 658 1564 forma
692 1523 745 1563 de
778 1520 1055 1561 Diccionario
1091 1519 1144 1560 de
1183 1520 1246 1560 las
1280 1520 1518 1574 Imprentas
1556 1533 1642 1573 que
1682 1519 1765 1559 han
1807 1518 1992 1559 existido
2035 1533 2087 1560 en
2122 1518 2381 1560 Valencia...
2416 1532 2497 1573 por
2527 1520 2632 1573 Jose

434 1587 626 1640 Eurique
666 1585 854 1626 Serrano
888 1596 917 1636 y
950 1582 1151 1629 Morales,
1187 1582 1394 1622 Valencia
1435 1582 1709 1634 1898-1899‚
1745 1593 1875 1636 pagg.
1912 1581 2148 1635 440-443).
2182 1580 2230 1621 In
2264 1581 2349 1622 fine
2383 1581 2526 1636 operis
2560 1582 2620 1624 sol

434 1649 607 1705 signato
631 1659 701 1688 2111
724 1646 848 1687 Finit
855 1645 1050 1700 feliciter
1080 1644 1179 1684 t'cia
1205 1645 1358 1698 p(ar)s
1378 1650 1500 1684 sume
1519 1642 1586 1684 sci
1619 1643 1763 1684 thome
1783 1643 1836 1683 de
1858 1643 2058 1696 aq(ui)no
2087 1639 2107 1700 s
2140 1642 2302 1698 imp'ssa
2326 1641 2495 1686 Valetie
2511 1647 2632 1699 p(er)

435 1708 653 1764 magistra
690 1706 889 1749 Laberii-i
919 1706 1124 1761 palmart
1154 1701 1172 1761 s
1204 1705 1438 1746 Alemanz-c.
1478 1706 1622 1747 Anno.
1657 1706 1718 1746 M
1755 1705 1912 1746 CCCC.
1947 1706 2126 1747 Lxxvii.
2166 1705 2236 1747 die
2268 1701 2288 1763 s
2319 1708 2471 1759 v(er)0.
2510 1707 2632 1750 xviii.

435 1773 593 1814 mensis
625 1770 829 1825 Augusti.
865 1770 980 1810 Ante
1016 1774 1058 1809 et
1089 1774 1190 1823 post
1222 1768 1425 1816 Indicem,
1460 1768 1561 1808 folia
1593 1779 1788 1808 2111-zv111
1821 1773 2118 1822 occupantem,
2153 1768 2286 1810 habet
2318 1768 2439 1823 quod
2462 1770 2499 1811 b.
2535 1769 2635 1823 Qua

435 1836 490 1876 de
525 1848 655 1875 causa
688 1846 775 1874 non
810 1831 1133 1872 adhibuerimus
1168 1829 1401 1871 editionem
1435 1830 1752 1878 Valenfianam,
1787 1829 1894 1870 infra
1927 1835 1983 1870 n0.
2009 1831 2068 1871 30
2104 1829 2308 1872 dicemus.

560 1910 592 1937 6.
628 1896 741 1937 Hain
785 1894 989 1935 describit
1030 1906 1125 1933 earn
1169 1893 1250 1933 sub
1285 1895 1340 1933 n⁰.
1373 1894 1499 1945 1469.
1537 1892 1630 1933 Fol.
1668 1903 1756 1943 224
1795 1897 1912 1932 recto
1950 1904 1974 1932 2
2011 1892 2089 1933 col.
2123 1893 2323 1947 Explicit
2363 1893 2478 1935 illud
2521 1894 2640 1948 quod

436 1959 623 2000 habetur
652 1957 704 1998 de
736 1957 863 1998 tertia
888 1958 1021 2011 parte
1051 1968 1216 1995 summe
1246 1955 1390 1995 sancti
1427 1955 1585 1995 Thome
1616 1953 1669 1995 de
1701 1954 1860 2007 aquino
1892 1954 2058 1995 ordinis
2075 1954 2283 2009 fratrum
2306 1956 2635 2011 predicatorum

436 2022 513 2076 qui
533 2023 769 2076 preventus
800 2021 934 2060 morte
956 2031 1052 2059 eam
1076 2017 1286 2072 perficere
1306 2030 1390 2058 non
1415 2018 1562 2072 potuit
1574 2032 1591 2065 ‚·
1624 2016 1797 2057 inferius
1819 2017 1944 2057 Laus
1964 2017 2069 2058 Deo.
2094 2019 2211 2059 Ante
2235 2025 2276 2059 et
2297 2025 2398 2074 post
2429 2020 2634 2070 Indicem,

436 2084 522 2124 foll.
560 2082 764 2134 225-229
798 2087 844 2122 ut
875 2081 900 2121 b
933 2080 1012 2121 nisi
1062 2080 1181 2134 quod
1215 2080 1257 2120 in
1290 2080 1376 2121 fine
1422 2079 1542 2120 addit
1588 2080 1713 2119 Laus
1757 2079 1863 2120 Deo.
1910 2079 2004 2121 Fol.
2042 2081 2131 2122 230
2175 2087 2292 2122 recto
2332 2098 2350 2119 ‹
2383 2083 2635 2138 Registrum

438 2151 647 2186 cartarum
676 2161 709 2185 ».
762 2143 967 2198 Sequitur
1016 2142 1179 2183 eisdem
1227 2142 1340 2197 typis
1381 2148 1423 2182 et
1461 2141 1606 2182 charta
1653 2141 2026 2196 Supplementum,
2062 2142 2103 2183 in
2145 2143 2266 2185 cuius
2313 2144 2398 2186 fine
2438 2145 2508 2186 fol.
2544 2146 2636 2199 396

436 2206 695 2262 Expliciunt
724 2206 963 2247 additiones
994 2205 1116 2245 tertie
1138 2206 1288 2259 partis
1309 2205 1487 2245 Summe
1517 2204 1661 2245 sancti
1688 2204 1729 2244 T
1721 2204 1847 2245 home
1867 2204 1920 2245 de
1940 2205 2118 2259 Aquino
2134 2220 2149 2246 .·
2181 2205 2234 2247 de
2260 2206 2410 2248 ordine
2428 2207 2636 2262 fratrum

428 2270 765 2324 predicatorum.
801 2269 1013 2322 Impresse
1044 2267 1173 2307 ductu
1206 2280 1259 2308 ac
1289 2266 1502 2322 impendio
1525 2266 1812 2320 providorum
1843 2267 2037 2309 virorum
2069 2269 2128 2309 lo.
2163 2268 2216 2309 de
2253 2268 2440 2311 Colonia.
2471 2271 2530 2312 Io.
2554 2283 2637 2324 que

437 2332 620 2372 Mathen
652 2331 704 2372 de
745 2331 995 2371 Ghereteem
1035 2330 1247 2370 sociorum
1291 2343 1406 2370 anno
1446 2329 1604 2370 salutis
1645 2329 1864 2370 dominice.
1899 2330 1978 2371 ΜΟ,
1998 2332 2105 2371 66660
2122 2331 2316 2373 lxxviii⁰.
2348 2332 2498 2387 pridie
2537 2332 2636 2374 edus

437 2394 584 2435 madii.
618 2394 744 2434 Laus
774 2393 879 2434 Deo.

560 2517 674 2556 Inter
707 2528 758 2555 ea
791 2528 903 2568 quae
938 2515 990 2554 de
1024 2515 1196 2555 Tertiae
1229 2514 1366 2555 Partis
1406 2514 1634 2554 traditione
1675 2528 1804 2555 manu
1839 2521 1881 2556 et
1913 2515 2026 2569 typis
2068 2522 2240 2556 exarata
2280 2517 2408 2558 nobis
2453 2517 2636 2560 dicenda

436 2585 546 2626 sunt,
566 2579 701 2618 lector
722 2577 851 2617 velim
885 2577 1076 2617 animum
1110 2576 1304 2617 attendat
1325 2576 1379 2617 ad
1404 2582 1552 2617 notam
1575 2577 1656 2617 sub
1681 2583 1798 2618 textu
1822 2578 1864 2618 in
1889 2578 2113 2618 codicibus
2141 2578 2353 2620 Brixiensi
2377 2585 2419 2620 et
2441 2581 2634 2622 Ambro-

437 2641 572 2689 siano‚
608 2653 737 2694 quam
771 2653 852 2679 suo
887 2640 984 2679 loco
1021 2639 1313 2679 exscribemus
1347 2638 1411 2693 (cf.
1436 2639 1541 2679 infra
1574 2645 1634 2679 n⁰⁵
1664 2641 1829 2694 16-28).
1864 2641 1975 2681 Rem
2009 2653 2189 2696 gravem
2223 2647 2384 2691 tractat,
2419 2643 2489 2683 vel
2523 2656 2635 2698 quae

437 2703 583 2758 gravis
617 2702 739 2742 alicui
763 2701 899 2741 videri
932 2707 1092 2755 posset.
1128 2702 1314 2742 Notator
1336 2707 1479 2742 narrat
1502 2701 1543 2742 in
1567 2703 1838 2757 autographo
1861 2703 1987 2743 huius
2011 2703 2182 2744 Tertiae
2205 2704 2342 2751 Partis
2372 2705 2635 2748 solutionem

439 2765 564 2805 unius
599 2764 838 2819 argumenti
880 2763 1087 2804 omissam
1122 2777 1242 2812 esse;
1283 2770 1469 2818 quatuor
1501 2764 1639 2818 spatia
1672 2765 1880 2819 scriptura
1912 2779 2051 2806 vacua
2089 2766 2234 2806 relicta
2268 2779 2389 2816 esse;
2425 2774 2477 2816 et,
2514 2768 2635 2823 quod

441 2827 632 2866 omnium
666 2827 787 2880 peius
822 2831 897 2874 est,
933 2826 1068 2866 tribus
1103 2826 1356 2866 authenticis
1396 2826 1654 2867 lectionibus
1694 2827 1844 2868 deletis
1877 2834 1963 2868 tres
1996 2828 2100 2868 alias
2134 2828 2177 2868 in
2210 2828 2306 2883 ipso
2346 2831 2633 2886 autographo,

441 2888 518 2928 sed
553 2901 639 2928 non
680 2901 755 2942 per
787 2888 832 2929 S.
857 2889 1086 2937 Thomam,
1122 2889 1342 2943 appositas
1377 2902 1484 2929 esse.
1531 2889 1662 2941 Quae.
1689 2890 1724 2930 si
1758 2903 1862 2930 vera
1894 2896 2005 2939 sunt,
2029 2904 2180 2945 parum
2215 2891 2339 2932 abest
2371 2899 2418 2934 ut
2451 2906 2505 2934 ex
2538 2893 2634 2935 uni·
2669 2928 2683 2946 .-

441 2963 567 2990 versa
611 2950 838 2990 traditione
878 2951 1166 3005 manuscripta
1206 2957 1352 2991 noster
1384 2952 1402 2991 I
1435 2951 1585 2992 unicus
1619 2952 1876 3007 autographi
1917 2953 2037 2994 testis
2082 2953 2252 2994 relictus
2286 2954 2362 3003 sit,
2398 2968 2497 2996 nam
2532 2962 2632 2998 octo
2673 2946 2690 2957 ⁹

442 3012 536 3052 loca
568 3012 693 3052 simul
727 3018 896 3066 sumpta
919 3013 959 3052 in
984 3013 1101 3053 nullo
1125 3013 1209 3053 alio
1234 3013 1384 3053 codice
1419 3013 1632 3068 quadrant
1655 3028 1751 3055 cum
1776 3028 1828 3055 eo
1853 3015 1973 3069 quod
1997 3017 2253 3071 autographi
2286 3017 2418 3058 fuisse
2441 3025 2634 3059 narrator

442 3081 670 3115 asseverat.
705 3075 800 3114 Nos
835 3075 871 3114 ei
906 3088 993 3114 non
1028 3075 1252 3124 credimus,
1289 3076 1392 3130 quin
1427 3089 1525 3116 eum
1560 3077 1716 3117 odiosa
1747 3090 1858 3118 voce
1892 3078 2146 3119 mendacem
2187 3080 2472 3120 nominemus.
2515 3079 2632 3132 Quid

443 3137 480 3176 ei
514 3136 719 3176 accidisse
754 3135 881 3176 nobis
914 3136 1121 3186 videatur,
1157 3151 1236 3178 suo
1271 3139 1369 3179 loco
1404 3151 1483 3179 nec
1516 3139 1608 3179 sine
1642 3140 1940 3194 probabilibus
1976 3141 2105 3182 credo
2145 3141 2411 3197 argumentis
2445 3142 2633 3196 explica-

444 3198 597 3238 bimus.
635 3221 685 3228 —
727 3198 884 3238 Omnia
929 3198 981 3239 de
1023 3199 1251 3240 traditione
1292 3201 1334 3242 in
1366 3201 1557 3257 generali
1608 3202 1790 3243 dicenda
1834 3203 1889 3243 ad
1935 3209 2035 3244 octo
2083 3216 2254 3244 summa
2302 3202 2441 3257 capita
2486 3203 2632 3245 reduci

444 3266 636 3313 possunt.
686 3260 829 3300 Primo
881 3260 1031 3301 damus
1081 3262 1318 3303 Elenchum
1369 3264 1568 3305 codicum
1617 3265 1690 3319 qui
1739 3265 1794 3305 ad
1844 3272 2036 3307 nostram
2085 3265 2279 3306 notitiam
2329 3272 2630 3320 pervenerunt.

445 3321 648 3362 Secundo
693 3322 920 3362 relationes
965 3323 1142 3378 originis
1186 3330 1377 3366 textuum
1420 3327 1618 3367 codicum
1657 3328 1784 3368 unius
1817 3328 1953 3369 seriei.
1988 3327 2136 3382 Tertio
2176 3327 2352 3368 easdem
2385 3327 2427 3368 in
2463 3327 2632 3369 duabus

445 3382 536 3423 aliis
569 3384 762 3424 seriebus
797 3385 1130 3427 consideramus.
1157 3386 1320 3438 Quarto
1355 3384 1524 3443 agimus
1554 3389 1608 3430 de
1637 3388 1853 3444 aliquibus
1886 3389 2073 3444 antiquis
2105 3389 2363 3430 lectionibus
2395 3390 2630 3444 speciatim.

446 3445 609 3496 Quinto
649 3446 701 3486 de
743 3453 845 3486 nota
887 3447 1084 3488 codicum
1128 3448 1362 3490 Brixiensis
1397 3457 1438 3490 et
1471 3450 1764 3492 Ambrosiani.
1813 3452 1950 3493 Sexto
1984 3449 2038 3491 de
2072 3451 2352 3492 relationibus
2393 3451 2631 3493 editionum

445 3506 553 3547 inter
590 3520 636 3547 se
675 3514 716 3547 et
754 3522 849 3548 cum
894 3509 1127 3551 codicibus.
1162 3510 1358 3565 Septimo
1394 3512 1448 3552 de
1484 3513 1692 3554 methodo
1736 3526 1867 3567 quam
1910 3512 2044 3554 secuti
2077 3518 2242 3554 textum
2283 3512 2629 3555 instauravimus.

447 3568 616 3609 Octavo
652 3569 704 3609 de
739 3570 934 3611 codicum
969 3577 1010 3611 et
1043 3572 1279 3614 editionum
1313 3574 1578 3616 variantibus
1621 3575 1770 3616 tacitis.
1816 3576 1940 3629 Quae
1972 3573 2156 3629 excipiet
2187 3575 2403 3617 Elenchus
2436 3582 2631 3618 veterum

446 3630 676 3671 lectionum
711 3632 833 3673 tacite
869 3640 1165 3676 correctarum.
