2872 3970
19 615 34 645 ¹L
58 627 69 640 ⁸
87 626 153 648 Vera.

30 664 37 682 ,²
55 653 91 677 ad
102 652 162 676 He».
175 658 226 680 cap.
241 657 266 679 ιι,

24 693 26 696 ι
39 710 42 711 7
56 685 116 702 vert.
131 685 167 702 ιο.

169 632 188 655 5.
205 637 216 643 -
230 625 265 647 Cf.

34 731 44 755 ⁷7⁷
56 751 69 764 ¹·
79 751 116 774 ne
126 750 186 773 rrae
197 750 264 772 orm.

26 785 32 803 ;
54 778 96 801 lib.
109 777 149 805 111,
166 783 217 805 cup.
232 783 263 798 xi.

38 1226 67 1244 θ
77 1226 128 1249 Art.
142 1232 167 1256 33
182 1232 221 1254 qu.
236 1232 262 1254 ιι,

38 1269 51 1283 f
66 1256 95 1276 η.
109 1252 134 1276 ⁶.

1003 256 1265 303 QUAESTIO
1295 257 1361 305 IV,
1391 257 1682 294 ARTICULUS
1710 258 1760 294 VI

349 334 384 372 3.
414 336 652 382 ΡκΑΕτΕκΕΑ,
681 334 832 384 sapiens
869 341 1049 383 operator
1080 334 1228 383 perficit
1255 346 1355 383 opus

294 398 411 423 suum
425 387 591 425 breviori
604 387 668 424 via
681 399 760 436 qua
772 394 907 436 potest.
924 387 1001 423 Sed
1015 386 1170 423 brevior
1182 387 1245 423 via
1266 387 1354 423 fuis-

290 445 350 476 set
368 439 399 476 si
425 451 561 476 omnes
586 439 764 477 homines
790 439 975 488 assumpti
997 438 1155 475 fuissent
1177 439 1227 476 ad
1246 447 1354 476 natu-

238 525 244 530 .
293 493 412 528 ratem
437 492 672 539 filiationem,
693 503 812 541 quarn
837 491 945 540 quod
968 503 1038 540 per
1060 503 1185 528 unum
1214 491 1354 528 Filium

293 546 506 582 naturalem
533 544 639 581 multi
661 546 699 581 in
722 544 956 593 adoptionem
968 544 1143 591 filiorum
1166 544 1353 581 adducan-

292 602 354 633 tur
366 595 392 644 fl,
413 604 457 634 ut
481 596 619 634 dicitur
639 596 760 634 Galat.
781 608 815 633 1v
833 596 863 632 ²¹².
893 597 994 643 Ergo
1021 603 1157 633 natura
1182 597 1354 633 humana

293 649 425 686 debuit
442 660 466 686 a
483 648 580 686 Filio
603 649 675 686 Dei
692 648 837 686 assumi
862 649 902 685 in
925 648 1109 685 omnibus
1135 649 1351 697 suppositis.

346 702 420 738 Si-:n
454 713 598 738 comm.
632 712 698 738 Est
732 701 840 750 quod
877 702 1142 738 Damascenus
1177 701 1284 747 dicit,
1314 701 1352 737 in

291 754 338 791 111
354 753 453 791 libro
472 753 503 801 ²¹⁸,
532 754 639 802 quod
667 752 786 790 Filius
805 753 877 790 Dei
900 765 975 790 non
1003 755 1198 803 assumpsit
1225 755 1352 790 huma-

289 817 381 843 nam
407 812 584 843 natta-am
608 818 707 856 quae
731 808 769 843 in
788 807 908 855 specie
934 806 1209 843 consideratur:
1237 819 1354 855 neque

284 860 390 896 enim
417 870 547 896 omnes
568 860 787 908 hypostases
813 860 890 895 eius
916 861 1121 908 assumpsit.

342 911 568 949 Rssroumzo
594 922 777 949 mcENDuM
803 911 912 960 quod
931 923 1012 948 non
1031 911 1099 948 fuit
1117 910 1353 948 conveniens

286 964 400 1012 quod
416 964 591 1001 humana
618 971 754 1001 natura
772 964 811 1001 in
830 964 1014 1000 omnibus
1039 964 1118 1000 suis
1146 963 1353 1013 suppositis

288 1028 314 1052 a
338 1014 470 1053 Verbo
497 1024 767 1058 assumeretur.
806 1016 937 1053 Primo
966 1017 1136 1066 quidem⁷
1165 1017 1257 1065 quia
1283 1018 1353 1053 tol-

290 1069 431 1106 leretur
457 1069 662 1106 multitudo
697 1069 986 1119 suppositorum
1022 1070 1216 1106 humanae
1244 1076 1353 1106 natu-

291 1133 366 1169 rae,
393 1134 493 1171 quae
521 1130 577 1159 est
603 1122 638 1159 ei
665 1121 933 1159 connaturalis.
964 1122 1067 1159 Cum
1095 1122 1198 1158 enim
1224 1121 1264 1158 in
1286 1133 1352 1158 na-

286 1181 375 1211 >tura
402 1182 599 1224 assumpta
629 1186 710 1211 non
737 1175 783 1211 sit
810 1173 1050 1211 considerare
1078 1174 1182 1211 aliud
1210 1186 1352 1223 suppo-

290 1225 406 1263 situm
433 1235 583 1276 praeter
601 1238 810 1276 personam
837 1235 1109 1273 assumentem,
1129 1234 1171 1263 ut
1198 1239 1315 1276 supra
1333 1227 1354 1249 '¹‘

285 1278 452 1321 dictum]
472 1287 548 1323 esu
585 1279 616 1316 si
649 1290 730 1316 non
766 1286 864 1316 esset
899 1287 1036 1316 natura
1072 1281 1245 1317 humana
1281 1279 1352 1316 nisi

286 1339 742 1381 assumpta..·sequeretur
766 1332 876 1381 quod
895 1343 976 1368 non
1001 1340 1100 1368 esset
1126 1332 1199 1368 nisi
1227 1344 1352 1369 unum

288 1383 535 1434 suppositum
562 1385 759 1422 humanae
788 1392 957 1433 naturae,
978 1385 1086 1433 quod
1105 1392 1161 1421 est
1187 1397 1354 1435 persona

286 1435 512 1474 assumens(

344 1490 536 1538 Secund05
553 1490 648 1539 squia
667 1491 743 1528 hoc
761 1491 961 1538 derogaret
983 1490 1152 1538 dignitati
1172 1490 1256 1527 Filii
1281 1490 1353 1527 Dei

286 1541 485 1590 incarnati,
503 1542 622 1593 prout
640 1551 696 1580 est
717 1545 993 1593 primogenitus
1020 1545 1057 1580 in
1077 1543 1200 1580 multis
1216 1544 1352 1591 fratri-

31 1590 261 1648 ζᾹῗ-Ᾰβςῗζζψ·
286 1597 358 1632 bus
380 1594 401 1617 '¹‘
438 1596 654 1633 secundum
688 1597 905 1633 humanam
939 1603 1134 1642 naturam,
1164 1595 1262 1632 sicut
1297 1603 1353 1632 est

33 1643 202 1708 :fggfflffgf-
211 1659 262 1682 0⁸1³-
283 1649 559 1698 primogenitus
594 1650 714 1686 omnis
748 1654 943 1686 creaturae
960 1648 980 1670 ’¹‘
1008 1648 1224 1685 secundum
1257 1648 1352 1685 divi—

289 1712 382 1738 nam
392 1706 419 1736 Υ.
440 1701 577 1738 Essent
596 1700 700 1738 enim
718 1709 811 1738 tunc
830 1713 966 1738 omnes
986 1701 1164 1738 homines
1183 1701 1352 1750 aequalis

290 1753 490 1801 dignitatis.

343 1883 369 1919 β)
387 1885 566 1910 adducantur.
577 1897 598 1903 -
614 1885 714 1914 Tertia;
732 1885 909 1910 advocantur.

341 1920 369 1954 γ)
385 1924 495 1952 prout...
506 1920 650 1945 secundum
666 1920 793 1946 divinam.
805 1935 825 1939 —
836 1920 857 1944 F
871 1925 896 1944 et
907 1919 995 1951 tertia3
1005 1923 1091 1952 prout
1104 1923 1143 1945 est
1153 1920 1354 1953 primogenitus

289 1956 375 1981 omnis
391 1958 533 1981 creaturae
549 1955 651 1981 scilicet
670 1956 730 1981 Dei.

2418 257 2466 294 85

1460 335 1603 381 Tertio,
1625 335 1716 384 quia
1735 334 1969 371 conveniens
1997 335 2065 371 fuit
2085 336 2202 384 quod.
2224 336 2320 373 sicut
2342 347 2468 372 unum

1407 388 1651 436 suppositum
1685 387 1861 424 divinum
1889 395 1945 423 est
1977 387 2234 435 incarnatum,
2264 388 2314 426 ita
2347 401 2468 425 unam

1407 441 1529 476 solam
1548 448 1726 477 naturam
1745 441 1960 477 humanam
1979 449 2209 477 assumeret:
2240 449 2282 477 ut
2301 453 2347 478 ex
2365 449 2467 478 utra-

1407 504 1483 540 que
1511 500 1618 542 parte
1646 493 1771 530 unitas
1800 493 2027 529 inveniatur.

1460 546 1516 581 Ao
1533 557 1666 582 PRIMUM
1686 558 1783 582 ERGO
1803 558 1983 582 DICENDUM
1999 546 2105 594 quod
2125 546 2268 582 assumi
2288 546 2468 583 convenit

1407 598 1623 634 secundum
1643 610 1683 634 se
1703 599 1897 635 humanae
1926 606 2094 644 naturae,
2115 598 2206 647 quia
2230 599 2368 635 scilicet
2386 611 2467 635 non

1407 650 1586 686 convenit
1600 650 1634 686 ei
1649 650 1794 686 ratione
1813 662 2012 699 personae,
2029 651 2124 687 sicut
2142 659 2300 688 naturae
2315 651 2466 688 divinae

1407 702 1587 739 convenit
1614 715 1808 739 assumere
1829 703 1973 740 ratione
1992 715 2191 752 personae.
2221 705 2314 740 Non
2337 711 2467 740 autem

1406 754 1497 802 quia
1515 753 1529 776 δ
1556 756 1737 792 convenit
1764 755 1799 791 ei
1827 756 2043 792 secundum
2078 769 2117 792 se
2152 756 2247 793 sicut
2274 757 2467 805 pertinens

1406 807 1455 843 ad
1483 807 1670 856 principia
1701 808 1912 845 essentialia
1940 808 2039 856 eius,
2068 810 2130 845 vel
2157 809 2253 845 sicut
2288 809 2467 846 naturalis

1406 859 1488 895 eius
1515 860 1745 909 proprietas:
1784 873 1853 909 per
1889 873 2007 909 quem
2044 862 2210 898 modum
2245 861 2468 898 conveniret

1407 912 1588 948 omnibus
1617 912 1699 949 eius
1727 913 1943 962 suppositis.

1459 965 1516 1001 AD
1544 977 1733 1002 SECUNDUM
1767 978 1947 1003 DICENDUM
1983 967 2090 1015 quod
2128 967 2277 1003 dilectio
2314 967 2386 1003 Dei
2419 967 2468 1003 ad

1406 1016 1585 1053 homines
1613 1018 1875 1055 manifestatur
1893 1030 1972 1055 non
2001 1021 2128 1055 solum
2153 1019 2191 1055 in
2211 1019 2292 1068 ipsa
2320 1031 2467 1056 assum-

1405 1068 1536 1118 ptione
1565 1071 1759 1106 humanae
1787 1079 1962 1117 naturae,
1993 1072 2060 1108 sed
2088 1072 2293 1120 praecipue
2326 1084 2396 1120 per
2422 1084 2468 1108 ea

1406 1133 1506 1170 quae
1534 1134 1670 1170 passus
1697 1130 1753 1159 est
1778 1123 1817 1159 in
1836 1131 1972 1160 natura
2000 1125 2172 1161 humana
2190 1136 2261 1173 pro
2290 1124 2370 1160 aliis
2398 1125 2467 1161 ho-

1405 1173 1592 1211 minibus:
1623 1175 1840 1212 secundum
1863 1175 1955 1212 illud
1978 1178 2089 1213 Rom.
2109 1189 2132 1212 v
2151 1177 2188 1213 *2
2223 1177 2468 1213 Commendat

1406 1233 1528 1263 autem
1556 1228 1658 1263 Deus
1684 1240 1791 1264 suam
1820 1230 2010 1265 caritatem
2039 1231 2076 1265 in
2105 1231 2226 1274 nobis,
2256 1231 2353 1278 quia,
2382 1241 2467 1265 cum

1406 1281 1549 1316 inimici
1573 1291 1752 1326 essemus,
1784 1282 1948 1317 Christus
1974 1293 2048 1330 pro
2077 1283 2181 1318 nohis
2212 1288 2378 1318 mortuus
2405 1288 2467 1318 est.

1405 1332 1526 1378 Quod
1554 1333 1684 1369 locum
1712 1344 1793 1369 non
1822 1333 1979 1370 haberet
2009 1333 2039 1370 si
2067 1333 2106 1370 in
2135 1333 2317 1371 omnibus
2343 1334 2468 1371 homi-

1404 1385 1519 1421 nibus
1547 1393 1726 1422 naturam
1754 1386 1969 1423 humanam
1998 1386 2275 1435 assumpsisset.

1458 1439 1514 1474 An
1542 1449 1701 1475 TERTIUM
1729 1450 1910 1475 DICENDUM
1938 1439 2045 1487 quod
2065 1439 2114 1476 ad
2138 1439 2363 1476 brevitatem
2382 1439 2468 1475 viae

1405 1502 1524 1539 quam
1557 1491 1708 1539 sapiens
1737 1499 1915 1540 operator
1942 1492 2138 1538 observat,
2167 1492 2329 1540 pertinet
2360 1492 2468 1540 quod

1405 1555 1484 1579 non
1521 1542 1631 1579 faciat
1667 1555 1737 1592 per
1771 1545 1892 1580 multa
1931 1545 2038 1592 quod
2078 1544 2310 1581 sufficienter
2344 1552 2469 1593 potest

1404 1595 1487 1632 fieri
1514 1608 1584 1644 per
1602 1608 1739 1632 unum.
1777 1597 1824 1632 Et
1851 1596 1938 1633 ideo
1963 1597 2372 1634 convenientissimum
2399 1597 2469 1634 fuit

1405 1648 1511 1697 quod
1548 1660 1618 1697 per
1654 1661 1780 1685 unum
1818 1649 2019 1686 hominem
2056 1650 2117 1686 alii
2145 1662 2282 1687 omnes
2309 1656 2321 1671 ἰ
2350 1651 2468 1686 salva-

1405 1709 1547 1737 rentur.

1459 1883 1484 1917 ὃ)
1503 1885 1575 1916 quia.
1587 1898 1607 1902 —
1623 1884 1659 1915 E;
1679 1885 1751 1917 quod
1768 1885 1859 1917 prima,
1878 1893 1931 1910 om.
1951 1885 1971 1909 F
1990 1891 2016 1910 et
2033 1886 2116 1911 tertia.

1459 1919 1482 1954 ε)
1500 1920 1550 1944 alii
1568 1927 1666 1945 omnes.
1678 1934 1698 1938 —
1715 1921 1764 1945 alii
1781 1920 1899 1945 homines
1918 1920 2039 1951 BEFabc‚
2059 1928 2149 1946 omnes
2168 1922 2217 1947 alii
2234 1921 2299 1948 PGl.

964 2034 1297 2066 Commentario.
1321 2023 1571 2066 cardinalis
1592 2034 1794 2067 Caietani

310 2143 311 2147 ,
349 2133 456 2155 notus
487 2122 610 2153 articuli
638 2121 862 2162 intelligendus
892 2127 939 2152 est
965 2122 999 2152 in
1021 2131 1118 2152 sensu
1144 2122 1178 2151 in
1201 2130 1268 2161 quo
1298 2120 1350 2157 fit,

290 2133 449 2207 Tmagis
472 2176 571 2207 quam
592 2167 627 2196 in
649 2175 744 2196 sensu
768 2175 867 2206 quem
889 2165 973 2196 facit.
1008 2166 1092 2196 Nam
1115 2175 1172 2205 per
1199 2170 1351 2195 naturam

287 2211 463 2242 humanam
486 2211 519 2241 in
543 2210 688 2241 omnibus
708 2209 776 2241 suis
799 2209 973 2241 individuis
994 2209 1130 2240 intendit
1147 2210 1271 2239 Auctor
1289 2209 1352 2239 sin-

288 2255 379 2295 gulas
401 2255 612 2285 humanitates
635 2263 719 2294 quae
740 2254 947 2284 inveniuntur
970 2253 1166 2294 quandoque
1189 2254 1223 2283 in
1245 2263 1352 2283 rerum

288 2303 418 2330 natura:
441 2299 516 2329 licet
538 2299 617 2328 haec
639 2298 746 2334 verba,
763 2303 886 2329 *natura
908 2298 1050 2328 humana
1074 2298 1107 2328 in
1123 2297 1271 2328 omnihus
1286 2297 1354 2328 suis

290 2342 482 2378 individuis,
506 2341 685 2382 significent
716 2342 854 2382 singulas
883 2332 1096 2372 humanitates
1118 2342 1152 2372 in
1182 2341 1246 2371 suis
1277 2351 1352 2381 pro—

288 2387 365 2427 priis
387 2387 571 2427 suppositis.
595 2385 684 2424 Quas
714 2386 789 2426 quia
811 2391 847 2416 ut
876 2386 921 2416 sic
943 2386 1086 2426 implicat
1109 2386 1236 2421 assumi,
1260 2391 1352 2426 puta—

288 2431 335 2461 vit
363 2430 486 2461 Auctor
508 2439 637 2460 sensum
666 2430 826 2460 intentum
857 2430 979 2470 percipi
1005 2430 1125 2470 absque
1148 2430 1352 2469 ambiguitate

289 2474 406 2515 aliqua.
430 2474 477 2505 Ita
499 2473 589 2514 quod
612 2474 801 2514 exponenda
823 2479 898 2504 sunt
920 2474 999 2504 haec
1021 2474 1117 2504 verba
1134 2483 1193 2513 pro
1213 2473 1353 2504 humana

288 2523 412 2554 natura,
434 2527 504 2549 non
526 2526 610 2558 quae
631 2523 688 2554 est,
705 2517 760 2548 sed
784 2527 867 2558 quae
891 2523 972 2548 esset
990 2518 1024 2548 in
1047 2518 1198 2548 omnibus
1217 2518 1282 2548 suis
1304 2518 1353 2548 in-
1371 2522 1374 2525 ’

289 2561 438 2592 dividuis.

346 2605 383 2637 In
398 2614 535 2646 corpore
557 2606 679 2637 articuli
701 2607 796 2636 unica
811 2611 858 2636 est
874 2606 1039 2636 conclusio
1055 2606 1240 2646 responsiva
1251 2615 1352 2646 ,quae-

289 2650 352 2680 sito
375 2650 536 2690 negative:
561 2650 637 2680 Non
651 2650 726 2691 fuit
745 2650 938 2681 conveniens
960 2650 1046 2690 quod
1068 2650 1209 2680 humana
1233 2655 1352 2680 natura

292 2693 325 2724 in
343 2693 489 2724 omnibus
510 2693 578 2724 suis
599 2694 788 2734 suppositis:
809 2694 870 2725 hoc
893 2699 948 2730 est,
972 2694 1058 2734 quod
1072 2694 1224 2735 singulae
1241 2694 1353 2724 huma-

1405 2120 1520 2151 nitates
1543 2131 1626 2161 quae
1644 2121 1914 2152 distribuerentur
1929 2132 1993 2162 per
2008 2123 2117 2153 omnia
2135 2124 2301 2163 supposita
2316 2124 2469 2160 humana,

1403 2170 1647 2196 assumerentur
1662 2175 1682 2196 a
1697 2166 1783 2196 Filio
1799 2166 1871 2196 Dei.
1891 2166 2047 2197 Probatur
2062 2168 2235 2207 tripliciter.
2258 2168 2377 2204 Primo,
2395 2170 2470 2209 quia

1404 2209 1568 2239 tolleretur
1597 2209 1770 2240 multitudo
1801 2211 2043 2250 suppositorum
2073 2211 2107 2241 in
2136 2212 2277 2242 humana
2302 2218 2423 2243 natura.
2447 2231 2471 2235 -

1404 2253 1566 2289 Secundo,
1591 2254 1666 2293 quia
1681 2254 1807 2284 tolleret
1822 2254 1903 2284 Filio
1920 2255 1980 2284 Dei
1997 2254 2182 2294 dignitatern
2198 2257 2469 2296 primogeniturae

1404 2298 1486 2327 inter
1508 2297 1628 2327 multos
1651 2297 1769 2327 fratres.
1792 2315 1816 2320 -
1838 2298 1959 2334 Tertio,
1984 2299 2060 2338 quia
2075 2300 2172 2330 unico
2189 2301 2357 2340 supposito
2374 2301 2470 2331 unica

1404 2347 1567 2381 assumpta
1589 2346 1702 2372 natura
1725 2342 1882 2381 congruit.

1460 2386 1495 2416 In
1518 2386 1728 2426 responsione
1751 2385 1790 2416 ad
1813 2386 1968 2425 primum,
1993 2387 2159 2426 responsio
2184 2388 2328 2417 consistit
2350 2389 2383 2418 in
2406 2387 2469 2418 dis-

1404 2429 1581 2469 tinguendo
1599 2439 1663 2470 per
1684 2439 1718 2460 se
1740 2435 1776 2460 ut
1794 2429 1996 2470 distinguitur
2019 2436 2130 2461 contra
2146 2441 2210 2471 per
2224 2431 2325 2467 aliud,
2349 2432 2470 2462 scilicet

1404 2483 1591 2514 personam:
1617 2479 1648 2504 et
1670 2479 1707 2504 ut
1729 2473 1932 2513 distinguitur
1955 2480 2066 2504 contra
2082 2484 2146 2514 per
2167 2474 2324 2505 accidens.
2359 2476 2468 2506 Primo

1405 2518 1516 2554 modo,
1540 2518 1729 2548 humanitati
1753 2519 1904 2548 convenit
1930 2527 1987 2558 per
2009 2528 2042 2548 se
2066 2520 2199 2549 assumi:
2223 2529 2291 2549 non
2314 2519 2467 2550 secundo.

1460 2562 1496 2592 In
1519 2563 1728 2602 responsione
1751 2562 1791 2592 ad
1813 2561 1991 2592 seeundum
2007 2568 2039 2592 et
2053 2563 2191 2599 tertium,
2208 2564 2373 2602 responsio
2391 2573 2469 2594 con-

1406 2607 1486 2636 sistit
1507 2606 1542 2636 in
1564 2606 1629 2636 hoc
1651 2605 1742 2646 quod
1763 2615 1832 2636 non
1854 2615 1921 2636 uno
1941 2606 2011 2636 solo
2034 2606 2134 2637 modo
2152 2608 2302 2637 convenit
2326 2613 2356 2637 et
2379 2617 2469 2638 com-

1407 2649 1550 2680 mendari
1580 2650 1742 2680 caritatem
1772 2650 1833 2680 Dei
1864 2659 1936 2690 erga
1958 2660 2034 2686 nos,
2067 2656 2097 2681 et
2119 2651 2306 2681 brevitatem
2328 2651 2397 2681 viae
2421 2661 2469 2681 sa-

1405 2694 1522 2734 pientis
1545 2694 1721 2724 observare.
1745 2694 1786 2724 Et
1808 2693 1881 2724 ideo
1906 2695 2200 2725 convenientiorem
2220 2695 2326 2725 decuit
2342 2695 2468 2735 eligere.

1104 2855 1424 2897 ARTICULUS
1455 2855 1663 2898 SEXTUS

510 2955 666 2986 UTRUM
689 2955 848 2986 FUERIT
873 2955 1149 2987 CONVENIENS
1172 2957 1736 3031 UgXFSIIf}[I{{ED{{3}}IZJMANAM
1759 2957 1976 2987 NATURAM
1999 2956 2256 2988 ASSUMERET

654 3086 728 3117 Infra.
747 3095 791 3120 qu.
810 3094 876 3118 xxxi,
895 3091 940 3112 art.
962 3093 989 3118 ις
1008 3087 1039 3112 111
1059 3087 1141 3116 Sem„
1161 3088 1219 3114 dist.
1238 3095 1266 3119 n,
1285 3096 1329 3121 qu.
1347 3096 1366 3119 1,
1385 3093 1431 3114 art.
1452 3095 1475 3118 2,
1495 3087 1544 3121 qu*
1565 3096 1588 3118 2,
1609 3087 1638 3119 33
1661 3088 1803 3120 Compend.
1825 3088 1922 3117 Theoi.y
1943 3096 1997 3120 cap.
2016 3095 2110 3114 ccxvn.

330 3190 391 3219 ³00¹
413 3194 455 3220 Ῡν

326 3212 488 3289 ’ἢέἓῖιή
509 3240 590 3265 non
615 3226 726 3264 fuerit
745 3226 978 3264 conveniens
997 3234 1039 3262 ut
1058 3226 1175 3263 Filius
1193 3228 1266 3264 Dei
1285 3229 1356 3264 hu-

347 3280 350 3286 ’
451 3285 668 3318 manam
702 3287 879 3316 naturam
913 3286 1123 3316 assumeret
1159 3291 1206 3316 ex
1243 3279 1355 3328 stirpe

317 3284 628 3370 ſtrAdae.
667 3332 767 3369 Dicit
795 3332 899 3369 enim
927 3333 1151 3380 Apostolus,
1181 3331 1232 3368 ad
1258 3333 1354 3369 Heb.

508 3188 531 3212 D
559 3187 701 3212 SEXTUM
727 3186 779 3211 stc
804 3186 1039 3211 paoesnrrtm.
1068 3173 1230 3212 Videtur
1249 3175 1358 3224 quod
1380 3175 1383 3215 Ι
1410 3175 1516 3224 quod
1544 3179 1624 3212 non
1661 3174 1791 3212 debuit
1819 3175 1866 3212 de
1895 3175 2008 3225 stirpe
2041 3177 2146 3213 Adae
2183 3185 2360 3232 naturam
2396 3178 2467 3215 hu-

1409 3240 1567 3264 manam
1595 3239 1814 3264 assumere:

1464 3292 1498 3316 2.
1528 3281 1759 3327 Pmmsnm,
1788 3280 1828 3317 in
1856 3280 2027 3330 quolibet
2053 3293 2190 3328 genere
2218 3282 2383 3319 nobilius
2412 3290 2468 3319 est

1408 3331 1640 3381 principium
1668 3345 1715 3370 eo
1744 3333 1851 3382 quod
1885 3342 1940 3370 est
1974 3346 2020 3371 ex
2047 3334 2246 3384 principio.
2285 3335 2324 3372 Si
2356 3334 2468 3383 igitur

2495 1184 2506 1196 ¹·
2520 1184 2586 1205 Vers.
2599 1184 2613 1206 8
2628 1190 2679 1212 sqq.

295 3384 396 3422 v11*:
430 3385 593 3423 Decebat
620 3391 657 3422 ut
684 3391 773 3422 esset
807 3386 911 3422 nobis
933 3385 1107 3434 pontifex
1138 3390 1357 3434 segregatus

297 3449 321 3473 a
342 3440 610 3486 peccatoribus.
651 3438 726 3476 Sed
762 3437 883 3485 magis
920 3444 1016 3473 esset
1044 3449 1066 3473 a
1093 3436 1356 3486 peccatoribus

298 3498 512 3538 segregatus
541 3491 571 3528 si
599 3503 679 3528 non
707 3489 972 3539 assumpsisset
999 3491 1213 3526 humanam
1248 3497 1355 3526 natu-

299 3552 383 3578 ram
421 3554 468 3580 ex
504 3543 617 3593 stirpe
661 3543 767 3580 Adae
804 3542 1023 3592 peccatoris.
1068 3543 1168 3589 Ergo
1206 3541 1357 3579 videtur

1409 3397 1603 3422 assumere
1631 3385 1752 3423 voluit
1786 3387 2000 3423 humanam
2028 3394 2223 3435 naturam,
2254 3387 2373 3435 magis
2402 3388 2465 3425 de-

1409 3437 1490 3474 buit
1518 3449 1604 3474 eam
1632 3450 1827 3475 assumere
1855 3439 1894 3475 in
1922 3439 2005 3488 ipso
2034 3440 2170 3476 Adam.

1465 3490 1497 3526 3.
1528 3491 1758 3537 Pmmmm,
1786 3491 1941 3539 gentiles
1968 3492 2121 3528 fuerunt
2148 3492 2268 3540 magis
2290 3501 2464 3542 peccato·
2492 3530 2531 3551 ,Ι
2583 3530 2596 3550 ¹,

1409 3555 1468 3579 res
1487 3555 1607 3592 quam
1626 3544 1775 3581 Iudaei:
1796 3552 1838 3581 ut
1857 3544 1945 3581 dicit
1965 3545 2100 3581 Glossa
2114 3544 2144 3592 ³¹⁶,
2164 3546 2284 3582 Galat.
2301 3558 2332 3593 ιι,
2349 3558 2465 3595 super
2492 3534 2582 3578 roffi
2592 3536 2622 3551 ¹¹¹*
2646 3533 2668 3551 et
