2912 4030
421 267 491 293 XXII

474 342 493 362 1.
518 333 543 360 5.
565 331 624 360 Sed
646 336 757 358 contra.

501 371 605 400 Filium
641 379 725 398 suum
754 370 871 408 sactum
902 376 942 396 ex
972 366 1096 394 muliere
1132 364 1202 393 dicit
1234 363 1337 392 Glossa
1378 360 1495 390 codices

541 417 654 448 praeter
675 411 731 444 HQ
751 409 812 445 (ubi
832 408 877 436 vel
898 413 925 436 et
946 413 1012 435 ante
1035 405 1106 433 dicit
1127 403 1243 439 diversi)

502 451 606 480 Filium
629 459 714 478 suum
736 449 805 477 dicit
826 448 930 476 Glossa
971 447 997 474 H

503 491 607 519 Filium
628 499 712 518 suum
735 494 787 517 etc.
811 489 880 516 dicit
901 487 1005 515 Glossa
1047 485 1063 513 b

502 531 605 560 Filium
628 539 712 558 suum
727 530 844 567 sactum
859 536 899 556 ex·
913 526 1036 554 muliere
1050 526 1167 563 sactum
1186 523 1238 552 sub
1257 523 1334 561 Iege.
1356 521 1411 550 Ubi
1425 520 1496 548 dicit

546 571 650 599 Glossa
692 570 744 604 Qc.

427 678 459 703 et
481 670 514 702 id
537 679 639 710 genus
662 669 779 709 plures,
796 666 962 708 probabile
985 663 1144 695 videbitur
1168 671 1282 693 omnes
1306 659 1497 691 differentias

426 718 509 747 inter
524 715 542 746 ὁ
559 720 589 745 et
605 724 631 750 c,
649 713 681 751 Q
697 722 772 743 curn
788 721 806 742 c
821 711 967 746 faciente,
993 719 1031 739 ex
1054 708 1110 739 illo
1130 708 1202 748 ipso
1227 705 1339 736 codice
1362 703 1496 734 venisse.

428 761 535 799 Quam
559 767 629 788 raro
653 763 761 788 tamen
776 756 794 786 b
811 760 842 786 et
858 764 875 786 c
891 759 976 785 extra
1001 761 1172 793 operarum
1201 751 1308 790 lapsus
1337 753 1498 779 correctos

429 804 592 838 differant,
625 812 662 832 ex
696 802 759 831 hoc
794 799 881 830 cerni
914 803 1021 839 potest
1055 795 1146 836 quod
1177 796 1210 826 in
1241 793 1354 824 decem
1388 791 1498 832 primis

429 847 680 887 Quaestionibus
704 843 899 876 differentiae
922 843 994 873 loca
1017 841 1171 881 pauciora
1194 844 1268 870 sunt
1285 846 1383 878 quam
1401 845 1453 866 20.

486 893 537 930 34.
566 891 687 921 Textus
710 899 728 920 c
751 893 923 928 antequam
946 886 1050 916 forma
1074 883 1223 915 editionis
1246 882 1363 913 Pianae
1385 879 1499 911 indue-

429 938 532 972 batur,
548 945 605 975 per
627 933 741 974 integri
764 931 883 962 saeculi
906 930 1046 971 spatium
1063 928 1223 959 editorum
1247 925 1500 957 correctionibus

401 989 403 991 ’
428 980 567 1021 patebat.
592 978 696 1009 Multo
720 983 828 1007 tamen
855 976 962 1006 minus
986 982 1084 1014 quam
1108 972 1180 1013 quis
1204 981 1222 1001 a
1244 970 1344 1010 longo
1373 974 1501 1009 tempo-

429 1034 503 1055 rum
525 1022 692 1054 intervallo
709 1025 863 1061 argueret,
880 1019 904 1049 P
921 1029 940 1049 a
955 1028 972 1049 c
995 1017 1117 1048 differt:
1141 1025 1210 1047 non
1225 1014 1365 1046 multum
1381 1013 1501 1054 pluries

430 1067 527 1099 credo
547 1076 644 1107 quam
661 1066 778 1096 centies
793 1065 826 1095 in
843 1064 956 1094 decem
979 1061 1090 1103 primis
1106 1059 1368 1099 Quaestionibus.
1393 1057 1502 1096 Quam

429 1121 543 1153 parum
568 1111 630 1141 hoc
655 1110 703 1146 sit,
721 1114 807 1150 patet
831 1106 1044 1138 consideranti
1068 1110 1100 1136 et
1121 1113 1295 1136 numerum
1311 1108 1343 1134 et
1357 1101 1503 1134 indolem

432 1155 684 1187 convenientiae.
718 1153 754 1184 In
777 1153 884 1183 tabula
906 1155 944 1182 n⁰
968 1151 1009 1182 32
1034 1149 1192 1190 descripta
1214 1153 1289 1179 sunt
1311 1147 1384 1178 ioca
1407 1145 1503 1178 simul

431 1205 560 1240 sumpta
585 1199 665 1239 276;
691 1197 842 1228 omnibus
864 1197 914 1228 his
930 1205 947 1227 c
963 1201 995 1226 et
1009 1195 1034 1225 P
1050 1193 1173 1225 faciunt
1196 1202 1272 1224 cum
1288 1192 1316 1228 b,
1334 1196 1365 1222 et
1382 1191 1503 1222 vicissi-

431 1244 559 1276 tudines
583 1243 738 1284 siglorum
762 1242 830 1272 eius
854 1245 1043 1281 sequuntur.
1069 1238 1145 1270 ldeo
1169 1238 1326 1269 habemus

675 1344 762 1373 PHbc
1110 1339 1184 1368 locis
1206 1346 1263 1376 249

640 1402 646 1410 .
677 1384 734 1412 Pbc
755 1383 817 1411 sine
839 1383 866 1410 H
1147 1391 1162 1406 »
1226 1386 1263 1416 27

676 1424 728 1452 ΡΠ)
1147 1431 1162 1446 »
1206 1419 1264 1447 226

678 1464 735 1492 Pbc
757 1462 818 1490 sine
840 1463 850 1490 1
1148 1471 1164 1486 ιι
1229 1459 1266 1487 50

677 1503 761 1531 PGbc
1148 1511 1163 1525 x·
1207 1506 1266 1526 210

676 1544 735 1571 Pbc
757 1542 818 1570 sine
841 1542 866 1569 G
1147 1550 1163 1565 ι
1227 1538 1265 1566 66

677 1583 760 1611 PEbc
1147 1589 1162 1604 »
1228 1585 1266 1614 29

677 1623 758 1651 PFbc
1149 1629 1163 1644 ιο
1229 1619 1267 1646 60

680 1662 785 1691 FEFbc
1150 1670 1164 1684 ιο
1249 1658 1266 1685 6

438 1759 516 1788 Post
538 1756 727 1787 relationem
750 1755 783 1784 in
800 1754 818 1784 b
833 1757 941 1783 natam
965 1757 996 1782 et
1018 1752 1052 1781 in
1072 1759 1090 1781 e
1103 1751 1155 1780 vix
1179 1755 1306 1780 auctam
1329 1749 1380 1779 vel
1404 1748 1510 1779 minu-

440 1809 507 1833 tam
530 1799 754 1832 convenientia
788 1803 892 1828 textus
927 1795 1003 1826 editi
1039 1804 1114 1825 cum
1146 1794 1177 1824 H
1191 1793 1221 1824 G
1234 1793 1246 1824 1
1259 1793 1323 1824 EF
1336 1793 1365 1823 D
1378 1802 1399 1824 a
1429 1793 1463 1823 in
1485 1792 1511 1823 P

441 1847 540 1877 crevit
563 1850 594 1875 et
617 1843 756 1875 decrevit
779 1840 958 1872 secundum
982 1844 1171 1880 sequentem
1195 1837 1348 1873 tabulam,
1369 1846 1452 1878 quae
1469 1846 1506 1877 91

442 1891 514 1921 loca
529 1890 613 1920 varia
629 1887 766 1928 respicit.
792 1885 1028 1917 Convenientia
1044 1884 1068 1914 P
1085 1892 1160 1914 cum
1177 1883 1189 1912 1
1206 1887 1348 1923 separata
1369 1882 1511 1922 ponitur.

687 1990 719 2021 P(
722 1987 852 2024 A)EGH1
963 2022 966 2026 .
1060 1993 1068 2012 1

687 2030 738 2056 PD
1257 2032 1266 2051 x

664 2068 666 2070 ’
687 2069 761 2096 PDF'
1260 2072 1269 2091 1

687 2108 805 2136 PDGHI
1061 2113 1069 2131 1

688 2150 728 2177 Pa
1090 2148 1093 2150 '

689 2189 767 2217 PGH

690 2229 791 2256 PFGH

691 2269 764 2296 PFH

692 2309 741 2336 PG

692 2348 753 2376 PG1

692 2389 738 2416 PF
740 2388 776 2415 Gl

693 2427 791 2456 PEFG

693 2468 727 2496 Pl

694 2509 754 2536 PEl

1258 2153 1278 2339 ..ι-«κη...

1061 2466 1078 2532 ...00
1061 2346 1078 2413 mm

696 2549 744 2576 PE
1267 2554 1276 2572 ι

696 2589 741 2615 PF

698 2628 767 2655 PEF
1267 2633 1277 2652 1

696 2669 719 2695 P
740 2667 802 2695 sola

1062 2748 1099 2768 20

459 2838 635 2876 Respectus
652 2845 726 2874 ergo
743 2835 767 2864 P
784 2833 823 2864 ad
840 2833 967 2864 codices
990 2842 1089 2873 penes
1113 2833 1372 2863 convenientiam
1388 2837 1526 2862 attentus

461 2880 526 2911 fere
550 2881 576 2910 is
599 2880 713 2910 mansit
737 2879 792 2918 qui
816 2879 897 2908 inter
919 2878 937 2908 b
958 2883 990 2908 et
1013 2876 1141 2907 codices
1165 2877 1229 2907 iam
1254 2877 1428 2907 obtinebat.
1452 2876 1527 2906 Hoc

463 2930 509 2955 est
544 2923 632 2964 quod
666 2923 818 2958 diximus,
846 2923 864 2952 b
889 2922 1008 2952 scilicet
1042 2921 1157 2952 faciem
1192 2931 1282 2951 suam
1313 2922 1346 2951 in
1377 2921 1527 2951 omnibus

464 2968 656 2998 editionibus
683 2966 859 2997 ostendere.

498 3065 525 3101 §.
543 3062 609 3093 VII.
631 3080 653 3084 -
676 3062 734 3092 DE
758 3061 931 3091 TEXTUS
954 3059 1249 3091 INSTAURANDI
1274 3059 1495 3090 METHODO

524 3156 575 3186 35.
600 3156 636 3186 In
658 3156 721 3185 hoc
751 3154 931 3185 Undecimo
963 3153 1111 3183 editionis
1143 3159 1269 3184 nostrae
1292 3153 1468 3184 Volumine
1491 3154 1529 3183 ab

468 3200 608 3230 editione
632 3199 728 3229 Piana
743 3198 822 3228 locis
846 3198 968 3227 circiter
983 3197 1070 3235 4600
1095 3196 1278 3233 differimus,
1297 3207 1437 3238 quorum
1453 3196 1531 3228 duas

470 3250 574 3284 partes
596 3242 738 3274 notando
762 3241 1017 3281 praeterivimus;
1052 3241 1134 3270 1500
1159 3242 1281 3271 circiter
1304 3242 1362 3272 sub
1393 3241 1531 3272 articulis

473 3287 617 3327 exscripti
633 3291 716 3317 sunt.
742 3285 805 3316 Sed
829 3285 924 3315 etiam
948 3285 986 3314 ab
1003 3284 1136 3324 antiquo
1160 3289 1247 3314 textu
1263 3295 1330 3315 non
1353 3286 1396 3316 ita
1418 3295 1532 3326 pamm

473 3331 689 3362 discessimus:
715 3329 778 3367 QQ
801 3329 876 3364 I—X,
897 3327 974 3358 dum
997 3328 1070 3358 loca
1091 3328 1176 3357 varia
1198 3334 1307 3358 notata
1330 3335 1403 3360 sunt
1427 3330 1533 3370 (salvis

474 3375 632 3404 erroribus
655 3372 918 3413 computationis)
943 3380 1018 3411 494,
1043 3376 1074 3401 et
1096 3371 1193 3401 Piana
1221 3372 1388 3411 antiquum
1411 3379 1534 3404 textum

475 3418 554 3448 locis
576 3418 692 3448 notatis
715 3417 779 3456 456
803 3421 962 3446 mutatum
995 3415 1130 3450 exhibet,
1154 3423 1213 3444 nos
1237 3424 1312 3445 eum
1342 3417 1420 3447 locis
1443 3423 1535 3448 nota—

476 3462 515 3492 tis
543 3461 604 3500 134
626 3470 694 3492 non
709 3461 904 3500 recepimus;
930 3459 1122 3499 computatis
1146 3458 1224 3488 locis
1244 3467 1311 3488 non
1334 3461 1450 3490 notatis
1466 3461 1536 3491 Pia-

477 3514 552 3535 nam
575 3505 784 3545 relinquimus
807 3504 886 3534 locis
914 3503 1006 3539 1126,
1024 3508 1146 3533 textum
1171 3502 1339 3541 antiquum
1357 3502 1436 3533 locis
1462 3512 1535 3542 241.

479 3549 551 3586 Qua
575 3549 624 3578 via
648 3548 686 3578 ad
710 3549 790 3578 hanc
814 3548 1001 3578 relationem
1025 3547 1106 3577 inter
1128 3551 1249 3576 textum
1273 3546 1451 3585 antiquum,
1467 3546 1537 3577 Pia-

478 3602 557 3623 num
589 3598 618 3622 et
649 3598 793 3622 nostrum
827 3591 1074 3631 pervenerimus,
1109 3590 1201 3620 nobis
1236 3589 1446 3620 enarrandum
1481 3595 1537 3621 est.

1604 320 1725 351 Textus
1749 319 1916 359 antiquus,
1940 317 2023 348 idest
2044 322 2149 348 textus
2173 325 2190 346 e
2217 314 2386 346 traditione
2409 313 2475 344 fere
2497 313 2620 354 integra

1549 365 1668 396 saeculi
1699 363 1815 394 decimi
1845 362 1927 393 tertii
1955 371 2012 403 per
2035 361 2250 392 remotionem
2280 359 2458 390 lectionum
2481 357 2620 398 singula-

1548 411 1632 440 rium
1657 408 1790 443 elicitus,
1815 405 1951 438 solidam
1973 406 2153 437 recensioni
2177 405 2278 435 basim
2301 403 2458 444 praebuit.
2482 402 2523 432 Et
2546 401 2620 432 dico

1549 453 1747 484 recensioni:
1771 460 1847 482 nam
1870 450 1923 481 ille
1946 455 2061 486 textus,
2085 449 2118 480 in
2142 449 2301 480 erroribus
2330 446 2474 488 legendis
2496 445 2621 477 indiffe-

1549 507 1622 529 rens
1647 502 1677 527 et
1700 505 1795 531 unus,
1811 494 1921 526 multis
1943 494 2022 525 locis
2045 493 2282 534 autographum
2304 501 2373 523 non
2396 495 2621 531 repraesentat,

1551 547 1583 573 et
1605 547 1759 581 tanquam
1782 545 1887 570 textus
1908 538 1941 570 S.
1966 538 2115 569 Thomae
2138 537 2295 578 acceptari
2317 545 2386 568 non
2410 535 2526 576 potuit.
2558 533 2622 566 Sed

1551 592 1659 616 tamen
1687 585 1756 615 eius
1783 582 1960 614 defectibus
1982 581 2104 613 mederi
2127 581 2300 612 maluimus
2327 589 2426 621 quam
2450 585 2536 611 extra
2558 579 2622 620 pri-

1551 639 1638 661 mam
1670 629 1802 659 classem
1835 626 2083 658 fundamentum
2115 631 2219 657 textus
2251 625 2352 656 nostri
2385 629 2503 665 petere.
2539 623 2624 654 Inter

1552 674 1631 705 alios
1669 673 1757 704 enim
1795 681 1855 702 nec
1889 671 1974 702 ullus
2013 670 2115 702 codex
2153 675 2240 701 totus
2274 679 2334 700 nec
2368 669 2434 700 ulla
2471 667 2623 705 codicum

1553 717 1751 749 combinatio
1793 721 1916 746 textum
1955 715 2157 755 autographo
2195 714 2382 755 propiorem
2418 712 2622 753 suppeditat,

1553 763 1629 803 quia
1658 762 1692 792 in
1721 761 1836 801 quovis
1867 759 1980 790 codice
2004 764 2035 789 et
2058 759 2170 799 quavis
2200 758 2352 789 codicum
2383 757 2624 788 combinatione

1553 816 1612 847 pro
1638 805 1798 836 erroribus
1828 804 1952 844 antiqui
1983 808 2088 834 textus
2119 803 2241 834 evitatis
2271 807 2439 833 sexcentae
2469 801 2624 839 lectiones

1554 855 1784 885 correctorum,
1816 857 1919 888 aeque
1951 852 2059 888 aperte
2085 856 2122 878 ac
2149 856 2271 878 errores
2302 846 2426 887 antiqui
2453 851 2557 877 textus
2580 846 2625 876 cis

1554 894 1790 935 autographum
1825 898 1930 928 ortae,
1963 892 2151 922 subintrant.
2190 891 2276 931 Ergo
2310 890 2336 921 si
2367 895 2456 921 textu
2490 891 2624 930 antiquo

1553 945 1685 980 propter
1708 938 1830 978 primae
1853 936 2104 976 transcriptionis
2129 945 2250 966 errores
2269 935 2428 976 neglecto,
2445 934 2626 965 secundum

1555 984 1635 1014 alius
1666 982 1773 1014 classis
1803 980 1951 1012 codicem
1980 985 2105 1011 textum
2133 979 2415 1016 recensuissemus,
2441 988 2502 1020 pro
2525 987 2626 1020 parvo

1554 1028 1646 1059 lucro
1677 1025 1825 1058 faciendo
1849 1025 2024 1056 multarum
2057 1024 2254 1064 optimarum
2277 1029 2309 1054 et
2336 1022 2556 1064 antiquiorum
2582 1023 2627 1054 le·

1556 1073 1702 1103 ctionum
1726 1071 1881 1101 iacturam
1905 1069 1989 1110 passi
2012 1077 2165 1099 essemus.
2189 1067 2258 1099 Nec
2282 1068 2350 1099 scio
2374 1077 2415 1098 an
2438 1072 2550 1098 contra
2573 1076 2628 1098 an-

1556 1117 1684 1157 tiquum
1707 1115 1792 1146 ullus
1823 1114 1903 1145 alius
1926 1118 2031 1144 textus
2064 1117 2188 1153 praeter
2218 1117 2342 1143 textum
2373 1111 2492 1143 Pianae
2515 1120 2629 1143 conse-

1557 1160 1671 1202 quenti
1693 1160 1816 1190 ratione
1841 1158 1966 1199 opponi
1989 1158 2100 1198 possit.
2125 1156 2188 1187 Hic
2212 1157 2309 1193 enim,
2333 1161 2492 1197 quantum
2516 1155 2555 1187 ab
2574 1165 2630 1186 an-

1556 1206 1650 1246 tiquo
1667 1203 1826 1239 differens,
1840 1212 1878 1233 ex
1894 1202 2087 1233 lectionibus
2102 1201 2301 1238 melioribus,
2314 1200 2352 1238 E,
2365 1201 2402 1237 F,
2415 1200 2456 1238 O,
2469 1199 2511 1239 Q,
2523 1200 2553 1232 R
2568 1205 2628 1231 etc.

1558 1250 1698 1290 signatis,
1716 1253 1871 1279 consutus
1895 1252 1952 1282 est,
1969 1255 2053 1287 quae
2069 1254 2184 1277 omnes
2208 1245 2324 1276 eodem
2340 1245 2410 1276 iure
2425 1250 2561 1276 utuntur
2576 1250 2631 1275 aut

1559 1295 1592 1325 in
1616 1293 1729 1324 eadem
1753 1291 1959 1323 damnatione
1982 1296 2073 1321 sunt:
2097 1289 2224 1321 illarum
2246 1299 2348 1321 nexus
2377 1298 2452 1320 cum
2483 1295 2631 1330 autogra-

1559 1339 1626 1379 pho
1644 1338 1677 1368 in
1700 1336 1870 1368 traditione
1885 1344 1954 1366 non
1977 1335 2154 1372 invenitur;
2179 1334 2212 1365 in
2236 1334 2302 1365 istis
2323 1333 2489 1365 codicibus
2512 1343 2554 1364 ne
2577 1333 2632 1364 ad-

1559 1388 1635 1414 sunt
1658 1381 1791 1422 quidem
1813 1381 1875 1411 nisi
1906 1380 1983 1420 quia
2006 1385 2061 1410 aut
2084 1379 2123 1409 ab
2154 1379 2233 1409 olim
2266 1384 2321 1409 aut
2350 1379 2450 1410 serius
2481 1379 2632 1418 antiquae

1560 1427 1715 1458 lectiones
1747 1435 1785 1456 ex
1819 1433 1934 1455 eorum
1962 1423 2135 1464 exemplari
2171 1423 2290 1454 eiectae
2325 1428 2418 1460 sunt;
2454 1432 2552 1454 omne
2582 1423 2633 1453 ius

1561 1480 1657 1502 suum
1681 1471 1720 1500 ab
1745 1469 1868 1510 antiqui
1891 1474 1996 1499 textus
2020 1467 2197 1498 defectibus
2222 1473 2253 1498 et
2276 1477 2294 1498 a
2315 1473 2536 1498 correctorum
2558 1476 2634 1498 acu-

1562 1515 1649 1546 mine
1666 1513 1841 1545 deducunt.
1866 1513 1899 1544 Si
1923 1522 2000 1553 ergo
2024 1511 2179 1543 lectiones
2198 1511 2300 1542 bonas
2323 1512 2352 1543 E
2374 1512 2408 1542 in
2431 1513 2555 1542 textum
2579 1520 2634 1542 an-

1562 1561 1690 1600 tiquum
1714 1559 1901 1598 importatas
1925 1557 2058 1597 recipio,
2075 1557 2186 1587 nescio
2209 1565 2274 1596 qua
2297 1556 2459 1587 rationalis
2489 1554 2637 1587 methodi

1563 1602 1796 1643 consequentia
1819 1611 1887 1632 non
1910 1601 2087 1641 reciperem
2110 1600 2266 1631 lectiones
2288 1600 2325 1638 F,
2343 1600 2383 1637 Ο,
2402 1605 2474 1637 etc„
2494 1599 2636 1640 ideoque

1564 1649 1659 1679 etiam
1683 1656 1782 1688 quare
1805 1655 1873 1676 non
1902 1645 2140 1686 acquiescerem
2170 1644 2364 1676 lectionibus
2386 1644 2458 1681 PE,
2474 1644 2544 1682 PF,
2560 1644 2635 1681 Po,

1564 1692 1716 1723 omnibus
1740 1690 1881 1731 denique
1904 1689 2098 1720 lectionibus
2121 1689 2147 1720 P
2169 1689 2203 1720 in
2227 1698 2260 1720 se
2284 1689 2360 1730 ipsis
2377 1689 2637 1731 acceptabilibus,

1565 1737 1644 1777 quin
1669 1744 1821 1776 quaeram
1840 1739 1949 1764 utrum
1968 1734 2002 1764 in
2025 1737 2170 1764 anteacta
2193 1732 2364 1764 traditione
2382 1734 2498 1765 maiori
2521 1743 2562 1764 an
2577 1733 2638 1766 mi-

1565 1781 1637 1811 nori
1653 1779 1833 1820 frequentia
1848 1777 2038 1818 legerentur.
2063 1777 2226 1818 Equidem
2242 1786 2309 1808 non
2325 1777 2421 1808 video
2445 1778 2518 1819 quis
2533 1779 2638 1811 textus

1567 1824 1741 1855 continuus
1763 1823 1845 1853 inter
1864 1827 2034 1858 extremos,
2051 1822 2221 1862 antiquum
2238 1827 2269 1852 et
2283 1821 2432 1859 Pianum,
2447 1821 2574 1854 medius
2589 1831 2638 1853 re-

1568 1868 1713 1900 censioni
1729 1867 1843 1898 subiici
1866 1871 1985 1907 posset.
2010 1866 2089 1896 Prae
2109 1866 2262 1897 omnibus
2286 1866 2372 1897 enim
2396 1867 2548 1907 antiquus
2572 1876 2639 1898 cer-

1567 1914 1687 1944 tissima
1710 1916 1866 1942 vetustate
1891 1911 2012 1941 eminet
2034 1909 2090 1941 sed
2107 1910 2199 1941 malis
2215 1910 2408 1942 lectionibus
2433 1909 2639 1948 defoedatur;

1568 1967 1644 1999 prae
1668 1956 1820 1987 omnibus
1842 1955 1961 1986 Pianus
1985 1955 2128 1985 bonitate
2151 1954 2298 1985 lectionis
2318 1955 2449 1992 eminet,
2466 1954 2522 1986 sed
2545 1954 2640 1987 tradi-

1568 2002 1664 2033 tionis
1685 2000 1871 2032 testimonio
1896 2009 1964 2030 non
1979 1998 2114 2040 gaudet;
2139 2008 2253 2030 omnes
2271 1999 2369 2030 medii
2385 2005 2489 2030 textus
2505 2000 2543 2030 ab
2560 1999 2640 2030 anti-

1570 2056 1637 2087 quo
1660 2050 1827 2080 vetustate,
1844 2054 1862 2074 a
1884 2043 1984 2074 Piano
2009 2044 2152 2074 bonitate
2176 2052 2306 2084 prorsus
2330 2043 2532 2075 deiiciuntur.

1626 2091 1710 2120 Inter
1733 2095 1907 2128 utrumque
1931 2097 2006 2119 curn
2030 2087 2231 2128 seligendum
2255 2094 2353 2124 esset,
2377 2089 2478 2119 textui
2506 2089 2641 2129 antiquo

1571 2134 1731 2166 calculum
1766 2133 1923 2164 dedimus.
1959 2132 2030 2172 Ipse
2064 2137 2146 2163 esset
2178 2137 2283 2163 textus
2317 2138 2436 2170 noster,
2468 2143 2642 2174 quousque

1571 2181 1677 2210 bonus
1708 2184 1739 2209 et
1769 2177 1899 2208 Thorna
1933 2176 2048 2217 dignus
2081 2177 2258 2207 mansisset.
2293 2176 2357 2208 Sed
2391 2178 2486 2208 etiam
2522 2186 2643 2208 errores

1571 2225 1693 2265 primae
1729 2222 1982 2262 transcriptionis
2019 2221 2196 2252 maximum
2235 2220 2394 2252 influxum
2427 2222 2461 2252 in
2496 2221 2644 2253 conside-

1572 2269 1711 2299 rationes
1741 2267 1864 2297 criticas
1887 2266 1956 2296 iure
1979 2266 2095 2296 merito
2127 2265 2319 2296 habuerunt.
2358 2265 2499 2304 Quando
2523 2266 2645 2298 scilicet

1574 2322 1685 2343 sensus
1709 2311 1850 2342 absentia
1874 2315 1928 2340 aut
1951 2310 2100 2340 lectionis
2126 2310 2373 2351 incongruentia
2395 2319 2536 2341 errorem
2559 2316 2644 2343 tran-

1574 2357 1755 2397 scriptionis
1777 2355 1984 2391 nunciabant,
2009 2354 2122 2385 erroris
2145 2354 2255 2385 sedem
2279 2359 2310 2384 et
2329 2355 2534 2385 occasionem
2549 2355 2645 2386 vesti-

1575 2402 1730 2442 gavimus,
1748 2405 1779 2430 et
1803 2399 1916 2430 erroris
1940 2399 2015 2429 loco
2035 2399 2131 2429 talem
2155 2399 2328 2429 lectionem
2352 2399 2589 2439 acceptavimus
2606 2409 2644 2430 ex

1576 2455 1650 2487 qua,
1667 2446 1693 2475 si
1716 2445 1749 2475 in
1766 2443 1966 2484 autographo
1990 2442 2129 2474 adfuisse
2145 2443 2348 2483 supponitur,
2365 2441 2483 2474 falsitas
2498 2444 2645 2474 transcri-

1576 2490 1697 2531 ptionis
1721 2489 1870 2528 explicari
1893 2492 2012 2528 posset.

1633 2534 1679 2564 Ita
1702 2533 1823 2563 factum
1847 2537 1911 2568 est,
1934 2537 1970 2562 ut
1999 2536 2104 2561 textus
2127 2531 2278 2571 antiquus
2308 2540 2435 2572 semper
2459 2537 2490 2562 et
2512 2532 2645 2572 ubique,

1579 2579 1675 2608 etiarn
1698 2578 1753 2607 ubi
1778 2586 1854 2607 eum
1877 2585 1945 2606 non
1969 2574 2092 2611 damus,
2116 2575 2363 2606 fundamentum
2386 2576 2425 2606 sit
2448 2582 2575 2607 nostrae
2598 2585 2647 2607 re-

1579 2631 1749 2653 censmms.

1636 2666 1688 2697 36.
1712 2666 1797 2696 Raro
1822 2664 1936 2695 accidit
1951 2670 1987 2694 ut
2002 2664 2192 2704 autographi
2215 2664 2322 2701 lectio,
2340 2674 2422 2704 quae
2439 2665 2538 2695 errori
2554 2674 2648 2696 occa-

1579 2711 1705 2741 sionem
1739 2709 1922 2750 praebuisse
1956 2707 2133 2744 videbatur,
2158 2718 2175 2738 a
2198 2713 2265 2738 tota
2299 2708 2469 2739 traditione
2503 2710 2646 2740 abesset:

1580 2755 1680 2786 modo
1704 2754 1738 2783 in
1761 2754 1906 2794 pluribus
1937 2752 2102 2782 codicibus
2130 2752 2231 2782 modo
2255 2753 2288 2783 in
2312 2754 2517 2793 paucioribus
2540 2753 2591 2784 vel
2614 2753 2648 2784 in

1580 2809 1648 2830 uno
1672 2798 1754 2833 solo,
1778 2797 1879 2827 modo
1903 2796 2043 2836 denique
2059 2797 2092 2826 in
2109 2797 2215 2836 aliqua
2239 2797 2391 2834 editione,
2408 2798 2526 2828 alicubi
2540 2803 2648 2828 tamen

1581 2843 1647 2874 fere
1670 2851 1796 2882 semper
1828 2841 2059 2871 inveniebatur.
2094 2841 2339 2872 Universitatem
2369 2842 2608 2872 correctionum
2631 2851 2650 2872 a

1580 2888 1675 2919 nobis
1709 2885 1925 2926 prosectarum
1939 2909 1946 2921 ‚
1979 2885 2199 2925 computando
2234 2885 2306 2916 loca
2339 2886 2395 2916 ubi
2427 2886 2651 2927 praeexistenti

1582 2931 1773 2962 correctioni
1803 2929 1939 2970 aliquale
1967 2929 2121 2959 auxilium
2148 2930 2291 2966 tulimus,
2315 2930 2376 2961 hac
2399 2930 2479 2961 serie
2500 2930 2535 2960 ni
2557 2929 2651 2960 fallor

1583 2975 1846 3016 complectimur:
1871 2984 1904 3004 11.
1925 2972 1986 3014 6.ζ
2003 2974 2060 3010 bis,
2075 2983 2105 3013 7.
2118 2972 2147 3014 ζ,
2165 2982 2214 3004 ιο.
2230 2984 2266 3011 σ.;
2289 2984 2332 3005 vr.
2350 2974 2380 3005 6.
2398 2972 2435 3013 β;
2460 2982 2545 3005 xvm.
2563 2973 2593 3004 6.
2610 2983 2648 3015 μ;

1583 3030 1645 3051 xxr.
1661 3029 1693 3058 4.
1712 3012 1746 3055 δ;
1770 3028 1854 3048 xxm.
1873 3027 1902 3048 2.
1921 3018 1955 3055 (θη
1979 3028 2061 3048 xx1v.
2084 3026 2110 3048 1.
2127 3030 2160 3054 η,
2178 3019 2207 3048 3.
2226 3019 2263 3055 (33
2287 3028 2358 3050 xxv.
2375 3026 2452 3062 ι.γ;
2475 3027 2558 3048 xm.
2579 3025 2605 3048 1.
2623 3026 2649 3054 ⁸3

1583 3071 1902 3099 xxvu.1.e;xxx1x.
1929 3072 1958 3092 2.
1983 3060 2014 3101 β,
2040 3062 2070 3092 6.
2094 3074 2126 3099 η,
2152 3062 2182 3093 8.
2207 3062 2242 3103 ζ;
2266 3072 2316 3094 n..
2340 3071 2535 3098 2.,e;n.1V.
2560 3070 2591 3092 2.
2615 3071 2649 3101 ρ;

1583 3119 1654 3139 nv.
1675 3108 1704 3138 3.
1725 3100 1868 3143 8;x1.v1.
1894 3107 1924 3137 6.
1941 3117 1971 3142 σ,
1989 3117 2019 3147 9.
2039 3117 2079 3143 23
2103 3117 2156 3137 Ln-
2180 3107 2210 3138 6.
2234 3115 2274 3150 γ;
2298 3115 2361 3136 mn.
2382 3099 2538 3142 1.*3;1.v.
2563 3105 2593 3136 6.
2614 3102 2651 3143 ξς

1584 3163 1645 3184 Lvr.
1674 3159 1702 3182 1.
1726 3150 1757 3189 β.
1786 3151 1951 3182 Praeterea
1978 3151 2085 3191 aliqua
2110 3160 2214 3192 pauca
2235 3148 2317 3187 loca,
2340 3149 2398 3180 ubi
2420 3149 2480 3180 soli
2502 3149 2650 3190 legimus,

1584 3198 1618 3227 in
1642 3196 1787 3227 Elencho
1812 3204 1956 3226 errorum
1984 3195 2192 3236 antiquorum
2214 3194 2308 3226 tacite
2331 3198 2549 3224 correctorum
2573 3203 2651 3225 con-

1586 3242 1736 3271 tinentur.

1641 3285 1703 3315 Vix
1730 3293 1812 3324 opus
1844 3289 1891 3314 est
1917 3289 1954 3314 ut
1979 3283 2122 3314 dicamus
2151 3282 2366 3313 correctiones
2397 3290 2476 3322 quas
2506 3287 2562 3312 aut
2591 3282 2652 3322 ipsi

1586 3330 1768 3360 invenimus
1792 3334 1846 3359 aut
1870 3327 1998 3359 aliunde
2026 3327 2265 3367 assumpsimus,
2290 3325 2328 3356 ab
2352 3325 2486 3366 antiquo
2509 3330 2597 3356 textu
2621 3330 2653 3356 et

1588 3379 1653 3404 arte
1669 3373 1776 3404 critica
1791 3373 1857 3413 regi
1876 3371 2001 3402 debere.
2024 3370 2160 3411 Reliqua
2183 3369 2308 3400 traditio
2332 3370 2497 3400 materiam
2520 3369 2652 3410 quidem

1589 3418 1827 3448 correctionum
1856 3415 2093 3447 subministrare
2119 3419 2236 3454 potest,
2259 3412 2316 3444 sed
2338 3412 2441 3444 fidum
2463 3414 2653 3444 authentici-

1589 3462 1661 3491 tatis
1685 3461 1846 3490 criterium
1869 3469 1938 3491 non
1959 3459 2099 3500 praebet.
2135 3457 2221 3488 Cum
2243 3458 2330 3488 enim
2352 3462 2457 3488 textus
2484 3457 2590 3498 plures
2614 3458 2652 3488 ab

1592 3504 1714 3543 origine
1736 3513 1792 3543 per
1815 3504 1922 3534 solum
1945 3502 2179 3542 autographum
2201 3510 2235 3532 se
2257 3506 2422 3541 tangentes
2445 3511 2464 3531 a
2484 3501 2654 3532 traditione

1592 3548 1703 3583 absint,
1728 3548 1865 3587 antiquis
1893 3547 2050 3578 erroribus
2073 3555 2141 3576 non
2164 3550 2270 3586 potest
2296 3545 2416 3576 mederi
2440 3555 2478 3576 ex
2502 3545 2570 3576 sola
2592 3552 2653 3576 tra-

1594 3590 1713 3621 ditione
1741 3591 1780 3621 ad
1806 3591 1979 3622 secundam
2005 3590 2056 3620 vel
2086 3589 2209 3620 tertiam
2240 3589 2372 3620 classem
2405 3590 2592 3630 pertinente.
2621 3590 2655 3621 Si
