2872 3970
2368 250 2450 276 XXXI

404 334 517 386 Quia
549 332 742 388 Magistri
776 330 1011 372 Alexandri
1045 327 1246 369 Halensis
1279 328 1505 367 Summam
1547 324 1842 376 Theologicam
1865 322 2058 379 saepein
2083 321 2270 362 medium
2303 321 2451 361 afferre

280 396 499 451 contingit,
534 393 854 435 observandum
887 398 951 432 cst
985 404 1064 431 nos
1098 402 1268 443 semper
1300 402 1350 429 ea
1383 388 1582 434 editione,
1617 398 1727 440 quae
1760 384 1954 424 Venetiis
1987 397 2099 423 anno
2137 382 2248 435 1575
2283 382 2451 436 prodiit,

280 468 385 500 usos
408 470 515 498 esse.
777 471 782 475 ·

404 519 556 563 Restat
586 523 632 557 ut
664 515 719 556 ad
752 515 1020 569 propositum
1055 511 1356 566 exequendum
1388 517 1666 557 transeamus,
1692 514 1733 548 et
1756 508 1809 548 de
1832 507 2010 562 singulis
2041 520 2151 560 quae
2175 506 2454 560 explicatione

280 580 475 635 indigent
505 579 576 619 vel
609 578 719 618 circa
751 589 858 630 quas
891 575 1052 629 aliquid
1086 573 1313 614 dicendum
1348 572 1539 619 occurrit,
1574 569 1845 611 citationibus
1879 574 2119 609 tractemus.

406 701 488 752 Qu.
512 712 552 747 11,
577 705 652 740 art.
675 701 715 747 6,
741 699 782 738 in
806 711 985 752 corpore
1010 697 1197 738 articuli:
1227 713 1245 733 ‹
1275 696 1461 748 Quidem
1486 695 1597 735 enim
1622 708 1769 734 eorum
1795 693 2130 749 (Magistrorum)
2154 699 2457 734 concesserunt

280 775 411 806 unam
441 761 601 805 Christi
644 773 876 814 personam
907 759 984 799 sed
1017 764 1254 813 posuerunt
1297 757 1404 797 duas
1431 757 1714 810 hypostases,
1750 756 1841 796 sive
1877 756 1963 795 duo
1997 756 2231 809 supposita,
2267 755 2455 795 dicentes

283 823 500 864 hominem
535 822 750 876 quendam
784 821 1071 874 compositum
1105 834 1158 861 ex
1187 832 1364 873 corpore
1389 825 1430 859 et
1452 818 1593 858 anima
1615 832 1639 858 a
1661 817 1868 872 principio
1903 831 2005 858 suae
2040 817 2333 871 conceptionis
2362 829 2457 857 esse

283 890 550 938 assumptum
585 898 609 924 a
642 884 725 924 Dei
759 883 920 923 Verbo.
956 883 1012 922 Et
1044 882 1149 922 haec
1182 887 1247 921 est
1279 881 1414 934 prima
1448 881 1594 934 opinio
1637 894 1766 934 quarn
1806 879 2013 934 Magister
2054 879 2175 932 ponit
2209 879 2249 918 in
2283 892 2326 918 VI
2361 879 2455 918 dist.

283 946 378 987 libri
411 946 468 987 III
501 945 617 986 Sent.
646 962 664 982 »
720 966 722 969 ·
1079 977 1085 985 ,
1374 953 1378 957 ·

408 1007 645 1049 Gulielmus
678 1005 1084 1053 Autissiodorensis,
1119 1005 1162 1045 in
1195 1005 1386 1051 Summa,
1423 1010 1525 1057 part.
1551 1005 1618 1052 III,
1654 1010 1768 1043 tract.
1794 1005 1822 1051 I,
1848 1017 1938 1057 cap.
1961 1016 1986 1050 1,
2012 1016 2081 1056 qu.
2108 1014 2192 1050 vm,
2217 1002 2318 1042 dicit
2350 1002 2458 1042 hanc

284 1069 534 1123 opinionem
568 1081 663 1109 esse
695 1081 826 1121 quam
850 1067 1155 1121 principaliter
1185 1066 1343 1106 asserit
1370 1066 1730 1118 Archiepiscopus
1763 1065 2019 1105 Senonensis
2051 1067 2094 1104 et
2121 1077 2323 1117 sequaces
2355 1064 2457 1103 eius.

371 1216 374 1220 .
408 1189 543 1231 Ibid.:
582 1206 601 1226 ‹
629 1189 716 1229 Alii
749 1202 855 1230 vero
888 1189 1085 1229 volentes
1117 1201 1289 1229 servare
1322 1188 1526 1228 unitatem
1559 1200 1781 1241 personae,
1817 1193 2053 1240 posuerunt
2085 1187 2240 1227 Christi
2274 1187 2459 1227 animam

285 1265 372 1301 non
391 1263 502 1296 ,esse
535 1250 704 1304 corpori
737 1251 911 1297 unitam,
946 1249 1024 1291 sed
1055 1250 1281 1291 haec.duo
1315 1255 1512 1303 separata
1533 1249 1588 1289 ab
1612 1249 1796 1289 invicem
1821 1261 1916 1288 esse
1938 1248 2055 1288 unita
2078 1249 2227 1288 Verbo
2261 1248 2458 1288 acciden-

283 1313 433 1360 taliter,
468 1318 513 1353 ut
553 1312 615 1352 sic
657 1324 744 1351 non
788 1317 996 1355 cresceret
1042 1324 1244 1353 numerus
1288 1323 1580 1365 personarum.
1631 1311 1686 1350 Et
1725 1311 1828 1350 haec
1874 1316 1938 1349 est
1976 1310 2097 1350 tertia
2140 1309 2286 1363 opinio
2332 1322 2460 1363 quam

286 1374 493 1428 Magister
526 1373 685 1413 ibidem
718 1373 840 1427 ponit
867 1390 902 1413 ».

410 1434 817 1482 Autissiodorensis,
851 1435 949 1475 loco
984 1435 1123 1482 citato,
1158 1435 1266 1474 hanc
1300 1434 1553 1474 sententiam
1589 1433 1779 1480 recitans,
1806 1433 1888 1473 ait:
1929 1450 1946 1470 «
1975 1434 2279 1488 Magistrorum
2314 1434 2461 1487 opinio

285 1497 362 1538 fuit
394 1496 514 1550 quod
547 1496 742 1537 Christus
774 1496 855 1536 sub
889 1496 972 1536 hoc
1005 1509 1135 1539 sensu
1170 1496 1320 1536 dicitur
1352 1496 1497 1543 homo,
1532 1495 1575 1535 id
1609 1501 1673 1535 est
1705 1495 1869 1535 habens
1901 1495 2131 1535 humanam
2166 1501 2357 1535 naturam
2380 1496 2461 1535 sibi

286 1558 459 1606 unitam,
494 1558 654 1598 scilicet
686 1558 871 1598 animam
895 1563 936 1597 et
958 1571 1150 1606 carnem;
1186 1571 1238 1597 ex
1261 1557 1417 1611 quibus
1451 1557 1699 1597 asserebant
1721 1557 1821 1596 nihil
1846 1569 1939 1597 esse
1964 1557 2239 1597 constitutum
2274 1557 2461 1610 nihilque

287 1619 446 1661 dictum
480 1619 599 1673 quod
632 1619 920 1660 substantialis
953 1619 1191 1673 proprietas
1214 1632 1325 1673 quae
1348 1625 1413 1659 est
1434 1619 1673 1658 humanitas
1697 1619 1750 1658 sit
1772 1619 2060 1658 substantialis
2083 1619 2193 1659 Filio
2217 1619 2328 1666 Dei3
2364 1619 2463 1672 quia

287 1694 374 1721 non
409 1681 650 1721 concedunt
683 1681 802 1734 quod
837 1681 1030 1721 Christus
1065 1681 1301 1721 secundum
1335 1680 1454 1734 quod
1487 1681 1619 1720 homo
1654 1680 1708 1719 sit
1733 1680 1904 1733 aliquid,
1930 1680 1985 1720 ita
2009 1681 2127 1733 quod
2161 1680 2330 1734 proprie
2353 1680 2462 1720 acci-

288 1742 426 1796 piatur
457 1742 562 1783 haec
596 1742 725 1782 dictio
757 1742 952 1795 aliquid:
984 1742 1061 1782 sed
1094 1742 1175 1782 sub
1209 1742 1291 1782 hoc
1325 1754 1454 1782 sensu
1489 1742 1731 1781 concedunt
1765 1755 1871 1788 eam,
1906 1742 1990 1781 Est
2020 1741 2193 1794 aliquid,
2218 1742 2268 1782 id
2289 1745 2353 1781 est
2382 1742 2462 1781 ali-

288 1804 410 1844 cuius
441 1803 560 1844 modi
582 1820 618 1843 ›.

412 1864 635 1905 Rolandus
684 1864 935 1912 Bandinelli,
985 1865 1192 1920 Magister
1239 1865 1539 1911 Bononiensis,
1574 1864 1616 1904 in
1659 1865 1747 1904 suis
1796 1865 2024 1905 Sententiis
2073 1865 2196 1919 (quas
2230 1879 2282 1905 ex
2316 1865 2463 1906 codice

287 1926 656 1981 Norimbergensi,
697 1926 797 1967 bibl.
833 1926 957 1966 Civit.
1003 1926 1124 1966 Cent.
1158 1927 1226 1966 ΙΙΙ.
1263 1937 1332 1979 77.
1368 1926 1502 1967 edidit
1534 1926 1658 1974 Gietl,
1692 1927 1778 1966 Die
1817 1926 2052 1967 Sentenzen
2094 1926 2301 1968 Rolands.
2345 1928 2464 1967 Frei-

284 1987 401 2042 burg
423 1987 448 2028 i.
472 1988 518 2028 B.
551 1990 678 2040 1891.
713 1988 776 2028 Cf.
799 1988 968 2028 Archiv
998 1987 1078 2036 fur
1106 1988 1208 2028 Litt.
1243 1987 1337 2028 und
1363 1988 1696 2041 Kirclzengesch.
1721 1989 1749 2028 Ι.
1774 1989 1822 2028 Β.
1847 2002 1915 2042 pp.
1941 1989 2030 2039 434
2061 2002 2155 2042 sqq.
2191 1989 2303 2029 Vide
2338 1989 2463 2030 etiam

290 2049 500 2089 Decretal.
536 2049 746 2090 Alexand.
770 2050 838 2089 III.
874 2049 983 2090 citat.
1009 2050 1051 2089 in
1085 2063 1173 2104 arg.
1208 2049 1299 2089 Sed
1326 2053 1430 2089 cont.
1462 2049 1587 2089 huius
1621 2049 1810 2103 articuli),
1843 2050 1962 2090 dicit:
2002 2068 2020 2087 «ι
2050 2051 2266 2091 Christum
2299 2051 2463 2091 tertiam

290 2118 520 2164 personam
564 2124 660 2151 esse
702 2111 743 2151 in
788 2110 1005 2158 Trinitate‚
1048 2110 1126 2151 sed
1169 2110 1406 2151 secundum
1446 2111 1565 2164 quod
1599 2112 1732 2159 Deus,
1767 2125 1845 2152 nec
1879 2111 2115 2152 secundum
2159 2112 2277 2167 quod
2317 2113 2463 2162 homo,

290 2172 537 2225 praesertim
580 2186 676 2213 cum
710 2172 947 2213 secundum
991 2172 1110 2225 quod
1153 2173 1286 2212 homo
1331 2186 1417 2212 non
1461 2172 1515 2212 sit
1548 2186 1742 2226 persona,
1785 2172 1826 2213 e't
1863 2180 1908 2213 ut
1942 2174 2086 2214 verius
2126 2173 2354 2228 loquamur
2387 2188 2464 2215 nec

291 2233 556 2281 mentiamur,
581 2246 658 2274 nec
680 2234 840 2287 aliquid
867 2234 1064 2286 (Codext
1099 2237 1150 2273 ut
1165 2234 1310 2274 verius
1342 2233 1573 2286 loquamur
1602 2247 1677 2274 nec
1709 2234 1879 2287 aliquid
1905 2236 2206 2290 mentiamur);
2242 2250 2328 2276 non
2352 2237 2463 2277 enim

292 2307 345 2335 ex
368 2308 421 2336 eo
445 2295 564 2349 quod
588 2295 782 2336 Christus
814 2295 948 2336 homo
972 2302 1047 2343 est,
1071 2295 1245 2348 aliquid,
1271 2295 1347 2335 sed
1371 2292 1526 2349 potius,
1552 2296 1585 2335 si
1610 2296 1671 2336 fas
1706 2302 1779 2342 est,
1806 2296 1887 2336 dici
1910 2303 2053 2350 potest
2075 2298 2257 2338 alicuius
2289 2298 2406 2338 modi
2429 2315 2464 2338 ».

415 2415 498 2467 Qu.
531 2429 571 2464 11,
606 2422 680 2456 art.
715 2419 755 2465 6,
792 2417 1033 2457 Comment.
1068 2429 1152 2457 vn:
1192 2433 1210 2454 α
1240 2417 1372 2469 Quod
1405 2417 1503 2457 facit
1535 2417 1577 2457 in
1611 2418 1864 2471 corporibus
1899 2418 2016 2466 situs,
2040 2418 2123 2459 hoc
2156 2419 2252 2459 facit
2279 2420 2321 2460 in
2344 2420 2465 2473 spiri-

291 2476 477 2523 tualibus
519 2477 640 2526 ordo,
683 2478 930 2519 secundumv
965 2479 1257 2534 Augustinum
1286 2495 1321 2518 2».
1357 2479 1401 2519 S.
1436 2479 1641 2527 Thomas,
1685 2479 1837 2531 Quodl.
1873 2480 1940 2528 III,
1977 2493 2046 2533 qu.
2080 2493 2135 2529 111,
2170 2487 2243 2522 art.
2280 2494 2317 2530 2,
2353 2482 2466 2522 idern

292 2538 455 2586 asserit,
489 2539 606 2580 nullo
640 2539 825 2580 indicato
860 2540 1044 2580 nomine.

417 2600 471 2640 D.
495 2601 778 2655 Augustinus,
802 2601 872 2642 lib.
896 2602 957 2641 IV
979 2602 1032 2642 de
1061 2602 1162 2642 Gen.
1189 2602 1253 2642 ad
1269 2602 1358 2649 litt,
1385 2615 1473 2656 cap.
1498 2614 1627 2642 xv111:
1664 2618 1681 2639 ‹
1705 2603 1822 2642 Dum
1857 2603 1947 2656 ipse
1975 2620 1992 2640 »
2032 2604 2168 2657 inquit
2205 2622 2222 2641 «
2251 2611 2393 2645 manet
2425 2606 2466 2645 in

294 2674 353 2709 se,
388 2660 599 2715 quidquid
632 2675 686 2703 ex
718 2662 790 2703 illo
824 2669 890 2703 est
922 2669 1139 2717 retorquet
1171 2663 1226 2703 ad
1260 2676 1318 2711 se,
1343 2670 1389 2703 ut
1423 2663 1562 2704 omnis
1597 2669 1787 2704 creatura
1815 2664 1856 2704 in
1891 2678 1937 2705 se
1970 2664 2125 2705 habeat
2158 2673 2330 2706 naturae
2364 2680 2466 2707 suae

294 2722 533 2770 terminum,
567 2736 655 2776 quo
690 2737 776 2764 non
810 2725 864 2764 sit
895 2725 1014 2778 quod
1048 2725 1139 2779 ipse
1173 2731 1263 2773 est;
1299 2725 1340 2765 in
1373 2725 1444 2765 illo
1486 2731 1628 2766 autem
1671 2726 1825 2779 quietis
1863 2727 2017 2774 locum,
2053 2741 2139 2780 quo
2173 2733 2315 2768 servet
2349 2729 2466 2781 quod

295 2785 386 2838 ipse
420 2790 495 2824 est.
530 2784 631 2824 Scio
667 2785 785 2838 quod
819 2799 906 2826 non
939 2787 1108 2840 proprie
1143 2786 1321 2827 dixerim
1355 2787 1520 2827 locum:
1554 2800 1652 2827 nam
1695 2788 1865 2841 proprie
1906 2789 2055 2828 dicitur
2088 2789 2128 2828 in
2163 2790 2320 2842 spatiis,
2357 2803 2467 2843 quae

297 2845 549 2899 corporibus
589 2852 875 2901 occupantur;
921 2848 998 2888 sed
1039 2848 1139 2901 quia
1173 2855 1214 2888 et
1246 2849 1338 2902 ipsa
1381 2861 1562 2902 corpora
1604 2862 1691 2889 non
1735 2856 1908 2889 manent
1941 2850 1981 2889 in
2015 2850 2124 2897 loco,
2161 2850 2238 2890 nisi
2281 2864 2373 2904 quo
2402 2852 2467 2891 sui

296 2906 499 2961 ponderis
532 2914 735 2960 tanquam
775 2908 963 2961 appetitu
1003 2910 1267 2962 perveniunt,
1299 2916 1348 2950 >ut
1381 2922 1434 2950 eo
1468 2916 1688 2963 comperto
1730 2910 2021 2963 requiescant;
2062 2911 2158 2951 ideo
2200 2925 2285 2952 non
2319 2913 2468 2953 incon-

297 2975 498 3023 gruenter
520 2982 545 3008 a
567 2969 860 3021 corporalibus
887 2969 942 3010 ad
970 2970 1171 3024 spiritalia
1204 2971 1384 3011 verbum
1418 2971 1672 3018 transfertur,
1709 2978 1755 3011 ut
1789 2971 1951 3011 dicatur
1983 2972 2107 3022 locus,
2144 2976 2248 3013 cum'
2275 2987 2340 3014 res
2375 2975 2468 3028 plu-

298 3030 450 3072 rimum
485 3030 612 3070 distet
639 3046 673 3070 >-

421 3151 505 3203 Qu.
539 3165 579 3199 11,
614 3159 688 3192 art.
722 3165 784 3200 11,
820 3165 909 3206 arg.
941 3165 954 3192 1
981 3166 988 3192 :
1028 3169 1045 3189 ‹
1075 3153 1215 3207 Super
1249 3154 1353 3194 illud
1374 3155 1544 3200 Psalmi,
1569 3154 1678 3194 Fiat
1694 3154 1988 3196 misericordia
2011 3159 2095 3201 tua,
2121 3157 2314 3203 Domine,
2339 3160 2470 3212 super

299 3225 385 3260 uos,
411 3213 766 3266 quemadmodum
797 3214 1067 3267 speravimus
1086 3215 1130 3253 in
1154 3218 1202 3262 te,
1229 3215 1329 3255 dicit
1353 3216 1531 3255 Glossa:
1565 3216 1651 3255 Hic
1672 3216 1921 3256 insinuatur
1949 3217 2206 3258 desiderium
2228 3220 2470 3274 Prophetae

299 3274 352 3314 de
391 3275 696 3321 incarnatione,
738 3278 781 3315 et
816 3275 1015 3315 meritum
1056 3275 1309 3328 impletionis
1345 3292 1380 3316 ».
1430 3277 1586 3316 Iisdem
1630 3277 1715 3318 fere
1757 3278 1901 3319 verbis
1945 3279 2074 3319 utitur
2117 3280 2160 3320 S.
2195 3281 2386 3321 Thomas
2426 3282 2467 3321 in

298 3336 356 3376 III
389 3336 516 3382 Sent„
553 3336 647 3377 dist.
682 3348 739 3384 IV,
773 3350 844 3390 qu.
878 3349 932 3383 111,
967 3342 1041 3376 art.
1073 3349 1106 3383 1,
1141 3349 1229 3391 arg.
1267 3349 1304 3377 2.

426 3397 584 3438 Glossa
617 3397 865 3438 Ordinaria:
899 3398 1243 3438 lncarnationem
1276 3398 1480 3451 compleri
1508 3398 1730 3446 desiderat,
1767 3404 1817 3441 ut
1835 3401 2056 3455 perfectus
2079 3404 2222 3456 possit
2249 3417 2348 3444 esse.

425 3459 710 3507 Lombardus,
734 3460 777 3499 in
800 3459 961 3499 Psalm.
985 3459 1190 3499 XXXII:
1217 3476 1235 3496 «ι
1265 3459 1420 3500 Christi
1445 3460 1777 3502 incarnationem
1810 3463 1972 3516 impleri
2007 3464 2220 3505 desiderat
2240 3465 2465 3519 Propheta,

300 3524 348 3559 ut
380 3519 588 3573 perfectus
630 3521 767 3573 possit
806 3534 913 3561 esse.
958 3520 1058 3571 Quo
1091 3520 1274 3561 merito?
1310 3521 1689 3572 Quemadmodum,
1726 3525 1847 3577 quasi
1882 3525 1938 3564 ita
1970 3525 2053 3574 fiat,
2089 3532 2130 3566 et
2161 3539 2237 3581 per
2267 3526 2349 3568 hoc
2383 3527 2466 3575 fiat,

303 3579 404 3632 quia
434 3581 702 3634 speravimus
734 3595 820 3622 non
854 3582 895 3622 in
930 3582 1024 3630 alio,
1060 3581 1136 3622 sed
1169 3582 1212 3622 in
1246 3585 1285 3622 te
1311 3599 1346 3623 ».
