<?xml version="1.0" encoding="UTF-8"?>
<!DOCTYPE html PUBLIC "-//W3C//DTD XHTML 1.0 Transitional//EN"
    "http://www.w3.org/TR/xhtml1/DTD/xhtml1-transitional.dtd">
<html xmlns="http://www.w3.org/1999/xhtml" xml:lang="en" lang="en">
 <head>
  <title>
</title>
<meta http-equiv="Content-Type" content="text/html;charset=utf-8" />
  <meta name='ocr-system' content='tesseract 3.04.00' />
  <meta name='ocr-capabilities' content='ocr_page ocr_carea ocr_par ocr_line ocrx_word'/>
</head>
<body>
  <div class='ocr_page' id='page_1' title='image "./operaomniaiussui11thom_0179.png"; bbox 0 0 2872 3970; ppageno 0'>
   <div class='ocr_carea' id='block_1_1' title="bbox 51 948 213 979">
    <p class='ocr_par' dir='ltr' id='par_1_1' title="bbox 51 948 213 979">
     <span class='ocr_line' id='line_1_1' title="bbox 51 948 213 979; baseline -0.006 -7"><span class='ocrx_word' id='word_1_1' title='bbox 51 948 62 979; x_wconf 47' lang='grc' dir='ltr'><strong>ζ</strong></span> <span class='ocrx_word' id='word_1_2' title='bbox 85 964 93 972; x_wconf 85' lang='grc'><strong>.</strong></span> <span class='ocrx_word' id='word_1_3' title='bbox 106 955 170 972; x_wconf 77' lang='lat' dir='ltr'>num.</span> <span class='ocrx_word' id='word_1_4' title='bbox 183 955 213 971; x_wconf 81' lang='lat' dir='ltr'>iv.</span> 
     </span>
    </p>
   </div>
   <div class='ocr_carea' id='block_1_2' title="bbox 0 2155 81 3599">
    <p class='ocr_par' dir='ltr' id='par_1_2' title="bbox 0 2155 81 3599">
     <span class='ocr_line' id='line_1_2' title="bbox 0 2155 81 3322; baseline 0 -636"><span class='ocrx_word' id='word_1_5' title='bbox 0 2155 81 3322; x_wconf 95' lang='lat' dir='ltr'>         </span> 
     </span>
     <span class='ocr_line' id='line_1_3' title="bbox 0 3322 51 3599; baseline 0 371"><span class='ocrx_word' id='word_1_6' title='bbox 0 3322 51 3599; x_wconf 95' lang='lat' dir='ltr'> </span> 
     </span>
    </p>
   </div>
   <div class='ocr_carea' id='block_1_3' title="bbox 27 2101 235 2124">
    <p class='ocr_par' dir='ltr' id='par_1_3' title="bbox 27 2101 235 2124">
     <span class='ocr_line' id='line_1_4' title="bbox 27 2101 235 2124; baseline -0.005 -6"><span class='ocrx_word' id='word_1_7' title='bbox 27 2101 98 2123; x_wconf 55' lang='grc' dir='ltr'>μαψ.</span> <span class='ocrx_word' id='word_1_8' title='bbox 107 2102 140 2124; x_wconf 89' lang='grc' dir='ltr'>ιιι,</span> <span class='ocrx_word' id='word_1_9' title='bbox 149 2102 181 2123; x_wconf 85' lang='grc' dir='ltr'>νι,</span> <span class='ocrx_word' id='word_1_10' title='bbox 189 2103 235 2118; x_wconf 85' lang='lat' dir='ltr'>xvi.</span> 
     </span>
    </p>
   </div>
   <div class='ocr_carea' id='block_1_4' title="bbox 23 2473 243 2516">
    <p class='ocr_par' dir='ltr' id='par_1_4' title="bbox 23 2473 243 2516">
     <span class='ocr_line' id='line_1_5' title="bbox 23 2473 243 2516; baseline -0.005 -9"><span class='ocrx_word' id='word_1_11' title='bbox 23 2473 90 2516; x_wconf 37' lang='lat' dir='ltr'>fef.</span> <span class='ocrx_word' id='word_1_12' title='bbox 105 2486 147 2506; x_wconf 79' lang='lat' dir='ltr'>art.</span> <span class='ocrx_word' id='word_1_13' title='bbox 157 2489 180 2511; x_wconf 89' lang='lat'>9,</span> <span class='ocrx_word' id='word_1_14' title='bbox 190 2489 243 2511; x_wconf 80' lang='lat' dir='ltr'>sqq.</span> 
     </span>
    </p>
   </div>
   <div class='ocr_carea' id='block_1_5' title="bbox 25 2698 244 2854">
    <p class='ocr_par' dir='ltr' id='par_1_5' title="bbox 23 2698 244 2854">
     <span class='ocr_line' id='line_1_6' title="bbox 25 2698 244 2732; baseline -0.009 -8"><span class='ocrx_word' id='word_1_15' title='bbox 25 2698 49 2727; x_wconf 55' lang='grc' dir='ltr'>’ξ’</span> <span class='ocrx_word' id='word_1_16' title='bbox 59 2701 175 2732; x_wconf 57' lang='grc' dir='ltr'>(Ξῖ-,Ατίιμ</span> <span class='ocrx_word' id='word_1_17' title='bbox 183 2701 244 2728; x_wconf 75' lang='lat' dir='ltr'><em>Pny-</em></span> 
     </span>
     <span class='ocr_line' id='line_1_7' title="bbox 48 2727 244 2785; baseline 0 -11"><span class='ocrx_word' id='word_1_18' title='bbox 48 2743 82 2780; x_wconf 85' lang='grc'>·,</span> <span class='ocrx_word' id='word_1_19' title='bbox 90 2727 244 2785; x_wconf 48' lang='lat' dir='ltr'>Qantara</span> 
     </span>
     <span class='ocr_line' id='line_1_8' title="bbox 29 2779 244 2834; baseline 0 -6"><span class='ocrx_word' id='word_1_20' title='bbox 29 2791 46 2823; x_wconf 50' lang='grc' dir='ltr'>κ’</span> <span class='ocrx_word' id='word_1_21' title='bbox 65 2779 244 2834; x_wconf 52' lang='grc' dir='ltr'>,ῗρῗὲῑῐτῗῆῖῑ</span> 
     </span>
     <span class='ocr_line' id='line_1_9' title="bbox 46 2833 175 2854; baseline 0 0"><span class='ocrx_word' id='word_1_22' title='bbox 46 2835 49 2848; x_wconf 76' lang='lat'>⁴</span> <span class='ocrx_word' id='word_1_23' title='bbox 79 2833 129 2854; x_wconf 79' lang='lat' dir='ltr'>lect.</span> <span class='ocrx_word' id='word_1_24' title='bbox 145 2838 175 2854; x_wconf 81' lang='lat' dir='ltr'>iv.</span> 
     </span>
    </p>
   </div>
   <div class='ocr_carea' id='block_1_6' title="bbox 18 3221 246 3279">
    <p class='ocr_par' dir='ltr' id='par_1_6' title="bbox 18 3213 246 3282">
     <span class='ocr_line' id='line_1_10' title="bbox 18 3221 245 3256; baseline -0.009 -7"><span class='ocrx_word' id='word_1_25' title='bbox 18 3221 49 3241; x_wconf 60' lang='grc'>«“</span> <span class='ocrx_word' id='word_1_26' title='bbox 64 3224 110 3252; x_wconf 78' lang='lat' dir='ltr'>Qu.</span> <span class='ocrx_word' id='word_1_27' title='bbox 120 3231 145 3250; x_wconf 77' lang='grc' dir='ltr'>ιι,</span> <span class='ocrx_word' id='word_1_28' title='bbox 160 3229 200 3248; x_wconf 56' lang='lat' dir='ltr'>art.</span> <span class='ocrx_word' id='word_1_29' title='bbox 214 3233 245 3256; x_wconf 61' lang='lat'>¹¹³</span> 
     </span>
     <span class='ocr_line' id='line_1_11' title="bbox 27 3255 246 3279; baseline 0.004 -5.961"><span class='ocrx_word' id='word_1_30' title='bbox 27 3255 77 3278; x_wconf 66' lang='grc' dir='ltr'>μς</span> <span class='ocrx_word' id='word_1_31' title='bbox 86 3257 125 3279; x_wconf 85' lang='lat' dir='ltr'>qu.</span> <span class='ocrx_word' id='word_1_32' title='bbox 134 3257 164 3279; x_wconf 83' lang='lat' dir='ltr'>vi,</span> <span class='ocrx_word' id='word_1_33' title='bbox 173 3256 214 3274; x_wconf 79' lang='lat' dir='ltr'>m.</span> <span class='ocrx_word' id='word_1_34' title='bbox 223 3255 246 3274; x_wconf 83' lang='lat' dir='ltr'>o.</span> 
     </span>
    </p>
   </div>
   <div class='ocr_carea' id='block_1_7' title="bbox 953 248 1738 295">
    <p class='ocr_par' dir='ltr' id='par_1_7' title="bbox 953 248 1738 295">
     <span class='ocr_line' id='line_1_12' title="bbox 953 248 1738 295; baseline -0.003 -9"><span class='ocrx_word' id='word_1_35' title='bbox 953 248 1214 295; x_wconf 89' lang='lat' dir='ltr'>QUAESTIO</span> <span class='ocrx_word' id='word_1_36' title='bbox 1242 250 1324 295; x_wconf 86' lang='lat' dir='ltr'>VII,</span> <span class='ocrx_word' id='word_1_37' title='bbox 1355 248 1645 286; x_wconf 90' lang='lat' dir='ltr'>ARTICULUS</span> <span class='ocrx_word' id='word_1_38' title='bbox 1674 249 1738 284; x_wconf 94' lang='lat' dir='ltr'>XII</span> 
     </span>
    </p>
   </div>
   <div class='ocr_carea' id='block_1_8' title="bbox 264 325 1322 688">
    <p class='ocr_par' dir='ltr' id='par_1_8' title="bbox 264 325 1322 688">
     <span class='ocr_line' id='line_1_13' title="bbox 264 325 1319 375; baseline -0.002 -11"><span class='ocrx_word' id='word_1_39' title='bbox 264 325 464 364; x_wconf 78' lang='lat' dir='ltr'>habitualis</span> <span class='ocrx_word' id='word_1_40' title='bbox 491 327 608 374; x_wconf 87' lang='lat' dir='ltr'>gratia</span> <span class='ocrx_word' id='word_1_41' title='bbox 627 326 776 372; x_wconf 84' lang='lat' dir='ltr'>Christi,</span> <span class='ocrx_word' id='word_1_42' title='bbox 806 338 886 362; x_wconf 90' lang='lat' dir='ltr'>non</span> <span class='ocrx_word' id='word_1_43' title='bbox 905 333 1033 362; x_wconf 90' lang='lat' dir='ltr'>tamen</span> <span class='ocrx_word' id='word_1_44' title='bbox 1052 334 1180 375; x_wconf 89' lang='lat' dir='ltr'>posset</span> <span class='ocrx_word' id='word_1_45' title='bbox 1198 327 1319 362; x_wconf 87' lang='lat' dir='ltr'>facere</span> 
     </span>
     <span class='ocr_line' id='line_1_14' title="bbox 265 377 1319 428; baseline -0.002 -12"><span class='ocrx_word' id='word_1_46' title='bbox 265 379 371 428; x_wconf 90' lang='lat' dir='ltr'>quod</span> <span class='ocrx_word' id='word_1_47' title='bbox 393 378 632 416; x_wconf 84' lang='lat' dir='ltr'>ordinaretur</span> <span class='ocrx_word' id='word_1_48' title='bbox 651 379 699 416; x_wconf 91' lang='lat' dir='ltr'>ad</span> <span class='ocrx_word' id='word_1_49' title='bbox 718 378 860 427; x_wconf 91' lang='lat' dir='ltr'>aliquid</span> <span class='ocrx_word' id='word_1_50' title='bbox 878 378 1003 415; x_wconf 91' lang='lat' dir='ltr'>maius</span> <span class='ocrx_word' id='word_1_51' title='bbox 1025 391 1144 427; x_wconf 87' lang='lat' dir='ltr'>quam</span> <span class='ocrx_word' id='word_1_52' title='bbox 1163 378 1208 414; x_wconf 91' lang='lat' dir='ltr'>sit</span> <span class='ocrx_word' id='word_1_53' title='bbox 1225 377 1319 415; x_wconf 90' lang='lat' dir='ltr'>unio</span> 
     </span>
     <span class='ocr_line' id='line_1_15' title="bbox 264 430 1320 480; baseline -0.001 -12"><span class='ocrx_word' id='word_1_54' title='bbox 264 431 473 480; x_wconf 90' lang='lat' dir='ltr'>personalis</span> <span class='ocrx_word' id='word_1_55' title='bbox 508 432 556 468; x_wconf 90' lang='lat' dir='ltr'>ad</span> <span class='ocrx_word' id='word_1_56' title='bbox 590 430 731 468; x_wconf 90' lang='lat' dir='ltr'>Filium</span> <span class='ocrx_word' id='word_1_57' title='bbox 765 430 1004 477; x_wconf 87' lang='lat' dir='ltr'>unigenitum</span> <span class='ocrx_word' id='word_1_58' title='bbox 1039 443 1061 467; x_wconf 87' lang='lat' dir='ltr'>a</span> <span class='ocrx_word' id='word_1_59' title='bbox 1093 432 1219 467; x_wconf 85' lang='lat' dir='ltr'>Patre:</span> <span class='ocrx_word' id='word_1_60' title='bbox 1259 430 1320 467; x_wconf 92' lang='lat' dir='ltr'>cui</span> 
     </span>
     <span class='ocr_line' id='line_1_16' title="bbox 265 482 1320 530; baseline -0.001 -10"><span class='ocrx_word' id='word_1_61' title='bbox 265 483 399 520; x_wconf 88' lang='lat' dir='ltr'>unioni</span> <span class='ocrx_word' id='word_1_62' title='bbox 418 483 648 520; x_wconf 89' lang='lat' dir='ltr'>sufficienter</span> <span class='ocrx_word' id='word_1_63' title='bbox 666 482 937 530; x_wconf 85' lang='lat' dir='ltr'>correspondet</span> <span class='ocrx_word' id='word_1_64' title='bbox 951 482 1032 519; x_wconf 91' lang='lat' dir='ltr'>talis</span> <span class='ocrx_word' id='word_1_65' title='bbox 1046 495 1227 519; x_wconf 90' lang='lat' dir='ltr'>mensura</span> <span class='ocrx_word' id='word_1_66' title='bbox 1240 495 1320 530; x_wconf 88' lang='lat' dir='ltr'>gra-</span> 
     </span>
     <span class='ocr_line' id='line_1_17' title="bbox 265 534 1279 583; baseline -0.001 -11"><span class='ocrx_word' id='word_1_67' title='bbox 265 535 337 572; x_wconf 86' lang='lat' dir='ltr'>tiae</span> <span class='ocrx_word' id='word_1_68' title='bbox 371 535 585 572; x_wconf 89' lang='lat' dir='ltr'>secundum</span> <span class='ocrx_word' id='word_1_69' title='bbox 609 534 873 572; x_wconf 88' lang='lat' dir='ltr'>definitionem</span> <span class='ocrx_word' id='word_1_70' title='bbox 893 534 1044 571; x_wconf 90' lang='lat' dir='ltr'>divinae</span> <span class='ocrx_word' id='word_1_71' title='bbox 1064 534 1279 583; x_wconf 90' lang='lat' dir='ltr'>sapientiae.</span> 
     </span>
     <span class='ocr_line' id='line_1_18' title="bbox 318 587 1322 636; baseline -0.001 -12"><span class='ocrx_word' id='word_1_72' title='bbox 318 589 375 624; x_wconf 84' lang='lat' dir='ltr'>An</span> <span class='ocrx_word' id='word_1_73' title='bbox 393 598 550 624; x_wconf 77' lang='lat' dir='ltr'><strong>TERTIUM</strong></span> <span class='ocrx_word' id='word_1_74' title='bbox 568 599 748 624; x_wconf 79' lang='lat' dir='ltr'>DICENDUM</span> <span class='ocrx_word' id='word_1_75' title='bbox 767 587 873 635; x_wconf 92' lang='lat' dir='ltr'>quod</span> <span class='ocrx_word' id='word_1_76' title='bbox 893 587 932 623; x_wconf 91' lang='lat' dir='ltr'>in</span> <span class='ocrx_word' id='word_1_77' title='bbox 952 587 1133 636; x_wconf 90' lang='lat' dir='ltr'>sapientia</span> <span class='ocrx_word' id='word_1_78' title='bbox 1153 595 1188 623; x_wconf 94' lang='lat' dir='ltr'>et</span> <span class='ocrx_word' id='word_1_79' title='bbox 1206 587 1322 634; x_wconf 86' lang='lat' dir='ltr'>gratia</span> 
     </span>
     <span class='ocr_line' id='line_1_19' title="bbox 266 638 1321 688; baseline 0 -13"><span class='ocrx_word' id='word_1_80' title='bbox 266 639 400 688; x_wconf 88' lang='lat' dir='ltr'>aliquis</span> <span class='ocrx_word' id='word_1_81' title='bbox 434 646 557 688; x_wconf 88' lang='lat' dir='ltr'>potest</span> <span class='ocrx_word' id='word_1_82' title='bbox 590 638 776 688; x_wconf 91' lang='lat' dir='ltr'>proficere</span> <span class='ocrx_word' id='word_1_83' title='bbox 811 638 1019 688; x_wconf 87' lang='lat' dir='ltr'>dupliciter.</span> <span class='ocrx_word' id='word_1_84' title='bbox 1063 639 1150 676; x_wconf 91' lang='lat' dir='ltr'>Uno</span> <span class='ocrx_word' id='word_1_85' title='bbox 1182 639 1321 686; x_wconf 91' lang='lat' dir='ltr'>modo,</span> 
     </span>
    </p>
   </div>
   <div class='ocr_carea' id='block_1_9' title="bbox 2361 247 2429 284">
    <p class='ocr_par' dir='ltr' id='par_1_9' title="bbox 2361 247 2429 284">
     <span class='ocr_line' id='line_1_20' title="bbox 2361 247 2429 284; baseline -0.015 0"><span class='ocrx_word' id='word_1_86' title='bbox 2361 247 2429 284; x_wconf 83' lang='lat'>123</span> 
     </span>
    </p>
   </div>
   <div class='ocr_carea' id='block_1_10' title="bbox 1373 325 2436 688">
    <p class='ocr_par' dir='ltr' id='par_1_10' title="bbox 1373 325 2436 688">
     <span class='ocr_line' id='line_1_21' title="bbox 1374 325 2433 374; baseline -0.001 -12"><span class='ocrx_word' id='word_1_87' title='bbox 1374 333 1597 373; x_wconf 87' lang='lat' dir='ltr'>gmentatos.</span> <span class='ocrx_word' id='word_1_88' title='bbox 1642 326 1688 362; x_wconf 83' lang='lat' dir='ltr'>Et</span> <span class='ocrx_word' id='word_1_89' title='bbox 1717 325 1769 361; x_wconf 92' lang='lat' dir='ltr'>sic</span> <span class='ocrx_word' id='word_1_90' title='bbox 1799 325 1971 361; x_wconf 90' lang='lat' dir='ltr'>Christus</span> <span class='ocrx_word' id='word_1_91' title='bbox 2004 325 2041 361; x_wconf 90' lang='lat' dir='ltr'>in</span> <span class='ocrx_word' id='word_1_92' title='bbox 2071 325 2123 361; x_wconf 90' lang='lat' dir='ltr'>eis</span> <span class='ocrx_word' id='word_1_93' title='bbox 2151 338 2230 362; x_wconf 92' lang='lat' dir='ltr'>non</span> <span class='ocrx_word' id='word_1_94' title='bbox 2258 325 2433 374; x_wconf 91' lang='lat' dir='ltr'>proficie-</span> 
     </span>
     <span class='ocr_line' id='line_1_22' title="bbox 1373 377 2433 426; baseline 0 -12"><span class='ocrx_word' id='word_1_95' title='bbox 1373 378 1448 414; x_wconf 87' lang='lat' dir='ltr'>bat.</span> <span class='ocrx_word' id='word_1_96' title='bbox 1470 400 1493 404; x_wconf 77' lang='lat'>-</span> <span class='ocrx_word' id='word_1_97' title='bbox 1513 378 1598 414; x_wconf 90' lang='lat' dir='ltr'>Alio</span> <span class='ocrx_word' id='word_1_98' title='bbox 1619 378 1752 424; x_wconf 88' lang='lat' dir='ltr'>modo,</span> <span class='ocrx_word' id='word_1_99' title='bbox 1773 378 1987 414; x_wconf 91' lang='lat' dir='ltr'>secundum</span> <span class='ocrx_word' id='word_1_100' title='bbox 2008 377 2182 414; x_wconf 88' lang='lat' dir='ltr'>effectus:</span> <span class='ocrx_word' id='word_1_101' title='bbox 2204 377 2433 426; x_wconf 88' lang='lat' dir='ltr'>inquantum</span> 
     </span>
     <span class='ocr_line' id='line_1_23' title="bbox 1374 429 2434 479; baseline 0 -13"><span class='ocrx_word' id='word_1_102' title='bbox 1374 430 1513 467; x_wconf 90' lang='lat' dir='ltr'>scilicet</span> <span class='ocrx_word' id='word_1_103' title='bbox 1547 429 1682 479; x_wconf 89' lang='lat' dir='ltr'>aliquis</span> <span class='ocrx_word' id='word_1_104' title='bbox 1719 429 1947 479; x_wconf 85' lang='lat' dir='ltr'>sapientiora</span> <span class='ocrx_word' id='word_1_105' title='bbox 1984 437 2020 466; x_wconf 89' lang='lat' dir='ltr'>et</span> <span class='ocrx_word' id='word_1_106' title='bbox 2054 429 2282 466; x_wconf 87' lang='lat' dir='ltr'>virtuosiora</span> <span class='ocrx_word' id='word_1_107' title='bbox 2317 442 2434 479; x_wconf 90' lang='lat' dir='ltr'>opera</span> 
     </span>
     <span class='ocr_line' id='line_1_24' title="bbox 1374 481 2432 531; baseline -0.001 -12"><span class='ocrx_word' id='word_1_108' title='bbox 1374 482 1470 519; x_wconf 90' lang='lat' dir='ltr'>facit.</span> <span class='ocrx_word' id='word_1_109' title='bbox 1492 483 1540 519; x_wconf 90' lang='lat' dir='ltr'>Et</span> <span class='ocrx_word' id='word_1_110' title='bbox 1558 483 1611 519; x_wconf 91' lang='lat' dir='ltr'>sic</span> <span class='ocrx_word' id='word_1_111' title='bbox 1631 482 1803 519; x_wconf 88' lang='lat' dir='ltr'>Christus</span> <span class='ocrx_word' id='word_1_112' title='bbox 1822 481 2046 531; x_wconf 87' lang='lat' dir='ltr'>proficiebat</span> <span class='ocrx_word' id='word_1_113' title='bbox 2060 482 2242 531; x_wconf 86' lang='lat' dir='ltr'>sapientia</span> <span class='ocrx_word' id='word_1_114' title='bbox 2257 490 2292 519; x_wconf 91' lang='lat' dir='ltr'>et</span> <span class='ocrx_word' id='word_1_115' title='bbox 2306 482 2432 530; x_wconf 87' lang='lat' dir='ltr'>gratia,</span> 
     </span>
     <span class='ocr_line' id='line_1_25' title="bbox 1375 534 2435 583; baseline -0.001 -12"><span class='ocrx_word' id='word_1_116' title='bbox 1375 534 1471 571; x_wconf 91' lang='lat' dir='ltr'>sicut</span> <span class='ocrx_word' id='word_1_117' title='bbox 1498 542 1534 571; x_wconf 91' lang='lat' dir='ltr'>et</span> <span class='ocrx_word' id='word_1_118' title='bbox 1553 542 1691 572; x_wconf 84' lang='lat' dir='ltr'>aetate:</span> <span class='ocrx_word' id='word_1_119' title='bbox 1721 535 1811 583; x_wconf 91' lang='lat' dir='ltr'>quia</span> <span class='ocrx_word' id='word_1_120' title='bbox 1830 534 2045 571; x_wconf 90' lang='lat' dir='ltr'>secundum</span> <span class='ocrx_word' id='word_1_121' title='bbox 2063 546 2287 583; x_wconf 85' lang='lat' dir='ltr'>processum</span> <span class='ocrx_word' id='word_1_122' title='bbox 2307 534 2435 571; x_wconf 91' lang='lat' dir='ltr'>aetatis</span> 
     </span>
     <span class='ocr_line' id='line_1_26' title="bbox 1374 586 2435 636; baseline -0.001 -13"><span class='ocrx_word' id='word_1_123' title='bbox 1374 587 1598 636; x_wconf 88' lang='lat' dir='ltr'>perfectiora</span> <span class='ocrx_word' id='word_1_124' title='bbox 1625 599 1743 636; x_wconf 89' lang='lat' dir='ltr'>opera</span> <span class='ocrx_word' id='word_1_125' title='bbox 1769 587 1938 632; x_wconf 86' lang='lat' dir='ltr'>faciebat,</span> <span class='ocrx_word' id='word_1_126' title='bbox 1959 594 2001 622; x_wconf 89' lang='lat' dir='ltr'>ut</span> <span class='ocrx_word' id='word_1_127' title='bbox 2020 598 2059 622; x_wconf 91' lang='lat' dir='ltr'>se</span> <span class='ocrx_word' id='word_1_128' title='bbox 2078 599 2215 623; x_wconf 89' lang='lat' dir='ltr'>verum</span> <span class='ocrx_word' id='word_1_129' title='bbox 2236 586 2435 623; x_wconf 89' lang='lat' dir='ltr'>hominem</span> 
     </span>
     <span class='ocr_line' id='line_1_27' title="bbox 1376 639 2436 688; baseline -0.001 -12"><span class='ocrx_word' id='word_1_130' title='bbox 1376 640 1671 685; x_wconf 83' lang='lat' dir='ltr'>demonstraret,</span> <span class='ocrx_word' id='word_1_131' title='bbox 1706 647 1741 676; x_wconf 92' lang='lat' dir='ltr'>et</span> <span class='ocrx_word' id='word_1_132' title='bbox 1770 639 1808 676; x_wconf 92' lang='lat' dir='ltr'>in</span> <span class='ocrx_word' id='word_1_133' title='bbox 1836 639 1895 675; x_wconf 92' lang='lat' dir='ltr'>his</span> <span class='ocrx_word' id='word_1_134' title='bbox 1923 651 2022 688; x_wconf 88' lang='lat' dir='ltr'>quae</span> <span class='ocrx_word' id='word_1_135' title='bbox 2051 647 2138 675; x_wconf 87' lang='lat' dir='ltr'>sunt</span> <span class='ocrx_word' id='word_1_136' title='bbox 2166 639 2214 675; x_wconf 91' lang='lat' dir='ltr'>ad</span> <span class='ocrx_word' id='word_1_137' title='bbox 2242 639 2367 675; x_wconf 90' lang='lat' dir='ltr'>Deum</span> <span class='ocrx_word' id='word_1_138' title='bbox 2399 646 2436 675; x_wconf 91' lang='lat' dir='ltr'>et</span> 
     </span>
    </p>
   </div>
   <div class='ocr_carea' id='block_1_11' title="bbox 266 690 2041 740">
    <p class='ocr_par' dir='ltr' id='par_1_11' title="bbox 266 690 2041 740">
     <span class='ocr_line' id='line_1_28' title="bbox 266 690 2041 740; baseline -0.001 -12"><span class='ocrx_word' id='word_1_139' title='bbox 266 691 481 728; x_wconf 89' lang='lat' dir='ltr'>secundum</span> <span class='ocrx_word' id='word_1_140' title='bbox 508 690 612 740; x_wconf 90' lang='lat' dir='ltr'>ipsos</span> <span class='ocrx_word' id='word_1_141' title='bbox 639 691 791 728; x_wconf 89' lang='lat' dir='ltr'>habitus</span> <span class='ocrx_word' id='word_1_142' title='bbox 819 691 1024 740; x_wconf 86' lang='lat' dir='ltr'>sapientiae</span> <span class='ocrx_word' id='word_1_143' title='bbox 1045 699 1080 728; x_wconf 93' lang='lat' dir='ltr'>et</span> <span class='ocrx_word' id='word_1_144' title='bbox 1098 691 1237 739; x_wconf 88' lang='lat' dir='ltr'>gratiae</span> <span class='ocrx_word' id='word_1_145' title='bbox 1257 704 1322 728; x_wconf 90' lang='lat' dir='ltr'>au·</span> <span class='ocrx_word' id='word_1_146' title='bbox 1376 692 1416 728; x_wconf 92' lang='lat' dir='ltr'>in</span> <span class='ocrx_word' id='word_1_147' title='bbox 1444 691 1503 728; x_wconf 92' lang='lat' dir='ltr'>his</span> <span class='ocrx_word' id='word_1_148' title='bbox 1532 704 1630 740; x_wconf 91' lang='lat' dir='ltr'>quae</span> <span class='ocrx_word' id='word_1_149' title='bbox 1660 699 1748 728; x_wconf 93' lang='lat' dir='ltr'>sunt</span> <span class='ocrx_word' id='word_1_150' title='bbox 1775 692 1824 728; x_wconf 89' lang='lat' dir='ltr'>ad</span> <span class='ocrx_word' id='word_1_151' title='bbox 1853 690 2041 728; x_wconf 90' lang='lat' dir='ltr'>homines.</span> 
     </span>
    </p>
   </div>
   <div class='ocr_carea' id='block_1_12' title="bbox 939 785 1765 819">
    <p class='ocr_par' dir='ltr' id='par_1_12' title="bbox 939 785 1765 819">
     <span class='ocr_line' id='line_1_29' title="bbox 939 785 1765 819; baseline 0.001 -2"><span class='ocrx_word' id='word_1_152' title='bbox 939 785 1272 818; x_wconf 78' lang='lat' dir='ltr'>Commentaria</span> <span class='ocrx_word' id='word_1_153' title='bbox 1294 785 1544 818; x_wconf 76' lang='lat' dir='ltr'>Car-dinalis</span> <span class='ocrx_word' id='word_1_154' title='bbox 1565 786 1765 819; x_wconf 75' lang='lat' dir='ltr'>Caietam</span> 
     </span>
    </p>
   </div>
   <div class='ocr_carea' id='block_1_13' title="bbox 260 863 1328 2040">
    <p class='ocr_par' dir='ltr' id='par_1_13' title="bbox 266 863 1325 992">
     <span class='ocr_line' id='line_1_30' title="bbox 326 863 1323 904; baseline 0 -10"><span class='ocrx_word' id='word_1_155' title='bbox 326 873 432 894; x_wconf 77' lang='lat' dir='ltr'>irums</span> <span class='ocrx_word' id='word_1_156' title='bbox 455 864 577 894; x_wconf 88' lang='lat' dir='ltr'>articuli</span> <span class='ocrx_word' id='word_1_157' title='bbox 592 863 776 894; x_wconf 89' lang='lat' dir='ltr'>duodecimi</span> <span class='ocrx_word' id='word_1_158' title='bbox 796 864 897 894; x_wconf 90' lang='lat' dir='ltr'>clarus</span> <span class='ocrx_word' id='word_1_159' title='bbox 919 869 974 894; x_wconf 87' lang='lat' dir='ltr'>est.</span> <span class='ocrx_word' id='word_1_160' title='bbox 990 883 1013 886; x_wconf 97' lang='lat'><strong>—</strong></span> <span class='ocrx_word' id='word_1_161' title='bbox 1036 864 1072 894; x_wconf 91' lang='lat' dir='ltr'>In</span> <span class='ocrx_word' id='word_1_162' title='bbox 1094 874 1230 904; x_wconf 90' lang='lat' dir='ltr'>corpore</span> <span class='ocrx_word' id='word_1_163' title='bbox 1252 865 1323 894; x_wconf 88' lang='lat' dir='ltr'>arti-</span> 
     </span>
     <span class='ocr_line' id='line_1_31' title="bbox 269 876 1325 948; baseline 0 -10"><span class='ocrx_word' id='word_1_164' title='bbox 269 876 390 938; x_wconf 86' lang='lat' dir='ltr'>Tculi</span> <span class='ocrx_word' id='word_1_165' title='bbox 411 907 476 938; x_wconf 91' lang='lat' dir='ltr'>duo</span> <span class='ocrx_word' id='word_1_166' title='bbox 492 907 590 938; x_wconf 91' lang='lat' dir='ltr'>fiunt:</span> <span class='ocrx_word' id='word_1_167' title='bbox 611 908 818 948; x_wconf 89' lang='lat' dir='ltr'>praeponitur</span> <span class='ocrx_word' id='word_1_168' title='bbox 839 907 998 947; x_wconf 88' lang='lat' dir='ltr'>siquidem</span> <span class='ocrx_word' id='word_1_169' title='bbox 1013 917 1077 938; x_wconf 86' lang='lat' dir='ltr'>una</span> <span class='ocrx_word' id='word_1_170' title='bbox 1099 908 1276 944; x_wconf 63' lang='lat' dir='ltr'>distinctim</span> <span class='ocrx_word' id='word_1_171' title='bbox 1294 913 1325 938; x_wconf 88' lang='lat' dir='ltr'>et</span> 
     </span>
     <span class='ocr_line' id='line_1_32' title="bbox 266 950 1323 992; baseline -0.001 -10"><span class='ocrx_word' id='word_1_172' title='bbox 266 957 432 992; x_wconf 87' lang='lat' dir='ltr'>ponuntur</span> <span class='ocrx_word' id='word_1_173' title='bbox 447 950 561 982; x_wconf 89' lang='lat' dir='ltr'>deinde</span> <span class='ocrx_word' id='word_1_174' title='bbox 577 951 658 981; x_wconf 89' lang='lat' dir='ltr'>duae</span> <span class='ocrx_word' id='word_1_175' title='bbox 680 951 904 982; x_wconf 88' lang='lat' dir='ltr'>conclusiones</span> <span class='ocrx_word' id='word_1_176' title='bbox 919 952 1120 991; x_wconf 86' lang='lat' dir='ltr'>responsivae</span> <span class='ocrx_word' id='word_1_177' title='bbox 1137 952 1280 991; x_wconf 89' lang='lat' dir='ltr'>quaesito</span> <span class='ocrx_word' id='word_1_178' title='bbox 1297 951 1323 981; x_wconf 68' lang='lat'>⁴⁶.</span> 
     </span>
    </p>

    <p class='ocr_par' dir='ltr' id='par_1_14' title="bbox 266 995 1326 1296">
     <span class='ocr_line' id='line_1_33' title="bbox 321 995 1325 1035; baseline -0.001 -10"><span class='ocrx_word' id='word_1_179' title='bbox 321 995 491 1025; x_wconf 91' lang='lat' dir='ltr'>Distinctio</span> <span class='ocrx_word' id='word_1_180' title='bbox 515 1000 571 1025; x_wconf 91' lang='lat' dir='ltr'>est.</span> <span class='ocrx_word' id='word_1_181' title='bbox 605 995 757 1025; x_wconf 90' lang='lat' dir='ltr'>Formam</span> <span class='ocrx_word' id='word_1_182' title='bbox 787 995 1013 1034; x_wconf 86' lang='lat' dir='ltr'>suscipientem</span> <span class='ocrx_word' id='word_1_183' title='bbox 1042 996 1141 1035; x_wconf 88' lang='lat' dir='ltr'>magis</span> <span class='ocrx_word' id='word_1_184' title='bbox 1166 1001 1196 1024; x_wconf 89' lang='lat' dir='ltr'>et</span> <span class='ocrx_word' id='word_1_185' title='bbox 1219 995 1325 1025; x_wconf 89' lang='lat' dir='ltr'>minus</span> 
     </span>
     <span class='ocr_line' id='line_1_34' title="bbox 266 1038 1325 1079; baseline -0.001 -10"><span class='ocrx_word' id='word_1_186' title='bbox 266 1048 361 1079; x_wconf 90' lang='lat' dir='ltr'>posse</span> <span class='ocrx_word' id='word_1_187' title='bbox 376 1039 426 1068; x_wconf 90' lang='lat' dir='ltr'>vel</span> <span class='ocrx_word' id='word_1_188' title='bbox 448 1048 516 1068; x_wconf 91' lang='lat' dir='ltr'>non</span> <span class='ocrx_word' id='word_1_189' title='bbox 539 1048 633 1079; x_wconf 91' lang='lat' dir='ltr'>posse</span> <span class='ocrx_word' id='word_1_190' title='bbox 654 1039 761 1078; x_wconf 86' lang='lat' dir='ltr'>augeri</span> <span class='ocrx_word' id='word_1_191' title='bbox 776 1039 932 1078; x_wconf 90' lang='lat' dir='ltr'>contingit</span> <span class='ocrx_word' id='word_1_192' title='bbox 948 1038 1129 1078; x_wconf 88' lang='lat' dir='ltr'>dupliciter:</span> <span class='ocrx_word' id='word_1_193' title='bbox 1154 1039 1270 1078; x_wconf 91' lang='lat' dir='ltr'>primo,</span> <span class='ocrx_word' id='word_1_194' title='bbox 1288 1048 1325 1068; x_wconf 86' lang='lat' dir='ltr'>ex</span> 
     </span>
     <span class='ocr_line' id='line_1_35' title="bbox 266 1082 1326 1122; baseline 0 -10"><span class='ocrx_word' id='word_1_195' title='bbox 266 1087 355 1122; x_wconf 88' lang='lat' dir='ltr'>parte</span> <span class='ocrx_word' id='word_1_196' title='bbox 378 1082 517 1118; x_wconf 89' lang='lat' dir='ltr'>formae;</span> <span class='ocrx_word' id='word_1_197' title='bbox 541 1082 694 1118; x_wconf 92' lang='lat' dir='ltr'>secundo,</span> <span class='ocrx_word' id='word_1_198' title='bbox 719 1091 757 1112; x_wconf 87' lang='lat' dir='ltr'>ex</span> <span class='ocrx_word' id='word_1_199' title='bbox 779 1087 868 1122; x_wconf 90' lang='lat' dir='ltr'>parte</span> <span class='ocrx_word' id='word_1_200' title='bbox 891 1083 1033 1112; x_wconf 89' lang='lat' dir='ltr'>subiecti.</span> <span class='ocrx_word' id='word_1_201' title='bbox 1066 1082 1220 1122; x_wconf 89' lang='lat' dir='ltr'>Exempla</span> <span class='ocrx_word' id='word_1_202' title='bbox 1244 1083 1326 1112; x_wconf 86' lang='lat' dir='ltr'>clara</span> 
     </span>
     <span class='ocr_line' id='line_1_36' title="bbox 267 1125 1323 1165; baseline -0.001 -9"><span class='ocrx_word' id='word_1_203' title='bbox 267 1131 341 1156; x_wconf 87' lang='lat' dir='ltr'>sunt</span> <span class='ocrx_word' id='word_1_204' title='bbox 363 1126 397 1155; x_wconf 92' lang='lat' dir='ltr'>in</span> <span class='ocrx_word' id='word_1_205' title='bbox 426 1125 537 1156; x_wconf 88' lang='lat' dir='ltr'>littera.</span> <span class='ocrx_word' id='word_1_206' title='bbox 572 1127 613 1156; x_wconf 90' lang='lat' dir='ltr'>Et</span> <span class='ocrx_word' id='word_1_207' title='bbox 636 1135 674 1156; x_wconf 87' lang='lat' dir='ltr'>ex</span> <span class='ocrx_word' id='word_1_208' title='bbox 696 1127 754 1156; x_wconf 93' lang='lat' dir='ltr'>hac</span> <span class='ocrx_word' id='word_1_209' title='bbox 785 1126 987 1156; x_wconf 89' lang='lat' dir='ltr'>distinctione</span> <span class='ocrx_word' id='word_1_210' title='bbox 1017 1126 1129 1156; x_wconf 89' lang='lat' dir='ltr'>radicis</span> <span class='ocrx_word' id='word_1_211' title='bbox 1156 1135 1251 1165; x_wconf 90' lang='lat' dir='ltr'>posse</span> <span class='ocrx_word' id='word_1_212' title='bbox 1274 1126 1323 1156; x_wconf 92' lang='lat' dir='ltr'>vel</span> 
     </span>
     <span class='ocr_line' id='line_1_37' title="bbox 266 1167 1325 1210; baseline 0 -11"><span class='ocrx_word' id='word_1_213' title='bbox 266 1179 335 1200; x_wconf 89' lang='lat' dir='ltr'>non</span> <span class='ocrx_word' id='word_1_214' title='bbox 349 1178 444 1209; x_wconf 90' lang='lat' dir='ltr'>posse</span> <span class='ocrx_word' id='word_1_215' title='bbox 459 1170 567 1209; x_wconf 86' lang='lat' dir='ltr'>augeri</span> <span class='ocrx_word' id='word_1_216' title='bbox 582 1170 615 1199; x_wconf 94' lang='lat' dir='ltr'>in</span> <span class='ocrx_word' id='word_1_217' title='bbox 631 1170 806 1205; x_wconf 88' lang='lat' dir='ltr'>communi,</span> <span class='ocrx_word' id='word_1_218' title='bbox 828 1167 1028 1209; x_wconf 89' lang='lat' dir='ltr'>subintellige</span> <span class='ocrx_word' id='word_1_219' title='bbox 1043 1170 1077 1199; x_wconf 94' lang='lat' dir='ltr'>in</span> <span class='ocrx_word' id='word_1_220' title='bbox 1092 1170 1219 1210; x_wconf 89' lang='lat' dir='ltr'>speciali</span> <span class='ocrx_word' id='word_1_221' title='bbox 1236 1169 1325 1209; x_wconf 91' lang='lat' dir='ltr'>quod</span> 
     </span>
     <span class='ocr_line' id='line_1_38' title="bbox 266 1213 1324 1253; baseline 0 -10"><span class='ocrx_word' id='word_1_222' title='bbox 266 1213 398 1253; x_wconf 84' lang='lat' dir='ltr'>gratiam</span> <span class='ocrx_word' id='word_1_223' title='bbox 424 1221 492 1243; x_wconf 85' lang='lat' dir='ltr'>non</span> <span class='ocrx_word' id='word_1_224' title='bbox 514 1222 609 1253; x_wconf 91' lang='lat' dir='ltr'>posse</span> <span class='ocrx_word' id='word_1_225' title='bbox 632 1213 682 1243; x_wconf 89' lang='lat' dir='ltr'>vel</span> <span class='ocrx_word' id='word_1_226' title='bbox 705 1222 800 1253; x_wconf 90' lang='lat' dir='ltr'>posse</span> <span class='ocrx_word' id='word_1_227' title='bbox 828 1214 936 1253; x_wconf 85' lang='lat' dir='ltr'>augeri</span> <span class='ocrx_word' id='word_1_228' title='bbox 959 1214 1115 1253; x_wconf 91' lang='lat' dir='ltr'>contingit</span> <span class='ocrx_word' id='word_1_229' title='bbox 1139 1213 1324 1252; x_wconf 89' lang='lat' dir='ltr'>dupliciter:</span> 
     </span>
     <span class='ocr_line' id='line_1_39' title="bbox 266 1256 1074 1296; baseline 0.001 -10"><span class='ocrx_word' id='word_1_230' title='bbox 266 1256 318 1287; x_wconf 92' lang='lat' dir='ltr'>vel</span> <span class='ocrx_word' id='word_1_231' title='bbox 344 1265 382 1286; x_wconf 86' lang='lat' dir='ltr'>ex</span> <span class='ocrx_word' id='word_1_232' title='bbox 403 1261 492 1296; x_wconf 86' lang='lat' dir='ltr'>parte</span> <span class='ocrx_word' id='word_1_233' title='bbox 515 1257 648 1296; x_wconf 88' lang='lat' dir='ltr'>gratiae;</span> <span class='ocrx_word' id='word_1_234' title='bbox 679 1257 729 1287; x_wconf 92' lang='lat' dir='ltr'>vel</span> <span class='ocrx_word' id='word_1_235' title='bbox 754 1266 791 1287; x_wconf 87' lang='lat' dir='ltr'>ex</span> <span class='ocrx_word' id='word_1_236' title='bbox 814 1262 902 1296; x_wconf 89' lang='lat' dir='ltr'>parte</span> <span class='ocrx_word' id='word_1_237' title='bbox 932 1257 1074 1287; x_wconf 90' lang='lat' dir='ltr'>subiecti.</span> 
     </span>
    </p>

    <p class='ocr_par' dir='ltr' id='par_1_15' title="bbox 260 1299 1327 1995">
     <span class='ocr_line' id='line_1_40' title="bbox 321 1299 1324 1340; baseline 0 -10"><span class='ocrx_word' id='word_1_238' title='bbox 321 1299 362 1330; x_wconf 87' lang='lat' dir='ltr'>Et</span> <span class='ocrx_word' id='word_1_239' title='bbox 383 1300 537 1340; x_wconf 88' lang='lat' dir='ltr'>probatur</span> <span class='ocrx_word' id='word_1_240' title='bbox 558 1301 700 1340; x_wconf 90' lang='lat' dir='ltr'>primum</span> <span class='ocrx_word' id='word_1_241' title='bbox 725 1301 917 1336; x_wconf 85' lang='lat' dir='ltr'>membrum,</span> <span class='ocrx_word' id='word_1_242' title='bbox 941 1301 1060 1330; x_wconf 91' lang='lat' dir='ltr'>scilicet</span> <span class='ocrx_word' id='word_1_243' title='bbox 1084 1310 1121 1330; x_wconf 86' lang='lat' dir='ltr'>ex</span> <span class='ocrx_word' id='word_1_244' title='bbox 1144 1306 1232 1340; x_wconf 90' lang='lat' dir='ltr'>parte</span> <span class='ocrx_word' id='word_1_245' title='bbox 1256 1310 1324 1340; x_wconf 90' lang='lat' dir='ltr'>gra-</span> 
     </span>
     <span class='ocr_line' id='line_1_41' title="bbox 266 1343 1324 1384; baseline 0.001 -11"><span class='ocrx_word' id='word_1_246' title='bbox 266 1343 338 1379; x_wconf 90' lang='lat' dir='ltr'>tiae,</span> <span class='ocrx_word' id='word_1_247' title='bbox 355 1349 511 1384; x_wconf 89' lang='lat' dir='ltr'>quantum</span> <span class='ocrx_word' id='word_1_248' title='bbox 535 1343 574 1374; x_wconf 90' lang='lat' dir='ltr'>ad</span> <span class='ocrx_word' id='word_1_249' title='bbox 596 1345 775 1384; x_wconf 84' lang='lat' dir='ltr'>negativam</span> <span class='ocrx_word' id='word_1_250' title='bbox 798 1349 930 1384; x_wconf 86' lang='lat' dir='ltr'>partem,</span> <span class='ocrx_word' id='word_1_251' title='bbox 947 1353 1030 1384; x_wconf 91' lang='lat' dir='ltr'>quae</span> <span class='ocrx_word' id='word_1_252' title='bbox 1055 1350 1101 1374; x_wconf 90' lang='lat' dir='ltr'>est</span> <span class='ocrx_word' id='word_1_253' title='bbox 1123 1345 1225 1384; x_wconf 86' lang='lat' dir='ltr'>prima</span> <span class='ocrx_word' id='word_1_254' title='bbox 1247 1354 1324 1375; x_wconf 92' lang='lat' dir='ltr'>con-</span> 
     </span>
     <span class='ocr_line' id='line_1_42' title="bbox 267 1387 1323 1429; baseline 0.001 -12"><span class='ocrx_word' id='word_1_255' title='bbox 267 1387 386 1423; x_wconf 91' lang='lat' dir='ltr'>clusio,</span> <span class='ocrx_word' id='word_1_256' title='bbox 410 1387 544 1417; x_wconf 90' lang='lat' dir='ltr'>scilicet:</span> <span class='ocrx_word' id='word_1_257' title='bbox 571 1388 718 1418; x_wconf 85' lang='lat' dir='ltr'>Gratiam</span> <span class='ocrx_word' id='word_1_258' title='bbox 750 1388 886 1423; x_wconf 84' lang='lat' dir='ltr'>Christi,</span> <span class='ocrx_word' id='word_1_259' title='bbox 910 1397 952 1418; x_wconf 83' lang='lat' dir='ltr'>ex</span> <span class='ocrx_word' id='word_1_260' title='bbox 969 1393 1066 1428; x_wconf 81' lang='lat' dir='ltr'>parte</span> <span class='ocrx_word' id='word_1_261' title='bbox 1087 1388 1234 1429; x_wconf 81' lang='lat' dir='ltr'>gratiae,</span> <span class='ocrx_word' id='word_1_262' title='bbox 1259 1397 1323 1418; x_wconf 88' lang='lat' dir='ltr'>non</span> 
     </span>
     <span class='ocr_line' id='line_1_43' title="bbox 260 1430 1325 1472; baseline 0.002 -12"><span class='ocrx_word' id='word_1_263' title='bbox 260 1440 358 1471; x_wconf 83' lang='lat' dir='ltr'>posse</span> <span class='ocrx_word' id='word_1_264' title='bbox 380 1430 506 1472; x_wconf 83' lang='lat' dir='ltr'>augeri.</span> <span class='ocrx_word' id='word_1_265' title='bbox 541 1431 635 1469; x_wconf 84' lang='lat' dir='ltr'>Quia,</span> <span class='ocrx_word' id='word_1_266' title='bbox 652 1432 734 1462; x_wconf 91' lang='lat' dir='ltr'>sicut</span> <span class='ocrx_word' id='word_1_267' title='bbox 749 1432 881 1462; x_wconf 88' lang='lat' dir='ltr'>aliarum</span> <span class='ocrx_word' id='word_1_268' title='bbox 904 1431 1088 1467; x_wconf 86' lang='lat' dir='ltr'>formarum,</span> <span class='ocrx_word' id='word_1_269' title='bbox 1105 1433 1147 1462; x_wconf 87' lang='lat' dir='ltr'>ita</span> <span class='ocrx_word' id='word_1_270' title='bbox 1163 1438 1194 1462; x_wconf 89' lang='lat' dir='ltr'>et</span> <span class='ocrx_word' id='word_1_271' title='bbox 1209 1433 1325 1472; x_wconf 87' lang='lat' dir='ltr'>gratiae</span> 
     </span>
     <span class='ocr_line' id='line_1_44' title="bbox 268 1474 1325 1516; baseline 0.002 -12"><span class='ocrx_word' id='word_1_272' title='bbox 268 1474 384 1504; x_wconf 91' lang='lat' dir='ltr'>Christi</span> <span class='ocrx_word' id='word_1_273' title='bbox 399 1475 528 1514; x_wconf 87' lang='lat' dir='ltr'>propria</span> <span class='ocrx_word' id='word_1_274' title='bbox 543 1484 691 1506; x_wconf 87' lang='lat' dir='ltr'>mensura</span> <span class='ocrx_word' id='word_1_275' title='bbox 706 1475 884 1506; x_wconf 88' lang='lat' dir='ltr'>secundum</span> <span class='ocrx_word' id='word_1_276' title='bbox 899 1485 933 1506; x_wconf 92' lang='lat' dir='ltr'>se</span> <span class='ocrx_word' id='word_1_277' title='bbox 957 1481 1003 1506; x_wconf 87' lang='lat' dir='ltr'>est</span> <span class='ocrx_word' id='word_1_278' title='bbox 1023 1485 1061 1506; x_wconf 90' lang='lat' dir='ltr'>ex</span> <span class='ocrx_word' id='word_1_279' title='bbox 1080 1475 1186 1506; x_wconf 89' lang='lat' dir='ltr'>divina</span> <span class='ocrx_word' id='word_1_280' title='bbox 1201 1476 1325 1516; x_wconf 90' lang='lat' dir='ltr'>sapien-</span> 
     </span>
     <span class='ocr_line' id='line_1_45' title="bbox 267 1518 1326 1559; baseline 0.001 -11"><span class='ocrx_word' id='word_1_281' title='bbox 267 1519 319 1548; x_wconf 89' lang='lat' dir='ltr'>tia.</span> <span class='ocrx_word' id='word_1_282' title='bbox 354 1518 439 1557; x_wconf 89' lang='lat' dir='ltr'>Ergo</span> <span class='ocrx_word' id='word_1_283' title='bbox 463 1519 591 1558; x_wconf 89' lang='lat' dir='ltr'>propria</span> <span class='ocrx_word' id='word_1_284' title='bbox 614 1520 730 1559; x_wconf 89' lang='lat' dir='ltr'>gratiae</span> <span class='ocrx_word' id='word_1_285' title='bbox 757 1529 906 1550; x_wconf 89' lang='lat' dir='ltr'>mensura</span> <span class='ocrx_word' id='word_1_286' title='bbox 929 1518 1135 1549; x_wconf 88' lang='lat' dir='ltr'>determinata</span> <span class='ocrx_word' id='word_1_287' title='bbox 1159 1525 1205 1550; x_wconf 91' lang='lat' dir='ltr'>est</span> <span class='ocrx_word' id='word_1_288' title='bbox 1227 1529 1326 1559; x_wconf 89' lang='lat' dir='ltr'>penes</span> 
     </span>
     <span class='ocr_line' id='line_1_46' title="bbox 267 1561 1324 1602; baseline 0.001 -10"><span class='ocrx_word' id='word_1_289' title='bbox 267 1561 375 1592; x_wconf 89' lang='lat' dir='ltr'>finem.</span> <span class='ocrx_word' id='word_1_290' title='bbox 408 1562 493 1602; x_wconf 87' lang='lat' dir='ltr'>Ergo</span> <span class='ocrx_word' id='word_1_291' title='bbox 510 1572 608 1602; x_wconf 91' lang='lat' dir='ltr'>penes</span> <span class='ocrx_word' id='word_1_292' title='bbox 623 1563 783 1593; x_wconf 89' lang='lat' dir='ltr'>rationalis</span> <span class='ocrx_word' id='word_1_293' title='bbox 807 1569 966 1593; x_wconf 87' lang='lat' dir='ltr'>creaturae</span> <span class='ocrx_word' id='word_1_294' title='bbox 983 1564 1137 1593; x_wconf 89' lang='lat' dir='ltr'>unionem</span> <span class='ocrx_word' id='word_1_295' title='bbox 1154 1563 1193 1593; x_wconf 94' lang='lat' dir='ltr'>ad</span> <span class='ocrx_word' id='word_1_296' title='bbox 1208 1563 1324 1593; x_wconf 90' lang='lat' dir='ltr'>Deum.</span> 
     </span>
     <span class='ocr_line' id='line_1_47' title="bbox 267 1606 1325 1646; baseline 0.001 -11"><span class='ocrx_word' id='word_1_297' title='bbox 267 1606 352 1645; x_wconf 90' lang='lat' dir='ltr'>Ergo</span> <span class='ocrx_word' id='word_1_298' title='bbox 375 1606 473 1645; x_wconf 88' lang='lat' dir='ltr'>gratia</span> <span class='ocrx_word' id='word_1_299' title='bbox 496 1606 613 1636; x_wconf 90' lang='lat' dir='ltr'>Christi</span> <span class='ocrx_word' id='word_1_300' title='bbox 635 1607 784 1646; x_wconf 92' lang='lat' dir='ltr'>pertingit</span> <span class='ocrx_word' id='word_1_301' title='bbox 807 1607 846 1637; x_wconf 91' lang='lat' dir='ltr'>ad</span> <span class='ocrx_word' id='word_1_302' title='bbox 869 1616 1028 1636; x_wconf 90' lang='lat' dir='ltr'>summam</span> <span class='ocrx_word' id='word_1_303' title='bbox 1051 1617 1233 1637; x_wconf 85' lang='lat' dir='ltr'>mensuram</span> <span class='ocrx_word' id='word_1_304' title='bbox 1257 1617 1325 1646; x_wconf 89' lang='lat' dir='ltr'>gra-</span> 
     </span>
     <span class='ocr_line' id='line_1_48' title="bbox 267 1649 1325 1690; baseline 0.001 -11"><span class='ocrx_word' id='word_1_305' title='bbox 267 1650 339 1679; x_wconf 87' lang='lat' dir='ltr'>tiae.</span> <span class='ocrx_word' id='word_1_306' title='bbox 363 1649 448 1689; x_wconf 87' lang='lat' dir='ltr'>Ergo</span> <span class='ocrx_word' id='word_1_307' title='bbox 468 1650 565 1689; x_wconf 88' lang='lat' dir='ltr'>gratia</span> <span class='ocrx_word' id='word_1_308' title='bbox 581 1650 697 1680; x_wconf 90' lang='lat' dir='ltr'>Christi</span> <span class='ocrx_word' id='word_1_309' title='bbox 713 1660 780 1680; x_wconf 90' lang='lat' dir='ltr'>non</span> <span class='ocrx_word' id='word_1_310' title='bbox 795 1656 902 1690; x_wconf 90' lang='lat' dir='ltr'>potest</span> <span class='ocrx_word' id='word_1_311' title='bbox 925 1651 1032 1690; x_wconf 90' lang='lat' dir='ltr'>augeri</span> <span class='ocrx_word' id='word_1_312' title='bbox 1055 1660 1093 1680; x_wconf 85' lang='lat' dir='ltr'>ex</span> <span class='ocrx_word' id='word_1_313' title='bbox 1115 1656 1203 1690; x_wconf 91' lang='lat' dir='ltr'>parte</span> <span class='ocrx_word' id='word_1_314' title='bbox 1227 1651 1325 1690; x_wconf 92' lang='lat' dir='ltr'>ipsius</span> 
     </span>
     <span class='ocr_line' id='line_1_49' title="bbox 267 1693 1326 1734; baseline 0.002 -12"><span class='ocrx_word' id='word_1_315' title='bbox 267 1693 394 1733; x_wconf 87' lang='lat' dir='ltr'>gratiae.</span> <span class='ocrx_word' id='word_1_316' title='bbox 418 1711 440 1715; x_wconf 94' lang='lat'>—</span> <span class='ocrx_word' id='word_1_317' title='bbox 467 1693 668 1724; x_wconf 90' lang='lat' dir='ltr'>Antecedens</span> <span class='ocrx_word' id='word_1_318' title='bbox 692 1695 844 1734; x_wconf 87' lang='lat' dir='ltr'>probatur</span> <span class='ocrx_word' id='word_1_319' title='bbox 875 1694 1061 1724; x_wconf 87' lang='lat' dir='ltr'>auctoritate</span> <span class='ocrx_word' id='word_1_320' title='bbox 1091 1694 1280 1734; x_wconf 92' lang='lat' dir='ltr'>Scripturae.</span> <span class='ocrx_word' id='word_1_321' title='bbox 1304 1713 1326 1716; x_wconf 90' lang='lat'>—</span> 
     </span>
     <span class='ocr_line' id='line_1_50' title="bbox 267 1737 1325 1777; baseline 0.002 -11"><span class='ocrx_word' id='word_1_322' title='bbox 267 1737 372 1766; x_wconf 89' lang='lat' dir='ltr'>Prima</span> <span class='ocrx_word' id='word_1_323' title='bbox 402 1738 632 1776; x_wconf 86' lang='lat' dir='ltr'>consequentia</span> <span class='ocrx_word' id='word_1_324' title='bbox 660 1739 822 1777; x_wconf 89' lang='lat' dir='ltr'>probatur.</span> <span class='ocrx_word' id='word_1_325' title='bbox 857 1738 942 1775; x_wconf 91' lang='lat' dir='ltr'>Quia</span> <span class='ocrx_word' id='word_1_326' title='bbox 971 1747 1119 1768; x_wconf 88' lang='lat' dir='ltr'>mensura</span> <span class='ocrx_word' id='word_1_327' title='bbox 1150 1739 1325 1777; x_wconf 89' lang='lat' dir='ltr'>unicuique</span> 
     </span>
     <span class='ocr_line' id='line_1_51' title="bbox 268 1780 1326 1821; baseline 0.001 -11"><span class='ocrx_word' id='word_1_328' title='bbox 268 1780 389 1810; x_wconf 87' lang='lat' dir='ltr'>formae</span> <span class='ocrx_word' id='word_1_329' title='bbox 404 1780 587 1820; x_wconf 88' lang='lat' dir='ltr'>praefigitur</span> <span class='ocrx_word' id='word_1_330' title='bbox 602 1782 635 1811; x_wconf 93' lang='lat' dir='ltr'>in</span> <span class='ocrx_word' id='word_1_331' title='bbox 653 1782 893 1821; x_wconf 89' lang='lat' dir='ltr'>comparatione</span> <span class='ocrx_word' id='word_1_332' title='bbox 909 1781 948 1811; x_wconf 91' lang='lat' dir='ltr'>ad</span> <span class='ocrx_word' id='word_1_333' title='bbox 964 1781 1071 1811; x_wconf 89' lang='lat' dir='ltr'>finem.</span> <span class='ocrx_word' id='word_1_334' title='bbox 1101 1781 1200 1818; x_wconf 91' lang='lat' dir='ltr'>Quod</span> <span class='ocrx_word' id='word_1_335' title='bbox 1223 1781 1326 1811; x_wconf 91' lang='lat' dir='ltr'>decla-</span> 
     </span>
     <span class='ocr_line' id='line_1_52' title="bbox 267 1824 1326 1865; baseline 0 -11"><span class='ocrx_word' id='word_1_336' title='bbox 267 1829 353 1854; x_wconf 88' lang='lat' dir='ltr'>ratur</span> <span class='ocrx_word' id='word_1_337' title='bbox 369 1824 516 1863; x_wconf 87' lang='lat' dir='ltr'>exemplo</span> <span class='ocrx_word' id='word_1_338' title='bbox 541 1826 573 1854; x_wconf 93' lang='lat' dir='ltr'>in</span> <span class='ocrx_word' id='word_1_339' title='bbox 595 1830 696 1855; x_wconf 88' lang='lat' dir='ltr'>terrae</span> <span class='ocrx_word' id='word_1_340' title='bbox 719 1826 879 1865; x_wconf 89' lang='lat' dir='ltr'>gravitate.</span> <span class='ocrx_word' id='word_1_341' title='bbox 895 1843 918 1847; x_wconf 77' lang='lat'><em>-</em></span> <span class='ocrx_word' id='word_1_342' title='bbox 941 1824 1087 1855; x_wconf 90' lang='lat' dir='ltr'>Secunda</span> <span class='ocrx_word' id='word_1_343' title='bbox 1103 1830 1226 1854; x_wconf 90' lang='lat' dir='ltr'>autem:</span> <span class='ocrx_word' id='word_1_344' title='bbox 1252 1826 1326 1864; x_wconf 92' lang='lat' dir='ltr'>quia</span> 
     </span>
     <span class='ocr_line' id='line_1_53' title="bbox 267 1867 1326 1907; baseline 0.001 -10"><span class='ocrx_word' id='word_1_345' title='bbox 267 1867 339 1898; x_wconf 89' lang='lat' dir='ltr'>finis</span> <span class='ocrx_word' id='word_1_346' title='bbox 354 1868 470 1907; x_wconf 86' lang='lat' dir='ltr'>gratiae</span> <span class='ocrx_word' id='word_1_347' title='bbox 487 1873 533 1898; x_wconf 88' lang='lat' dir='ltr'>est</span> <span class='ocrx_word' id='word_1_348' title='bbox 555 1869 633 1898; x_wconf 90' lang='lat' dir='ltr'>unio</span> <span class='ocrx_word' id='word_1_349' title='bbox 650 1875 809 1899; x_wconf 89' lang='lat' dir='ltr'>creaturae</span> <span class='ocrx_word' id='word_1_350' title='bbox 825 1868 985 1898; x_wconf 87' lang='lat' dir='ltr'>rationalis</span> <span class='ocrx_word' id='word_1_351' title='bbox 1008 1867 1047 1898; x_wconf 93' lang='lat' dir='ltr'>ad</span> <span class='ocrx_word' id='word_1_352' title='bbox 1064 1869 1179 1898; x_wconf 87' lang='lat' dir='ltr'>Deum.</span> <span class='ocrx_word' id='word_1_353' title='bbox 1202 1887 1225 1890; x_wconf 97' lang='lat'><strong>—</strong></span> <span class='ocrx_word' id='word_1_354' title='bbox 1248 1868 1326 1898; x_wconf 90' lang='lat' dir='ltr'>Ter-</span> 
     </span>
     <span class='ocr_line' id='line_1_54' title="bbox 267 1911 1327 1952; baseline 0 -10"><span class='ocrx_word' id='word_1_355' title='bbox 267 1912 311 1942; x_wconf 86' lang='lat' dir='ltr'>tia</span> <span class='ocrx_word' id='word_1_356' title='bbox 325 1921 417 1941; x_wconf 91' lang='lat' dir='ltr'>vero:</span> <span class='ocrx_word' id='word_1_357' title='bbox 443 1912 518 1951; x_wconf 85' lang='lat' dir='ltr'>quia</span> <span class='ocrx_word' id='word_1_358' title='bbox 533 1921 592 1942; x_wconf 91' lang='lat' dir='ltr'>nec</span> <span class='ocrx_word' id='word_1_359' title='bbox 609 1921 677 1942; x_wconf 88' lang='lat' dir='ltr'>esse</span> <span class='ocrx_word' id='word_1_360' title='bbox 692 1922 752 1943; x_wconf 91' lang='lat' dir='ltr'>nec</span> <span class='ocrx_word' id='word_1_361' title='bbox 775 1913 907 1952; x_wconf 85' lang='lat' dir='ltr'>intelligi</span> <span class='ocrx_word' id='word_1_362' title='bbox 922 1917 1028 1952; x_wconf 89' lang='lat' dir='ltr'>potest</span> <span class='ocrx_word' id='word_1_363' title='bbox 1048 1913 1150 1942; x_wconf 90' lang='lat' dir='ltr'>maior</span> <span class='ocrx_word' id='word_1_364' title='bbox 1165 1911 1204 1942; x_wconf 90' lang='lat' dir='ltr'>ad</span> <span class='ocrx_word' id='word_1_365' title='bbox 1221 1912 1327 1942; x_wconf 86' lang='lat' dir='ltr'>Deum</span> 
     </span>
     <span class='ocr_line' id='line_1_55' title="bbox 267 1956 675 1995; baseline 0.002 -10"><span class='ocrx_word' id='word_1_366' title='bbox 267 1956 346 1986; x_wconf 84' lang='lat' dir='ltr'>unio</span> <span class='ocrx_word' id='word_1_367' title='bbox 371 1965 468 1995; x_wconf 90' lang='lat' dir='ltr'>quam</span> <span class='ocrx_word' id='word_1_368' title='bbox 490 1956 675 1995; x_wconf 87' lang='lat' dir='ltr'>personalis.</span> 
     </span>
    </p>

    <p class='ocr_par' dir='ltr' id='par_1_16' title="bbox 322 1999 1328 2040">
     <span class='ocr_line' id='line_1_56' title="bbox 322 1999 1328 2040; baseline 0.001 -12"><span class='ocrx_word' id='word_1_369' title='bbox 322 1999 359 2029; x_wconf 93' lang='lat' dir='ltr'>II.</span> <span class='ocrx_word' id='word_1_370' title='bbox 385 1999 464 2029; x_wconf 88' lang='lat' dir='ltr'>Siste</span> <span class='ocrx_word' id='word_1_371' title='bbox 487 2000 550 2037; x_wconf 90' lang='lat' dir='ltr'>hoc</span> <span class='ocrx_word' id='word_1_372' title='bbox 572 1999 606 2029; x_wconf 92' lang='lat' dir='ltr'>in</span> <span class='ocrx_word' id='word_1_373' title='bbox 621 1999 706 2036; x_wconf 86' lang='lat' dir='ltr'>loco,</span> <span class='ocrx_word' id='word_1_374' title='bbox 723 2000 848 2036; x_wconf 86' lang='lat' dir='ltr'>Lector,</span> <span class='ocrx_word' id='word_1_375' title='bbox 874 2005 904 2029; x_wconf 93' lang='lat' dir='ltr'>et</span> <span class='ocrx_word' id='word_1_376' title='bbox 920 2000 1074 2039; x_wconf 90' lang='lat' dir='ltr'>perspice,</span> <span class='ocrx_word' id='word_1_377' title='bbox 1098 2000 1213 2039; x_wconf 90' lang='lat' dir='ltr'>primo,</span> <span class='ocrx_word' id='word_1_378' title='bbox 1238 1999 1328 2040; x_wconf 92' lang='lat' dir='ltr'>quod</span> 
     </span>
    </p>
   </div>
   <div class='ocr_carea' id='block_1_14' title="bbox 236 2043 1327 2082">
    <p class='ocr_par' dir='ltr' id='par_1_17' title="bbox 236 2043 1327 2082">
     <span class='ocr_line' id='line_1_57' title="bbox 236 2043 1327 2082; baseline 0.001 -10"><span class='ocrx_word' id='word_1_379' title='bbox 236 2059 241 2070; x_wconf 70' lang='grc' dir='ltr'>ι</span> <span class='ocrx_word' id='word_1_380' title='bbox 268 2043 302 2073; x_wconf 92' lang='lat' dir='ltr'>in</span> <span class='ocrx_word' id='word_1_381' title='bbox 324 2043 540 2082; x_wconf 88' lang='lat' dir='ltr'>praecedentis</span> <span class='ocrx_word' id='word_1_382' title='bbox 564 2043 650 2074; x_wconf 91' lang='lat' dir='ltr'>Libri</span> <span class='ocrx_word' id='word_1_383' title='bbox 665 2045 681 2060; x_wconf 69' lang='lat'>³*</span> <span class='ocrx_word' id='word_1_384' title='bbox 701 2044 947 2079; x_wconf 91' lang='lat' dir='ltr'>commentariis,</span> <span class='ocrx_word' id='word_1_385' title='bbox 971 2053 1046 2074; x_wconf 93' lang='lat' dir='ltr'>cum</span> <span class='ocrx_word' id='word_1_386' title='bbox 1062 2043 1101 2073; x_wconf 93' lang='lat' dir='ltr'>de</span> <span class='ocrx_word' id='word_1_387' title='bbox 1117 2044 1244 2074; x_wconf 90' lang='lat' dir='ltr'>caritate</span> <span class='ocrx_word' id='word_1_388' title='bbox 1267 2049 1327 2073; x_wconf 89' lang='lat' dir='ltr'>tra-</span> 
     </span>
    </p>
   </div>
   <div class='ocr_carea' id='block_1_15' title="bbox 268 2086 1331 3573">
    <p class='ocr_par' dir='ltr' id='par_1_18' title="bbox 268 2086 1330 2520">
     <span class='ocr_line' id='line_1_58' title="bbox 269 2086 1327 2126; baseline 0.001 -10"><span class='ocrx_word' id='word_1_389' title='bbox 269 2091 414 2123; x_wconf 89' lang='lat' dir='ltr'>ctaretur,</span> <span class='ocrx_word' id='word_1_390' title='bbox 438 2087 633 2126; x_wconf 86' lang='lat' dir='ltr'>scripsimus,</span> <span class='ocrx_word' id='word_1_391' title='bbox 656 2097 724 2117; x_wconf 92' lang='lat' dir='ltr'>non</span> <span class='ocrx_word' id='word_1_392' title='bbox 747 2088 921 2117; x_wconf 89' lang='lat' dir='ltr'>somniasse</span> <span class='ocrx_word' id='word_1_393' title='bbox 944 2097 1021 2123; x_wconf 90' lang='lat' dir='ltr'>nos,</span> <span class='ocrx_word' id='word_1_394' title='bbox 1045 2086 1101 2117; x_wconf 92' lang='lat' dir='ltr'>sed</span> <span class='ocrx_word' id='word_1_395' title='bbox 1124 2087 1162 2117; x_wconf 87' lang='lat' dir='ltr'>ab</span> <span class='ocrx_word' id='word_1_396' title='bbox 1186 2088 1327 2117; x_wconf 91' lang='lat' dir='ltr'>Auctore</span> 
     </span>
     <span class='ocr_line' id='line_1_59' title="bbox 269 2129 1329 2171; baseline 0 -11"><span class='ocrx_word' id='word_1_397' title='bbox 269 2129 429 2160; x_wconf 81' lang='lat' dir='ltr'>didicisse:</span> <span class='ocrx_word' id='word_1_398' title='bbox 454 2131 573 2160; x_wconf 87' lang='lat' dir='ltr'>scilicet</span> <span class='ocrx_word' id='word_1_399' title='bbox 595 2132 736 2170; x_wconf 88' lang='lat' dir='ltr'>gratiam,</span> <span class='ocrx_word' id='word_1_400' title='bbox 761 2140 796 2161; x_wconf 88' lang='lat' dir='ltr'>ac</span> <span class='ocrx_word' id='word_1_401' title='bbox 819 2140 876 2171; x_wconf 92' lang='lat' dir='ltr'>per</span> <span class='ocrx_word' id='word_1_402' title='bbox 898 2131 962 2161; x_wconf 94' lang='lat' dir='ltr'>hoc</span> <span class='ocrx_word' id='word_1_403' title='bbox 986 2131 1161 2166; x_wconf 86' lang='lat' dir='ltr'>caritatem,</span> <span class='ocrx_word' id='word_1_404' title='bbox 1186 2131 1219 2160; x_wconf 89' lang='lat' dir='ltr'>in</span> <span class='ocrx_word' id='word_1_405' title='bbox 1243 2140 1329 2161; x_wconf 86' lang='lat' dir='ltr'>crea-</span> 
     </span>
     <span class='ocr_line' id='line_1_60' title="bbox 268 2174 1329 2214; baseline 0 -10"><span class='ocrx_word' id='word_1_406' title='bbox 268 2175 346 2204; x_wconf 87' lang='lat' dir='ltr'>turis</span> <span class='ocrx_word' id='word_1_407' title='bbox 368 2175 484 2204; x_wconf 87' lang='lat' dir='ltr'>habere</span> <span class='ocrx_word' id='word_1_408' title='bbox 506 2174 684 2205; x_wconf 88' lang='lat' dir='ltr'>secundum</span> <span class='ocrx_word' id='word_1_409' title='bbox 707 2185 740 2205; x_wconf 92' lang='lat' dir='ltr'>se</span> <span class='ocrx_word' id='word_1_410' title='bbox 763 2175 935 2205; x_wconf 81' lang='lat' dir='ltr'>terminum</span> <span class='ocrx_word' id='word_1_411' title='bbox 958 2175 991 2205; x_wconf 93' lang='lat' dir='ltr'>in</span> <span class='ocrx_word' id='word_1_412' title='bbox 1012 2184 1150 2210; x_wconf 90' lang='lat' dir='ltr'>summo,</span> <span class='ocrx_word' id='word_1_413' title='bbox 1175 2175 1217 2204; x_wconf 90' lang='lat' dir='ltr'>ita</span> <span class='ocrx_word' id='word_1_414' title='bbox 1240 2174 1329 2214; x_wconf 90' lang='lat' dir='ltr'>quod</span> 
     </span>
     <span class='ocr_line' id='line_1_61' title="bbox 269 2218 1328 2258; baseline 0 -10"><span class='ocrx_word' id='word_1_415' title='bbox 269 2227 336 2247; x_wconf 88' lang='lat' dir='ltr'>non</span> <span class='ocrx_word' id='word_1_416' title='bbox 359 2223 432 2248; x_wconf 90' lang='lat' dir='ltr'>sunt</span> <span class='ocrx_word' id='word_1_417' title='bbox 455 2218 590 2258; x_wconf 90' lang='lat' dir='ltr'>amplius</span> <span class='ocrx_word' id='word_1_418' title='bbox 613 2218 871 2258; x_wconf 86' lang='lat' dir='ltr'>augmentabiles.</span> <span class='ocrx_word' id='word_1_419' title='bbox 895 2219 936 2248; x_wconf 92' lang='lat' dir='ltr'>Et</span> <span class='ocrx_word' id='word_1_420' title='bbox 950 2219 1045 2248; x_wconf 87' lang='lat' dir='ltr'>verba</span> <span class='ocrx_word' id='word_1_421' title='bbox 1059 2218 1209 2248; x_wconf 87' lang='lat' dir='ltr'>Auctoris</span> <span class='ocrx_word' id='word_1_422' title='bbox 1224 2219 1257 2248; x_wconf 91' lang='lat' dir='ltr'>in</span> <span class='ocrx_word' id='word_1_423' title='bbox 1273 2219 1328 2248; x_wconf 93' lang='lat' dir='ltr'>illo</span> 
     </span>
     <span class='ocr_line' id='line_1_62' title="bbox 269 2260 1330 2302; baseline 0.001 -11"><span class='ocrx_word' id='word_1_424' title='bbox 269 2261 354 2297; x_wconf 90' lang='lat' dir='ltr'>loco,</span> <span class='ocrx_word' id='word_1_425' title='bbox 379 2271 461 2301; x_wconf 90' lang='lat' dir='ltr'>quae</span> <span class='ocrx_word' id='word_1_426' title='bbox 484 2260 630 2292; x_wconf 89' lang='lat' dir='ltr'>videntur</span> <span class='ocrx_word' id='word_1_427' title='bbox 653 2272 765 2292; x_wconf 89' lang='lat' dir='ltr'>sonare</span> <span class='ocrx_word' id='word_1_428' title='bbox 784 2262 981 2302; x_wconf 92' lang='lat' dir='ltr'>oppositum,</span> <span class='ocrx_word' id='word_1_429' title='bbox 1006 2272 1073 2292; x_wconf 91' lang='lat' dir='ltr'>non</span> <span class='ocrx_word' id='word_1_430' title='bbox 1089 2272 1156 2292; x_wconf 91' lang='lat' dir='ltr'>esse</span> <span class='ocrx_word' id='word_1_431' title='bbox 1173 2262 1258 2298; x_wconf 89' lang='lat' dir='ltr'>falsa,</span> <span class='ocrx_word' id='word_1_432' title='bbox 1275 2268 1330 2292; x_wconf 89' lang='lat' dir='ltr'>aut</span> 
     </span>
     <span class='ocr_line' id='line_1_63' title="bbox 270 2305 1330 2346; baseline 0.001 -11"><span class='ocrx_word' id='word_1_433' title='bbox 270 2310 410 2335; x_wconf 87' lang='lat' dir='ltr'>correcta</span> <span class='ocrx_word' id='word_1_434' title='bbox 433 2315 489 2335; x_wconf 89' lang='lat' dir='ltr'>seu</span> <span class='ocrx_word' id='word_1_435' title='bbox 512 2310 675 2336; x_wconf 88' lang='lat' dir='ltr'>retractata</span> <span class='ocrx_word' id='word_1_436' title='bbox 698 2306 766 2336; x_wconf 83' lang='lat' dir='ltr'>hic:</span> <span class='ocrx_word' id='word_1_437' title='bbox 798 2306 853 2336; x_wconf 91' lang='lat' dir='ltr'>sed</span> <span class='ocrx_word' id='word_1_438' title='bbox 883 2311 957 2336; x_wconf 92' lang='lat' dir='ltr'>sunt</span> <span class='ocrx_word' id='word_1_439' title='bbox 987 2305 1192 2346; x_wconf 86' lang='lat' dir='ltr'>exponenda,</span> <span class='ocrx_word' id='word_1_440' title='bbox 1225 2311 1260 2336; x_wconf 92' lang='lat' dir='ltr'>ut</span> <span class='ocrx_word' id='word_1_441' title='bbox 1286 2307 1330 2336; x_wconf 92' lang='lat' dir='ltr'>ibi</span> 
     </span>
     <span class='ocr_line' id='line_1_64' title="bbox 270 2349 1328 2389; baseline 0.001 -11"><span class='ocrx_word' id='word_1_442' title='bbox 270 2349 486 2389; x_wconf 87' lang='lat' dir='ltr'>exposuimus.</span> <span class='ocrx_word' id='word_1_443' title='bbox 521 2349 562 2379; x_wconf 91' lang='lat' dir='ltr'>Et</span> <span class='ocrx_word' id='word_1_444' title='bbox 585 2349 802 2385; x_wconf 88' lang='lat' dir='ltr'>sentiendum,</span> <span class='ocrx_word' id='word_1_445' title='bbox 827 2359 902 2380; x_wconf 92' lang='lat' dir='ltr'>cum</span> <span class='ocrx_word' id='word_1_446' title='bbox 932 2350 1073 2380; x_wconf 89' lang='lat' dir='ltr'>Auctore</span> <span class='ocrx_word' id='word_1_447' title='bbox 1100 2350 1163 2380; x_wconf 93' lang='lat' dir='ltr'>hoc</span> <span class='ocrx_word' id='word_1_448' title='bbox 1186 2350 1219 2379; x_wconf 92' lang='lat' dir='ltr'>in</span> <span class='ocrx_word' id='word_1_449' title='bbox 1243 2350 1328 2386; x_wconf 90' lang='lat' dir='ltr'>loco,</span> 
     </span>
     <span class='ocr_line' id='line_1_65' title="bbox 270 2392 1330 2433; baseline 0.002 -11"><span class='ocrx_word' id='word_1_450' title='bbox 270 2398 318 2422; x_wconf 89' lang='lat' dir='ltr'>est</span> <span class='ocrx_word' id='word_1_451' title='bbox 340 2392 429 2432; x_wconf 90' lang='lat' dir='ltr'>quod</span> <span class='ocrx_word' id='word_1_452' title='bbox 451 2393 548 2433; x_wconf 88' lang='lat' dir='ltr'>gratia</span> <span class='ocrx_word' id='word_1_453' title='bbox 571 2394 737 2423; x_wconf 91' lang='lat' dir='ltr'>habitualis</span> <span class='ocrx_word' id='word_1_454' title='bbox 761 2393 878 2424; x_wconf 89' lang='lat' dir='ltr'>Christi</span> <span class='ocrx_word' id='word_1_455' title='bbox 909 2398 955 2424; x_wconf 90' lang='lat' dir='ltr'>est</span> <span class='ocrx_word' id='word_1_456' title='bbox 977 2403 1050 2423; x_wconf 88' lang='lat' dir='ltr'>vere</span> <span class='ocrx_word' id='word_1_457' title='bbox 1081 2394 1115 2423; x_wconf 93' lang='lat' dir='ltr'>in</span> <span class='ocrx_word' id='word_1_458' title='bbox 1138 2403 1266 2423; x_wconf 91' lang='lat' dir='ltr'>summo</span> <span class='ocrx_word' id='word_1_459' title='bbox 1290 2394 1330 2424; x_wconf 88' lang='lat' dir='ltr'>ad</span> 
     </span>
     <span class='ocr_line' id='line_1_66' title="bbox 270 2436 1330 2477; baseline 0.001 -11"><span class='ocrx_word' id='word_1_460' title='bbox 270 2436 360 2476; x_wconf 90' lang='lat' dir='ltr'>quod</span> <span class='ocrx_word' id='word_1_461' title='bbox 382 2442 488 2476; x_wconf 87' lang='lat' dir='ltr'>potest</span> <span class='ocrx_word' id='word_1_462' title='bbox 510 2437 607 2476; x_wconf 84' lang='lat' dir='ltr'>gratia</span> <span class='ocrx_word' id='word_1_463' title='bbox 637 2447 675 2467; x_wconf 87' lang='lat' dir='ltr'>ex</span> <span class='ocrx_word' id='word_1_464' title='bbox 698 2443 786 2476; x_wconf 89' lang='lat' dir='ltr'>parte</span> <span class='ocrx_word' id='word_1_465' title='bbox 809 2438 857 2467; x_wconf 91' lang='lat' dir='ltr'>sui</span> <span class='ocrx_word' id='word_1_466' title='bbox 880 2437 1021 2477; x_wconf 92' lang='lat' dir='ltr'>perduci.</span> <span class='ocrx_word' id='word_1_467' title='bbox 1057 2437 1097 2467; x_wconf 92' lang='lat' dir='ltr'>Et</span> <span class='ocrx_word' id='word_1_468' title='bbox 1120 2438 1182 2468; x_wconf 90' lang='lat' dir='ltr'>hoc</span> <span class='ocrx_word' id='word_1_469' title='bbox 1210 2438 1274 2467; x_wconf 88' lang='lat' dir='ltr'>iam</span> <span class='ocrx_word' id='word_1_470' title='bbox 1296 2439 1330 2468; x_wconf 90' lang='lat' dir='ltr'>in</span> 
     </span>
     <span class='ocr_line' id='line_1_67' title="bbox 269 2480 1134 2520; baseline 0.001 -10"><span class='ocrx_word' id='word_1_471' title='bbox 269 2480 531 2520; x_wconf 89' lang='lat' dir='ltr'>praecedentibus</span> <span class='ocrx_word' id='word_1_472' title='bbox 554 2481 649 2512; x_wconf 89' lang='lat' dir='ltr'>huius</span> <span class='ocrx_word' id='word_1_473' title='bbox 672 2481 759 2511; x_wconf 90' lang='lat' dir='ltr'>Libri</span> <span class='ocrx_word' id='word_1_474' title='bbox 781 2481 900 2520; x_wconf 91' lang='lat' dir='ltr'>pluries</span> <span class='ocrx_word' id='word_1_475' title='bbox 923 2481 1092 2511; x_wconf 86' lang='lat' dir='ltr'>habuimus</span> <span class='ocrx_word' id='word_1_476' title='bbox 1108 2482 1134 2511; x_wconf 46' lang='grc' dir='ltr'><strong>ἦ</strong></span> 
     </span>
    </p>

    <p class='ocr_par' dir='ltr' id='par_1_19' title="bbox 270 2523 1331 3132">
     <span class='ocr_line' id='line_1_68' title="bbox 325 2523 1330 2565; baseline 0.002 -11"><span class='ocrx_word' id='word_1_477' title='bbox 325 2523 376 2554; x_wconf 86' lang='lat' dir='ltr'>Ad</span> <span class='ocrx_word' id='word_1_478' title='bbox 399 2524 570 2555; x_wconf 88' lang='lat' dir='ltr'>claritatem</span> <span class='ocrx_word' id='word_1_479' title='bbox 585 2530 693 2555; x_wconf 89' lang='lat' dir='ltr'>tamen</span> <span class='ocrx_word' id='word_1_480' title='bbox 708 2524 870 2555; x_wconf 86' lang='lat' dir='ltr'>doctrinae</span> <span class='ocrx_word' id='word_1_481' title='bbox 886 2525 1068 2564; x_wconf 87' lang='lat' dir='ltr'>praesentis,</span> <span class='ocrx_word' id='word_1_482' title='bbox 1085 2525 1224 2565; x_wconf 85' lang='lat' dir='ltr'>intellige</span> <span class='ocrx_word' id='word_1_483' title='bbox 1240 2535 1330 2556; x_wconf 90' lang='lat' dir='ltr'>men-</span> 
     </span>
     <span class='ocr_line' id='line_1_69' title="bbox 270 2567 1328 2608; baseline 0.003 -11"><span class='ocrx_word' id='word_1_484' title='bbox 270 2576 376 2597; x_wconf 86' lang='lat' dir='ltr'>suram</span> <span class='ocrx_word' id='word_1_485' title='bbox 399 2567 521 2598; x_wconf 86' lang='lat' dir='ltr'>formae</span> <span class='ocrx_word' id='word_1_486' title='bbox 543 2567 715 2608; x_wconf 86' lang='lat' dir='ltr'>praefixam</span> <span class='ocrx_word' id='word_1_487' title='bbox 739 2578 806 2599; x_wconf 91' lang='lat' dir='ltr'>esse</span> <span class='ocrx_word' id='word_1_488' title='bbox 829 2578 928 2608; x_wconf 91' lang='lat' dir='ltr'>penes</span> <span class='ocrx_word' id='word_1_489' title='bbox 951 2569 1138 2599; x_wconf 88' lang='lat' dir='ltr'>relationem</span> <span class='ocrx_word' id='word_1_490' title='bbox 1162 2569 1201 2599; x_wconf 91' lang='lat' dir='ltr'>ad</span> <span class='ocrx_word' id='word_1_491' title='bbox 1220 2569 1328 2606; x_wconf 88' lang='lat' dir='ltr'>finem,</span> 
     </span>
     <span class='ocr_line' id='line_1_70' title="bbox 270 2611 1330 2652; baseline 0.003 -12"><span class='ocrx_word' id='word_1_492' title='bbox 270 2620 337 2641; x_wconf 94' lang='lat' dir='ltr'>non</span> <span class='ocrx_word' id='word_1_493' title='bbox 361 2611 405 2641; x_wconf 91' lang='lat' dir='ltr'>sic</span> <span class='ocrx_word' id='word_1_494' title='bbox 436 2611 525 2651; x_wconf 92' lang='lat' dir='ltr'>quod</span> <span class='ocrx_word' id='word_1_495' title='bbox 547 2621 695 2642; x_wconf 88' lang='lat' dir='ltr'>mensura</span> <span class='ocrx_word' id='word_1_496' title='bbox 724 2622 822 2652; x_wconf 90' lang='lat' dir='ltr'>penes</span> <span class='ocrx_word' id='word_1_497' title='bbox 852 2613 1062 2643; x_wconf 86' lang='lat' dir='ltr'>extrinsecum</span> <span class='ocrx_word' id='word_1_498' title='bbox 1089 2613 1143 2648; x_wconf 92' lang='lat' dir='ltr'>sit,</span> <span class='ocrx_word' id='word_1_499' title='bbox 1176 2614 1330 2652; x_wconf 89' lang='lat' dir='ltr'>quoniam</span> 
     </span>
     <span class='ocr_line' id='line_1_71' title="bbox 270 2654 1328 2688; baseline 0.003 -4"><span class='ocrx_word' id='word_1_500' title='bbox 270 2663 419 2685; x_wconf 85' lang='lat' dir='ltr'>mensura</span> <span class='ocrx_word' id='word_1_501' title='bbox 441 2654 562 2686; x_wconf 90' lang='lat' dir='ltr'>formae</span> <span class='ocrx_word' id='word_1_502' title='bbox 586 2656 754 2686; x_wconf 86' lang='lat' dir='ltr'>intrinseca</span> <span class='ocrx_word' id='word_1_503' title='bbox 777 2662 824 2686; x_wconf 91' lang='lat' dir='ltr'>est</span> <span class='ocrx_word' id='word_1_504' title='bbox 847 2656 968 2686; x_wconf 88' lang='lat' dir='ltr'>formae</span> <span class='ocrx_word' id='word_1_505' title='bbox 992 2657 1083 2686; x_wconf 91' lang='lat' dir='ltr'>cuius</span> <span class='ocrx_word' id='word_1_506' title='bbox 1102 2662 1149 2686; x_wconf 92' lang='lat' dir='ltr'>est</span> <span class='ocrx_word' id='word_1_507' title='bbox 1164 2666 1328 2688; x_wconf 89' lang='lat' dir='ltr'>mensura:</span> 
     </span>
     <span class='ocr_line' id='line_1_72' title="bbox 271 2698 1330 2741; baseline 0.004 -13"><span class='ocrx_word' id='word_1_508' title='bbox 271 2698 327 2728; x_wconf 91' lang='lat' dir='ltr'>sed</span> <span class='ocrx_word' id='word_1_509' title='bbox 349 2699 394 2729; x_wconf 90' lang='lat' dir='ltr'>sic</span> <span class='ocrx_word' id='word_1_510' title='bbox 417 2698 516 2738; x_wconf 90' lang='lat' dir='ltr'>quod,</span> <span class='ocrx_word' id='word_1_511' title='bbox 541 2709 616 2729; x_wconf 90' lang='lat' dir='ltr'>cum</span> <span class='ocrx_word' id='word_1_512' title='bbox 639 2709 732 2730; x_wconf 87' lang='lat' dir='ltr'>omne</span> <span class='ocrx_word' id='word_1_513' title='bbox 754 2710 855 2741; x_wconf 80' lang='lat' dir='ltr'>agens</span> <span class='ocrx_word' id='word_1_514' title='bbox 878 2705 959 2741; x_wconf 83' lang='lat' dir='ltr'>agat</span> <span class='ocrx_word' id='word_1_515' title='bbox 974 2705 1111 2740; x_wconf 81' lang='lat' dir='ltr'>propter</span> <span class='ocrx_word' id='word_1_516' title='bbox 1122 2701 1227 2741; x_wconf 89' lang='lat' dir='ltr'>finem</span> <span class='ocrx_word' id='word_1_517' title='bbox 1243 2702 1269 2737; x_wconf 43' lang='grc' dir='ltr'>ὕ,</span> <span class='ocrx_word' id='word_1_518' title='bbox 1294 2711 1330 2732; x_wconf 91' lang='lat' dir='ltr'>ac</span> 
     </span>
     <span class='ocr_line' id='line_1_73' title="bbox 270 2742 1331 2785; baseline 0.003 -13"><span class='ocrx_word' id='word_1_519' title='bbox 270 2751 328 2782; x_wconf 89' lang='lat' dir='ltr'>per</span> <span class='ocrx_word' id='word_1_520' title='bbox 345 2743 419 2778; x_wconf 94' lang='lat' dir='ltr'>hoc,</span> <span class='ocrx_word' id='word_1_521' title='bbox 435 2742 467 2772; x_wconf 94' lang='lat' dir='ltr'>id</span> <span class='ocrx_word' id='word_1_522' title='bbox 491 2742 581 2782; x_wconf 91' lang='lat' dir='ltr'>quod</span> <span class='ocrx_word' id='word_1_523' title='bbox 596 2743 839 2774; x_wconf 87' lang='lat' dir='ltr'>substantialiter</span> <span class='ocrx_word' id='word_1_524' title='bbox 854 2750 901 2774; x_wconf 89' lang='lat' dir='ltr'>est</span> <span class='ocrx_word' id='word_1_525' title='bbox 923 2750 1054 2784; x_wconf 92' lang='lat' dir='ltr'>propter</span> <span class='ocrx_word' id='word_1_526' title='bbox 1069 2743 1177 2780; x_wconf 89' lang='lat' dir='ltr'>finem,</span> <span class='ocrx_word' id='word_1_527' title='bbox 1203 2751 1331 2785; x_wconf 89' lang='lat' dir='ltr'>oportet</span> 
     </span>
     <span class='ocr_line' id='line_1_74' title="bbox 271 2786 1330 2828; baseline 0.004 -13"><span class='ocrx_word' id='word_1_528' title='bbox 271 2792 565 2816; x_wconf 88' lang='lat' dir='ltr'>commensuratum</span> <span class='ocrx_word' id='word_1_529' title='bbox 588 2796 655 2816; x_wconf 88' lang='lat' dir='ltr'>esse</span> <span class='ocrx_word' id='word_1_530' title='bbox 678 2786 751 2823; x_wconf 85' lang='lat' dir='ltr'>fini,</span> <span class='ocrx_word' id='word_1_531' title='bbox 775 2788 856 2818; x_wconf 90' lang='lat' dir='ltr'>sicut</span> <span class='ocrx_word' id='word_1_532' title='bbox 879 2787 968 2828; x_wconf 94' lang='lat' dir='ltr'>quod</span> <span class='ocrx_word' id='word_1_533' title='bbox 991 2788 1168 2822; x_wconf 85' lang='lat' dir='ltr'>secundum</span> <span class='ocrx_word' id='word_1_534' title='bbox 1192 2789 1330 2828; x_wconf 87' lang='lat' dir='ltr'>aliquam</span> 
     </span>
     <span class='ocr_line' id='line_1_75' title="bbox 271 2829 1330 2871; baseline 0.004 -12"><span class='ocrx_word' id='word_1_535' title='bbox 271 2829 406 2869; x_wconf 87' lang='lat' dir='ltr'>figuram</span> <span class='ocrx_word' id='word_1_536' title='bbox 422 2835 468 2860; x_wconf 90' lang='lat' dir='ltr'>est</span> <span class='ocrx_word' id='word_1_537' title='bbox 482 2835 613 2870; x_wconf 91' lang='lat' dir='ltr'>propter</span> <span class='ocrx_word' id='word_1_538' title='bbox 627 2829 735 2866; x_wconf 90' lang='lat' dir='ltr'>finem,</span> <span class='ocrx_word' id='word_1_539' title='bbox 752 2837 890 2870; x_wconf 89' lang='lat' dir='ltr'>oportet,</span> <span class='ocrx_word' id='word_1_540' title='bbox 906 2837 942 2862; x_wconf 92' lang='lat' dir='ltr'>ut</span> <span class='ocrx_word' id='word_1_541' title='bbox 957 2831 1137 2871; x_wconf 83' lang='lat' dir='ltr'>figuratum,</span> <span class='ocrx_word' id='word_1_542' title='bbox 1158 2841 1224 2862; x_wconf 90' lang='lat' dir='ltr'>esse</span> <span class='ocrx_word' id='word_1_543' title='bbox 1242 2842 1330 2863; x_wconf 89' lang='lat' dir='ltr'>com-</span> 
     </span>
     <span class='ocr_line' id='line_1_76' title="bbox 271 2873 1330 2915; baseline 0.004 -12"><span class='ocrx_word' id='word_1_544' title='bbox 271 2879 489 2904; x_wconf 89' lang='lat' dir='ltr'>mensuratum</span> <span class='ocrx_word' id='word_1_545' title='bbox 512 2874 557 2903; x_wconf 90' lang='lat' dir='ltr'>illi</span> <span class='ocrx_word' id='word_1_546' title='bbox 572 2873 644 2910; x_wconf 84' lang='lat' dir='ltr'>fini3</span> <span class='ocrx_word' id='word_1_547' title='bbox 669 2880 846 2914; x_wconf 89' lang='lat' dir='ltr'>propterea,</span> <span class='ocrx_word' id='word_1_548' title='bbox 863 2884 937 2905; x_wconf 91' lang='lat' dir='ltr'>cum</span> <span class='ocrx_word' id='word_1_549' title='bbox 953 2885 1047 2914; x_wconf 90' lang='lat' dir='ltr'>grave</span> <span class='ocrx_word' id='word_1_550' title='bbox 1063 2876 1101 2905; x_wconf 92' lang='lat' dir='ltr'>sit</span> <span class='ocrx_word' id='word_1_551' title='bbox 1117 2882 1247 2915; x_wconf 91' lang='lat' dir='ltr'>propter</span> <span class='ocrx_word' id='word_1_552' title='bbox 1263 2886 1330 2907; x_wconf 91' lang='lat' dir='ltr'>esse</span> 
     </span>
     <span class='ocr_line' id='line_1_77' title="bbox 272 2917 1329 2957; baseline 0.003 -10"><span class='ocrx_word' id='word_1_553' title='bbox 272 2917 432 2954; x_wconf 86' lang='lat' dir='ltr'>deorsum,</span> <span class='ocrx_word' id='word_1_554' title='bbox 457 2922 585 2957; x_wconf 86' lang='lat' dir='ltr'>oportet</span> <span class='ocrx_word' id='word_1_555' title='bbox 606 2927 709 2957; x_wconf 85' lang='lat' dir='ltr'>grave,</span> <span class='ocrx_word' id='word_1_556' title='bbox 734 2923 769 2947; x_wconf 93' lang='lat' dir='ltr'>ut</span> <span class='ocrx_word' id='word_1_557' title='bbox 784 2919 839 2954; x_wconf 89' lang='lat' dir='ltr'>sic,</span> <span class='ocrx_word' id='word_1_558' title='bbox 864 2925 1158 2949; x_wconf 90' lang='lat' dir='ltr'>commensuratum</span> <span class='ocrx_word' id='word_1_559' title='bbox 1174 2929 1241 2950; x_wconf 89' lang='lat' dir='ltr'>esse</span> <span class='ocrx_word' id='word_1_560' title='bbox 1257 2920 1329 2957; x_wconf 89' lang='lat' dir='ltr'>fini;</span> 
     </span>
     <span class='ocr_line' id='line_1_78' title="bbox 272 2960 1331 2994; baseline 0.003 -3"><span class='ocrx_word' id='word_1_561' title='bbox 272 2967 308 2992; x_wconf 89' lang='lat' dir='ltr'>ut</span> <span class='ocrx_word' id='word_1_562' title='bbox 330 2962 449 2992; x_wconf 89' lang='lat' dir='ltr'>scilicet</span> <span class='ocrx_word' id='word_1_563' title='bbox 478 2960 591 2991; x_wconf 89' lang='lat' dir='ltr'>infimo</span> <span class='ocrx_word' id='word_1_564' title='bbox 622 2961 773 2991; x_wconf 90' lang='lat' dir='ltr'>deorsum</span> <span class='ocrx_word' id='word_1_565' title='bbox 803 2968 1078 2993; x_wconf 89' lang='lat' dir='ltr'>commensuretur</span> <span class='ocrx_word' id='word_1_566' title='bbox 1109 2963 1176 2993; x_wconf 89' lang='lat' dir='ltr'>sola</span> <span class='ocrx_word' id='word_1_567' title='bbox 1205 2973 1331 2994; x_wconf 90' lang='lat' dir='ltr'>summa</span> 
     </span>
     <span class='ocr_line' id='line_1_79' title="bbox 271 3005 1330 3044; baseline 0.004 -10"><span class='ocrx_word' id='word_1_568' title='bbox 271 3005 414 3044; x_wconf 83' lang='lat' dir='ltr'>gravitas,</span> <span class='ocrx_word' id='word_1_569' title='bbox 439 3011 470 3035; x_wconf 91' lang='lat' dir='ltr'>et</span> <span class='ocrx_word' id='word_1_570' title='bbox 493 3014 642 3044; x_wconf 89' lang='lat' dir='ltr'>supremo</span> <span class='ocrx_word' id='word_1_571' title='bbox 667 3014 792 3035; x_wconf 91' lang='lat' dir='ltr'>sursum</span> <span class='ocrx_word' id='word_1_572' title='bbox 815 3006 884 3035; x_wconf 89' lang='lat' dir='ltr'>sola</span> <span class='ocrx_word' id='word_1_573' title='bbox 901 3015 1026 3036; x_wconf 90' lang='lat' dir='ltr'>summa</span> <span class='ocrx_word' id='word_1_574' title='bbox 1041 3006 1159 3036; x_wconf 88' lang='lat' dir='ltr'>levitas.</span> <span class='ocrx_word' id='word_1_575' title='bbox 1184 3007 1229 3037; x_wconf 88' lang='lat' dir='ltr'>Ita</span> <span class='ocrx_word' id='word_1_576' title='bbox 1244 3017 1330 3038; x_wconf 91' lang='lat' dir='ltr'>sum-</span> 
     </span>
     <span class='ocr_line' id='line_1_80' title="bbox 271 3049 1330 3082; baseline 0.003 -4"><span class='ocrx_word' id='word_1_577' title='bbox 271 3058 343 3079; x_wconf 90' lang='lat' dir='ltr'>mae</span> <span class='ocrx_word' id='word_1_578' title='bbox 365 3049 478 3079; x_wconf 90' lang='lat' dir='ltr'>unioni</span> <span class='ocrx_word' id='word_1_579' title='bbox 509 3054 668 3079; x_wconf 89' lang='lat' dir='ltr'>creaturae</span> <span class='ocrx_word' id='word_1_580' title='bbox 692 3049 852 3078; x_wconf 90' lang='lat' dir='ltr'>rationalis</span> <span class='ocrx_word' id='word_1_581' title='bbox 882 3049 921 3079; x_wconf 87' lang='lat' dir='ltr'>ad</span> <span class='ocrx_word' id='word_1_582' title='bbox 944 3049 1050 3079; x_wconf 88' lang='lat' dir='ltr'>Deum</span> <span class='ocrx_word' id='word_1_583' title='bbox 1081 3052 1330 3082; x_wconf 87' lang='lat' dir='ltr'>commensurari</span> 
     </span>
     <span class='ocr_line' id='line_1_81' title="bbox 272 3093 870 3132; baseline 0 -10"><span class='ocrx_word' id='word_1_584' title='bbox 272 3098 400 3132; x_wconf 87' lang='lat' dir='ltr'>oportet</span> <span class='ocrx_word' id='word_1_585' title='bbox 423 3093 524 3124; x_wconf 89' lang='lat' dir='ltr'>solam</span> <span class='ocrx_word' id='word_1_586' title='bbox 548 3101 706 3122; x_wconf 90' lang='lat' dir='ltr'>summam</span> <span class='ocrx_word' id='word_1_587' title='bbox 730 3093 870 3131; x_wconf 85' lang='lat' dir='ltr'>gratiam.</span> 
     </span>
    </p>

    <p class='ocr_par' dir='ltr' id='par_1_20' title="bbox 271 3136 1330 3395">
     <span class='ocr_line' id='line_1_82' title="bbox 327 3136 1330 3178; baseline 0.001 -11"><span class='ocrx_word' id='word_1_588' title='bbox 327 3136 378 3167; x_wconf 93' lang='grc' dir='ltr'>ΙΙΙ.</span> <span class='ocrx_word' id='word_1_589' title='bbox 403 3136 465 3167; x_wconf 91' lang='lat' dir='ltr'>Sed</span> <span class='ocrx_word' id='word_1_590' title='bbox 489 3142 535 3167; x_wconf 92' lang='lat' dir='ltr'>est</span> <span class='ocrx_word' id='word_1_591' title='bbox 557 3137 609 3166; x_wconf 91' lang='lat' dir='ltr'>hic</span> <span class='ocrx_word' id='word_1_592' title='bbox 632 3136 722 3166; x_wconf 91' lang='lat' dir='ltr'>locus</span> <span class='ocrx_word' id='word_1_593' title='bbox 746 3136 934 3176; x_wconf 88' lang='lat' dir='ltr'>quaestioni,</span> <span class='ocrx_word' id='word_1_594' title='bbox 959 3145 1025 3176; x_wconf 93' lang='lat' dir='ltr'>quo</span> <span class='ocrx_word' id='word_1_595' title='bbox 1048 3143 1143 3176; x_wconf 91' lang='lat' dir='ltr'>pacto</span> <span class='ocrx_word' id='word_1_596' title='bbox 1167 3137 1239 3168; x_wconf 90' lang='lat' dir='ltr'>finis</span> <span class='ocrx_word' id='word_1_597' title='bbox 1261 3148 1330 3178; x_wconf 92' lang='lat' dir='ltr'>gra-</span> 
     </span>
     <span class='ocr_line' id='line_1_83' title="bbox 271 3180 1328 3220; baseline 0.002 -10"><span class='ocrx_word' id='word_1_598' title='bbox 271 3180 333 3210; x_wconf 88' lang='lat' dir='ltr'>tiae</span> <span class='ocrx_word' id='word_1_599' title='bbox 348 3180 514 3211; x_wconf 85' lang='lat' dir='ltr'>habitualis</span> <span class='ocrx_word' id='word_1_600' title='bbox 534 3180 587 3220; x_wconf 90' lang='lat' dir='ltr'>(de</span> <span class='ocrx_word' id='word_1_601' title='bbox 603 3189 666 3219; x_wconf 88' lang='lat' dir='ltr'>qua</span> <span class='ocrx_word' id='word_1_602' title='bbox 681 3186 728 3210; x_wconf 92' lang='lat' dir='ltr'>est</span> <span class='ocrx_word' id='word_1_603' title='bbox 742 3180 861 3219; x_wconf 90' lang='lat' dir='ltr'>sermo)</span> <span class='ocrx_word' id='word_1_604' title='bbox 878 3185 924 3209; x_wconf 90' lang='lat' dir='ltr'>est</span> <span class='ocrx_word' id='word_1_605' title='bbox 939 3180 1016 3210; x_wconf 89' lang='lat' dir='ltr'>unio</span> <span class='ocrx_word' id='word_1_606' title='bbox 1033 3181 1223 3219; x_wconf 89' lang='lat' dir='ltr'>personalis:</span> <span class='ocrx_word' id='word_1_607' title='bbox 1243 3191 1328 3217; x_wconf 92' lang='lat' dir='ltr'>cum,</span> 
     </span>
     <span class='ocr_line' id='line_1_84' title="bbox 272 3223 1329 3264; baseline 0.001 -10"><span class='ocrx_word' id='word_1_608' title='bbox 272 3223 449 3255; x_wconf 87' lang='lat' dir='ltr'>secundum</span> <span class='ocrx_word' id='word_1_609' title='bbox 472 3229 544 3254; x_wconf 90' lang='lat' dir='ltr'>ante</span> <span class='ocrx_word' id='word_1_610' title='bbox 560 3225 576 3241; x_wconf 65' lang='lat'>⁹*</span> <span class='ocrx_word' id='word_1_611' title='bbox 600 3224 683 3254; x_wconf 89' lang='lat' dir='ltr'>dicta</span> <span class='ocrx_word' id='word_1_612' title='bbox 705 3229 736 3254; x_wconf 93' lang='lat' dir='ltr'>et</span> <span class='ocrx_word' id='word_1_613' title='bbox 750 3224 784 3253; x_wconf 89' lang='lat' dir='ltr'>in</span> <span class='ocrx_word' id='word_1_614' title='bbox 799 3224 944 3263; x_wconf 87' lang='lat' dir='ltr'>sequenti</span> <span class='ocrx_word' id='word_1_615' title='bbox 960 3223 1091 3253; x_wconf 88' lang='lat' dir='ltr'>articulo</span> <span class='ocrx_word' id='word_1_616' title='bbox 1108 3234 1146 3254; x_wconf 87' lang='lat' dir='ltr'>ex</span> <span class='ocrx_word' id='word_1_617' title='bbox 1161 3226 1329 3264; x_wconf 88' lang='lat' dir='ltr'>proposito</span> 
     </span>
     <span class='ocr_line' id='line_1_85' title="bbox 273 3266 1329 3308; baseline 0 -10"><span class='ocrx_word' id='word_1_618' title='bbox 273 3266 411 3304; x_wconf 86' lang='lat' dir='ltr'>definita,</span> <span class='ocrx_word' id='word_1_619' title='bbox 436 3269 513 3299; x_wconf 87' lang='lat' dir='ltr'>unio</span> <span class='ocrx_word' id='word_1_620' title='bbox 537 3268 710 3308; x_wconf 85' lang='lat' dir='ltr'>personalis</span> <span class='ocrx_word' id='word_1_621' title='bbox 729 3277 796 3297; x_wconf 91' lang='lat' dir='ltr'>non</span> <span class='ocrx_word' id='word_1_622' title='bbox 812 3272 971 3307; x_wconf 87' lang='lat' dir='ltr'>sequatur,</span> <span class='ocrx_word' id='word_1_623' title='bbox 996 3266 1051 3297; x_wconf 91' lang='lat' dir='ltr'>sed</span> <span class='ocrx_word' id='word_1_624' title='bbox 1072 3268 1239 3306; x_wconf 88' lang='lat' dir='ltr'>praecedat</span> <span class='ocrx_word' id='word_1_625' title='bbox 1261 3278 1329 3308; x_wconf 86' lang='lat' dir='ltr'>gra-</span> 
     </span>
     <span class='ocr_line' id='line_1_86' title="bbox 272 3311 1329 3351; baseline 0.001 -10"><span class='ocrx_word' id='word_1_626' title='bbox 272 3311 348 3341; x_wconf 87' lang='lat' dir='ltr'>tiam</span> <span class='ocrx_word' id='word_1_627' title='bbox 371 3312 581 3348; x_wconf 87' lang='lat' dir='ltr'>habitualem;</span> <span class='ocrx_word' id='word_1_628' title='bbox 612 3311 683 3341; x_wconf 90' lang='lat' dir='ltr'>finis</span> <span class='ocrx_word' id='word_1_629' title='bbox 715 3317 820 3342; x_wconf 88' lang='lat' dir='ltr'>autem</span> <span class='ocrx_word' id='word_1_630' title='bbox 851 3311 1007 3351; x_wconf 91' lang='lat' dir='ltr'>posterior</span> <span class='ocrx_word' id='word_1_631' title='bbox 1033 3311 1086 3346; x_wconf 87' lang='lat' dir='ltr'>sit,</span> <span class='ocrx_word' id='word_1_632' title='bbox 1117 3312 1329 3350; x_wconf 86' lang='lat' dir='ltr'>generationis</span> 
     </span>
     <span class='ocr_line' id='line_1_87' title="bbox 273 3354 923 3395; baseline -0.002 -10"><span class='ocrx_word' id='word_1_633' title='bbox 273 3354 394 3391; x_wconf 87' lang='lat' dir='ltr'>ordine,</span> <span class='ocrx_word' id='word_1_634' title='bbox 419 3365 458 3386; x_wconf 92' lang='lat' dir='ltr'>eo</span> <span class='ocrx_word' id='word_1_635' title='bbox 483 3355 571 3395; x_wconf 91' lang='lat' dir='ltr'>quod</span> <span class='ocrx_word' id='word_1_636' title='bbox 595 3361 641 3386; x_wconf 91' lang='lat' dir='ltr'>est</span> <span class='ocrx_word' id='word_1_637' title='bbox 664 3361 793 3395; x_wconf 90' lang='lat' dir='ltr'>propter</span> <span class='ocrx_word' id='word_1_638' title='bbox 816 3354 923 3384; x_wconf 88' lang='lat' dir='ltr'>finem.</span> 
     </span>
    </p>

    <p class='ocr_par' dir='ltr' id='par_1_21' title="bbox 273 3398 1329 3573">
     <span class='ocr_line' id='line_1_88' title="bbox 327 3398 1329 3439; baseline 0 -11"><span class='ocrx_word' id='word_1_639' title='bbox 327 3398 378 3429; x_wconf 90' lang='lat' dir='ltr'>Ad</span> <span class='ocrx_word' id='word_1_640' title='bbox 401 3399 464 3429; x_wconf 90' lang='lat' dir='ltr'>hoc</span> <span class='ocrx_word' id='word_1_641' title='bbox 488 3399 601 3430; x_wconf 88' lang='lat' dir='ltr'>dicitur</span> <span class='ocrx_word' id='word_1_642' title='bbox 625 3399 714 3439; x_wconf 90' lang='lat' dir='ltr'>quod</span> <span class='ocrx_word' id='word_1_643' title='bbox 736 3398 807 3429; x_wconf 89' lang='lat' dir='ltr'>finis</span> <span class='ocrx_word' id='word_1_644' title='bbox 830 3408 897 3428; x_wconf 93' lang='lat' dir='ltr'>non</span> <span class='ocrx_word' id='word_1_645' title='bbox 921 3398 1033 3428; x_wconf 89' lang='lat' dir='ltr'>dicitur</span> <span class='ocrx_word' id='word_1_646' title='bbox 1056 3403 1179 3428; x_wconf 90' lang='lat' dir='ltr'>tantum</span> <span class='ocrx_word' id='word_1_647' title='bbox 1203 3398 1241 3428; x_wconf 91' lang='lat' dir='ltr'>de</span> <span class='ocrx_word' id='word_1_648' title='bbox 1265 3398 1329 3429; x_wconf 91' lang='lat' dir='ltr'>fine</span> 
     </span>
     <span class='ocr_line' id='line_1_89' title="bbox 273 3441 1327 3482; baseline 0 -10"><span class='ocrx_word' id='word_1_649' title='bbox 273 3442 513 3482; x_wconf 89' lang='lat' dir='ltr'>consequendo,</span> <span class='ocrx_word' id='word_1_650' title='bbox 537 3443 592 3474; x_wconf 89' lang='lat' dir='ltr'>sed</span> <span class='ocrx_word' id='word_1_651' title='bbox 616 3443 655 3474; x_wconf 91' lang='lat' dir='ltr'>de</span> <span class='ocrx_word' id='word_1_652' title='bbox 678 3443 742 3473; x_wconf 88' lang='lat' dir='ltr'>fine</span> <span class='ocrx_word' id='word_1_653' title='bbox 765 3443 1003 3482; x_wconf 86' lang='lat' dir='ltr'>praeexistente,</span> <span class='ocrx_word' id='word_1_654' title='bbox 1016 3443 1076 3482; x_wconf 87' lang='lat' dir='ltr'>qui</span> <span class='ocrx_word' id='word_1_655' title='bbox 1091 3441 1237 3476; x_wconf 77' lang='lat' dir='ltr'>finalizat.</span> <span class='ocrx_word' id='word_1_656' title='bbox 1261 3452 1327 3472; x_wconf 91' lang='lat' dir='ltr'>non</span> 
     </span>
     <span class='ocr_line' id='line_1_90' title="bbox 274 3486 1329 3526; baseline 0 -10"><span class='ocrx_word' id='word_1_657' title='bbox 274 3491 310 3516; x_wconf 90' lang='lat' dir='ltr'>ut</span> <span class='ocrx_word' id='word_1_658' title='bbox 331 3486 370 3516; x_wconf 89' lang='lat' dir='ltr'>sit</span> <span class='ocrx_word' id='word_1_659' title='bbox 393 3492 446 3516; x_wconf 92' lang='lat' dir='ltr'>aut</span> <span class='ocrx_word' id='word_1_660' title='bbox 469 3487 550 3517; x_wconf 87' lang='lat' dir='ltr'>bene</span> <span class='ocrx_word' id='word_1_661' title='bbox 574 3487 622 3523; x_wconf 90' lang='lat' dir='ltr'>sit,</span> <span class='ocrx_word' id='word_1_662' title='bbox 647 3487 702 3517; x_wconf 89' lang='lat' dir='ltr'>sed</span> <span class='ocrx_word' id='word_1_663' title='bbox 726 3487 800 3526; x_wconf 91' lang='lat' dir='ltr'>quia</span> <span class='ocrx_word' id='word_1_664' title='bbox 824 3492 886 3516; x_wconf 84' lang='lat' dir='ltr'>est:</span> <span class='ocrx_word' id='word_1_665' title='bbox 911 3486 992 3516; x_wconf 90' lang='lat' dir='ltr'>sicut</span> <span class='ocrx_word' id='word_1_666' title='bbox 1015 3486 1111 3522; x_wconf 88' lang='lat' dir='ltr'>Deus,</span> <span class='ocrx_word' id='word_1_667' title='bbox 1136 3487 1192 3526; x_wconf 91' lang='lat' dir='ltr'>qui</span> <span class='ocrx_word' id='word_1_668' title='bbox 1207 3496 1266 3516; x_wconf 90' lang='lat' dir='ltr'>nec</span> <span class='ocrx_word' id='word_1_669' title='bbox 1283 3492 1329 3516; x_wconf 91' lang='lat' dir='ltr'>est</span> 
     </span>
     <span class='ocr_line' id='line_1_91' title="bbox 273 3530 1327 3573; baseline 0.001 -14"><span class='ocrx_word' id='word_1_670' title='bbox 273 3538 332 3559; x_wconf 87' lang='lat' dir='ltr'>nec</span> <span class='ocrx_word' id='word_1_671' title='bbox 356 3537 558 3561; x_wconf 88' lang='lat' dir='ltr'>conservatur</span> <span class='ocrx_word' id='word_1_672' title='bbox 581 3536 635 3561; x_wconf 89' lang='lat' dir='ltr'>aut</span> <span class='ocrx_word' id='word_1_673' title='bbox 658 3530 902 3573; x_wconf 85' lang='lat' dir='ltr'>quomodolibet</span> <span class='ocrx_word' id='word_1_674' title='bbox 925 3535 1057 3569; x_wconf 87' lang='lat' dir='ltr'>augetur</span> <span class='ocrx_word' id='word_1_675' title='bbox 1083 3539 1140 3570; x_wconf 91' lang='lat' dir='ltr'>per</span> <span class='ocrx_word' id='word_1_676' title='bbox 1163 3536 1327 3566; x_wconf 90' lang='lat' dir='ltr'>creaturas,</span> 
     </span>
    </p>
   </div>
   <div class='ocr_carea' id='block_1_16' title="bbox 1349 864 1354 1560">
    <p class='ocr_par' dir='ltr' id='par_1_22' title="bbox 1349 864 1354 1560">
     <span class='ocr_line' id='line_1_92' title="bbox 1349 864 1354 1560; baseline 0 0"><span class='ocrx_word' id='word_1_677' title='bbox 1349 864 1354 1560; x_wconf 95' lang='lat' dir='ltr'> </span> 
     </span>
    </p>
   </div>
   <div class='ocr_carea' id='block_1_17' title="bbox 1378 864 2444 3574">
    <p class='ocr_par' dir='ltr' id='par_1_23' title="bbox 1379 864 2441 1462">
     <span class='ocr_line' id='line_1_93' title="bbox 1379 864 2437 906; baseline 0 -11"><span class='ocrx_word' id='word_1_678' title='bbox 1379 864 1451 895; x_wconf 92' lang='lat' dir='ltr'>finis</span> <span class='ocrx_word' id='word_1_679' title='bbox 1475 875 1584 895; x_wconf 92' lang='lat' dir='ltr'>earum</span> <span class='ocrx_word' id='word_1_680' title='bbox 1608 865 1730 896; x_wconf 91' lang='lat' dir='ltr'>dicitur.</span> <span class='ocrx_word' id='word_1_681' title='bbox 1755 866 1915 904; x_wconf 87' lang='lat' dir='ltr'>Quocirca</span> <span class='ocrx_word' id='word_1_682' title='bbox 1938 867 2016 896; x_wconf 93' lang='lat' dir='ltr'>unio</span> <span class='ocrx_word' id='word_1_683' title='bbox 2032 866 2206 906; x_wconf 90' lang='lat' dir='ltr'>personalis</span> <span class='ocrx_word' id='word_1_684' title='bbox 2221 865 2292 895; x_wconf 89' lang='lat' dir='ltr'>finis</span> <span class='ocrx_word' id='word_1_685' title='bbox 2309 871 2354 895; x_wconf 88' lang='lat' dir='ltr'>est</span> <span class='ocrx_word' id='word_1_686' title='bbox 2369 874 2437 904; x_wconf 87' lang='lat' dir='ltr'>gra-</span> 
     </span>
     <span class='ocr_line' id='line_1_94' title="bbox 1379 909 2437 950; baseline 0 -12"><span class='ocrx_word' id='word_1_687' title='bbox 1379 909 1441 938; x_wconf 91' lang='lat' dir='ltr'>tiae</span> <span class='ocrx_word' id='word_1_688' title='bbox 1465 909 1648 945; x_wconf 90' lang='lat' dir='ltr'>habitualis,</span> <span class='ocrx_word' id='word_1_689' title='bbox 1673 919 1740 939; x_wconf 91' lang='lat' dir='ltr'>non</span> <span class='ocrx_word' id='word_1_690' title='bbox 1764 909 1979 950; x_wconf 89' lang='lat' dir='ltr'>assequendus</span> <span class='ocrx_word' id='word_1_691' title='bbox 2006 919 2063 949; x_wconf 90' lang='lat' dir='ltr'>per</span> <span class='ocrx_word' id='word_1_692' title='bbox 2086 919 2166 945; x_wconf 90' lang='lat' dir='ltr'>eam,</span> <span class='ocrx_word' id='word_1_693' title='bbox 2195 909 2250 939; x_wconf 93' lang='lat' dir='ltr'>sed</span> <span class='ocrx_word' id='word_1_694' title='bbox 2274 910 2348 949; x_wconf 92' lang='lat' dir='ltr'>quia</span> <span class='ocrx_word' id='word_1_695' title='bbox 2370 910 2437 949; x_wconf 87' lang='lat' dir='ltr'>ipsa</span> 
     </span>
     <span class='ocr_line' id='line_1_95' title="bbox 1381 953 2437 993; baseline 0.001 -12"><span class='ocrx_word' id='word_1_696' title='bbox 1381 958 1506 982; x_wconf 88' lang='lat' dir='ltr'>emanat</span> <span class='ocrx_word' id='word_1_697' title='bbox 1529 953 1567 982; x_wconf 89' lang='lat' dir='ltr'>ab</span> <span class='ocrx_word' id='word_1_698' title='bbox 1591 954 1711 983; x_wconf 91' lang='lat' dir='ltr'>unione</span> <span class='ocrx_word' id='word_1_699' title='bbox 1736 954 1903 993; x_wconf 90' lang='lat' dir='ltr'>personali,</span> <span class='ocrx_word' id='word_1_700' title='bbox 1929 953 2071 983; x_wconf 91' lang='lat' dir='ltr'>ordinata</span> <span class='ocrx_word' id='word_1_701' title='bbox 2094 953 2133 983; x_wconf 91' lang='lat' dir='ltr'>ad</span> <span class='ocrx_word' id='word_1_702' title='bbox 2151 954 2306 983; x_wconf 89' lang='lat' dir='ltr'>unionem</span> <span class='ocrx_word' id='word_1_703' title='bbox 2329 962 2437 992; x_wconf 91' lang='lat' dir='ltr'>perso-</span> 
     </span>
     <span class='ocr_line' id='line_1_96' title="bbox 1380 995 2436 1036; baseline 0.001 -11"><span class='ocrx_word' id='word_1_704' title='bbox 1380 995 1486 1025; x_wconf 90' lang='lat' dir='ltr'>nalem</span> <span class='ocrx_word' id='word_1_705' title='bbox 1509 1002 1544 1026; x_wconf 89' lang='lat' dir='ltr'>ut</span> <span class='ocrx_word' id='word_1_706' title='bbox 1568 996 1607 1026; x_wconf 91' lang='lat' dir='ltr'>ad</span> <span class='ocrx_word' id='word_1_707' title='bbox 1630 996 1727 1027; x_wconf 88' lang='lat' dir='ltr'>finem</span> <span class='ocrx_word' id='word_1_708' title='bbox 1752 998 1826 1036; x_wconf 87' lang='lat' dir='ltr'>quia</span> <span class='ocrx_word' id='word_1_709' title='bbox 1850 1003 1911 1027; x_wconf 87' lang='lat' dir='ltr'>est:</span> <span class='ocrx_word' id='word_1_710' title='bbox 1936 998 2016 1027; x_wconf 92' lang='lat' dir='ltr'>sicut</span> <span class='ocrx_word' id='word_1_711' title='bbox 2041 1003 2199 1027; x_wconf 89' lang='lat' dir='ltr'>creaturae</span> <span class='ocrx_word' id='word_1_712' title='bbox 2222 996 2303 1027; x_wconf 91' lang='lat' dir='ltr'>fiunt</span> <span class='ocrx_word' id='word_1_713' title='bbox 2327 1006 2344 1026; x_wconf 92' lang='lat' dir='ltr'>a</span> <span class='ocrx_word' id='word_1_714' title='bbox 2367 997 2436 1026; x_wconf 89' lang='lat' dir='ltr'>Deo</span> 
     </span>
     <span class='ocr_line' id='line_1_97' title="bbox 1380 1040 2438 1080; baseline 0.002 -12"><span class='ocrx_word' id='word_1_715' title='bbox 1380 1045 1511 1078; x_wconf 90' lang='lat' dir='ltr'>propter</span> <span class='ocrx_word' id='word_1_716' title='bbox 1534 1040 1640 1070; x_wconf 90' lang='lat' dir='ltr'>Deum</span> <span class='ocrx_word' id='word_1_717' title='bbox 1663 1046 1698 1070; x_wconf 91' lang='lat' dir='ltr'>ut</span> <span class='ocrx_word' id='word_1_718' title='bbox 1721 1040 1819 1070; x_wconf 90' lang='lat' dir='ltr'>finem</span> <span class='ocrx_word' id='word_1_719' title='bbox 1843 1050 1951 1071; x_wconf 87' lang='lat' dir='ltr'>earum</span> <span class='ocrx_word' id='word_1_720' title='bbox 1975 1041 2049 1080; x_wconf 89' lang='lat' dir='ltr'>quia</span> <span class='ocrx_word' id='word_1_721' title='bbox 2073 1047 2128 1071; x_wconf 90' lang='lat' dir='ltr'>est.</span> <span class='ocrx_word' id='word_1_722' title='bbox 2152 1041 2219 1070; x_wconf 92' lang='lat' dir='ltr'>Nec</span> <span class='ocrx_word' id='word_1_723' title='bbox 2236 1046 2282 1070; x_wconf 91' lang='lat' dir='ltr'>est</span> <span class='ocrx_word' id='word_1_724' title='bbox 2304 1041 2367 1070; x_wconf 92' lang='lat' dir='ltr'>hoc</span> <span class='ocrx_word' id='word_1_725' title='bbox 2390 1050 2438 1070; x_wconf 85' lang='lat' dir='ltr'>re-</span> 
     </span>
     <span class='ocr_line' id='line_1_98' title="bbox 1380 1083 2436 1124; baseline 0.001 -12"><span class='ocrx_word' id='word_1_726' title='bbox 1380 1087 1507 1112; x_wconf 89' lang='lat' dir='ltr'>motum</span> <span class='ocrx_word' id='word_1_727' title='bbox 1531 1084 1568 1113; x_wconf 87' lang='lat' dir='ltr'>ab</span> <span class='ocrx_word' id='word_1_728' title='bbox 1593 1083 1703 1114; x_wconf 91' lang='lat' dir='ltr'>ordine</span> <span class='ocrx_word' id='word_1_729' title='bbox 1735 1093 1832 1123; x_wconf 91' lang='lat' dir='ltr'>quem</span> <span class='ocrx_word' id='word_1_730' title='bbox 1858 1085 1891 1114; x_wconf 93' lang='lat' dir='ltr'>in</span> <span class='ocrx_word' id='word_1_731' title='bbox 1914 1085 2007 1114; x_wconf 90' lang='lat' dir='ltr'>rebus</span> <span class='ocrx_word' id='word_1_732' title='bbox 2030 1085 2260 1124; x_wconf 90' lang='lat' dir='ltr'>generabilibus</span> <span class='ocrx_word' id='word_1_733' title='bbox 2283 1083 2436 1114; x_wconf 89' lang='lat' dir='ltr'>videmus.</span> 
     </span>
     <span class='ocr_line' id='line_1_99' title="bbox 1380 1126 2438 1167; baseline 0.001 -11"><span class='ocrx_word' id='word_1_734' title='bbox 1380 1126 1544 1164; x_wconf 88' lang='lat' dir='ltr'>Quoniam</span> <span class='ocrx_word' id='word_1_735' title='bbox 1575 1128 1608 1156; x_wconf 91' lang='lat' dir='ltr'>in</span> <span class='ocrx_word' id='word_1_736' title='bbox 1635 1128 1700 1157; x_wconf 91' lang='lat' dir='ltr'>istis</span> <span class='ocrx_word' id='word_1_737' title='bbox 1724 1129 1932 1167; x_wconf 89' lang='lat' dir='ltr'>perspicimus</span> <span class='ocrx_word' id='word_1_738' title='bbox 1963 1128 2051 1167; x_wconf 89' lang='lat' dir='ltr'>quod</span> <span class='ocrx_word' id='word_1_739' title='bbox 2082 1138 2149 1158; x_wconf 91' lang='lat' dir='ltr'>non</span> <span class='ocrx_word' id='word_1_740' title='bbox 2179 1128 2283 1158; x_wconf 87' lang='lat' dir='ltr'>solum</span> <span class='ocrx_word' id='word_1_741' title='bbox 2314 1133 2438 1158; x_wconf 87' lang='lat' dir='ltr'>antece-</span> 
     </span>
     <span class='ocr_line' id='line_1_100' title="bbox 1381 1169 2438 1211; baseline 0.002 -12"><span class='ocrx_word' id='word_1_742' title='bbox 1381 1169 1490 1200; x_wconf 90' lang='lat' dir='ltr'>dentes</span> <span class='ocrx_word' id='word_1_743' title='bbox 1521 1170 1762 1210; x_wconf 88' lang='lat' dir='ltr'>dispositiones‚</span> <span class='ocrx_word' id='word_1_744' title='bbox 1794 1171 1849 1201; x_wconf 91' lang='lat' dir='ltr'>sed</span> <span class='ocrx_word' id='word_1_745' title='bbox 1879 1172 2107 1211; x_wconf 88' lang='lat' dir='ltr'>consequentia</span> <span class='ocrx_word' id='word_1_746' title='bbox 2140 1172 2233 1201; x_wconf 90' lang='lat' dir='ltr'>etiam</span> <span class='ocrx_word' id='word_1_747' title='bbox 2266 1170 2438 1201; x_wconf 86' lang='lat' dir='ltr'>accidentia</span> 
     </span>
     <span class='ocr_line' id='line_1_101' title="bbox 1381 1212 2438 1254; baseline 0.001 -11"><span class='ocrx_word' id='word_1_748' title='bbox 1381 1212 1566 1245; x_wconf 85' lang='lat' dir='ltr'>ordinantur</span> <span class='ocrx_word' id='word_1_749' title='bbox 1597 1214 1635 1244; x_wconf 90' lang='lat' dir='ltr'>ad</span> <span class='ocrx_word' id='word_1_750' title='bbox 1665 1215 1888 1250; x_wconf 86' lang='lat' dir='ltr'>substantiam,</span> <span class='ocrx_word' id='word_1_751' title='bbox 1918 1215 2005 1254; x_wconf 90' lang='lat' dir='ltr'>prius</span> <span class='ocrx_word' id='word_1_752' title='bbox 2029 1221 2139 1245; x_wconf 90' lang='lat' dir='ltr'>natura</span> <span class='ocrx_word' id='word_1_753' title='bbox 2162 1216 2317 1254; x_wconf 88' lang='lat' dir='ltr'>genitam,</span> <span class='ocrx_word' id='word_1_754' title='bbox 2342 1220 2377 1244; x_wconf 91' lang='lat' dir='ltr'>ut</span> <span class='ocrx_word' id='word_1_755' title='bbox 2400 1214 2438 1244; x_wconf 93' lang='lat' dir='ltr'>ad</span> 
     </span>
     <span class='ocr_line' id='line_1_102' title="bbox 1380 1256 2439 1298; baseline 0.001 -12"><span class='ocrx_word' id='word_1_756' title='bbox 1380 1256 1494 1287; x_wconf 87' lang='lat' dir='ltr'>finem:</span> <span class='ocrx_word' id='word_1_757' title='bbox 1521 1267 1587 1287; x_wconf 90' lang='lat' dir='ltr'>esse</span> <span class='ocrx_word' id='word_1_758' title='bbox 1610 1267 1749 1297; x_wconf 90' lang='lat' dir='ltr'>namque</span> <span class='ocrx_word' id='word_1_759' title='bbox 1773 1257 2044 1298; x_wconf 88' lang='lat' dir='ltr'>disciplinabilem,</span> <span class='ocrx_word' id='word_1_760' title='bbox 2069 1258 2157 1298; x_wconf 92' lang='lat' dir='ltr'>quod</span> <span class='ocrx_word' id='word_1_761' title='bbox 2181 1259 2385 1297; x_wconf 85' lang='lat' dir='ltr'>consequitur</span> <span class='ocrx_word' id='word_1_762' title='bbox 2401 1258 2439 1288; x_wconf 88' lang='lat' dir='ltr'>ad</span> 
     </span>
     <span class='ocr_line' id='line_1_103' title="bbox 1380 1300 2440 1337; baseline 0.001 -7"><span class='ocrx_word' id='word_1_763' title='bbox 1380 1300 1517 1331; x_wconf 85' lang='lat' dir='ltr'>formam</span> <span class='ocrx_word' id='word_1_764' title='bbox 1541 1301 1690 1337; x_wconf 89' lang='lat' dir='ltr'>hominis,</span> <span class='ocrx_word' id='word_1_765' title='bbox 1715 1301 1878 1332; x_wconf 91' lang='lat' dir='ltr'>ordinatur</span> <span class='ocrx_word' id='word_1_766' title='bbox 1901 1301 1939 1332; x_wconf 89' lang='lat' dir='ltr'>acl</span> <span class='ocrx_word' id='word_1_767' title='bbox 1955 1302 2120 1332; x_wconf 90' lang='lat' dir='ltr'>hominem</span> <span class='ocrx_word' id='word_1_768' title='bbox 2136 1308 2171 1332; x_wconf 92' lang='lat' dir='ltr'>ut</span> <span class='ocrx_word' id='word_1_769' title='bbox 2188 1302 2227 1332; x_wconf 88' lang='lat' dir='ltr'>ad</span> <span class='ocrx_word' id='word_1_770' title='bbox 2242 1301 2349 1332; x_wconf 90' lang='lat' dir='ltr'>finem.</span> <span class='ocrx_word' id='word_1_771' title='bbox 2374 1302 2440 1332; x_wconf 87' lang='lat' dir='ltr'>Stat</span> 
     </span>
     <span class='ocr_line' id='line_1_104' title="bbox 1381 1344 2440 1385; baseline 0.001 -11"><span class='ocrx_word' id='word_1_772' title='bbox 1381 1354 1456 1384; x_wconf 88' lang='lat' dir='ltr'>ergo</span> <span class='ocrx_word' id='word_1_773' title='bbox 1481 1344 1582 1375; x_wconf 88' lang='lat' dir='ltr'>solida</span> <span class='ocrx_word' id='word_1_774' title='bbox 1611 1346 1730 1375; x_wconf 90' lang='lat' dir='ltr'>litterae</span> <span class='ocrx_word' id='word_1_775' title='bbox 1754 1345 1912 1381; x_wconf 91' lang='lat' dir='ltr'>doctrina,</span> <span class='ocrx_word' id='word_1_776' title='bbox 1943 1345 2068 1375; x_wconf 90' lang='lat' dir='ltr'>tradens</span> <span class='ocrx_word' id='word_1_777' title='bbox 2095 1347 2226 1385; x_wconf 89' lang='lat' dir='ltr'>gratiam</span> <span class='ocrx_word' id='word_1_778' title='bbox 2249 1346 2440 1376; x_wconf 88' lang='lat' dir='ltr'>habitualem</span> 
     </span>
     <span class='ocr_line' id='line_1_105' title="bbox 1381 1387 2441 1429; baseline 0.001 -11"><span class='ocrx_word' id='word_1_779' title='bbox 1381 1387 1498 1418; x_wconf 88' lang='lat' dir='ltr'>Christi</span> <span class='ocrx_word' id='word_1_780' title='bbox 1522 1398 1589 1419; x_wconf 91' lang='lat' dir='ltr'>esse</span> <span class='ocrx_word' id='word_1_781' title='bbox 1613 1390 1645 1418; x_wconf 93' lang='lat' dir='ltr'>in</span> <span class='ocrx_word' id='word_1_782' title='bbox 1669 1398 1811 1425; x_wconf 90' lang='lat' dir='ltr'>summo,</span> <span class='ocrx_word' id='word_1_783' title='bbox 1837 1390 1911 1429; x_wconf 90' lang='lat' dir='ltr'>quia</span> <span class='ocrx_word' id='word_1_784' title='bbox 1935 1395 2090 1420; x_wconf 87' lang='lat' dir='ltr'>consonat</span> <span class='ocrx_word' id='word_1_785' title='bbox 2114 1395 2144 1420; x_wconf 93' lang='lat' dir='ltr'>et</span> <span class='ocrx_word' id='word_1_786' title='bbox 2168 1394 2441 1419; x_wconf 88' lang='lat' dir='ltr'>commensuratur</span> 
     </span>
     <span class='ocr_line' id='line_1_106' title="bbox 1381 1432 1809 1462; baseline 0 0"><span class='ocrx_word' id='word_1_787' title='bbox 1381 1441 1524 1462; x_wconf 89' lang='lat' dir='ltr'>summae</span> <span class='ocrx_word' id='word_1_788' title='bbox 1548 1433 1662 1462; x_wconf 90' lang='lat' dir='ltr'>unioni</span> <span class='ocrx_word' id='word_1_789' title='bbox 1685 1438 1721 1462; x_wconf 94' lang='lat' dir='ltr'>ut</span> <span class='ocrx_word' id='word_1_790' title='bbox 1744 1432 1809 1462; x_wconf 92' lang='lat' dir='ltr'>fini.</span> 
     </span>
    </p>

    <p class='ocr_par' dir='ltr' id='par_1_24' title="bbox 1380 1476 2443 1865">
     <span class='ocr_line' id='line_1_107' title="bbox 1436 1476 2443 1517; baseline 0 -11"><span class='ocrx_word' id='word_1_791' title='bbox 1436 1476 1487 1506; x_wconf 84' lang='lat' dir='ltr'>IV.</span> <span class='ocrx_word' id='word_1_792' title='bbox 1512 1476 1658 1506; x_wconf 88' lang='lat' dir='ltr'>Secunda</span> <span class='ocrx_word' id='word_1_793' title='bbox 1682 1476 1847 1506; x_wconf 90' lang='lat' dir='ltr'>conclusio</span> <span class='ocrx_word' id='word_1_794' title='bbox 1864 1478 1880 1493; x_wconf 35' lang='grc' dir='ltr'><strong>ᾖ</strong></span> <span class='ocrx_word' id='word_1_795' title='bbox 1897 1482 1958 1507; x_wconf 90' lang='lat' dir='ltr'>est:</span> <span class='ocrx_word' id='word_1_796' title='bbox 1990 1477 2104 1507; x_wconf 81' lang='lat' dir='ltr'>Gratia</span> <span class='ocrx_word' id='word_1_797' title='bbox 2124 1477 2243 1507; x_wconf 84' lang='lat' dir='ltr'>Christi</span> <span class='ocrx_word' id='word_1_798' title='bbox 2259 1487 2323 1507; x_wconf 89' lang='lat' dir='ltr'>non</span> <span class='ocrx_word' id='word_1_799' title='bbox 2335 1477 2443 1517; x_wconf 82' lang='lat' dir='ltr'>potuit</span> 
     </span>
     <span class='ocr_line' id='line_1_108' title="bbox 1380 1520 2441 1560; baseline 0.001 -11"><span class='ocrx_word' id='word_1_800' title='bbox 1380 1520 1497 1560; x_wconf 85' lang='lat' dir='ltr'>augeri</span> <span class='ocrx_word' id='word_1_801' title='bbox 1520 1529 1561 1550; x_wconf 83' lang='lat' dir='ltr'>ex</span> <span class='ocrx_word' id='word_1_802' title='bbox 1578 1525 1675 1560; x_wconf 83' lang='lat' dir='ltr'>parte</span> <span class='ocrx_word' id='word_1_803' title='bbox 1697 1520 1836 1550; x_wconf 86' lang='lat' dir='ltr'>subiecti.</span> <span class='ocrx_word' id='word_1_804' title='bbox 1861 1521 2014 1550; x_wconf 88' lang='lat' dir='ltr'>Probatur</span> <span class='ocrx_word' id='word_1_805' title='bbox 2037 1521 2166 1550; x_wconf 91' lang='lat' dir='ltr'>ratione.</span> <span class='ocrx_word' id='word_1_806' title='bbox 2192 1521 2275 1558; x_wconf 89' lang='lat' dir='ltr'>Quia</span> <span class='ocrx_word' id='word_1_807' title='bbox 2300 1520 2441 1551; x_wconf 89' lang='lat' dir='ltr'>Christus</span> 
     </span>
     <span class='ocr_line' id='line_1_109' title="bbox 1380 1563 2441 1604; baseline 0.001 -11"><span class='ocrx_word' id='word_1_808' title='bbox 1380 1564 1418 1593; x_wconf 90' lang='lat' dir='ltr'>ab</span> <span class='ocrx_word' id='word_1_809' title='bbox 1436 1564 1526 1593; x_wconf 90' lang='lat' dir='ltr'>initio</span> <span class='ocrx_word' id='word_1_810' title='bbox 1544 1563 1603 1593; x_wconf 88' lang='lat' dir='ltr'>fuit</span> <span class='ocrx_word' id='word_1_811' title='bbox 1618 1564 1712 1603; x_wconf 89' lang='lat' dir='ltr'>plene</span> <span class='ocrx_word' id='word_1_812' title='bbox 1729 1565 1988 1604; x_wconf 90' lang='lat' dir='ltr'>comprehensor,</span> <span class='ocrx_word' id='word_1_813' title='bbox 2006 1574 2041 1594; x_wconf 89' lang='lat' dir='ltr'>ac</span> <span class='ocrx_word' id='word_1_814' title='bbox 2057 1574 2113 1604; x_wconf 90' lang='lat' dir='ltr'>per</span> <span class='ocrx_word' id='word_1_815' title='bbox 2129 1565 2191 1594; x_wconf 93' lang='lat' dir='ltr'>hoc</span> <span class='ocrx_word' id='word_1_816' title='bbox 2207 1565 2240 1594; x_wconf 93' lang='lat' dir='ltr'>in</span> <span class='ocrx_word' id='word_1_817' title='bbox 2256 1565 2402 1594; x_wconf 89' lang='lat' dir='ltr'>termino.</span> <span class='ocrx_word' id='word_1_818' title='bbox 2418 1583 2441 1586; x_wconf 97' lang='lat'><strong>—</strong></span> 
     </span>
     <span class='ocr_line' id='line_1_110' title="bbox 1381 1607 2440 1647; baseline 0.001 -11"><span class='ocrx_word' id='word_1_819' title='bbox 1381 1607 1422 1637; x_wconf 91' lang='lat' dir='ltr'>Et</span> <span class='ocrx_word' id='word_1_820' title='bbox 1438 1617 1456 1637; x_wconf 93' lang='lat' dir='ltr'>a</span> <span class='ocrx_word' id='word_1_821' title='bbox 1474 1608 1579 1637; x_wconf 91' lang='lat' dir='ltr'>simili.</span> <span class='ocrx_word' id='word_1_822' title='bbox 1604 1608 1689 1645; x_wconf 91' lang='lat' dir='ltr'>Quia</span> <span class='ocrx_word' id='word_1_823' title='bbox 1711 1617 1770 1638; x_wconf 92' lang='lat' dir='ltr'>nec</span> <span class='ocrx_word' id='word_1_824' title='bbox 1794 1609 1960 1638; x_wconf 87' lang='lat' dir='ltr'>beatorum</span> <span class='ocrx_word' id='word_1_825' title='bbox 1977 1609 2009 1638; x_wconf 93' lang='lat' dir='ltr'>in</span> <span class='ocrx_word' id='word_1_826' title='bbox 2025 1609 2124 1647; x_wconf 89' lang='lat' dir='ltr'>patria</span> <span class='ocrx_word' id='word_1_827' title='bbox 2146 1609 2243 1647; x_wconf 87' lang='lat' dir='ltr'>gratia</span> <span class='ocrx_word' id='word_1_828' title='bbox 2266 1614 2380 1647; x_wconf 89' lang='lat' dir='ltr'>potest,</span> <span class='ocrx_word' id='word_1_829' title='bbox 2399 1609 2440 1637; x_wconf 92' lang='lat' dir='ltr'>ob</span> 
     </span>
     <span class='ocr_line' id='line_1_111' title="bbox 1381 1651 2441 1691; baseline 0 -10"><span class='ocrx_word' id='word_1_830' title='bbox 1381 1651 1498 1681; x_wconf 89' lang='lat' dir='ltr'>dictam</span> <span class='ocrx_word' id='word_1_831' title='bbox 1521 1652 1688 1686; x_wconf 91' lang='lat' dir='ltr'>rationem,</span> <span class='ocrx_word' id='word_1_832' title='bbox 1713 1652 1829 1690; x_wconf 89' lang='lat' dir='ltr'>augeri.</span> <span class='ocrx_word' id='word_1_833' title='bbox 1854 1670 1876 1674; x_wconf 87' lang='lat'>—</span> <span class='ocrx_word' id='word_1_834' title='bbox 1899 1652 1939 1681; x_wconf 92' lang='lat' dir='ltr'>Et</span> <span class='ocrx_word' id='word_1_835' title='bbox 1955 1662 1972 1681; x_wconf 91' lang='lat' dir='ltr'>a</span> <span class='ocrx_word' id='word_1_836' title='bbox 1989 1651 2130 1681; x_wconf 90' lang='lat' dir='ltr'>dissimili</span> <span class='ocrx_word' id='word_1_837' title='bbox 2155 1658 2219 1681; x_wconf 89' lang='lat' dir='ltr'>tam</span> <span class='ocrx_word' id='word_1_838' title='bbox 2243 1653 2320 1682; x_wconf 87' lang='lat' dir='ltr'>haec</span> <span class='ocrx_word' id='word_1_839' title='bbox 2344 1661 2441 1691; x_wconf 90' lang='lat' dir='ltr'>quam</span> 
     </span>
     <span class='ocr_line' id='line_1_112' title="bbox 1381 1694 2442 1734; baseline 0.001 -10"><span class='ocrx_word' id='word_1_840' title='bbox 1381 1694 1574 1734; x_wconf 90' lang='lat' dir='ltr'>praecedens</span> <span class='ocrx_word' id='word_1_841' title='bbox 1606 1695 1771 1725; x_wconf 90' lang='lat' dir='ltr'>conclusio</span> <span class='ocrx_word' id='word_1_842' title='bbox 1802 1695 2028 1725; x_wconf 86' lang='lat' dir='ltr'>manifestatur.</span> <span class='ocrx_word' id='word_1_843' title='bbox 2064 1696 2148 1732; x_wconf 86' lang='lat' dir='ltr'>Quia</span> <span class='ocrx_word' id='word_1_844' title='bbox 2176 1705 2253 1734; x_wconf 88' lang='lat' dir='ltr'>pure</span> <span class='ocrx_word' id='word_1_845' title='bbox 2285 1696 2442 1725; x_wconf 88' lang='lat' dir='ltr'>viatorum</span> 
     </span>
     <span class='ocr_line' id='line_1_113' title="bbox 1380 1739 2442 1781; baseline 0 -13"><span class='ocrx_word' id='word_1_846' title='bbox 1380 1739 1478 1778; x_wconf 89' lang='lat' dir='ltr'>gratia</span> <span class='ocrx_word' id='word_1_847' title='bbox 1501 1744 1608 1778; x_wconf 90' lang='lat' dir='ltr'>potest</span> <span class='ocrx_word' id='word_1_848' title='bbox 1631 1740 1738 1781; x_wconf 87' lang='lat' dir='ltr'>augeri</span> <span class='ocrx_word' id='word_1_849' title='bbox 1763 1744 1794 1768; x_wconf 92' lang='lat' dir='ltr'>et</span> <span class='ocrx_word' id='word_1_850' title='bbox 1818 1749 1854 1768; x_wconf 89' lang='lat' dir='ltr'>ex</span> <span class='ocrx_word' id='word_1_851' title='bbox 1878 1745 1966 1778; x_wconf 89' lang='lat' dir='ltr'>parte</span> <span class='ocrx_word' id='word_1_852' title='bbox 1989 1740 2115 1778; x_wconf 87' lang='lat' dir='ltr'>gratiae,</span> <span class='ocrx_word' id='word_1_853' title='bbox 2137 1740 2211 1778; x_wconf 89' lang='lat' dir='ltr'>quia</span> <span class='ocrx_word' id='word_1_854' title='bbox 2234 1749 2300 1768; x_wconf 90' lang='lat' dir='ltr'>non</span> <span class='ocrx_word' id='word_1_855' title='bbox 2324 1740 2442 1778; x_wconf 91' lang='lat' dir='ltr'>pertin-</span> 
     </span>
     <span class='ocr_line' id='line_1_114' title="bbox 1381 1781 2442 1822; baseline 0.001 -11"><span class='ocrx_word' id='word_1_856' title='bbox 1381 1788 1460 1821; x_wconf 90' lang='lat' dir='ltr'>gunt</span> <span class='ocrx_word' id='word_1_857' title='bbox 1477 1782 1516 1812; x_wconf 90' lang='lat' dir='ltr'>ad</span> <span class='ocrx_word' id='word_1_858' title='bbox 1532 1792 1695 1812; x_wconf 88' lang='lat' dir='ltr'>summum</span> <span class='ocrx_word' id='word_1_859' title='bbox 1719 1781 1895 1812; x_wconf 85' lang='lat' dir='ltr'>secundum</span> <span class='ocrx_word' id='word_1_860' title='bbox 1912 1792 1962 1818; x_wconf 88' lang='lat' dir='ltr'>se;</span> <span class='ocrx_word' id='word_1_861' title='bbox 1988 1788 2019 1812; x_wconf 93' lang='lat' dir='ltr'>et</span> <span class='ocrx_word' id='word_1_862' title='bbox 2035 1792 2071 1812; x_wconf 87' lang='lat' dir='ltr'>ex</span> <span class='ocrx_word' id='word_1_863' title='bbox 2087 1788 2175 1822; x_wconf 87' lang='lat' dir='ltr'>parte</span> <span class='ocrx_word' id='word_1_864' title='bbox 2199 1783 2343 1817; x_wconf 89' lang='lat' dir='ltr'>subiecti,</span> <span class='ocrx_word' id='word_1_865' title='bbox 2368 1783 2442 1822; x_wconf 84' lang='lat' dir='ltr'>quia</span> 
     </span>
     <span class='ocr_line' id='line_1_115' title="bbox 1382 1825 2441 1865; baseline 0 -10"><span class='ocrx_word' id='word_1_866' title='bbox 1382 1825 1486 1855; x_wconf 92' lang='lat' dir='ltr'>adhuc</span> <span class='ocrx_word' id='word_1_867' title='bbox 1510 1831 1583 1855; x_wconf 92' lang='lat' dir='ltr'>sunt</span> <span class='ocrx_word' id='word_1_868' title='bbox 1606 1826 1639 1855; x_wconf 92' lang='lat' dir='ltr'>in</span> <span class='ocrx_word' id='word_1_869' title='bbox 1655 1826 1715 1860; x_wconf 87' lang='lat' dir='ltr'>via,</span> <span class='ocrx_word' id='word_1_870' title='bbox 1733 1830 1764 1855; x_wconf 90' lang='lat' dir='ltr'>et</span> <span class='ocrx_word' id='word_1_871' title='bbox 1779 1835 1846 1855; x_wconf 89' lang='lat' dir='ltr'>non</span> <span class='ocrx_word' id='word_1_872' title='bbox 1870 1832 2082 1865; x_wconf 89' lang='lat' dir='ltr'>pervenerunt</span> <span class='ocrx_word' id='word_1_873' title='bbox 2106 1826 2144 1855; x_wconf 89' lang='lat' dir='ltr'>ad</span> <span class='ocrx_word' id='word_1_874' title='bbox 2167 1827 2236 1856; x_wconf 86' lang='lat' dir='ltr'>viae</span> <span class='ocrx_word' id='word_1_875' title='bbox 2259 1827 2441 1856; x_wconf 89' lang='lat' dir='ltr'>terminum.</span> 
     </span>
    </p>

    <p class='ocr_par' dir='ltr' id='par_1_25' title="bbox 1382 1869 2444 2391">
     <span class='ocr_line' id='line_1_116' title="bbox 1438 1869 2443 1909; baseline 0 -10"><span class='ocrx_word' id='word_1_876' title='bbox 1438 1869 1501 1899; x_wconf 94' lang='lat' dir='ltr'>Ubi</span> <span class='ocrx_word' id='word_1_877' title='bbox 1524 1874 1600 1899; x_wconf 87' lang='lat' dir='ltr'>nota</span> <span class='ocrx_word' id='word_1_878' title='bbox 1624 1869 1712 1908; x_wconf 92' lang='lat' dir='ltr'>quod</span> <span class='ocrx_word' id='word_1_879' title='bbox 1736 1869 1809 1899; x_wconf 90' lang='lat' dir='ltr'>ideo</span> <span class='ocrx_word' id='word_1_880' title='bbox 1840 1870 1959 1909; x_wconf 91' lang='lat' dir='ltr'>absque</span> <span class='ocrx_word' id='word_1_881' title='bbox 1987 1870 2045 1899; x_wconf 88' lang='lat' dir='ltr'>alia</span> <span class='ocrx_word' id='word_1_882' title='bbox 2069 1871 2257 1909; x_wconf 90' lang='lat' dir='ltr'>probatione</span> <span class='ocrx_word' id='word_1_883' title='bbox 2288 1871 2319 1899; x_wconf 91' lang='lat' dir='ltr'>in</span> <span class='ocrx_word' id='word_1_884' title='bbox 2343 1870 2443 1899; x_wconf 89' lang='lat' dir='ltr'>littera</span> 
     </span>
     <span class='ocr_line' id='line_1_117' title="bbox 1383 1913 2443 1953; baseline 0 -10"><span class='ocrx_word' id='word_1_885' title='bbox 1383 1913 1529 1943; x_wconf 88' lang='lat' dir='ltr'>asseritur</span> <span class='ocrx_word' id='word_1_886' title='bbox 1552 1913 1677 1943; x_wconf 90' lang='lat' dir='ltr'>nullum</span> <span class='ocrx_word' id='word_1_887' title='bbox 1701 1922 1780 1953; x_wconf 90' lang='lat' dir='ltr'>pure</span> <span class='ocrx_word' id='word_1_888' title='bbox 1803 1913 1957 1944; x_wconf 88' lang='lat' dir='ltr'>viatorem</span> <span class='ocrx_word' id='word_1_889' title='bbox 1976 1914 2127 1953; x_wconf 89' lang='lat' dir='ltr'>attingere</span> <span class='ocrx_word' id='word_1_890' title='bbox 2144 1914 2183 1944; x_wconf 90' lang='lat' dir='ltr'>ad</span> <span class='ocrx_word' id='word_1_891' title='bbox 2199 1923 2360 1944; x_wconf 91' lang='lat' dir='ltr'>summum</span> <span class='ocrx_word' id='word_1_892' title='bbox 2376 1924 2443 1953; x_wconf 88' lang='lat' dir='ltr'>gra-</span> 
     </span>
     <span class='ocr_line' id='line_1_118' title="bbox 1382 1957 2444 1997; baseline 0.001 -11"><span class='ocrx_word' id='word_1_893' title='bbox 1382 1957 1444 1986; x_wconf 91' lang='lat' dir='ltr'>tiae</span> <span class='ocrx_word' id='word_1_894' title='bbox 1468 1967 1506 1986; x_wconf 90' lang='lat' dir='ltr'>ex</span> <span class='ocrx_word' id='word_1_895' title='bbox 1529 1962 1616 1996; x_wconf 91' lang='lat' dir='ltr'>parte</span> <span class='ocrx_word' id='word_1_896' title='bbox 1640 1958 1767 1996; x_wconf 89' lang='lat' dir='ltr'>gratiae,</span> <span class='ocrx_word' id='word_1_897' title='bbox 1792 1958 1867 1997; x_wconf 91' lang='lat' dir='ltr'>quia</span> <span class='ocrx_word' id='word_1_898' title='bbox 1891 1963 2133 1997; x_wconf 93' lang='lat' dir='ltr'>consequuntur</span> <span class='ocrx_word' id='word_1_899' title='bbox 2156 1967 2188 1987; x_wconf 86' lang='lat' dir='ltr'>se</span> <span class='ocrx_word' id='word_1_900' title='bbox 2212 1958 2290 1987; x_wconf 91' lang='lat' dir='ltr'>haec</span> <span class='ocrx_word' id='word_1_901' title='bbox 2306 1957 2382 1993; x_wconf 92' lang='lat' dir='ltr'>duo,</span> <span class='ocrx_word' id='word_1_902' title='bbox 2399 1958 2444 1987; x_wconf 92' lang='lat' dir='ltr'>vi—</span> 
     </span>
     <span class='ocr_line' id='line_1_119' title="bbox 1384 2000 2444 2041; baseline 0.001 -11"><span class='ocrx_word' id='word_1_903' title='bbox 1384 2000 1498 2030; x_wconf 90' lang='lat' dir='ltr'>delicet</span> <span class='ocrx_word' id='word_1_904' title='bbox 1521 2010 1685 2031; x_wconf 90' lang='lat' dir='ltr'>summum</span> <span class='ocrx_word' id='word_1_905' title='bbox 1708 2001 1823 2040; x_wconf 88' lang='lat' dir='ltr'>gratiae</span> <span class='ocrx_word' id='word_1_906' title='bbox 1847 2011 1883 2031; x_wconf 87' lang='lat' dir='ltr'>ex</span> <span class='ocrx_word' id='word_1_907' title='bbox 1904 2007 1992 2041; x_wconf 90' lang='lat' dir='ltr'>parte</span> <span class='ocrx_word' id='word_1_908' title='bbox 2007 2002 2133 2041; x_wconf 87' lang='lat' dir='ltr'>gratiae,</span> <span class='ocrx_word' id='word_1_909' title='bbox 2158 2007 2189 2031; x_wconf 89' lang='lat' dir='ltr'>et</span> <span class='ocrx_word' id='word_1_910' title='bbox 2211 2002 2307 2041; x_wconf 89' lang='lat' dir='ltr'>gratia</span> <span class='ocrx_word' id='word_1_911' title='bbox 2323 2002 2444 2031; x_wconf 89' lang='lat' dir='ltr'>virtutis</span> 
     </span>
     <span class='ocr_line' id='line_1_120' title="bbox 1383 2043 2444 2085; baseline 0.001 -11"><span class='ocrx_word' id='word_1_912' title='bbox 1383 2045 1576 2074; x_wconf 88' lang='lat' dir='ltr'>universalis.</span> <span class='ocrx_word' id='word_1_913' title='bbox 1601 2045 1683 2074; x_wconf 88' lang='lat' dir='ltr'>Nam</span> <span class='ocrx_word' id='word_1_914' title='bbox 1706 2043 1803 2084; x_wconf 82' lang='lat' dir='ltr'>gratia</span> <span class='ocrx_word' id='word_1_915' title='bbox 1827 2045 2003 2075; x_wconf 90' lang='lat' dir='ltr'>secundum</span> <span class='ocrx_word' id='word_1_916' title='bbox 2023 2055 2054 2075; x_wconf 90' lang='lat' dir='ltr'>se</span> <span class='ocrx_word' id='word_1_917' title='bbox 2079 2055 2203 2075; x_wconf 91' lang='lat' dir='ltr'>summa</span> <span class='ocrx_word' id='word_1_918' title='bbox 2226 2045 2265 2075; x_wconf 89' lang='lat' dir='ltr'>ad</span> <span class='ocrx_word' id='word_1_919' title='bbox 2289 2045 2444 2085; x_wconf 90' lang='lat' dir='ltr'>quidquid</span> 
     </span>
     <span class='ocr_line' id='line_1_121' title="bbox 1383 2087 2444 2129; baseline 0.001 -11"><span class='ocrx_word' id='word_1_920' title='bbox 1383 2093 1489 2127; x_wconf 83' lang='lat' dir='ltr'>potest</span> <span class='ocrx_word' id='word_1_921' title='bbox 1512 2093 1652 2127; x_wconf 90' lang='lat' dir='ltr'>spectare</span> <span class='ocrx_word' id='word_1_922' title='bbox 1676 2087 1715 2118; x_wconf 92' lang='lat' dir='ltr'>ad</span> <span class='ocrx_word' id='word_1_923' title='bbox 1737 2089 1891 2119; x_wconf 89' lang='lat' dir='ltr'>rationem</span> <span class='ocrx_word' id='word_1_924' title='bbox 1916 2089 2041 2129; x_wconf 86' lang='lat' dir='ltr'>gratiae,</span> <span class='ocrx_word' id='word_1_925' title='bbox 2067 2099 2099 2119; x_wconf 90' lang='lat' dir='ltr'>se</span> <span class='ocrx_word' id='word_1_926' title='bbox 2124 2089 2277 2119; x_wconf 88' lang='lat' dir='ltr'>extendit:</span> <span class='ocrx_word' id='word_1_927' title='bbox 2303 2095 2334 2119; x_wconf 92' lang='lat' dir='ltr'>et</span> <span class='ocrx_word' id='word_1_928' title='bbox 2357 2090 2382 2119; x_wconf 92' lang='lat' dir='ltr'>si</span> <span class='ocrx_word' id='word_1_929' title='bbox 2405 2089 2444 2119; x_wconf 92' lang='lat' dir='ltr'>ad</span> 
     </span>
     <span class='ocr_line' id='line_1_122' title="bbox 1384 2131 2442 2172; baseline 0.002 -11"><span class='ocrx_word' id='word_1_930' title='bbox 1384 2131 1539 2171; x_wconf 91' lang='lat' dir='ltr'>quidlibet</span> <span class='ocrx_word' id='word_1_931' title='bbox 1562 2131 1766 2171; x_wconf 90' lang='lat' dir='ltr'>perfectionis</span> <span class='ocrx_word' id='word_1_932' title='bbox 1780 2133 1897 2172; x_wconf 88' lang='lat' dir='ltr'>gratiae</span> <span class='ocrx_word' id='word_1_933' title='bbox 1913 2142 1946 2163; x_wconf 92' lang='lat' dir='ltr'>se</span> <span class='ocrx_word' id='word_1_934' title='bbox 1962 2132 2111 2167; x_wconf 88' lang='lat' dir='ltr'>extendit,</span> <span class='ocrx_word' id='word_1_935' title='bbox 2136 2143 2260 2163; x_wconf 90' lang='lat' dir='ltr'>summa</span> <span class='ocrx_word' id='word_1_936' title='bbox 2274 2134 2371 2172; x_wconf 89' lang='lat' dir='ltr'>gratia</span> <span class='ocrx_word' id='word_1_937' title='bbox 2388 2139 2442 2163; x_wconf 90' lang='lat' dir='ltr'>est.</span> 
     </span>
     <span class='ocr_line' id='line_1_123' title="bbox 1383 2176 2444 2217; baseline 0.002 -13"><span class='ocrx_word' id='word_1_938' title='bbox 1383 2176 1423 2205; x_wconf 92' lang='lat' dir='ltr'>Et</span> <span class='ocrx_word' id='word_1_939' title='bbox 1447 2176 1600 2215; x_wconf 90' lang='lat' dir='ltr'>quoniam</span> <span class='ocrx_word' id='word_1_940' title='bbox 1625 2177 1797 2215; x_wconf 77' lang='lat' dir='ltr'>utrumque</span> <span class='ocrx_word' id='word_1_941' title='bbox 1828 2182 1951 2207; x_wconf 91' lang='lat' dir='ltr'>constat</span> <span class='ocrx_word' id='word_1_942' title='bbox 1974 2187 2041 2207; x_wconf 87' lang='lat' dir='ltr'>esse</span> <span class='ocrx_word' id='word_1_943' title='bbox 2069 2177 2273 2217; x_wconf 89' lang='lat' dir='ltr'>plenitudinis</span> <span class='ocrx_word' id='word_1_944' title='bbox 2297 2178 2444 2216; x_wconf 86' lang='lat' dir='ltr'>propriae</span> 
     </span>
     <span class='ocr_line' id='line_1_124' title="bbox 1382 2219 2444 2261; baseline 0 -11"><span class='ocrx_word' id='word_1_945' title='bbox 1382 2219 1545 2258; x_wconf 85' lang='lat' dir='ltr'>Unigeniti</span> <span class='ocrx_word' id='word_1_946' title='bbox 1569 2229 1586 2249; x_wconf 89' lang='lat' dir='ltr'>a</span> <span class='ocrx_word' id='word_1_947' title='bbox 1608 2219 1713 2254; x_wconf 83' lang='lat' dir='ltr'>Patre,</span> <span class='ocrx_word' id='word_1_948' title='bbox 1739 2229 1836 2259; x_wconf 91' lang='lat' dir='ltr'>quem</span> <span class='ocrx_word' id='word_1_949' title='bbox 1859 2221 1927 2260; x_wconf 91' lang='lat' dir='ltr'>ipsa</span> <span class='ocrx_word' id='word_1_950' title='bbox 1950 2220 2117 2261; x_wconf 89' lang='lat' dir='ltr'>plenitudo</span> <span class='ocrx_word' id='word_1_951' title='bbox 2141 2221 2257 2260; x_wconf 89' lang='lat' dir='ltr'>gratiae</span> <span class='ocrx_word' id='word_1_952' title='bbox 2281 2221 2444 2251; x_wconf 89' lang='lat' dir='ltr'>constituit</span> 
     </span>
     <span class='ocr_line' id='line_1_125' title="bbox 1383 2263 2444 2304; baseline 0.002 -12"><span class='ocrx_word' id='word_1_953' title='bbox 1383 2263 1421 2293; x_wconf 93' lang='lat' dir='ltr'>ab</span> <span class='ocrx_word' id='word_1_954' title='bbox 1444 2263 1534 2293; x_wconf 90' lang='lat' dir='ltr'>initio</span> <span class='ocrx_word' id='word_1_955' title='bbox 1552 2263 1869 2302; x_wconf 85' lang='lat' dir='ltr'>comprehensorem;</span> <span class='ocrx_word' id='word_1_956' title='bbox 1894 2264 1966 2294; x_wconf 90' lang='lat' dir='ltr'>ideo</span> <span class='ocrx_word' id='word_1_957' title='bbox 1983 2265 2101 2304; x_wconf 90' lang='lat' dir='ltr'>absque</span> <span class='ocrx_word' id='word_1_958' title='bbox 2118 2263 2323 2294; x_wconf 87' lang='lat' dir='ltr'>haesitatione</span> <span class='ocrx_word' id='word_1_959' title='bbox 2340 2265 2444 2304; x_wconf 89' lang='lat' dir='ltr'>aliqua</span> 
     </span>
     <span class='ocr_line' id='line_1_126' title="bbox 1383 2306 2443 2347; baseline 0.002 -11"><span class='ocrx_word' id='word_1_960' title='bbox 1383 2306 1586 2337; x_wconf 90' lang='lat' dir='ltr'>asserendum</span> <span class='ocrx_word' id='word_1_961' title='bbox 1611 2312 1657 2337; x_wconf 88' lang='lat' dir='ltr'>est</span> <span class='ocrx_word' id='word_1_962' title='bbox 1680 2307 1800 2337; x_wconf 91' lang='lat' dir='ltr'>nullam</span> <span class='ocrx_word' id='word_1_963' title='bbox 1824 2317 1936 2347; x_wconf 90' lang='lat' dir='ltr'>puram</span> <span class='ocrx_word' id='word_1_964' title='bbox 1961 2314 2144 2344; x_wconf 87' lang='lat' dir='ltr'>creaturam,</span> <span class='ocrx_word' id='word_1_965' title='bbox 2169 2309 2234 2338; x_wconf 93' lang='lat' dir='ltr'>sive</span> <span class='ocrx_word' id='word_1_966' title='bbox 2257 2309 2290 2337; x_wconf 95' lang='lat' dir='ltr'>in</span> <span class='ocrx_word' id='word_1_967' title='bbox 2306 2309 2355 2338; x_wconf 89' lang='lat' dir='ltr'>via</span> <span class='ocrx_word' id='word_1_968' title='bbox 2379 2309 2443 2338; x_wconf 90' lang='lat' dir='ltr'>sive</span> 
     </span>
     <span class='ocr_line' id='line_1_127' title="bbox 1383 2350 2442 2391; baseline 0.001 -11"><span class='ocrx_word' id='word_1_969' title='bbox 1383 2352 1416 2380; x_wconf 92' lang='lat' dir='ltr'>in</span> <span class='ocrx_word' id='word_1_970' title='bbox 1440 2351 1548 2390; x_wconf 88' lang='lat' dir='ltr'>patria,</span> <span class='ocrx_word' id='word_1_971' title='bbox 1573 2350 1612 2380; x_wconf 88' lang='lat' dir='ltr'>ad</span> <span class='ocrx_word' id='word_1_972' title='bbox 1636 2360 1799 2381; x_wconf 90' lang='lat' dir='ltr'>summum</span> <span class='ocrx_word' id='word_1_973' title='bbox 1821 2352 1936 2390; x_wconf 89' lang='lat' dir='ltr'>gratiae</span> <span class='ocrx_word' id='word_1_974' title='bbox 1961 2361 1998 2381; x_wconf 89' lang='lat' dir='ltr'>ex</span> <span class='ocrx_word' id='word_1_975' title='bbox 2014 2357 2101 2391; x_wconf 88' lang='lat' dir='ltr'>parte</span> <span class='ocrx_word' id='word_1_976' title='bbox 2117 2353 2232 2391; x_wconf 89' lang='lat' dir='ltr'>gratiae</span> <span class='ocrx_word' id='word_1_977' title='bbox 2255 2352 2442 2391; x_wconf 90' lang='lat' dir='ltr'>pertingere.</span> 
     </span>
    </p>

    <p class='ocr_par' dir='ltr' id='par_1_26' title="bbox 1378 2395 2444 3431">
     <span class='ocr_line' id='line_1_128' title="bbox 1439 2395 2444 2435; baseline 0.001 -11"><span class='ocrx_word' id='word_1_978' title='bbox 1439 2395 1477 2424; x_wconf 93' lang='lat' dir='ltr'>V.</span> <span class='ocrx_word' id='word_1_979' title='bbox 1503 2395 1537 2424; x_wconf 93' lang='lat' dir='ltr'>In</span> <span class='ocrx_word' id='word_1_980' title='bbox 1561 2395 1769 2434; x_wconf 90' lang='lat' dir='ltr'>responsione</span> <span class='ocrx_word' id='word_1_981' title='bbox 1800 2395 1839 2424; x_wconf 89' lang='lat' dir='ltr'>ad</span> <span class='ocrx_word' id='word_1_982' title='bbox 1862 2396 2001 2435; x_wconf 91' lang='lat' dir='ltr'>primum</span> <span class='ocrx_word' id='word_1_983' title='bbox 2025 2395 2167 2425; x_wconf 88' lang='lat' dir='ltr'>eiusdem</span> <span class='ocrx_word' id='word_1_984' title='bbox 2192 2395 2374 2425; x_wconf 89' lang='lat' dir='ltr'>duodecimi</span> <span class='ocrx_word' id='word_1_985' title='bbox 2397 2405 2444 2425; x_wconf 93' lang='lat' dir='ltr'>ar-</span> 
     </span>
     <span class='ocr_line' id='line_1_129' title="bbox 1383 2438 2444 2479; baseline 0.001 -11"><span class='ocrx_word' id='word_1_986' title='bbox 1383 2439 1482 2473; x_wconf 92' lang='lat' dir='ltr'>ticuli,</span> <span class='ocrx_word' id='word_1_987' title='bbox 1503 2438 1667 2468; x_wconf 90' lang='lat' dir='ltr'>considera</span> <span class='ocrx_word' id='word_1_988' title='bbox 1682 2439 1908 2478; x_wconf 87' lang='lat' dir='ltr'>perspicaciam</span> <span class='ocrx_word' id='word_1_989' title='bbox 1924 2440 2149 2479; x_wconf 89' lang='lat' dir='ltr'>responsionis,</span> <span class='ocrx_word' id='word_1_990' title='bbox 2165 2449 2233 2469; x_wconf 93' lang='lat' dir='ltr'>non</span> <span class='ocrx_word' id='word_1_991' title='bbox 2248 2439 2354 2469; x_wconf 88' lang='lat' dir='ltr'>solum</span> <span class='ocrx_word' id='word_1_992' title='bbox 2369 2448 2444 2478; x_wconf 89' lang='lat' dir='ltr'>pro-</span> 
     </span>
     <span class='ocr_line' id='line_1_130' title="bbox 1383 2482 2443 2522; baseline 0 -10"><span class='ocrx_word' id='word_1_993' title='bbox 1383 2483 1537 2522; x_wconf 92' lang='lat' dir='ltr'>positioni</span> <span class='ocrx_word' id='word_1_994' title='bbox 1560 2483 1702 2512; x_wconf 88' lang='lat' dir='ltr'>obiectae</span> <span class='ocrx_word' id='word_1_995' title='bbox 1726 2482 1957 2519; x_wconf 87' lang='lat' dir='ltr'>satisfacientis,</span> <span class='ocrx_word' id='word_1_996' title='bbox 1990 2482 2045 2513; x_wconf 89' lang='lat' dir='ltr'>sed</span> <span class='ocrx_word' id='word_1_997' title='bbox 2069 2492 2106 2512; x_wconf 83' lang='lat' dir='ltr'>ex</span> <span class='ocrx_word' id='word_1_998' title='bbox 2129 2482 2232 2513; x_wconf 86' lang='lat' dir='ltr'>radice</span> <span class='ocrx_word' id='word_1_999' title='bbox 2256 2483 2443 2522; x_wconf 91' lang='lat' dir='ltr'>oppositum</span> 
     </span>
     <span class='ocr_line' id='line_1_131' title="bbox 1383 2526 2442 2567; baseline 0 -11"><span class='ocrx_word' id='word_1_1000' title='bbox 1383 2527 1597 2556; x_wconf 88' lang='lat' dir='ltr'>monstrantis.</span> <span class='ocrx_word' id='word_1_1001' title='bbox 1632 2526 1890 2566; x_wconf 89' lang='lat' dir='ltr'>Propositionem</span> <span class='ocrx_word' id='word_1_1002' title='bbox 1917 2526 2075 2566; x_wconf 89' lang='lat' dir='ltr'>siquidem</span> <span class='ocrx_word' id='word_1_1003' title='bbox 2098 2526 2199 2562; x_wconf 87' lang='lat' dir='ltr'>illam,</span> <span class='ocrx_word' id='word_1_1004' title='bbox 2228 2526 2323 2556; x_wconf 90' lang='lat' dir='ltr'>Omni</span> <span class='ocrx_word' id='word_1_1005' title='bbox 2341 2526 2442 2567; x_wconf 89' lang='lat' dir='ltr'>finito</span> 
     </span>
     <span class='ocr_line' id='line_1_132' title="bbox 1378 2569 2442 2611; baseline -0.001 -11"><span class='ocrx_word' id='word_1_1006' title='bbox 1378 2575 1487 2611; x_wconf 80' lang='lat' dir='ltr'>potest</span> <span class='ocrx_word' id='word_1_1007' title='bbox 1498 2570 1580 2611; x_wconf 88' lang='lat' dir='ltr'>fieri</span> <span class='ocrx_word' id='word_1_1008' title='bbox 1599 2570 1741 2609; x_wconf 77' lang='lat' dir='ltr'>additio,</span> <span class='ocrx_word' id='word_1_1009' title='bbox 1773 2580 1847 2600; x_wconf 90' lang='lat' dir='ltr'>cum</span> <span class='ocrx_word' id='word_1_1010' title='bbox 1871 2570 1997 2600; x_wconf 91' lang='lat' dir='ltr'>finitum</span> <span class='ocrx_word' id='word_1_1011' title='bbox 2022 2576 2052 2600; x_wconf 90' lang='lat' dir='ltr'>et</span> <span class='ocrx_word' id='word_1_1012' title='bbox 2074 2569 2234 2600; x_wconf 89' lang='lat' dir='ltr'>infinitum</span> <span class='ocrx_word' id='word_1_1013' title='bbox 2262 2571 2442 2609; x_wconf 86' lang='lat' dir='ltr'>quantitatis</span> 
     </span>
     <span class='ocr_line' id='line_1_133' title="bbox 1383 2613 2443 2654; baseline -0.001 -10"><span class='ocrx_word' id='word_1_1014' title='bbox 1383 2615 1488 2654; x_wconf 91' lang='lat' dir='ltr'>primo</span> <span class='ocrx_word' id='word_1_1015' title='bbox 1513 2615 1567 2650; x_wconf 89' lang='lat' dir='ltr'>sit,</span> <span class='ocrx_word' id='word_1_1016' title='bbox 1592 2613 1754 2654; x_wconf 88' lang='lat' dir='ltr'>distinguit</span> <span class='ocrx_word' id='word_1_1017' title='bbox 1778 2614 1955 2644; x_wconf 89' lang='lat' dir='ltr'>secundum</span> <span class='ocrx_word' id='word_1_1018' title='bbox 1977 2623 2071 2654; x_wconf 90' lang='lat' dir='ltr'>posse</span> <span class='ocrx_word' id='word_1_1019' title='bbox 2095 2614 2261 2653; x_wconf 90' lang='lat' dir='ltr'>dupliciter</span> <span class='ocrx_word' id='word_1_1020' title='bbox 2288 2619 2443 2653; x_wconf 88' lang='lat' dir='ltr'>quantum</span> 
     </span>
     <span class='ocr_line' id='line_1_134' title="bbox 1384 2657 2443 2694; baseline -0.001 -6"><span class='ocrx_word' id='word_1_1021' title='bbox 1384 2657 1510 2688; x_wconf 88' lang='lat' dir='ltr'>finitum</span> <span class='ocrx_word' id='word_1_1022' title='bbox 1534 2657 1742 2688; x_wconf 85' lang='lat' dir='ltr'>considerari:</span> <span class='ocrx_word' id='word_1_1023' title='bbox 1767 2659 2002 2694; x_wconf 87' lang='lat' dir='ltr'>mathematice,</span> <span class='ocrx_word' id='word_1_1024' title='bbox 2027 2659 2090 2688; x_wconf 91' lang='lat' dir='ltr'>hoc</span> <span class='ocrx_word' id='word_1_1025' title='bbox 2114 2664 2169 2693; x_wconf 85' lang='lat' dir='ltr'>est,</span> <span class='ocrx_word' id='word_1_1026' title='bbox 2194 2657 2401 2687; x_wconf 86' lang='lat' dir='ltr'>abstrahendo</span> <span class='ocrx_word' id='word_1_1027' title='bbox 2426 2667 2443 2687; x_wconf 92' lang='lat' dir='ltr'>a</span> 
     </span>
     <span class='ocr_line' id='line_1_135' title="bbox 1384 2701 2442 2741; baseline -0.001 -9"><span class='ocrx_word' id='word_1_1028' title='bbox 1384 2702 1516 2732; x_wconf 88' lang='lat' dir='ltr'>materia</span> <span class='ocrx_word' id='word_1_1029' title='bbox 1538 2702 1686 2737; x_wconf 89' lang='lat' dir='ltr'>sensibili,</span> <span class='ocrx_word' id='word_1_1030' title='bbox 1711 2708 1746 2732; x_wconf 89' lang='lat' dir='ltr'>ut</span> <span class='ocrx_word' id='word_1_1031' title='bbox 1769 2702 1932 2741; x_wconf 90' lang='lat' dir='ltr'>loquimur</span> <span class='ocrx_word' id='word_1_1032' title='bbox 1956 2701 1994 2732; x_wconf 90' lang='lat' dir='ltr'>de</span> <span class='ocrx_word' id='word_1_1033' title='bbox 2018 2702 2109 2737; x_wconf 89' lang='lat' dir='ltr'>linea,</span> <span class='ocrx_word' id='word_1_1034' title='bbox 2126 2701 2291 2741; x_wconf 89' lang='lat' dir='ltr'>superficie</span> <span class='ocrx_word' id='word_1_1035' title='bbox 2307 2701 2357 2731; x_wconf 87' lang='lat' dir='ltr'>vel</span> <span class='ocrx_word' id='word_1_1036' title='bbox 2373 2710 2442 2731; x_wconf 91' lang='lat' dir='ltr'>cor—</span> 
     </span>
     <span class='ocr_line' id='line_1_136' title="bbox 1384 2744 2442 2786; baseline -0.001 -11"><span class='ocrx_word' id='word_1_1037' title='bbox 1384 2755 1463 2786; x_wconf 92' lang='lat' dir='ltr'>pore</span> <span class='ocrx_word' id='word_1_1038' title='bbox 1487 2746 1649 2781; x_wconf 85' lang='lat' dir='ltr'>absolute;</span> <span class='ocrx_word' id='word_1_1039' title='bbox 1675 2746 1724 2776; x_wconf 84' lang='lat' dir='ltr'>vel</span> <span class='ocrx_word' id='word_1_1040' title='bbox 1748 2746 1888 2786; x_wconf 88' lang='lat' dir='ltr'>physice,</span> <span class='ocrx_word' id='word_1_1041' title='bbox 1913 2747 1975 2776; x_wconf 91' lang='lat' dir='ltr'>hoc</span> <span class='ocrx_word' id='word_1_1042' title='bbox 1999 2751 2058 2781; x_wconf 91' lang='lat' dir='ltr'>est,</span> <span class='ocrx_word' id='word_1_1043' title='bbox 2084 2751 2118 2775; x_wconf 94' lang='lat' dir='ltr'>ut</span> <span class='ocrx_word' id='word_1_1044' title='bbox 2142 2745 2180 2774; x_wconf 91' lang='lat' dir='ltr'>ad</span> <span class='ocrx_word' id='word_1_1045' title='bbox 2203 2744 2364 2784; x_wconf 90' lang='lat' dir='ltr'>specificas</span> <span class='ocrx_word' id='word_1_1046' title='bbox 2387 2754 2442 2775; x_wconf 92' lang='lat' dir='ltr'>na-</span> 
     </span>
     <span class='ocr_line' id='line_1_137' title="bbox 1384 2789 2441 2828; baseline -0.001 -9"><span class='ocrx_word' id='word_1_1047' title='bbox 1384 2795 1469 2820; x_wconf 92' lang='lat' dir='ltr'>turas</span> <span class='ocrx_word' id='word_1_1048' title='bbox 1499 2799 1605 2819; x_wconf 88' lang='lat' dir='ltr'>rerum</span> <span class='ocrx_word' id='word_1_1049' title='bbox 1633 2789 1823 2819; x_wconf 90' lang='lat' dir='ltr'>naturalium</span> <span class='ocrx_word' id='word_1_1050' title='bbox 1855 2795 1901 2819; x_wconf 88' lang='lat' dir='ltr'>est</span> <span class='ocrx_word' id='word_1_1051' title='bbox 1931 2789 2189 2824; x_wconf 88' lang='lat' dir='ltr'>determinatum,</span> <span class='ocrx_word' id='word_1_1052' title='bbox 2221 2794 2256 2818; x_wconf 79' lang='lat' dir='ltr'>ut</span> <span class='ocrx_word' id='word_1_1053' title='bbox 2286 2789 2441 2828; x_wconf 87' lang='lat' dir='ltr'>quantitas</span> 
     </span>
     <span class='ocr_line' id='line_1_138' title="bbox 1384 2832 2440 2872; baseline -0.001 -9"><span class='ocrx_word' id='word_1_1054' title='bbox 1384 2834 1524 2863; x_wconf 89' lang='lat' dir='ltr'>humana</span> <span class='ocrx_word' id='word_1_1055' title='bbox 1547 2833 1596 2863; x_wconf 92' lang='lat' dir='ltr'>vel</span> <span class='ocrx_word' id='word_1_1056' title='bbox 1617 2833 1766 2863; x_wconf 87' lang='lat' dir='ltr'>caelestis.</span> <span class='ocrx_word' id='word_1_1057' title='bbox 1791 2833 1897 2862; x_wconf 89' lang='lat' dir='ltr'>Primo</span> <span class='ocrx_word' id='word_1_1058' title='bbox 1914 2832 2012 2862; x_wconf 92' lang='lat' dir='ltr'>modo</span> <span class='ocrx_word' id='word_1_1059' title='bbox 2029 2842 2101 2862; x_wconf 89' lang='lat' dir='ltr'>vera</span> <span class='ocrx_word' id='word_1_1060' title='bbox 2118 2837 2163 2862; x_wconf 89' lang='lat' dir='ltr'>est</span> <span class='ocrx_word' id='word_1_1061' title='bbox 2178 2833 2355 2872; x_wconf 90' lang='lat' dir='ltr'>propositio</span> <span class='ocrx_word' id='word_1_1062' title='bbox 2372 2832 2440 2862; x_wconf 82' lang='lat' dir='ltr'>illa:</span> 
     </span>
     <span class='ocr_line' id='line_1_139' title="bbox 1385 2876 2441 2916; baseline -0.001 -9"><span class='ocrx_word' id='word_1_1063' title='bbox 1385 2876 1527 2907; x_wconf 90' lang='lat' dir='ltr'>secundo</span> <span class='ocrx_word' id='word_1_1064' title='bbox 1544 2882 1651 2907; x_wconf 89' lang='lat' dir='ltr'>autem</span> <span class='ocrx_word' id='word_1_1065' title='bbox 1674 2876 1759 2911; x_wconf 88' lang='lat' dir='ltr'>falsa,</span> <span class='ocrx_word' id='word_1_1066' title='bbox 1785 2882 1819 2906; x_wconf 90' lang='lat' dir='ltr'>ut</span> <span class='ocrx_word' id='word_1_1067' title='bbox 1842 2882 1928 2916; x_wconf 89' lang='lat' dir='ltr'>patet</span> <span class='ocrx_word' id='word_1_1068' title='bbox 1951 2876 1990 2906; x_wconf 89' lang='lat' dir='ltr'>de</span> <span class='ocrx_word' id='word_1_1069' title='bbox 2007 2876 2179 2915; x_wconf 83' lang='lat' dir='ltr'>quantitate</span> <span class='ocrx_word' id='word_1_1070' title='bbox 2196 2876 2283 2906; x_wconf 87' lang='lat' dir='ltr'>caeli.</span> <span class='ocrx_word' id='word_1_1071' title='bbox 2308 2876 2349 2906; x_wconf 91' lang='lat' dir='ltr'>Et</span> <span class='ocrx_word' id='word_1_1072' title='bbox 2367 2877 2441 2916; x_wconf 84' lang='lat' dir='ltr'>quia</span> 
     </span>
     <span class='ocr_line' id='line_1_140' title="bbox 1384 2919 2440 2960; baseline -0.001 -10"><span class='ocrx_word' id='word_1_1073' title='bbox 1384 2922 1463 2951; x_wconf 85' lang='lat' dir='ltr'>ratio</span> <span class='ocrx_word' id='word_1_1074' title='bbox 1488 2930 1584 2960; x_wconf 88' lang='lat' dir='ltr'>quare</span> <span class='ocrx_word' id='word_1_1075' title='bbox 1609 2920 1774 2959; x_wconf 85' lang='lat' dir='ltr'>quantitati</span> <span class='ocrx_word' id='word_1_1076' title='bbox 1798 2920 2021 2950; x_wconf 89' lang='lat' dir='ltr'>determinatae</span> <span class='ocrx_word' id='word_1_1077' title='bbox 2045 2919 2084 2949; x_wconf 91' lang='lat' dir='ltr'>ad</span> <span class='ocrx_word' id='word_1_1078' title='bbox 2107 2924 2251 2950; x_wconf 88' lang='lat' dir='ltr'>naturam</span> <span class='ocrx_word' id='word_1_1079' title='bbox 2274 2920 2369 2950; x_wconf 91' lang='lat' dir='ltr'>talem</span> <span class='ocrx_word' id='word_1_1080' title='bbox 2393 2929 2440 2950; x_wconf 91' lang='lat' dir='ltr'>re-</span> 
     </span>
     <span class='ocr_line' id='line_1_141' title="bbox 1384 2963 2441 3004; baseline -0.001 -10"><span class='ocrx_word' id='word_1_1081' title='bbox 1384 2970 1505 3004; x_wconf 90' lang='lat' dir='ltr'>pugnat</span> <span class='ocrx_word' id='word_1_1082' title='bbox 1528 2963 1656 2998; x_wconf 89' lang='lat' dir='ltr'>additio,</span> <span class='ocrx_word' id='word_1_1083' title='bbox 1674 2969 1720 2993; x_wconf 89' lang='lat' dir='ltr'>est</span> <span class='ocrx_word' id='word_1_1084' title='bbox 1743 2963 1845 2993; x_wconf 89' lang='lat' dir='ltr'>forma</span> <span class='ocrx_word' id='word_1_1085' title='bbox 1868 2964 2025 2998; x_wconf 89' lang='lat' dir='ltr'>naturalis,</span> <span class='ocrx_word' id='word_1_1086' title='bbox 2042 2969 2078 2993; x_wconf 92' lang='lat' dir='ltr'>ut</span> <span class='ocrx_word' id='word_1_1087' title='bbox 2092 2969 2178 3002; x_wconf 89' lang='lat' dir='ltr'>patet</span> <span class='ocrx_word' id='word_1_1088' title='bbox 2201 2973 2238 2993; x_wconf 91' lang='lat' dir='ltr'>ex</span> <span class='ocrx_word' id='word_1_1089' title='bbox 2263 2963 2289 2993; x_wconf 89' lang='lat'>11</span> <span class='ocrx_word' id='word_1_1090' title='bbox 2305 2963 2344 2994; x_wconf 83' lang='lat' dir='ltr'>de</span> <span class='ocrx_word' id='word_1_1091' title='bbox 2363 2964 2441 2993; x_wconf 86' lang='lat' dir='ltr'>Ani-</span> 
     </span>
     <span class='ocr_line' id='line_1_142' title="bbox 1385 3006 2439 3047; baseline -0.001 -9"><span class='ocrx_word' id='word_1_1092' title='bbox 1385 3018 1436 3038; x_wconf 88' lang='lat' dir='ltr'>ma</span> <span class='ocrx_word' id='word_1_1093' title='bbox 1453 3009 1486 3043; x_wconf 62' lang='lat'>*3</span> <span class='ocrx_word' id='word_1_1094' title='bbox 1511 3007 1583 3037; x_wconf 88' lang='lat' dir='ltr'>ideo</span> <span class='ocrx_word' id='word_1_1095' title='bbox 1608 3007 1722 3042; x_wconf 88' lang='lat' dir='ltr'>littera,</span> <span class='ocrx_word' id='word_1_1096' title='bbox 1746 3006 1885 3036; x_wconf 89' lang='lat' dir='ltr'>radicem</span> <span class='ocrx_word' id='word_1_1097' title='bbox 1909 3007 2073 3046; x_wconf 88' lang='lat' dir='ltr'>attingens,</span> <span class='ocrx_word' id='word_1_1098' title='bbox 2098 3006 2203 3037; x_wconf 88' lang='lat' dir='ltr'>subdit</span> <span class='ocrx_word' id='word_1_1099' title='bbox 2226 3007 2314 3047; x_wconf 92' lang='lat' dir='ltr'>quod</span> <span class='ocrx_word' id='word_1_1100' title='bbox 2337 3007 2439 3037; x_wconf 87' lang='lat' dir='ltr'>multo</span> 
     </span>
     <span class='ocr_line' id='line_1_143' title="bbox 1384 3050 2441 3091; baseline 0 -10"><span class='ocrx_word' id='word_1_1101' title='bbox 1384 3052 1483 3091; x_wconf 86' lang='lat' dir='ltr'>magis</span> <span class='ocrx_word' id='word_1_1102' title='bbox 1507 3051 1565 3090; x_wconf 91' lang='lat' dir='ltr'>ipsi</span> <span class='ocrx_word' id='word_1_1103' title='bbox 1582 3050 1702 3080; x_wconf 91' lang='lat' dir='ltr'>formae</span> <span class='ocrx_word' id='word_1_1104' title='bbox 1727 3050 1869 3085; x_wconf 85' lang='lat' dir='ltr'>naturali,</span> <span class='ocrx_word' id='word_1_1105' title='bbox 1887 3051 2031 3090; x_wconf 90' lang='lat' dir='ltr'>quamvis</span> <span class='ocrx_word' id='word_1_1106' title='bbox 2051 3050 2167 3086; x_wconf 88' lang='lat' dir='ltr'>finitae,</span> <span class='ocrx_word' id='word_1_1107' title='bbox 2185 3057 2339 3090; x_wconf 87' lang='lat' dir='ltr'>repugnat</span> <span class='ocrx_word' id='word_1_1108' title='bbox 2355 3050 2441 3081; x_wconf 90' lang='lat' dir='ltr'>addi-</span> 
     </span>
     <span class='ocr_line' id='line_1_144' title="bbox 1384 3093 2440 3134; baseline 0 -10"><span class='ocrx_word' id='word_1_1109' title='bbox 1384 3096 1439 3125; x_wconf 91' lang='lat' dir='ltr'>tio.</span> <span class='ocrx_word' id='word_1_1110' title='bbox 1468 3094 1641 3132; x_wconf 89' lang='lat' dir='ltr'>Quoniam,</span> <span class='ocrx_word' id='word_1_1111' title='bbox 1659 3094 1683 3123; x_wconf 91' lang='lat' dir='ltr'>si</span> <span class='ocrx_word' id='word_1_1112' title='bbox 1700 3093 1802 3123; x_wconf 85' lang='lat' dir='ltr'>forma</span> <span class='ocrx_word' id='word_1_1113' title='bbox 1818 3094 1965 3124; x_wconf 87' lang='lat' dir='ltr'>naturalis</span> <span class='ocrx_word' id='word_1_1114' title='bbox 1982 3093 2076 3124; x_wconf 87' lang='lat' dir='ltr'>efficit</span> <span class='ocrx_word' id='word_1_1115' title='bbox 2091 3100 2126 3124; x_wconf 93' lang='lat' dir='ltr'>ut</span> <span class='ocrx_word' id='word_1_1116' title='bbox 2143 3095 2308 3134; x_wconf 86' lang='lat' dir='ltr'>quantitas,</span> <span class='ocrx_word' id='word_1_1117' title='bbox 2325 3095 2377 3124; x_wconf 94' lang='lat' dir='ltr'>cui</span> <span class='ocrx_word' id='word_1_1118' title='bbox 2393 3104 2440 3125; x_wconf 91' lang='lat' dir='ltr'>se-</span> 
     </span>
     <span class='ocr_line' id='line_1_145' title="bbox 1385 3137 2439 3177; baseline 0.001 -10"><span class='ocrx_word' id='word_1_1119' title='bbox 1385 3138 1527 3168; x_wconf 92' lang='lat' dir='ltr'>cundum</span> <span class='ocrx_word' id='word_1_1120' title='bbox 1551 3148 1583 3167; x_wconf 89' lang='lat' dir='ltr'>se</span> <span class='ocrx_word' id='word_1_1121' title='bbox 1614 3147 1680 3167; x_wconf 90' lang='lat' dir='ltr'>non</span> <span class='ocrx_word' id='word_1_1122' title='bbox 1707 3144 1862 3177; x_wconf 86' lang='lat' dir='ltr'>repugnat</span> <span class='ocrx_word' id='word_1_1123' title='bbox 1888 3137 2025 3174; x_wconf 89' lang='lat' dir='ltr'>additio,</span> <span class='ocrx_word' id='word_1_1124' title='bbox 2057 3138 2202 3168; x_wconf 83' lang='lat' dir='ltr'>excludat</span> <span class='ocrx_word' id='word_1_1125' title='bbox 2228 3138 2439 3173; x_wconf 73' lang='lat' dir='ltr'>additionem:</span> 
     </span>
     <span class='ocr_line' id='line_1_146' title="bbox 1383 3180 2439 3222; baseline 0 -10"><span class='ocrx_word' id='word_1_1126' title='bbox 1383 3182 1486 3212; x_wconf 91' lang='lat' dir='ltr'>multo</span> <span class='ocrx_word' id='word_1_1127' title='bbox 1510 3182 1609 3220; x_wconf 87' lang='lat' dir='ltr'>magis</span> <span class='ocrx_word' id='word_1_1128' title='bbox 1633 3180 1728 3211; x_wconf 89' lang='lat' dir='ltr'>efficit</span> <span class='ocrx_word' id='word_1_1129' title='bbox 1749 3187 1786 3211; x_wconf 92' lang='lat' dir='ltr'>ut</span> <span class='ocrx_word' id='word_1_1130' title='bbox 1809 3191 1826 3211; x_wconf 91' lang='lat' dir='ltr'>a</span> <span class='ocrx_word' id='word_1_1131' title='bbox 1850 3182 1951 3222; x_wconf 87' lang='lat' dir='ltr'>seipsa</span> <span class='ocrx_word' id='word_1_1132' title='bbox 1975 3182 2119 3212; x_wconf 87' lang='lat' dir='ltr'>excludat</span> <span class='ocrx_word' id='word_1_1133' title='bbox 2135 3182 2338 3212; x_wconf 89' lang='lat' dir='ltr'>additionem.</span> <span class='ocrx_word' id='word_1_1134' title='bbox 2363 3182 2439 3220; x_wconf 91' lang='lat' dir='ltr'>Quo</span> 
     </span>
     <span class='ocr_line' id='line_1_147' title="bbox 1383 3225 2439 3266; baseline 0.001 -11"><span class='ocrx_word' id='word_1_1135' title='bbox 1383 3225 1418 3256; x_wconf 90' lang='lat' dir='ltr'>fit</span> <span class='ocrx_word' id='word_1_1136' title='bbox 1442 3231 1494 3260; x_wconf 92' lang='lat' dir='ltr'>ut,</span> <span class='ocrx_word' id='word_1_1137' title='bbox 1519 3226 1594 3264; x_wconf 86' lang='lat' dir='ltr'>quia</span> <span class='ocrx_word' id='word_1_1138' title='bbox 1616 3225 1713 3264; x_wconf 89' lang='lat' dir='ltr'>gratia</span> <span class='ocrx_word' id='word_1_1139' title='bbox 1737 3225 1879 3256; x_wconf 89' lang='lat' dir='ltr'>eiusdem</span> <span class='ocrx_word' id='word_1_1140' title='bbox 1903 3231 1949 3256; x_wconf 91' lang='lat' dir='ltr'>est</span> <span class='ocrx_word' id='word_1_1141' title='bbox 1972 3227 2118 3262; x_wconf 89' lang='lat' dir='ltr'>rationis,</span> <span class='ocrx_word' id='word_1_1142' title='bbox 2150 3226 2257 3266; x_wconf 88' lang='lat' dir='ltr'>quoad</span> <span class='ocrx_word' id='word_1_1143' title='bbox 2286 3226 2439 3256; x_wconf 87' lang='lat' dir='ltr'>finitatem</span> 
     </span>
     <span class='ocr_line' id='line_1_148' title="bbox 1382 3268 2439 3306; baseline 0.002 -8"><span class='ocrx_word' id='word_1_1144' title='bbox 1382 3269 1431 3299; x_wconf 90' lang='lat' dir='ltr'>vel</span> <span class='ocrx_word' id='word_1_1145' title='bbox 1456 3268 1657 3305; x_wconf 88' lang='lat' dir='ltr'>infinitatem,</span> <span class='ocrx_word' id='word_1_1146' title='bbox 1686 3278 1760 3299; x_wconf 92' lang='lat' dir='ltr'>cum</span> <span class='ocrx_word' id='word_1_1147' title='bbox 1784 3269 1893 3299; x_wconf 87' lang='lat' dir='ltr'>formis</span> <span class='ocrx_word' id='word_1_1148' title='bbox 1916 3270 2125 3306; x_wconf 90' lang='lat' dir='ltr'>naturalibus,</span> <span class='ocrx_word' id='word_1_1149' title='bbox 2158 3280 2231 3300; x_wconf 91' lang='lat' dir='ltr'>cum</span> <span class='ocrx_word' id='word_1_1150' title='bbox 2255 3271 2293 3300; x_wconf 91' lang='lat' dir='ltr'>sit</span> <span class='ocrx_word' id='word_1_1151' title='bbox 2316 3270 2439 3300; x_wconf 90' lang='lat' dir='ltr'>illarum</span> 
     </span>
     <span class='ocr_line' id='line_1_149' title="bbox 1382 3311 2440 3353; baseline 0.001 -11"><span class='ocrx_word' id='word_1_1152' title='bbox 1382 3322 1446 3342; x_wconf 88' lang='lat' dir='ltr'>una</span> <span class='ocrx_word' id='word_1_1153' title='bbox 1470 3311 1508 3342; x_wconf 90' lang='lat' dir='ltr'>de</span> <span class='ocrx_word' id='word_1_1154' title='bbox 1532 3313 1647 3352; x_wconf 91' lang='lat' dir='ltr'>quibus</span> <span class='ocrx_word' id='word_1_1155' title='bbox 1671 3313 1823 3352; x_wconf 91' lang='lat' dir='ltr'>scriptum</span> <span class='ocrx_word' id='word_1_1156' title='bbox 1842 3319 1888 3343; x_wconf 91' lang='lat' dir='ltr'>est</span> <span class='ocrx_word' id='word_1_1157' title='bbox 1903 3314 1930 3349; x_wconf 67' lang='lat'>⁴⁶,</span> <span class='ocrx_word' id='word_1_1158' title='bbox 1958 3314 2073 3344; x_wconf 90' lang='lat' dir='ltr'>Omnia</span> <span class='ocrx_word' id='word_1_1159' title='bbox 2091 3314 2122 3344; x_wconf 88' lang='lat' dir='ltr'>in</span> <span class='ocrx_word' id='word_1_1160' title='bbox 2140 3324 2282 3349; x_wconf 88' lang='lat' dir='ltr'>numero,</span> <span class='ocrx_word' id='word_1_1161' title='bbox 2293 3313 2440 3353; x_wconf 81' lang='lat' dir='ltr'>pondere</span> 
     </span>
     <span class='ocr_line' id='line_1_150' title="bbox 1383 3356 2438 3397; baseline 0.002 -12"><span class='ocrx_word' id='word_1_1162' title='bbox 1383 3361 1413 3386; x_wconf 86' lang='lat' dir='ltr'>et</span> <span class='ocrx_word' id='word_1_1163' title='bbox 1431 3365 1580 3386; x_wconf 85' lang='lat' dir='ltr'>mensura</span> <span class='ocrx_word' id='word_1_1164' title='bbox 1604 3356 1806 3396; x_wconf 81' lang='lat' dir='ltr'>disposuisti:</span> <span class='ocrx_word' id='word_1_1165' title='bbox 1828 3357 1901 3387; x_wconf 90' lang='lat' dir='ltr'>ideo</span> <span class='ocrx_word' id='word_1_1166' title='bbox 1917 3358 2013 3397; x_wconf 86' lang='lat' dir='ltr'>gratia</span> <span class='ocrx_word' id='word_1_1167' title='bbox 2037 3357 2152 3388; x_wconf 88' lang='lat' dir='ltr'>Christi</span> <span class='ocrx_word' id='word_1_1168' title='bbox 2176 3364 2206 3388; x_wconf 89' lang='lat' dir='ltr'>et</span> <span class='ocrx_word' id='word_1_1169' title='bbox 2230 3357 2317 3387; x_wconf 90' lang='lat' dir='ltr'>finita</span> <span class='ocrx_word' id='word_1_1170' title='bbox 2337 3363 2367 3387; x_wconf 88' lang='lat' dir='ltr'>et</span> <span class='ocrx_word' id='word_1_1171' title='bbox 2387 3367 2438 3388; x_wconf 85' lang='lat' dir='ltr'>ex-</span> 
     </span>
     <span class='ocr_line' id='line_1_151' title="bbox 1383 3399 1928 3431; baseline 0.004 -2"><span class='ocrx_word' id='word_1_1172' title='bbox 1383 3399 1513 3430; x_wconf 90' lang='lat' dir='ltr'>cludens</span> <span class='ocrx_word' id='word_1_1173' title='bbox 1538 3399 1731 3430; x_wconf 89' lang='lat' dir='ltr'>additionem</span> <span class='ocrx_word' id='word_1_1174' title='bbox 1755 3401 1849 3431; x_wconf 92' lang='lat' dir='ltr'>simul</span> <span class='ocrx_word' id='word_1_1175' title='bbox 1874 3406 1928 3431; x_wconf 92' lang='lat' dir='ltr'>est.</span> 
     </span>
    </p>

    <p class='ocr_par' dir='ltr' id='par_1_27' title="bbox 1382 3443 2438 3574">
     <span class='ocr_line' id='line_1_152' title="bbox 1437 3443 2437 3484; baseline 0.001 -11"><span class='ocrx_word' id='word_1_1176' title='bbox 1437 3443 1489 3473; x_wconf 94' lang='lat' dir='ltr'>Vl.</span> <span class='ocrx_word' id='word_1_1177' title='bbox 1515 3443 1550 3473; x_wconf 92' lang='lat' dir='ltr'>In</span> <span class='ocrx_word' id='word_1_1178' title='bbox 1580 3445 1788 3484; x_wconf 92' lang='lat' dir='ltr'>responsione</span> <span class='ocrx_word' id='word_1_1179' title='bbox 1819 3444 1857 3475; x_wconf 92' lang='lat' dir='ltr'>ad</span> <span class='ocrx_word' id='word_1_1180' title='bbox 1881 3445 2056 3475; x_wconf 90' lang='lat' dir='ltr'>secundum</span> <span class='ocrx_word' id='word_1_1181' title='bbox 2088 3445 2228 3475; x_wconf 91' lang='lat' dir='ltr'>eiusdem</span> <span class='ocrx_word' id='word_1_1182' title='bbox 2256 3445 2437 3476; x_wconf 89' lang='lat' dir='ltr'>duodecimi</span> 
     </span>
     <span class='ocr_line' id='line_1_153' title="bbox 1383 3487 2438 3528; baseline 0.001 -11"><span class='ocrx_word' id='word_1_1183' title='bbox 1383 3487 1514 3523; x_wconf 88' lang='lat' dir='ltr'>articuli,</span> <span class='ocrx_word' id='word_1_1184' title='bbox 1538 3487 1663 3518; x_wconf 89' lang='lat' dir='ltr'>adverte</span> <span class='ocrx_word' id='word_1_1185' title='bbox 1688 3488 1786 3528; x_wconf 91' lang='lat' dir='ltr'>quod,</span> <span class='ocrx_word' id='word_1_1186' title='bbox 1812 3489 1886 3528; x_wconf 91' lang='lat' dir='ltr'>quia</span> <span class='ocrx_word' id='word_1_1187' title='bbox 1908 3490 1941 3518; x_wconf 93' lang='lat' dir='ltr'>in</span> <span class='ocrx_word' id='word_1_1188' title='bbox 1964 3489 2065 3519; x_wconf 89' lang='lat' dir='ltr'>littera</span> <span class='ocrx_word' id='word_1_1189' title='bbox 2087 3490 2184 3528; x_wconf 87' lang='lat' dir='ltr'>gratia</span> <span class='ocrx_word' id='word_1_1190' title='bbox 2200 3489 2326 3526; x_wconf 85' lang='lat' dir='ltr'>Christi,</span> <span class='ocrx_word' id='word_1_1191' title='bbox 2343 3489 2438 3519; x_wconf 89' lang='lat' dir='ltr'>relata</span> 
     </span>
     <span class='ocr_line' id='line_1_154' title="bbox 1382 3530 2437 3574; baseline 0.001 -13"><span class='ocrx_word' id='word_1_1192' title='bbox 1382 3530 1421 3561; x_wconf 87' lang='lat' dir='ltr'>ad</span> <span class='ocrx_word' id='word_1_1193' title='bbox 1443 3532 1610 3571; x_wconf 90' lang='lat' dir='ltr'>proprium</span> <span class='ocrx_word' id='word_1_1194' title='bbox 1633 3531 1741 3568; x_wconf 92' lang='lat' dir='ltr'>finem,</span> <span class='ocrx_word' id='word_1_1195' title='bbox 1766 3532 1903 3563; x_wconf 84' lang='lat' dir='ltr'>excludit</span> <span class='ocrx_word' id='word_1_1196' title='bbox 1921 3533 2034 3562; x_wconf 90' lang='lat' dir='ltr'>melius</span> <span class='ocrx_word' id='word_1_1197' title='bbox 2050 3542 2099 3569; x_wconf 88' lang='lat' dir='ltr'>se;</span> <span class='ocrx_word' id='word_1_1198' title='bbox 2125 3539 2155 3563; x_wconf 91' lang='lat' dir='ltr'>et</span> <span class='ocrx_word' id='word_1_1199' title='bbox 2178 3539 2283 3564; x_wconf 87' lang='lat' dir='ltr'>tamen</span> <span class='ocrx_word' id='word_1_1200' title='bbox 2307 3542 2437 3574; x_wconf 91' lang='lat' dir='ltr'>compa—</span> 
     </span>
    </p>
   </div>
   <div class='ocr_carea' id='block_1_18' title="bbox 2468 1476 2678 3344">
    <p class='ocr_par' dir='ltr' id='par_1_28' title="bbox 2471 1476 2640 1498">
     <span class='ocr_line' id='line_1_155' title="bbox 2471 1476 2640 1498; baseline -0.006 0"><span class='ocrx_word' id='word_1_1201' title='bbox 2471 1480 2478 1488; x_wconf 86' lang='lat'><strong>·</strong></span> <span class='ocrx_word' id='word_1_1202' title='bbox 2493 1476 2528 1498; x_wconf 80' lang='lat' dir='ltr'>cf.</span> <span class='ocrx_word' id='word_1_1203' title='bbox 2543 1482 2607 1498; x_wconf 89' lang='lat' dir='ltr'>num.</span> <span class='ocrx_word' id='word_1_1204' title='bbox 2623 1482 2640 1498; x_wconf 84' lang='grc' dir='ltr'>ι.</span> 
     </span>
    </p>

    <p class='ocr_par' dir='ltr' id='par_1_29' title="bbox 2468 3009 2678 3344">
     <span class='ocr_line' id='line_1_156' title="bbox 2469 3009 2678 3035; baseline 0.005 -5"><span class='ocrx_word' id='word_1_1205' title='bbox 2469 3009 2478 3019; x_wconf 77' lang='lat'>⁴</span> <span class='ocrx_word' id='word_1_1206' title='bbox 2493 3009 2525 3030; x_wconf 74' lang='lat' dir='ltr'>Ca</span> <span class='ocrx_word' id='word_1_1207' title='bbox 2543 3010 2678 3035; x_wconf 79' lang='lat' dir='ltr'>.1v,n.8.-</span> 
     </span>
     <span class='ocr_line' id='line_1_157' title="bbox 2468 3035 2678 3058; baseline 0.01 -2"><span class='ocrx_word' id='word_1_1208' title='bbox 2468 3035 2492 3057; x_wconf 85' lang='lat' dir='ltr'>S.</span> <span class='ocrx_word' id='word_1_1209' title='bbox 2507 3035 2527 3057; x_wconf 87' lang='lat' dir='ltr'>T</span> <span class='ocrx_word' id='word_1_1210' title='bbox 2546 3052 2550 3057; x_wconf 93' lang='lat'>.</span> <span class='ocrx_word' id='word_1_1211' title='bbox 2566 3036 2616 3058; x_wconf 84' lang='lat' dir='ltr'>lect.</span> <span class='ocrx_word' id='word_1_1212' title='bbox 2628 3042 2678 3058; x_wconf 81' lang='grc' dir='ltr'>νιιι,</span> 
     </span>
     <span class='ocr_line' id='line_1_158' title="bbox 2468 3315 2675 3344; baseline 0 -7"><span class='ocrx_word' id='word_1_1213' title='bbox 2468 3316 2475 3325; x_wconf 89' lang='grc'><em>“</em></span> <span class='ocrx_word' id='word_1_1214' title='bbox 2495 3315 2551 3344; x_wconf 85' lang='lat' dir='ltr'>Sap.</span> <span class='ocrx_word' id='word_1_1215' title='bbox 2574 3322 2623 3344; x_wconf 76' lang='lat' dir='ltr'>cap.</span> <span class='ocrx_word' id='word_1_1216' title='bbox 2643 3322 2675 3343; x_wconf 79' lang='lat' dir='ltr'>xi,</span> 
     </span>
    </p>
   </div>
   <div class='ocr_carea' id='block_1_19' title="bbox 2466 3348 2571 3364">
    <p class='ocr_par' dir='ltr' id='par_1_30' title="bbox 2466 3348 2571 3364">
     <span class='ocr_line' id='line_1_159' title="bbox 2466 3348 2571 3364; baseline 0.019 -2"><span class='ocrx_word' id='word_1_1217' title='bbox 2466 3348 2524 3364; x_wconf 71' lang='lat' dir='ltr'>vers.</span> <span class='ocrx_word' id='word_1_1218' title='bbox 2539 3349 2571 3364; x_wconf 79' lang='lat'>21.</span> 
     </span>
    </p>
   </div>
  </div>
 </body>
</html>
