<?xml version="1.0" encoding="UTF-8"?>
<!DOCTYPE html PUBLIC "-//W3C//DTD XHTML 1.0 Transitional//EN"
    "http://www.w3.org/TR/xhtml1/DTD/xhtml1-transitional.dtd">
<html xmlns="http://www.w3.org/1999/xhtml" xml:lang="en" lang="en">
 <head>
  <title>
</title>
<meta http-equiv="Content-Type" content="text/html;charset=utf-8" />
  <meta name='ocr-system' content='tesseract 3.04.00' />
  <meta name='ocr-capabilities' content='ocr_page ocr_carea ocr_par ocr_line ocrx_word'/>
</head>
<body>
  <div class='ocr_page' id='page_1' title='image "./operaomniaiussui11thom_0253.png"; bbox 0 0 2872 3970; ppageno 0'>
   <div class='ocr_carea' id='block_1_1' title="bbox 0 290 137 2974">
    <p class='ocr_par' dir='ltr' id='par_1_1' title="bbox 0 290 137 2974">
     <span class='ocr_line' id='line_1_1' title="bbox 0 290 137 2974; baseline 0 0"><span class='ocrx_word' id='word_1_1' title='bbox 0 290 137 2974; x_wconf 95' lang='lat' dir='ltr'>   </span> 
     </span>
    </p>
   </div>
   <div class='ocr_carea' id='block_1_2' title="bbox 34 3029 249 3131">
    <p class='ocr_par' dir='ltr' id='par_1_2' title="bbox 34 3029 249 3131">
     <span class='ocr_line' id='line_1_2' title="bbox 34 3029 249 3086; baseline 0 -12"><span class='ocrx_word' id='word_1_2' title='bbox 34 3029 116 3086; x_wconf 27' lang='lat' dir='ltr'>&#39;styla</span> <span class='ocrx_word' id='word_1_3' title='bbox 130 3050 249 3080; x_wconf 77' lang='lat' dir='ltr'>Symbola,</span> 
     </span>
     <span class='ocr_line' id='line_1_3' title="bbox 45 3097 175 3131; baseline 0 0"><span class='ocrx_word' id='word_1_4' title='bbox 45 3100 51 3106; x_wconf 96' lang='grc'><strong><em>’</em></strong></span> <span class='ocrx_word' id='word_1_5' title='bbox 76 3097 78 3100; x_wconf 76' lang='grc'>’</span> <span class='ocrx_word' id='word_1_6' title='bbox 160 3105 175 3131; x_wconf 75' lang='lat' dir='ltr'>a</span> 
     </span>
    </p>
   </div>
   <div class='ocr_carea' id='block_1_3' title="bbox 39 3232 269 3593">
    <p class='ocr_par' dir='ltr' id='par_1_3' title="bbox 39 3232 269 3593">
     <span class='ocr_line' id='line_1_4' title="bbox 39 3232 269 3593; baseline 0 377"><span class='ocrx_word' id='word_1_7' title='bbox 39 3232 269 3593; x_wconf 95' lang='lat' dir='ltr'> </span> 
     </span>
    </p>
   </div>
   <div class='ocr_carea' id='block_1_4' title="bbox 1009 299 1766 346">
    <p class='ocr_par' dir='ltr' id='par_1_4' title="bbox 1009 299 1766 346">
     <span class='ocr_line' id='line_1_5' title="bbox 1009 299 1766 346; baseline 0 -11"><span class='ocrx_word' id='word_1_8' title='bbox 1009 299 1271 345; x_wconf 91' lang='lat' dir='ltr'>QUAESTIO</span> <span class='ocrx_word' id='word_1_9' title='bbox 1301 300 1403 346; x_wconf 87' lang='lat' dir='ltr'>XVI,</span> <span class='ocrx_word' id='word_1_10' title='bbox 1433 299 1724 337; x_wconf 92' lang='lat' dir='ltr'>ARTICULUS</span> <span class='ocrx_word' id='word_1_11' title='bbox 1753 301 1766 335; x_wconf 96' lang='lat' dir='ltr'>I</span> 
     </span>
    </p>
   </div>
   <div class='ocr_carea' id='block_1_5' title="bbox 2404 308 2475 344">
    <p class='ocr_par' dir='ltr' id='par_1_5' title="bbox 2404 308 2475 344">
     <span class='ocr_line' id='line_1_6' title="bbox 2404 308 2475 344; baseline -0.014 0"><span class='ocrx_word' id='word_1_12' title='bbox 2404 308 2475 344; x_wconf 89' lang='lat'>197</span> 
     </span>
    </p>
   </div>
   <div class='ocr_carea' id='block_1_6' title="bbox 388 530 2385 702">
    <p class='ocr_par' dir='ltr' id='par_1_6' title="bbox 388 530 2385 702">
     <span class='ocr_line' id='line_1_7' title="bbox 862 530 1909 608; baseline -0.001 -20"><span class='ocrx_word' id='word_1_13' title='bbox 862 530 1273 608; x_wconf 80' lang='lat' dir='ltr'>QUAESTIO</span> <span class='ocrx_word' id='word_1_14' title='bbox 1311 531 1909 589; x_wconf 90' lang='lat' dir='ltr'>DECIMASEXTA</span> 
     </span>
     <span class='ocr_line' id='line_1_8' title="bbox 388 649 2385 702; baseline 0.001 -12"><span class='ocrx_word' id='word_1_15' title='bbox 388 649 472 690; x_wconf 83' lang='lat' dir='ltr'>DE</span> <span class='ocrx_word' id='word_1_16' title='bbox 504 649 601 690; x_wconf 84' lang='lat' dir='ltr'>HIS</span> <span class='ocrx_word' id='word_1_17' title='bbox 636 649 805 702; x_wconf 72' lang='lat' dir='ltr'><strong>QUAE</strong></span> <span class='ocrx_word' id='word_1_18' title='bbox 839 650 1236 692; x_wconf 79' lang='lat' dir='ltr'>coNVENmNT</span> <span class='ocrx_word' id='word_1_19' title='bbox 1270 651 1531 694; x_wconf 86' lang='lat' dir='ltr'>CHRISTO</span> <span class='ocrx_word' id='word_1_20' title='bbox 1567 650 1903 692; x_wconf 78' lang='lat' dir='ltr'>SECUNDUM</span> <span class='ocrx_word' id='word_1_21' title='bbox 1936 650 2085 693; x_wconf 83' lang='lat' dir='ltr'>ESSE</span> <span class='ocrx_word' id='word_1_22' title='bbox 2118 651 2196 691; x_wconf 85' lang='lat' dir='ltr'>ET</span> <span class='ocrx_word' id='word_1_23' title='bbox 2230 651 2385 691; x_wconf 83' lang='lat' dir='ltr'>FIERI</span> 
     </span>
    </p>
   </div>
   <div class='ocr_carea' id='block_1_7' title="bbox 1082 766 1694 792">
    <p class='ocr_par' dir='ltr' id='par_1_7' title="bbox 1082 766 1694 792">
     <span class='ocr_line' id='line_1_9' title="bbox 1082 766 1694 792; baseline 0.002 -2"><span class='ocrx_word' id='word_1_24' title='bbox 1082 766 1116 790; x_wconf 83' lang='lat' dir='ltr'>IN</span> <span class='ocrx_word' id='word_1_25' title='bbox 1144 766 1327 792; x_wconf 87' lang='lat' dir='ltr'>DUODECIM</span> <span class='ocrx_word' id='word_1_26' title='bbox 1355 767 1554 792; x_wconf 86' lang='lat' dir='ltr'>ARTICULOS</span> <span class='ocrx_word' id='word_1_27' title='bbox 1582 767 1694 792; x_wconf 76' lang='lat' dir='ltr'>DIV15A</span> 
     </span>
    </p>
   </div>
   <div class='ocr_carea' id='block_1_8' title="bbox 55 858 1358 951">
    <p class='ocr_par' dir='ltr' id='par_1_8' title="bbox 8 856 1358 951">
     <span class='ocr_line' id='line_1_10' title="bbox 55 858 1358 951; baseline 0.002 -57.896"><span class='ocrx_word' id='word_1_28' title='bbox 55 879 79 906; x_wconf 63' lang='lat'>.,;</span> <span class='ocrx_word' id='word_1_29' title='bbox 299 868 487 951; x_wconf 78' lang='lat' dir='ltr'><strong>DElNDE</strong></span> <span class='ocrx_word' id='word_1_30' title='bbox 522 858 847 898; x_wconf 87' lang='lat' dir='ltr'>considerandum</span> <span class='ocrx_word' id='word_1_31' title='bbox 881 866 936 897; x_wconf 89' lang='lat' dir='ltr'>est</span> <span class='ocrx_word' id='word_1_32' title='bbox 964 859 1012 895; x_wconf 93' lang='lat' dir='ltr'>de</span> <span class='ocrx_word' id='word_1_33' title='bbox 1047 858 1106 895; x_wconf 88' lang='lat' dir='ltr'>his</span> <span class='ocrx_word' id='word_1_34' title='bbox 1134 871 1233 908; x_wconf 87' lang='lat' dir='ltr'>quae</span> <span class='ocrx_word' id='word_1_35' title='bbox 1268 871 1358 896; x_wconf 93' lang='grc'><strong>6011-</strong></span> 
     </span>
     <span class='ocr_line' id='line_1_11' title="bbox 56 917 256 949; baseline 0 -7"><span class='ocrx_word' id='word_1_36' title='bbox 56 917 119 947; x_wconf 72' lang='lat' dir='ltr'>&#39;&#39;cf</span> <span class='ocrx_word' id='word_1_37' title='bbox 142 926 180 949; x_wconf 80' lang='lat' dir='ltr'>qu.</span> <span class='ocrx_word' id='word_1_38' title='bbox 195 926 204 942; x_wconf 84' lang='lat'>1</span> <span class='ocrx_word' id='word_1_39' title='bbox 231 919 256 942; x_wconf 84' lang='lat' dir='ltr'>In</span> 
     </span>
    </p>
   </div>
   <div class='ocr_carea' id='block_1_9' title="bbox 294 911 1359 1847">
    <p class='ocr_par' dir='ltr' id='par_1_9' title="bbox 294 911 1359 1847">
     <span class='ocr_line' id='line_1_12' title="bbox 381 911 1358 960; baseline 0 -12"><span class='ocrx_word' id='word_1_40' title='bbox 381 919 595 960; x_wconf 87' lang='lat' dir='ltr'>sequuntur</span> <span class='ocrx_word' id='word_1_41' title='bbox 626 911 813 948; x_wconf 90' lang='lat' dir='ltr'>unionem</span> <span class='ocrx_word' id='word_1_42' title='bbox 839 911 870 947; x_wconf 62' lang='lat'>²⁸.</span> <span class='ocrx_word' id='word_1_43' title='bbox 914 912 962 948; x_wconf 90' lang='lat' dir='ltr'>Et</span> <span class='ocrx_word' id='word_1_44' title='bbox 993 911 1140 960; x_wconf 87' lang='lat' dir='ltr'>primo,</span> <span class='ocrx_word' id='word_1_45' title='bbox 1169 919 1358 960; x_wconf 85' lang='lat' dir='ltr'>quantum</span> 
     </span>
     <span class='ocr_line' id='line_1_13' title="bbox 297 963 1358 1013; baseline 0 -12"><span class='ocrx_word' id='word_1_46' title='bbox 297 964 347 1003; x_wconf 81' lang='lat' dir='ltr'>ad</span> <span class='ocrx_word' id='word_1_47' title='bbox 365 975 411 1002; x_wconf 90' lang='lat' dir='ltr'>ea</span> <span class='ocrx_word' id='word_1_48' title='bbox 429 976 530 1013; x_wconf 87' lang='lat' dir='ltr'>quae</span> <span class='ocrx_word' id='word_1_49' title='bbox 558 963 792 1001; x_wconf 90' lang='lat' dir='ltr'>conveniunt</span> <span class='ocrx_word' id='word_1_50' title='bbox 812 964 963 1001; x_wconf 91' lang='lat' dir='ltr'>Christo</span> <span class='ocrx_word' id='word_1_51' title='bbox 988 964 1203 1001; x_wconf 85' lang='lat' dir='ltr'>secundum</span> <span class='ocrx_word' id='word_1_52' title='bbox 1223 977 1282 1010; x_wconf 91' lang='lat' dir='ltr'>se;</span> <span class='ocrx_word' id='word_1_53' title='bbox 1303 977 1358 1001; x_wconf 90' lang='lat' dir='ltr'>se-</span> 
     </span>
     <span class='ocr_line' id='line_1_14' title="bbox 297 1016 1358 1066; baseline 0.001 -13"><span class='ocrx_word' id='word_1_54' title='bbox 297 1017 438 1063; x_wconf 87' lang='lat' dir='ltr'>cundo,</span> <span class='ocrx_word' id='word_1_55' title='bbox 459 1017 507 1053; x_wconf 91' lang='lat' dir='ltr'>de</span> <span class='ocrx_word' id='word_1_56' title='bbox 527 1016 586 1053; x_wconf 92' lang='lat' dir='ltr'>his</span> <span class='ocrx_word' id='word_1_57' title='bbox 613 1029 713 1066; x_wconf 89' lang='lat' dir='ltr'>quae</span> <span class='ocrx_word' id='word_1_58' title='bbox 732 1017 968 1054; x_wconf 90' lang='lat' dir='ltr'>conveniunt</span> <span class='ocrx_word' id='word_1_59' title='bbox 996 1016 1147 1054; x_wconf 85' lang='lat' dir='ltr'>Christo</span> <span class='ocrx_word' id='word_1_60' title='bbox 1166 1029 1236 1066; x_wconf 92' lang='lat' dir='ltr'>per</span> <span class='ocrx_word' id='word_1_61' title='bbox 1254 1029 1358 1054; x_wconf 92' lang='lat' dir='ltr'>com-</span> 
     </span>
     <span class='ocr_line' id='line_1_15' title="bbox 297 1069 1359 1119; baseline 0 -13"><span class='ocrx_word' id='word_1_62' title='bbox 297 1070 537 1119; x_wconf 83' lang='lat' dir='ltr'>parationem</span> <span class='ocrx_word' id='word_1_63' title='bbox 574 1069 623 1106; x_wconf 93' lang='lat' dir='ltr'>ad</span> <span class='ocrx_word' id='word_1_64' title='bbox 658 1070 788 1106; x_wconf 90' lang='lat' dir='ltr'>Deum</span> <span class='ocrx_word' id='word_1_65' title='bbox 823 1070 975 1106; x_wconf 86' lang='lat' dir='ltr'>Patrem</span> <span class='ocrx_word' id='word_1_66' title='bbox 1000 1070 1037 1115; x_wconf 72' lang='lat'>*;</span> <span class='ocrx_word' id='word_1_67' title='bbox 1066 1069 1193 1116; x_wconf 87' lang='lat' dir='ltr'>tertio,</span> <span class='ocrx_word' id='word_1_68' title='bbox 1223 1070 1271 1106; x_wconf 93' lang='lat' dir='ltr'>de</span> <span class='ocrx_word' id='word_1_69' title='bbox 1300 1070 1359 1107; x_wconf 91' lang='lat' dir='ltr'>his</span> 
     </span>
     <span class='ocr_line' id='line_1_16' title="bbox 297 1122 1303 1172; baseline -0.001 -12"><span class='ocrx_word' id='word_1_70' title='bbox 297 1134 397 1172; x_wconf 90' lang='lat' dir='ltr'>quae</span> <span class='ocrx_word' id='word_1_71' title='bbox 417 1122 652 1160; x_wconf 88' lang='lat' dir='ltr'>conveniunt</span> <span class='ocrx_word' id='word_1_72' title='bbox 679 1122 830 1159; x_wconf 87' lang='lat' dir='ltr'>Christo</span> <span class='ocrx_word' id='word_1_73' title='bbox 859 1130 1049 1171; x_wconf 89' lang='lat' dir='ltr'>quantum</span> <span class='ocrx_word' id='word_1_74' title='bbox 1070 1128 1086 1144; x_wconf 58' lang='grc' dir='ltr'>α</span> <span class='ocrx_word' id='word_1_75' title='bbox 1106 1123 1155 1160; x_wconf 87' lang='lat' dir='ltr'>ad</span> <span class='ocrx_word' id='word_1_76' title='bbox 1183 1134 1254 1159; x_wconf 89' lang='lat' dir='ltr'>nos</span> <span class='ocrx_word' id='word_1_77' title='bbox 1273 1122 1303 1159; x_wconf 68' lang='lat'>²⁸⁹.</span> 
     </span>
     <span class='ocr_line' id='line_1_17' title="bbox 351 1174 1356 1225; baseline 0 -13"><span class='ocrx_word' id='word_1_78' title='bbox 351 1174 461 1212; x_wconf 83' lang='lat' dir='ltr'>Circa</span> <span class='ocrx_word' id='word_1_79' title='bbox 496 1174 668 1225; x_wconf 90' lang='lat' dir='ltr'>primum</span> <span class='ocrx_word' id='word_1_80' title='bbox 704 1175 848 1225; x_wconf 89' lang='lat' dir='ltr'>duplex</span> <span class='ocrx_word' id='word_1_81' title='bbox 884 1175 1137 1212; x_wconf 88' lang='lat' dir='ltr'>consideratio</span> <span class='ocrx_word' id='word_1_82' title='bbox 1174 1175 1356 1212; x_wconf 88' lang='lat' dir='ltr'>occurrit:</span> 
     </span>
     <span class='ocr_line' id='line_1_18' title="bbox 296 1228 1357 1278; baseline -0.001 -13"><span class='ocrx_word' id='word_1_83' title='bbox 296 1228 423 1277; x_wconf 89' lang='lat' dir='ltr'>primo</span> <span class='ocrx_word' id='word_1_84' title='bbox 452 1228 623 1278; x_wconf 83' lang='lat' dir='ltr'>quidem,</span> <span class='ocrx_word' id='word_1_85' title='bbox 650 1228 698 1265; x_wconf 94' lang='lat' dir='ltr'>de</span> <span class='ocrx_word' id='word_1_86' title='bbox 726 1228 786 1264; x_wconf 90' lang='lat' dir='ltr'>his</span> <span class='ocrx_word' id='word_1_87' title='bbox 813 1240 913 1277; x_wconf 81' lang='lat' dir='ltr'>quae</span> <span class='ocrx_word' id='word_1_88' title='bbox 941 1228 1178 1265; x_wconf 85' lang='lat' dir='ltr'>conveniunt</span> <span class='ocrx_word' id='word_1_89' title='bbox 1207 1228 1357 1265; x_wconf 90' lang='lat' dir='ltr'>Christo</span> 
     </span>
     <span class='ocr_line' id='line_1_19' title="bbox 296 1280 1358 1330; baseline -0.001 -12"><span class='ocrx_word' id='word_1_90' title='bbox 296 1281 512 1318; x_wconf 90' lang='lat' dir='ltr'>secundum</span> <span class='ocrx_word' id='word_1_91' title='bbox 550 1293 632 1318; x_wconf 90' lang='lat' dir='ltr'>esse</span> <span class='ocrx_word' id='word_1_92' title='bbox 660 1289 697 1317; x_wconf 89' lang='lat' dir='ltr'>et</span> <span class='ocrx_word' id='word_1_93' title='bbox 732 1280 836 1327; x_wconf 88' lang='lat' dir='ltr'>fieri;</span> <span class='ocrx_word' id='word_1_94' title='bbox 866 1282 1058 1328; x_wconf 85' lang='lat' dir='ltr'>secundo,</span> <span class='ocrx_word' id='word_1_95' title='bbox 1087 1281 1135 1317; x_wconf 91' lang='lat' dir='ltr'>de</span> <span class='ocrx_word' id='word_1_96' title='bbox 1173 1281 1230 1317; x_wconf 88' lang='lat' dir='ltr'>his</span> <span class='ocrx_word' id='word_1_97' title='bbox 1258 1293 1358 1330; x_wconf 91' lang='lat' dir='ltr'>quae</span> 
     </span>
     <span class='ocr_line' id='line_1_20' title="bbox 295 1333 1358 1371; baseline -0.001 0"><span class='ocrx_word' id='word_1_98' title='bbox 295 1333 532 1371; x_wconf 88' lang='lat' dir='ltr'>conveniunt</span> <span class='ocrx_word' id='word_1_99' title='bbox 569 1334 720 1371; x_wconf 91' lang='lat' dir='ltr'>Christo</span> <span class='ocrx_word' id='word_1_100' title='bbox 758 1334 974 1370; x_wconf 91' lang='lat' dir='ltr'>secundum</span> <span class='ocrx_word' id='word_1_101' title='bbox 1012 1333 1199 1371; x_wconf 86' lang='lat' dir='ltr'>rationem</span> <span class='ocrx_word' id='word_1_102' title='bbox 1237 1334 1358 1371; x_wconf 88' lang='lat' dir='ltr'>unita—</span> 
     </span>
     <span class='ocr_line' id='line_1_21' title="bbox 294 1386 437 1424; baseline 0 -1"><span class='ocrx_word' id='word_1_103' title='bbox 294 1386 342 1424; x_wconf 88' lang='lat' dir='ltr'>tis</span> <span class='ocrx_word' id='word_1_104' title='bbox 368 1386 399 1423; x_wconf 85' lang='grc'>*.</span> <span class='ocrx_word' id='word_1_105' title='bbox 435 1406 437 1408; x_wconf 87' lang='grc'><em>·</em></span> 
     </span>
     <span class='ocr_line' id='line_1_22' title="bbox 297 1439 1118 1489; baseline -0.001 -12"><span class='ocrx_word' id='word_1_106' title='bbox 297 1439 407 1477; x_wconf 89' lang='lat' dir='ltr'>Circa</span> <span class='ocrx_word' id='word_1_107' title='bbox 434 1439 606 1489; x_wconf 90' lang='lat' dir='ltr'>primum</span> <span class='ocrx_word' id='word_1_108' title='bbox 634 1447 873 1489; x_wconf 89' lang='lat' dir='ltr'>quaeruntur</span> <span class='ocrx_word' id='word_1_109' title='bbox 900 1439 1118 1476; x_wconf 87' lang='lat' dir='ltr'>duodecim.</span> 
     </span>
     <span class='ocr_line' id='line_1_23' title="bbox 349 1492 1355 1530; baseline -0.001 0"><span class='ocrx_word' id='word_1_110' title='bbox 349 1492 500 1530; x_wconf 91' lang='lat' dir='ltr'>Primo:</span> <span class='ocrx_word' id='word_1_111' title='bbox 530 1500 662 1530; x_wconf 88' lang='lat' dir='ltr'>utrum</span> <span class='ocrx_word' id='word_1_112' title='bbox 690 1493 785 1530; x_wconf 87' lang='lat' dir='ltr'>haec</span> <span class='ocrx_word' id='word_1_113' title='bbox 813 1493 858 1530; x_wconf 90' lang='lat' dir='ltr'>sit</span> <span class='ocrx_word' id='word_1_114' title='bbox 885 1505 997 1530; x_wconf 87' lang='lat' dir='ltr'>vera:</span> <span class='ocrx_word' id='word_1_115' title='bbox 1026 1494 1128 1529; x_wconf 86' lang='lat' dir='ltr'>Deus</span> <span class='ocrx_word' id='word_1_116' title='bbox 1156 1499 1206 1529; x_wconf 87' lang='lat' dir='ltr'>est</span> <span class='ocrx_word' id='word_1_117' title='bbox 1233 1494 1355 1530; x_wconf 86' lang='lat' dir='ltr'>homo.</span> 
     </span>
     <span class='ocr_line' id='line_1_24' title="bbox 350 1545 1355 1596; baseline 0 -14"><span class='ocrx_word' id='word_1_118' title='bbox 350 1546 551 1583; x_wconf 91' lang='lat' dir='ltr'>Secundo:</span> <span class='ocrx_word' id='word_1_119' title='bbox 580 1553 712 1582; x_wconf 88' lang='lat' dir='ltr'>utrum</span> <span class='ocrx_word' id='word_1_120' title='bbox 727 1547 822 1583; x_wconf 87' lang='lat' dir='ltr'>haec</span> <span class='ocrx_word' id='word_1_121' title='bbox 841 1545 887 1583; x_wconf 86' lang='lat' dir='ltr'>sit</span> <span class='ocrx_word' id='word_1_122' title='bbox 900 1558 1009 1596; x_wconf 83' lang='lat' dir='ltr'>vera:</span> <span class='ocrx_word' id='word_1_123' title='bbox 1030 1547 1161 1582; x_wconf 90' lang='lat' dir='ltr'>Homo</span> <span class='ocrx_word' id='word_1_124' title='bbox 1176 1552 1226 1582; x_wconf 84' lang='lat' dir='ltr'>est</span> <span class='ocrx_word' id='word_1_125' title='bbox 1244 1547 1355 1583; x_wconf 84' lang='lat' dir='ltr'>Deus.</span> 
     </span>
     <span class='ocr_line' id='line_1_25' title="bbox 348 1597 1357 1648; baseline 0.001 -13"><span class='ocrx_word' id='word_1_126' title='bbox 348 1598 500 1635; x_wconf 88' lang='lat' dir='ltr'>Tertio:</span> <span class='ocrx_word' id='word_1_127' title='bbox 530 1603 662 1636; x_wconf 82' lang='lat' dir='ltr'>utrum</span> <span class='ocrx_word' id='word_1_128' title='bbox 692 1598 865 1635; x_wconf 90' lang='lat' dir='ltr'>Christus</span> <span class='ocrx_word' id='word_1_129' title='bbox 892 1598 1011 1648; x_wconf 89' lang='lat' dir='ltr'>possit</span> <span class='ocrx_word' id='word_1_130' title='bbox 1039 1597 1112 1635; x_wconf 91' lang='lat' dir='ltr'>dici</span> <span class='ocrx_word' id='word_1_131' title='bbox 1131 1600 1260 1636; x_wconf 89' lang='lat' dir='ltr'>Homo</span> <span class='ocrx_word' id='word_1_132' title='bbox 1280 1600 1357 1636; x_wconf 91' lang='lat' dir='ltr'>Do-</span> 
     </span>
     <span class='ocr_line' id='line_1_26' title="bbox 402 1653 570 1688; baseline 0 0"><span class='ocrx_word' id='word_1_133' title='bbox 402 1653 570 1688; x_wconf 87' lang='lat' dir='ltr'>minicus.</span> 
     </span>
     <span class='ocr_line' id='line_1_27' title="bbox 351 1704 1358 1754; baseline 0 -13"><span class='ocrx_word' id='word_1_134' title='bbox 351 1704 520 1751; x_wconf 85' lang='lat' dir='ltr'>Quarto:</span> <span class='ocrx_word' id='word_1_135' title='bbox 550 1712 681 1741; x_wconf 86' lang='lat' dir='ltr'>utrum</span> <span class='ocrx_word' id='word_1_136' title='bbox 710 1717 755 1741; x_wconf 89' lang='lat' dir='ltr'>ea</span> <span class='ocrx_word' id='word_1_137' title='bbox 774 1717 873 1754; x_wconf 92' lang='lat' dir='ltr'>quae</span> <span class='ocrx_word' id='word_1_138' title='bbox 903 1704 1138 1741; x_wconf 88' lang='lat' dir='ltr'>conveniunt</span> <span class='ocrx_word' id='word_1_139' title='bbox 1157 1704 1253 1741; x_wconf 89' lang='lat' dir='ltr'>Filio</span> <span class='ocrx_word' id='word_1_140' title='bbox 1278 1705 1358 1741; x_wconf 94' lang='lat' dir='ltr'>Ho-</span> 
     </span>
     <span class='ocr_line' id='line_1_28' title="bbox 402 1756 1357 1806; baseline -0.001 -12"><span class='ocrx_word' id='word_1_141' title='bbox 402 1756 528 1804; x_wconf 82' lang='lat' dir='ltr'><strong>minis,</strong></span> <span class='ocrx_word' id='word_1_142' title='bbox 549 1757 696 1806; x_wconf 88' lang='lat' dir='ltr'>possint</span> <span class='ocrx_word' id='word_1_143' title='bbox 722 1757 931 1806; x_wconf 88' lang='lat' dir='ltr'>praedicari</span> <span class='ocrx_word' id='word_1_144' title='bbox 960 1757 1007 1794; x_wconf 90' lang='lat' dir='ltr'>de</span> <span class='ocrx_word' id='word_1_145' title='bbox 1036 1757 1133 1794; x_wconf 90' lang='lat' dir='ltr'>Filio</span> <span class='ocrx_word' id='word_1_146' title='bbox 1161 1757 1245 1804; x_wconf 84' lang='lat' dir='ltr'>Dei⁷</span> <span class='ocrx_word' id='word_1_147' title='bbox 1273 1765 1309 1793; x_wconf 91' lang='lat' dir='ltr'>et</span> <span class='ocrx_word' id='word_1_148' title='bbox 1337 1769 1357 1794; x_wconf 92' lang='lat' dir='ltr'>e</span> 
     </span>
     <span class='ocr_line' id='line_1_29' title="bbox 403 1821 603 1847; baseline 0.005 -1"><span class='ocrx_word' id='word_1_149' title='bbox 403 1821 603 1847; x_wconf 88' lang='lat' dir='ltr'>converso.</span> 
     </span>
    </p>
   </div>
   <div class='ocr_carea' id='block_1_10' title="bbox 1467 860 2472 1068">
    <p class='ocr_par' dir='ltr' id='par_1_10' title="bbox 1467 860 2471 1015">
     <span class='ocr_line' id='line_1_30' title="bbox 1467 860 2471 909; baseline 0.002 -13"><span class='ocrx_word' id='word_1_150' title='bbox 1467 860 1634 907; x_wconf 87' lang='lat' dir='ltr'>Quinto:</span> <span class='ocrx_word' id='word_1_151' title='bbox 1665 867 1795 897; x_wconf 89' lang='lat' dir='ltr'>utrum</span> <span class='ocrx_word' id='word_1_152' title='bbox 1822 873 1866 897; x_wconf 87' lang='lat' dir='ltr'>ea</span> <span class='ocrx_word' id='word_1_153' title='bbox 1894 873 1993 909; x_wconf 90' lang='lat' dir='ltr'>quae</span> <span class='ocrx_word' id='word_1_154' title='bbox 2013 860 2248 897; x_wconf 88' lang='lat' dir='ltr'>conveniunt</span> <span class='ocrx_word' id='word_1_155' title='bbox 2276 861 2371 898; x_wconf 88' lang='lat' dir='ltr'>Filio</span> <span class='ocrx_word' id='word_1_156' title='bbox 2391 862 2471 898; x_wconf 88' lang='lat' dir='ltr'>Ho-</span> 
     </span>
     <span class='ocr_line' id='line_1_31' title="bbox 1520 913 2470 962; baseline 0.002 -13"><span class='ocrx_word' id='word_1_157' title='bbox 1520 913 1644 960; x_wconf 87' lang='lat' dir='ltr'>minis,</span> <span class='ocrx_word' id='word_1_158' title='bbox 1665 913 1811 961; x_wconf 88' lang='lat' dir='ltr'>possint</span> <span class='ocrx_word' id='word_1_159' title='bbox 1837 913 2047 962; x_wconf 88' lang='lat' dir='ltr'>praedicari</span> <span class='ocrx_word' id='word_1_160' title='bbox 2076 914 2122 950; x_wconf 92' lang='lat' dir='ltr'>de</span> <span class='ocrx_word' id='word_1_161' title='bbox 2151 913 2279 951; x_wconf 90' lang='lat' dir='ltr'>divina</span> <span class='ocrx_word' id='word_1_162' title='bbox 2315 922 2470 960; x_wconf 87' lang='lat' dir='ltr'>natura;</span> 
     </span>
     <span class='ocr_line' id='line_1_32' title="bbox 1520 965 2469 1015; baseline 0.001 -13"><span class='ocrx_word' id='word_1_163' title='bbox 1520 973 1555 1001; x_wconf 90' lang='lat' dir='ltr'>et</span> <span class='ocrx_word' id='word_1_164' title='bbox 1574 966 1621 1002; x_wconf 92' lang='lat' dir='ltr'>de</span> <span class='ocrx_word' id='word_1_165' title='bbox 1642 966 1813 1002; x_wconf 89' lang='lat' dir='ltr'>humana</span> <span class='ocrx_word' id='word_1_166' title='bbox 1832 978 1876 1003; x_wconf 89' lang='lat' dir='ltr'>ea</span> <span class='ocrx_word' id='word_1_167' title='bbox 1895 979 1994 1015; x_wconf 88' lang='lat' dir='ltr'>quae</span> <span class='ocrx_word' id='word_1_168' title='bbox 2018 965 2252 1003; x_wconf 84' lang='lat' dir='ltr'>conveniunt</span> <span class='ocrx_word' id='word_1_169' title='bbox 2271 966 2366 1004; x_wconf 90' lang='lat' dir='ltr'>Filio</span> <span class='ocrx_word' id='word_1_170' title='bbox 2386 966 2469 1004; x_wconf 91' lang='lat' dir='ltr'>Dei.</span> 
     </span>
    </p>

    <p class='ocr_par' dir='ltr' id='par_1_11' title="bbox 1468 1019 2472 1068">
     <span class='ocr_line' id='line_1_33' title="bbox 1468 1019 2472 1068; baseline 0.003 -14"><span class='ocrx_word' id='word_1_171' title='bbox 1468 1019 1602 1055; x_wconf 86' lang='lat' dir='ltr'>Sexto:</span> <span class='ocrx_word' id='word_1_172' title='bbox 1632 1026 1762 1055; x_wconf 89' lang='lat' dir='ltr'>utrum</span> <span class='ocrx_word' id='word_1_173' title='bbox 1782 1019 1877 1055; x_wconf 86' lang='lat' dir='ltr'>haec</span> <span class='ocrx_word' id='word_1_174' title='bbox 1905 1019 1950 1055; x_wconf 89' lang='lat' dir='ltr'>sit</span> <span class='ocrx_word' id='word_1_175' title='bbox 1976 1031 2087 1056; x_wconf 89' lang='lat' dir='ltr'>vera:</span> <span class='ocrx_word' id='word_1_176' title='bbox 2116 1020 2231 1056; x_wconf 86' lang='lat' dir='ltr'>Filius</span> <span class='ocrx_word' id='word_1_177' title='bbox 2255 1021 2329 1056; x_wconf 86' lang='lat' dir='ltr'>Dei</span> <span class='ocrx_word' id='word_1_178' title='bbox 2343 1021 2472 1068; x_wconf 85' lang='lat' dir='ltr'>factus</span> 
     </span>
    </p>
   </div>
   <div class='ocr_carea' id='block_1_11' title="bbox 1468 1072 2472 1318">
    <p class='ocr_par' dir='ltr' id='par_1_12' title="bbox 1520 1072 1719 1108">
     <span class='ocr_line' id='line_1_34' title="bbox 1520 1072 1719 1108; baseline 0.01 -2"><span class='ocrx_word' id='word_1_179' title='bbox 1520 1077 1570 1107; x_wconf 84' lang='lat' dir='ltr'>est</span> <span class='ocrx_word' id='word_1_180' title='bbox 1597 1072 1719 1108; x_wconf 88' lang='lat' dir='ltr'>homo.</span> 
     </span>
    </p>

    <p class='ocr_par' dir='ltr' id='par_1_13' title="bbox 1469 1123 2472 1212">
     <span class='ocr_line' id='line_1_35' title="bbox 1469 1123 2472 1174; baseline 0.002 -13"><span class='ocrx_word' id='word_1_181' title='bbox 1469 1123 1660 1172; x_wconf 89' lang='lat' dir='ltr'>Septimo:</span> <span class='ocrx_word' id='word_1_182' title='bbox 1690 1131 1821 1160; x_wconf 90' lang='lat' dir='ltr'>utrum</span> <span class='ocrx_word' id='word_1_183' title='bbox 1849 1125 1943 1160; x_wconf 91' lang='lat' dir='ltr'>haec</span> <span class='ocrx_word' id='word_1_184' title='bbox 1978 1124 2023 1160; x_wconf 91' lang='lat' dir='ltr'>sit</span> <span class='ocrx_word' id='word_1_185' title='bbox 2050 1137 2159 1162; x_wconf 81' lang='lat' dir='ltr'>vera:</span> <span class='ocrx_word' id='word_1_186' title='bbox 2196 1125 2325 1161; x_wconf 89' lang='lat' dir='ltr'>Homo</span> <span class='ocrx_word' id='word_1_187' title='bbox 2343 1127 2472 1174; x_wconf 86' lang='lat' dir='ltr'>sactus</span> 
     </span>
     <span class='ocr_line' id='line_1_36' title="bbox 1521 1177 1708 1212; baseline 0 0"><span class='ocrx_word' id='word_1_188' title='bbox 1521 1182 1571 1212; x_wconf 86' lang='lat' dir='ltr'>est</span> <span class='ocrx_word' id='word_1_189' title='bbox 1597 1177 1708 1212; x_wconf 85' lang='lat' dir='ltr'>Deus.</span> 
     </span>
    </p>

    <p class='ocr_par' dir='ltr' id='par_1_14' title="bbox 1468 1229 2472 1318">
     <span class='ocr_line' id='line_1_37' title="bbox 1468 1229 2472 1268; baseline 0.002 -2"><span class='ocrx_word' id='word_1_190' title='bbox 1468 1229 1638 1266; x_wconf 89' lang='lat' dir='ltr'>Octavo:</span> <span class='ocrx_word' id='word_1_191' title='bbox 1677 1236 1808 1265; x_wconf 89' lang='lat' dir='ltr'>utrum</span> <span class='ocrx_word' id='word_1_192' title='bbox 1851 1230 1946 1265; x_wconf 83' lang='lat' dir='ltr'>haec</span> <span class='ocrx_word' id='word_1_193' title='bbox 1989 1229 2034 1266; x_wconf 90' lang='lat' dir='ltr'>Sit</span> <span class='ocrx_word' id='word_1_194' title='bbox 2070 1241 2180 1266; x_wconf 86' lang='lat' dir='ltr'>vera:</span> <span class='ocrx_word' id='word_1_195' title='bbox 2223 1231 2385 1267; x_wconf 81' lang='lat' dir='ltr'>Christus</span> <span class='ocrx_word' id='word_1_196' title='bbox 2422 1238 2472 1268; x_wconf 84' lang='lat' dir='ltr'>est</span> 
     </span>
     <span class='ocr_line' id='line_1_38' title="bbox 1520 1287 1702 1318; baseline -0.005 0"><span class='ocrx_word' id='word_1_197' title='bbox 1520 1287 1702 1318; x_wconf 85' lang='lat' dir='ltr'>creatura.</span> 
     </span>
    </p>
   </div>
   <div class='ocr_carea' id='block_1_12' title="bbox 1466 1334 2472 1846">
    <p class='ocr_par' dir='ltr' id='par_1_15' title="bbox 1466 1334 2472 1489">
     <span class='ocr_line' id='line_1_39' title="bbox 1466 1334 2471 1383; baseline 0.002 -13"><span class='ocrx_word' id='word_1_198' title='bbox 1466 1335 1604 1370; x_wconf 92' lang='lat' dir='ltr'>Nono:</span> <span class='ocrx_word' id='word_1_199' title='bbox 1635 1341 1766 1370; x_wconf 90' lang='lat' dir='ltr'>utrum</span> <span class='ocrx_word' id='word_1_200' title='bbox 1804 1335 1898 1371; x_wconf 91' lang='lat' dir='ltr'>haec</span> <span class='ocrx_word' id='word_1_201' title='bbox 1926 1334 1971 1370; x_wconf 91' lang='lat' dir='ltr'>sit</span> <span class='ocrx_word' id='word_1_202' title='bbox 1998 1347 2108 1371; x_wconf 83' lang='lat' dir='ltr'>vera:</span> <span class='ocrx_word' id='word_1_203' title='bbox 2143 1337 2215 1371; x_wconf 84' lang='lat' dir='ltr'>Iste</span> <span class='ocrx_word' id='word_1_204' title='bbox 2241 1336 2373 1383; x_wconf 84' lang='lat' dir='ltr'>homo,</span> <span class='ocrx_word' id='word_1_205' title='bbox 2407 1336 2471 1373; x_wconf 90' lang='lat' dir='ltr'>de-</span> 
     </span>
     <span class='ocr_line' id='line_1_40' title="bbox 1520 1387 2472 1437; baseline 0.003 -14"><span class='ocrx_word' id='word_1_206' title='bbox 1520 1394 1731 1423; x_wconf 87' lang='lat' dir='ltr'>monstrato</span> <span class='ocrx_word' id='word_1_207' title='bbox 1761 1387 1923 1433; x_wconf 86' lang='lat' dir='ltr'>Christo,</span> <span class='ocrx_word' id='word_1_208' title='bbox 1948 1389 2104 1437; x_wconf 82' lang='lat' dir='ltr'>incoepit</span> <span class='ocrx_word' id='word_1_209' title='bbox 2132 1400 2224 1433; x_wconf 84' lang='lat' dir='ltr'>esse,</span> <span class='ocrx_word' id='word_1_210' title='bbox 2254 1388 2332 1436; x_wconf 87' lang='lat' dir='ltr'>vel,</span> <span class='ocrx_word' id='word_1_211' title='bbox 2352 1390 2472 1437; x_wconf 85' lang='lat' dir='ltr'>fuerit</span> 
     </span>
     <span class='ocr_line' id='line_1_41' title="bbox 1519 1452 1675 1489; baseline 0 -13"><span class='ocrx_word' id='word_1_212' title='bbox 1519 1452 1675 1489; x_wconf 78' lang='lat' dir='ltr'>semper.</span> 
     </span>
    </p>

    <p class='ocr_par' dir='ltr' id='par_1_16' title="bbox 1466 1492 2471 1594">
     <span class='ocr_line' id='line_1_42' title="bbox 1466 1492 2471 1541; baseline 0.003 -12"><span class='ocrx_word' id='word_1_213' title='bbox 1466 1492 1648 1529; x_wconf 88' lang='lat' dir='ltr'>Decimo:</span> <span class='ocrx_word' id='word_1_214' title='bbox 1679 1500 1809 1529; x_wconf 89' lang='lat' dir='ltr'>utrum</span> <span class='ocrx_word' id='word_1_215' title='bbox 1829 1493 1924 1529; x_wconf 90' lang='grc'><strong>11366</strong></span> <span class='ocrx_word' id='word_1_216' title='bbox 1943 1493 1988 1529; x_wconf 86' lang='grc'>511</span> <span class='ocrx_word' id='word_1_217' title='bbox 2006 1505 2116 1529; x_wconf 90' lang='lat' dir='ltr'>vera:</span> <span class='ocrx_word' id='word_1_218' title='bbox 2151 1494 2324 1541; x_wconf 80' lang='lat' dir='ltr'>Christus,</span> <span class='ocrx_word' id='word_1_219' title='bbox 2344 1507 2471 1532; x_wconf 87' lang='lat' dir='ltr'>secun-</span> 
     </span>
     <span class='ocr_line' id='line_1_43' title="bbox 1519 1546 2161 1594; baseline 0 -12"><span class='ocrx_word' id='word_1_220' title='bbox 1519 1546 1607 1582; x_wconf 86' lang='lat' dir='ltr'>dum</span> <span class='ocrx_word' id='word_1_221' title='bbox 1636 1546 1734 1594; x_wconf 84' lang='lat' dir='ltr'>quod</span> <span class='ocrx_word' id='word_1_222' title='bbox 1758 1547 1881 1592; x_wconf 85' lang='lat' dir='ltr'>homo,</span> <span class='ocrx_word' id='word_1_223' title='bbox 1901 1551 1952 1582; x_wconf 83' lang='lat' dir='ltr'>est</span> <span class='ocrx_word' id='word_1_224' title='bbox 1979 1552 2161 1583; x_wconf 84' lang='lat' dir='ltr'>creatura.</span> 
     </span>
    </p>

    <p class='ocr_par' dir='ltr' id='par_1_17' title="bbox 1467 1598 2472 1700">
     <span class='ocr_line' id='line_1_44' title="bbox 1467 1598 2472 1646; baseline 0.001 -10"><span class='ocrx_word' id='word_1_225' title='bbox 1467 1598 1702 1636; x_wconf 90' lang='lat' dir='ltr'>Undecimo:</span> <span class='ocrx_word' id='word_1_226' title='bbox 1732 1606 1862 1635; x_wconf 86' lang='lat' dir='ltr'>utrum</span> <span class='ocrx_word' id='word_1_227' title='bbox 1882 1599 1977 1635; x_wconf 89' lang='grc'><strong>11366</strong></span> <span class='ocrx_word' id='word_1_228' title='bbox 2005 1598 2049 1635; x_wconf 85' lang='grc'>511</span> <span class='ocrx_word' id='word_1_229' title='bbox 2077 1611 2187 1636; x_wconf 87' lang='lat' dir='ltr'>vera:</span> <span class='ocrx_word' id='word_1_230' title='bbox 2222 1601 2396 1646; x_wconf 84' lang='lat' dir='ltr'>Christus,</span> <span class='ocrx_word' id='word_1_231' title='bbox 2419 1613 2472 1637; x_wconf 83' lang='lat' dir='ltr'>se-</span> 
     </span>
     <span class='ocr_line' id='line_1_45' title="bbox 1518 1652 2164 1700; baseline 0.002 -13"><span class='ocrx_word' id='word_1_232' title='bbox 1518 1652 1679 1688; x_wconf 86' lang='lat' dir='ltr'>cundum</span> <span class='ocrx_word' id='word_1_233' title='bbox 1709 1652 1807 1700; x_wconf 84' lang='lat' dir='ltr'>quod</span> <span class='ocrx_word' id='word_1_234' title='bbox 1832 1653 1955 1697; x_wconf 87' lang='lat' dir='ltr'>homo,</span> <span class='ocrx_word' id='word_1_235' title='bbox 1977 1658 2027 1688; x_wconf 87' lang='lat' dir='ltr'>est</span> <span class='ocrx_word' id='word_1_236' title='bbox 2053 1653 2164 1688; x_wconf 83' lang='lat' dir='ltr'>Deus.</span> 
     </span>
    </p>

    <p class='ocr_par' dir='ltr' id='par_1_18' title="bbox 1466 1703 2472 1846">
     <span class='ocr_line' id='line_1_46' title="bbox 1466 1703 2470 1753; baseline 0.002 -13"><span class='ocrx_word' id='word_1_237' title='bbox 1466 1703 1731 1741; x_wconf 89' lang='lat' dir='ltr'>Duodecimo:</span> <span class='ocrx_word' id='word_1_238' title='bbox 1769 1712 1899 1740; x_wconf 91' lang='lat' dir='ltr'>utrum</span> <span class='ocrx_word' id='word_1_239' title='bbox 1936 1705 2032 1741; x_wconf 91' lang='grc'><strong>11366</strong></span> <span class='ocrx_word' id='word_1_240' title='bbox 2067 1704 2111 1741; x_wconf 88' lang='grc'>511</span> <span class='ocrx_word' id='word_1_241' title='bbox 2146 1717 2255 1742; x_wconf 91' lang='lat' dir='ltr'>vera:</span> <span class='ocrx_word' id='word_1_242' title='bbox 2290 1707 2470 1753; x_wconf 84' lang='lat' dir='ltr'>Christus,</span> 
     </span>
     <span class='ocr_line' id='line_1_47' title="bbox 1519 1757 2472 1808; baseline 0.003 -15"><span class='ocrx_word' id='word_1_243' title='bbox 1519 1757 1719 1793; x_wconf 85' lang='lat' dir='ltr'>secundum</span> <span class='ocrx_word' id='word_1_244' title='bbox 1748 1758 1846 1805; x_wconf 84' lang='lat' dir='ltr'>quod</span> <span class='ocrx_word' id='word_1_245' title='bbox 1862 1758 1985 1803; x_wconf 81' lang='lat' dir='ltr'>homo,</span> <span class='ocrx_word' id='word_1_246' title='bbox 2007 1763 2056 1794; x_wconf 85' lang='lat' dir='ltr'>est</span> <span class='ocrx_word' id='word_1_247' title='bbox 2083 1759 2288 1807; x_wconf 81' lang='lat' dir='ltr'>hypostasis</span> <span class='ocrx_word' id='word_1_248' title='bbox 2306 1759 2364 1796; x_wconf 76' lang='lat' dir='ltr'>vel</span> <span class='ocrx_word' id='word_1_249' title='bbox 2385 1772 2472 1808; x_wconf 84' lang='lat' dir='ltr'>per-</span> 
     </span>
     <span class='ocr_line' id='line_1_48' title="bbox 1518 1822 1622 1846; baseline 0 0"><span class='ocrx_word' id='word_1_250' title='bbox 1518 1822 1622 1846; x_wconf 87' lang='lat' dir='ltr'>sona.</span> 
     </span>
    </p>
   </div>
   <div class='ocr_carea' id='block_1_13' title="bbox 909 1927 1869 2061">
    <p class='ocr_par' dir='ltr' id='par_1_19' title="bbox 909 1927 1869 2061">
     <span class='ocr_line' id='line_1_49' title="bbox 1109 1927 1663 1971; baseline 0.002 -1"><span class='ocrx_word' id='word_1_251' title='bbox 1109 1927 1427 1971; x_wconf 89' lang='lat' dir='ltr'>ARTICULUS</span> <span class='ocrx_word' id='word_1_252' title='bbox 1458 1927 1663 1971; x_wconf 88' lang='lat' dir='ltr'>PRIMUS</span> 
     </span>
     <span class='ocr_line' id='line_1_50' title="bbox 909 2029 1869 2061; baseline -0.002 0"><span class='ocrx_word' id='word_1_253' title='bbox 909 2030 1066 2061; x_wconf 89' lang='lat' dir='ltr'><strong>UTRUM</strong></span> <span class='ocrx_word' id='word_1_254' title='bbox 1089 2029 1209 2060; x_wconf 83' lang='lat' dir='ltr'><strong>HAEC</strong></span> <span class='ocrx_word' id='word_1_255' title='bbox 1233 2029 1300 2060; x_wconf 81' lang='lat' dir='ltr'>SIT</span> <span class='ocrx_word' id='word_1_256' title='bbox 1324 2029 1458 2059; x_wconf 81' lang='lat' dir='ltr'>VERA:</span> <span class='ocrx_word' id='word_1_257' title='bbox 1482 2029 1603 2059; x_wconf 85' lang='lat' dir='ltr'>DEUS</span> <span class='ocrx_word' id='word_1_258' title='bbox 1623 2029 1711 2059; x_wconf 86' lang='lat' dir='ltr'>EST</span> <span class='ocrx_word' id='word_1_259' title='bbox 1729 2029 1869 2059; x_wconf 83' lang='lat' dir='ltr'><em>HOMO</em></span> 
     </span>
    </p>
   </div>
   <div class='ocr_carea' id='block_1_14' title="bbox 860 2117 1910 2149">
    <p class='ocr_par' dir='ltr' id='par_1_20' title="bbox 860 2117 1910 2149">
     <span class='ocr_line' id='line_1_51' title="bbox 860 2117 1910 2149; baseline -0.001 -7"><span class='ocrx_word' id='word_1_260' title='bbox 860 2117 891 2142; x_wconf 90' lang='lat'>111</span> <span class='ocrx_word' id='word_1_261' title='bbox 910 2117 993 2147; x_wconf 75' lang='lat' dir='ltr'>Sem„</span> <span class='ocrx_word' id='word_1_262' title='bbox 1014 2117 1072 2143; x_wconf 81' lang='lat' dir='ltr'>dist.</span> <span class='ocrx_word' id='word_1_263' title='bbox 1091 2124 1135 2146; x_wconf 82' lang='lat' dir='ltr'>vn,</span> <span class='ocrx_word' id='word_1_264' title='bbox 1155 2124 1200 2149; x_wconf 89' lang='lat' dir='ltr'>qu.</span> <span class='ocrx_word' id='word_1_265' title='bbox 1219 2124 1236 2147; x_wconf 80' lang='lat'>1,</span> <span class='ocrx_word' id='word_1_266' title='bbox 1256 2122 1303 2142; x_wconf 83' lang='lat' dir='ltr'>art.</span> <span class='ocrx_word' id='word_1_267' title='bbox 1325 2123 1355 2147; x_wconf 72' lang='lat'>¹3</span> <span class='ocrx_word' id='word_1_268' title='bbox 1377 2117 1452 2142; x_wconf 81' lang='lat' dir='ltr'>Cont.</span> <span class='ocrx_word' id='word_1_269' title='bbox 1475 2118 1578 2145; x_wconf 71' lang='lat' dir='ltr'>Graec„</span> <span class='ocrx_word' id='word_1_270' title='bbox 1596 2118 1704 2142; x_wconf 82' lang='lat' dir='ltr'>Armen.</span> <span class='ocrx_word' id='word_1_271' title='bbox 1725 2122 1782 2148; x_wconf 74' lang='lat' dir='ltr'>etc.‚</span> <span class='ocrx_word' id='word_1_272' title='bbox 1801 2124 1857 2149; x_wconf 87' lang='lat' dir='ltr'>cap.</span> <span class='ocrx_word' id='word_1_273' title='bbox 1876 2124 1910 2141; x_wconf 88' lang='lat' dir='ltr'>v1.</span> 
     </span>
    </p>
   </div>
   <div class='ocr_carea' id='block_1_15' title="bbox 312 2219 493 2405">
    <p class='ocr_par' dir='ltr' id='par_1_21' title="bbox 312 2219 493 2405">
     <span class='ocr_line' id='line_1_52' title="bbox 312 2219 493 2285; baseline 0 -49"><span class='ocrx_word' id='word_1_274' title='bbox 312 2219 493 2285; x_wconf 95' lang='lat' dir='ltr'>  </span> 
     </span>
     <span class='ocr_line' id='line_1_53' title="bbox 312 2285 402 2405; baseline 0 -19"><span class='ocrx_word' id='word_1_275' title='bbox 312 2285 402 2405; x_wconf 95' lang='lat' dir='ltr'>   </span> 
     </span>
    </p>
   </div>
   <div class='ocr_carea' id='block_1_16' title="bbox 297 2205 1362 3366">
    <p class='ocr_par' dir='ltr' id='par_1_22' title="bbox 297 2205 1362 2666">
     <span class='ocr_line' id='line_1_54' title="bbox 329 2205 1361 2262; baseline -0.001 -20"><span class='ocrx_word' id='word_1_276' title='bbox 329 2220 389 2262; x_wconf 45' lang='lat' dir='ltr'>“r-&#39;5⁵¹</span> <span class='ocrx_word' id='word_1_277' title='bbox 415 2234 467 2254; x_wconf 43' lang='grc' dir='ltr'>,μς</span> <span class='ocrx_word' id='word_1_278' title='bbox 506 2219 528 2244; x_wconf 91' lang='lat' dir='ltr'>D</span> <span class='ocrx_word' id='word_1_279' title='bbox 556 2218 694 2244; x_wconf 78' lang='lat' dir='ltr'>PmMUM</span> <span class='ocrx_word' id='word_1_280' title='bbox 718 2218 770 2243; x_wconf 87' lang='grc'>516</span> <span class='ocrx_word' id='word_1_281' title='bbox 799 2218 1036 2243; x_wconf 78' lang='lat' dir='ltr'>PROCEDrrUR.</span> <span class='ocrx_word' id='word_1_282' title='bbox 1066 2205 1227 2242; x_wconf 87' lang='lat' dir='ltr'>Videtur</span> <span class='ocrx_word' id='word_1_283' title='bbox 1254 2205 1361 2254; x_wconf 91' lang='lat' dir='ltr'>quod</span> 
     </span>
     <span class='ocr_line' id='line_1_55' title="bbox 326 2251 1361 2317; baseline -0.005 -18"><span class='ocrx_word' id='word_1_284' title='bbox 326 2251 478 2317; x_wconf 42' lang='lat' dir='ltr'>QJAQ&#39;BO</span> <span class='ocrx_word' id='word_1_285' title='bbox 507 2260 604 2297; x_wconf 89' lang='lat' dir='ltr'>haec</span> <span class='ocrx_word' id='word_1_286' title='bbox 631 2258 677 2296; x_wconf 88' lang='lat' dir='ltr'>sit</span> <span class='ocrx_word' id='word_1_287' title='bbox 704 2258 815 2295; x_wconf 84' lang='lat' dir='ltr'>falsa:</span> <span class='ocrx_word' id='word_1_288' title='bbox 852 2260 953 2295; x_wconf 85' lang='lat' dir='ltr'>Deus</span> <span class='ocrx_word' id='word_1_289' title='bbox 981 2265 1031 2295; x_wconf 83' lang='lat' dir='ltr'>est</span> <span class='ocrx_word' id='word_1_290' title='bbox 1058 2260 1180 2296; x_wconf 90' lang='lat' dir='ltr'>homo.</span> <span class='ocrx_word' id='word_1_291' title='bbox 1222 2257 1361 2295; x_wconf 86' lang='lat' dir='ltr'>Omnis</span> 
     </span>
     <span class='ocr_line' id='line_1_56' title="bbox 314 2297 1362 2369; baseline 0 -22"><span class='ocrx_word' id='word_1_292' title='bbox 314 2311 434 2369; x_wconf 42' lang='grc' dir='ltr'>’ργήπνὲ</span> <span class='ocrx_word' id='word_1_293' title='bbox 446 2297 495 2358; x_wconf 43' lang='lat' dir='ltr'>&#39;ff‘</span> <span class='ocrx_word' id='word_1_294' title='bbox 508 2312 612 2349; x_wconf 90' lang='lat' dir='ltr'>enim</span> <span class='ocrx_word' id='word_1_295' title='bbox 640 2311 852 2361; x_wconf 89' lang='lat' dir='ltr'>propositio</span> <span class='ocrx_word' id='word_1_296' title='bbox 881 2311 1109 2349; x_wconf 86' lang='lat' dir='ltr'>affirmativa</span> <span class='ocrx_word' id='word_1_297' title='bbox 1137 2311 1175 2347; x_wconf 91' lang='lat' dir='ltr'>in</span> <span class='ocrx_word' id='word_1_298' title='bbox 1204 2310 1362 2348; x_wconf 88' lang='lat' dir='ltr'>materia</span> 
     </span>
     <span class='ocr_line' id='line_1_57' title="bbox 353 2339 1360 2414; baseline 0 -14"><span class='ocrx_word' id='word_1_299' title='bbox 353 2339 450 2397; x_wconf 54' lang='grc' dir='ltr'>ὲΨ)</span> <span class='ocrx_word' id='word_1_300' title='bbox 465 2356 637 2414; x_wconf 43' lang='lat' dir='ltr'>&amp;aliqua</span> <span class='ocrx_word' id='word_1_301' title='bbox 656 2363 670 2394; x_wconf 73' lang='grc' dir='ltr'><strong>β</strong></span> <span class='ocrx_word' id='word_1_302' title='bbox 690 2372 838 2402; x_wconf 84' lang='grc'><strong>16111013</strong></span> <span class='ocrx_word' id='word_1_303' title='bbox 857 2372 912 2401; x_wconf 87' lang='grc'>651</span> <span class='ocrx_word' id='word_1_304' title='bbox 930 2364 1031 2403; x_wconf 86' lang='lat' dir='ltr'>falsa.</span> <span class='ocrx_word' id='word_1_305' title='bbox 1063 2364 1139 2402; x_wconf 89' lang='lat' dir='ltr'>Sed</span> <span class='ocrx_word' id='word_1_306' title='bbox 1158 2365 1254 2400; x_wconf 91' lang='lat' dir='ltr'>haec</span> <span class='ocrx_word' id='word_1_307' title='bbox 1272 2376 1360 2412; x_wconf 93' lang='lat' dir='ltr'>pro—</span> 
     </span>
     <span class='ocr_line' id='line_1_58' title="bbox 297 2415 1358 2467; baseline 0 -14"><span class='ocrx_word' id='word_1_308' title='bbox 297 2415 458 2467; x_wconf 85' lang='lat' dir='ltr'>positi0‚</span> <span class='ocrx_word' id='word_1_309' title='bbox 486 2419 588 2456; x_wconf 84' lang='lat' dir='ltr'>Deus</span> <span class='ocrx_word' id='word_1_310' title='bbox 616 2423 667 2454; x_wconf 84' lang='lat' dir='ltr'>est</span> <span class='ocrx_word' id='word_1_311' title='bbox 693 2419 826 2464; x_wconf 82' lang='lat' dir='ltr'>homo,</span> <span class='ocrx_word' id='word_1_312' title='bbox 856 2425 911 2454; x_wconf 90' lang='lat' dir='ltr'>est</span> <span class='ocrx_word' id='word_1_313' title='bbox 939 2417 978 2454; x_wconf 91' lang='lat' dir='ltr'>in</span> <span class='ocrx_word' id='word_1_314' title='bbox 1005 2417 1164 2454; x_wconf 86' lang='lat' dir='ltr'>materia</span> <span class='ocrx_word' id='word_1_315' title='bbox 1192 2424 1358 2454; x_wconf 86' lang='lat' dir='ltr'>remota:</span> 
     </span>
     <span class='ocr_line' id='line_1_59' title="bbox 298 2469 1361 2519; baseline -0.001 -12"><span class='ocrx_word' id='word_1_316' title='bbox 298 2469 390 2519; x_wconf 88' lang='lat' dir='ltr'>quia</span> <span class='ocrx_word' id='word_1_317' title='bbox 415 2469 562 2509; x_wconf 81' lang='lat' dir='ltr'>formae</span> <span class='ocrx_word' id='word_1_318' title='bbox 591 2470 821 2518; x_wconf 85' lang='lat' dir='ltr'>significatae</span> <span class='ocrx_word' id='word_1_319' title='bbox 849 2482 918 2519; x_wconf 91' lang='lat' dir='ltr'>per</span> <span class='ocrx_word' id='word_1_320' title='bbox 946 2470 1162 2507; x_wconf 90' lang='lat' dir='ltr'>subiectum</span> <span class='ocrx_word' id='word_1_321' title='bbox 1190 2478 1226 2506; x_wconf 89' lang='lat' dir='ltr'>et</span> <span class='ocrx_word' id='word_1_322' title='bbox 1252 2482 1361 2518; x_wconf 88' lang='lat' dir='ltr'>prae-</span> 
     </span>
     <span class='ocr_line' id='line_1_60' title="bbox 298 2522 1361 2571; baseline 0 -12"><span class='ocrx_word' id='word_1_323' title='bbox 298 2522 468 2561; x_wconf 83' lang='lat' dir='ltr'>dicatum</span> <span class='ocrx_word' id='word_1_324' title='bbox 494 2531 582 2563; x_wconf 88' lang='lat' dir='ltr'>sunt</span> <span class='ocrx_word' id='word_1_325' title='bbox 600 2523 768 2561; x_wconf 88' lang='lat' dir='ltr'>maxime</span> <span class='ocrx_word' id='word_1_326' title='bbox 788 2522 978 2560; x_wconf 88' lang='lat' dir='ltr'>distantes.</span> <span class='ocrx_word' id='word_1_327' title='bbox 1010 2523 1112 2560; x_wconf 92' lang='lat' dir='ltr'>Cum</span> <span class='ocrx_word' id='word_1_328' title='bbox 1136 2535 1225 2571; x_wconf 87' lang='lat' dir='ltr'>ergo</span> <span class='ocrx_word' id='word_1_329' title='bbox 1253 2535 1361 2571; x_wconf 86' lang='lat' dir='ltr'>prae-</span> 
     </span>
     <span class='ocr_line' id='line_1_61' title="bbox 299 2574 1362 2626; baseline -0.001 -13"><span class='ocrx_word' id='word_1_330' title='bbox 299 2574 398 2613; x_wconf 88' lang='lat' dir='ltr'>dicta</span> <span class='ocrx_word' id='word_1_331' title='bbox 424 2576 635 2626; x_wconf 88' lang='lat' dir='ltr'>propositio</span> <span class='ocrx_word' id='word_1_332' title='bbox 664 2576 709 2613; x_wconf 90' lang='lat' dir='ltr'>sit</span> <span class='ocrx_word' id='word_1_333' title='bbox 736 2576 975 2624; x_wconf 86' lang='lat' dir='ltr'>affirmativa,</span> <span class='ocrx_word' id='word_1_334' title='bbox 995 2575 1147 2613; x_wconf 83' lang='lat' dir='ltr'>videtur</span> <span class='ocrx_word' id='word_1_335' title='bbox 1178 2576 1285 2625; x_wconf 91' lang='lat' dir='ltr'>quod</span> <span class='ocrx_word' id='word_1_336' title='bbox 1317 2575 1362 2612; x_wconf 91' lang='lat' dir='ltr'>sit</span> 
     </span>
     <span class='ocr_line' id='line_1_62' title="bbox 297 2629 400 2666; baseline -0.01 0"><span class='ocrx_word' id='word_1_337' title='bbox 297 2629 400 2666; x_wconf 86' lang='lat' dir='ltr'>falsa.</span> 
     </span>
    </p>

    <p class='ocr_par' dir='ltr' id='par_1_23' title="bbox 298 2681 1360 3048">
     <span class='ocr_line' id='line_1_63' title="bbox 354 2681 1360 2730; baseline 0.001 -13"><span class='ocrx_word' id='word_1_338' title='bbox 354 2693 388 2717; x_wconf 89' lang='lat'>2.</span> <span class='ocrx_word' id='word_1_339' title='bbox 410 2681 642 2730; x_wconf 77' lang='lat' dir='ltr'>PRAETEREA,</span> <span class='ocrx_word' id='word_1_340' title='bbox 658 2682 778 2730; x_wconf 84' lang='lat' dir='ltr'>magis</span> <span class='ocrx_word' id='word_1_341' title='bbox 798 2682 1033 2719; x_wconf 88' lang='lat' dir='ltr'>conveniunt</span> <span class='ocrx_word' id='word_1_342' title='bbox 1051 2689 1125 2718; x_wconf 87' lang='lat' dir='ltr'>tres</span> <span class='ocrx_word' id='word_1_343' title='bbox 1145 2683 1360 2719; x_wconf 68' lang='lat' dir='ltr'>PersonaeY</span> 
     </span>
     <span class='ocr_line' id='line_1_64' title="bbox 299 2733 1360 2785; baseline -0.001 -13"><span class='ocrx_word' id='word_1_344' title='bbox 299 2734 348 2772; x_wconf 91' lang='lat' dir='ltr'>ad</span> <span class='ocrx_word' id='word_1_345' title='bbox 367 2733 535 2772; x_wconf 90' lang='lat' dir='ltr'>invicem</span> <span class='ocrx_word' id='word_1_346' title='bbox 553 2747 672 2785; x_wconf 88' lang='lat' dir='ltr'>quam</span> <span class='ocrx_word' id='word_1_347' title='bbox 701 2735 874 2773; x_wconf 80' lang='lat' dir='ltr'>humana</span> <span class='ocrx_word' id='word_1_348' title='bbox 893 2743 1028 2773; x_wconf 86' lang='lat' dir='ltr'>natura</span> <span class='ocrx_word' id='word_1_349' title='bbox 1055 2743 1091 2772; x_wconf 88' lang='lat' dir='ltr'>et</span> <span class='ocrx_word' id='word_1_350' title='bbox 1111 2735 1252 2772; x_wconf 90' lang='lat' dir='ltr'>divina.</span> <span class='ocrx_word' id='word_1_351' title='bbox 1284 2735 1360 2772; x_wconf 88' lang='lat' dir='ltr'>Sed</span> 
     </span>
     <span class='ocr_line' id='line_1_65' title="bbox 298 2786 1359 2837; baseline 0.001 -14"><span class='ocrx_word' id='word_1_352' title='bbox 298 2787 338 2825; x_wconf 91' lang='lat' dir='ltr'>in</span> <span class='ocrx_word' id='word_1_353' title='bbox 366 2787 549 2837; x_wconf 88' lang='lat' dir='ltr'>mysterio</span> <span class='ocrx_word' id='word_1_354' title='bbox 576 2786 769 2824; x_wconf 85' lang='lat' dir='ltr'>Trinitatis</span> <span class='ocrx_word' id='word_1_355' title='bbox 796 2800 875 2825; x_wconf 89' lang='lat' dir='ltr'>una</span> <span class='ocrx_word' id='word_1_356' title='bbox 902 2800 1068 2837; x_wconf 90' lang='lat' dir='ltr'>persona</span> <span class='ocrx_word' id='word_1_357' title='bbox 1104 2800 1184 2825; x_wconf 91' lang='lat' dir='ltr'>non</span> <span class='ocrx_word' id='word_1_358' title='bbox 1212 2787 1359 2837; x_wconf 89' lang='lat' dir='ltr'>praedi-</span> 
     </span>
     <span class='ocr_line' id='line_1_66' title="bbox 298 2839 1360 2890; baseline -0.001 -12"><span class='ocrx_word' id='word_1_359' title='bbox 298 2847 406 2878; x_wconf 86' lang='lat' dir='ltr'>catur</span> <span class='ocrx_word' id='word_1_360' title='bbox 431 2840 478 2877; x_wconf 89' lang='lat' dir='ltr'>de</span> <span class='ocrx_word' id='word_1_361' title='bbox 507 2839 598 2878; x_wconf 88' lang='lat' dir='ltr'>alia:</span> <span class='ocrx_word' id='word_1_362' title='bbox 628 2852 708 2877; x_wconf 91' lang='lat' dir='ltr'>non</span> <span class='ocrx_word' id='word_1_363' title='bbox 727 2839 831 2878; x_wconf 89' lang='lat' dir='ltr'>enim</span> <span class='ocrx_word' id='word_1_364' title='bbox 859 2840 1022 2878; x_wconf 89' lang='lat' dir='ltr'>dicimus</span> <span class='ocrx_word' id='word_1_365' title='bbox 1041 2841 1148 2890; x_wconf 89' lang='lat' dir='ltr'>quod</span> <span class='ocrx_word' id='word_1_366' title='bbox 1177 2842 1287 2878; x_wconf 88' lang='lat' dir='ltr'>Pater</span> <span class='ocrx_word' id='word_1_367' title='bbox 1306 2847 1360 2877; x_wconf 89' lang='lat' dir='ltr'>est</span> 
     </span>
     <span class='ocr_line' id='line_1_67' title="bbox 299 2892 1360 2942; baseline -0.001 -11"><span class='ocrx_word' id='word_1_368' title='bbox 299 2892 429 2940; x_wconf 85' lang='lat' dir='ltr'>Filius,</span> <span class='ocrx_word' id='word_1_369' title='bbox 457 2895 519 2931; x_wconf 83' lang='lat' dir='ltr'>vel</span> <span class='ocrx_word' id='word_1_370' title='bbox 547 2906 567 2930; x_wconf 90' lang='lat' dir='ltr'>e</span> <span class='ocrx_word' id='word_1_371' title='bbox 596 2905 795 2930; x_wconf 87' lang='lat' dir='ltr'>converso.</span> <span class='ocrx_word' id='word_1_372' title='bbox 838 2894 939 2942; x_wconf 85' lang='lat' dir='ltr'>Ergo</span> <span class='ocrx_word' id='word_1_373' title='bbox 968 2893 1120 2930; x_wconf 89' lang='lat' dir='ltr'>videtur</span> <span class='ocrx_word' id='word_1_374' title='bbox 1154 2894 1260 2942; x_wconf 91' lang='lat' dir='ltr'>quod</span> <span class='ocrx_word' id='word_1_375' title='bbox 1290 2906 1360 2931; x_wconf 89' lang='lat' dir='ltr'>nec</span> 
     </span>
     <span class='ocr_line' id='line_1_68' title="bbox 299 2945 1359 2996; baseline -0.001 -13"><span class='ocrx_word' id='word_1_376' title='bbox 299 2946 472 2983; x_wconf 90' lang='lat' dir='ltr'>humana</span> <span class='ocrx_word' id='word_1_377' title='bbox 499 2954 636 2983; x_wconf 86' lang='lat' dir='ltr'>natura</span> <span class='ocrx_word' id='word_1_378' title='bbox 661 2945 780 2996; x_wconf 87' lang='lat' dir='ltr'>possit</span> <span class='ocrx_word' id='word_1_379' title='bbox 807 2946 1016 2995; x_wconf 88' lang='lat' dir='ltr'>praedicari</span> <span class='ocrx_word' id='word_1_380' title='bbox 1043 2947 1090 2983; x_wconf 91' lang='lat' dir='ltr'>de</span> <span class='ocrx_word' id='word_1_381' title='bbox 1118 2947 1215 2994; x_wconf 86' lang='lat' dir='ltr'>Deo,</span> <span class='ocrx_word' id='word_1_382' title='bbox 1235 2954 1278 2984; x_wconf 88' lang='lat' dir='ltr'>ut</span> <span class='ocrx_word' id='word_1_383' title='bbox 1305 2946 1359 2983; x_wconf 93' lang='lat' dir='ltr'>di-</span> 
     </span>
     <span class='ocr_line' id='line_1_69' title="bbox 299 2999 919 3048; baseline -0.002 -12"><span class='ocrx_word' id='word_1_384' title='bbox 299 3007 407 3036; x_wconf 89' lang='lat' dir='ltr'>catur</span> <span class='ocrx_word' id='word_1_385' title='bbox 434 2999 541 3048; x_wconf 91' lang='lat' dir='ltr'>quod</span> <span class='ocrx_word' id='word_1_386' title='bbox 570 2999 676 3035; x_wconf 91' lang='lat' dir='ltr'>Deus</span> <span class='ocrx_word' id='word_1_387' title='bbox 704 3006 759 3035; x_wconf 90' lang='lat' dir='ltr'>est</span> <span class='ocrx_word' id='word_1_388' title='bbox 786 2999 919 3035; x_wconf 91' lang='lat' dir='ltr'>homo.</span> 
     </span>
    </p>

    <p class='ocr_par' dir='ltr' id='par_1_24' title="bbox 300 3051 1361 3260">
     <span class='ocr_line' id='line_1_70' title="bbox 355 3051 1361 3101; baseline 0 -13"><span class='ocrx_word' id='word_1_389' title='bbox 355 3051 389 3088; x_wconf 85' lang='lat'>3.</span> <span class='ocrx_word' id='word_1_390' title='bbox 419 3053 659 3098; x_wconf 80' lang='lat' dir='ltr'>PRAETEREA,</span> <span class='ocrx_word' id='word_1_391' title='bbox 689 3051 919 3088; x_wconf 89' lang='lat' dir='ltr'>Athanasius</span> <span class='ocrx_word' id='word_1_392' title='bbox 952 3051 1039 3088; x_wconf 90' lang='lat' dir='ltr'>dicit</span> <span class='ocrx_word' id='word_1_393' title='bbox 1066 3051 1086 3073; x_wconf 73' lang='lat'>&#39;²‘</span> <span class='ocrx_word' id='word_1_394' title='bbox 1114 3052 1241 3101; x_wconf 85' lang='lat' dir='ltr'>quod,</span> <span class='ocrx_word' id='word_1_395' title='bbox 1270 3054 1361 3088; x_wconf 88' lang='lat' dir='ltr'>sicut</span> 
     </span>
     <span class='ocr_line' id='line_1_71' title="bbox 300 3103 1360 3150; baseline -0.001 -8"><span class='ocrx_word' id='word_1_396' title='bbox 300 3107 427 3142; x_wconf 86' lang='lat' dir='ltr'>anima</span> <span class='ocrx_word' id='word_1_397' title='bbox 447 3111 480 3142; x_wconf 86' lang='lat' dir='ltr'>et</span> <span class='ocrx_word' id='word_1_398' title='bbox 507 3117 597 3142; x_wconf 89' lang='lat' dir='ltr'>caro</span> <span class='ocrx_word' id='word_1_399' title='bbox 617 3103 629 3126; x_wconf 65' lang='grc' dir='ltr'>δ</span> <span class='ocrx_word' id='word_1_400' title='bbox 659 3117 752 3141; x_wconf 86' lang='lat' dir='ltr'>unus</span> <span class='ocrx_word' id='word_1_401' title='bbox 771 3110 821 3141; x_wconf 84' lang='lat' dir='ltr'>est</span> <span class='ocrx_word' id='word_1_402' title='bbox 848 3106 971 3150; x_wconf 87' lang='lat' dir='ltr'>homo,</span> <span class='ocrx_word' id='word_1_403' title='bbox 993 3106 1042 3141; x_wconf 86' lang='lat' dir='ltr'>ita</span> <span class='ocrx_word' id='word_1_404' title='bbox 1060 3105 1161 3141; x_wconf 83' lang='lat' dir='ltr'>Deus</span> <span class='ocrx_word' id='word_1_405' title='bbox 1190 3111 1222 3141; x_wconf 88' lang='lat' dir='ltr'>et</span> <span class='ocrx_word' id='word_1_406' title='bbox 1249 3106 1360 3141; x_wconf 89' lang='lat' dir='ltr'>homo</span> 
     </span>
     <span class='ocr_line' id='line_1_72' title="bbox 301 3157 1361 3195; baseline -0.001 0"><span class='ocrx_word' id='word_1_407' title='bbox 301 3170 395 3195; x_wconf 87' lang='lat' dir='ltr'>unus</span> <span class='ocrx_word' id='word_1_408' title='bbox 422 3164 473 3195; x_wconf 85' lang='lat' dir='ltr'>est</span> <span class='ocrx_word' id='word_1_409' title='bbox 504 3159 676 3195; x_wconf 84' lang='lat' dir='ltr'>Christus.</span> <span class='ocrx_word' id='word_1_410' title='bbox 708 3157 784 3194; x_wconf 89' lang='lat' dir='ltr'>Sed</span> <span class='ocrx_word' id='word_1_411' title='bbox 812 3158 908 3193; x_wconf 89' lang='lat' dir='ltr'>haec</span> <span class='ocrx_word' id='word_1_412' title='bbox 935 3164 990 3193; x_wconf 88' lang='lat' dir='ltr'>est</span> <span class='ocrx_word' id='word_1_413' title='bbox 1016 3157 1124 3194; x_wconf 86' lang='lat' dir='ltr'>falsa:</span> <span class='ocrx_word' id='word_1_414' title='bbox 1153 3158 1292 3194; x_wconf 80' lang='lat' dir='ltr'>Anima</span> <span class='ocrx_word' id='word_1_415' title='bbox 1312 3163 1361 3193; x_wconf 85' lang='lat' dir='ltr'>est</span> 
     </span>
     <span class='ocr_line' id='line_1_73' title="bbox 300 3209 1359 3260; baseline -0.002 -12"><span class='ocrx_word' id='word_1_416' title='bbox 300 3223 445 3260; x_wconf 82' lang='lat' dir='ltr'>corpus.</span> <span class='ocrx_word' id='word_1_417' title='bbox 488 3211 589 3258; x_wconf 86' lang='lat' dir='ltr'>Ergo</span> <span class='ocrx_word' id='word_1_418' title='bbox 626 3217 661 3246; x_wconf 93' lang='lat' dir='ltr'>et</span> <span class='ocrx_word' id='word_1_419' title='bbox 689 3210 784 3246; x_wconf 84' lang='lat' dir='ltr'>haec</span> <span class='ocrx_word' id='word_1_420' title='bbox 812 3217 866 3246; x_wconf 88' lang='lat' dir='ltr'>est</span> <span class='ocrx_word' id='word_1_421' title='bbox 894 3209 1001 3246; x_wconf 84' lang='lat' dir='ltr'>falsa:</span> <span class='ocrx_word' id='word_1_422' title='bbox 1030 3210 1132 3246; x_wconf 86' lang='lat' dir='ltr'>Deus</span> <span class='ocrx_word' id='word_1_423' title='bbox 1160 3216 1210 3246; x_wconf 86' lang='lat' dir='ltr'>est</span> <span class='ocrx_word' id='word_1_424' title='bbox 1236 3211 1359 3246; x_wconf 84' lang='lat' dir='ltr'>homo.</span> 
     </span>
    </p>

    <p class='ocr_par' dir='ltr' id='par_1_25' title="bbox 301 3261 1362 3366">
     <span class='ocr_line' id='line_1_74' title="bbox 353 3261 1360 3311; baseline -0.003 -10"><span class='ocrx_word' id='word_1_425' title='bbox 353 3275 390 3311; x_wconf 90' lang='lat'>4.</span> <span class='ocrx_word' id='word_1_426' title='bbox 420 3265 652 3309; x_wconf 72' lang='lat' dir='ltr'>PRAETEREA,</span> <span class='ocrx_word' id='word_1_427' title='bbox 673 3262 768 3299; x_wconf 90' lang='grc'><strong>516111</strong></span> <span class='ocrx_word' id='word_1_428' title='bbox 796 3261 835 3299; x_wconf 85' lang='grc'>111</span> <span class='ocrx_word' id='word_1_429' title='bbox 854 3261 983 3298; x_wconf 85' lang='grc' dir='ltr'><strong>Ρ111113</strong></span> <span class='ocrx_word' id='word_1_430' title='bbox 1012 3263 1122 3298; x_wconf 89' lang='lat' dir='ltr'>Parte</span> <span class='ocrx_word' id='word_1_431' title='bbox 1140 3261 1160 3283; x_wconf 80' lang='lat'>’¹‘</span> <span class='ocrx_word' id='word_1_432' title='bbox 1186 3262 1360 3299; x_wconf 89' lang='lat' dir='ltr'>habitum</span> 
     </span>
     <span class='ocr_line' id='line_1_75' title="bbox 301 3314 1362 3366; baseline -0.003 -12"><span class='ocrx_word' id='word_1_433' title='bbox 301 3324 372 3364; x_wconf 75' lang='lat' dir='ltr'>est,</span> <span class='ocrx_word' id='word_1_434' title='bbox 399 3317 508 3366; x_wconf 93' lang='lat' dir='ltr'>quod</span> <span class='ocrx_word' id='word_1_435' title='bbox 542 3315 782 3365; x_wconf 88' lang='lat' dir='ltr'>praedicatur</span> <span class='ocrx_word' id='word_1_436' title='bbox 809 3315 856 3351; x_wconf 91' lang='lat' dir='ltr'>de</span> <span class='ocrx_word' id='word_1_437' title='bbox 885 3315 970 3351; x_wconf 89' lang='lat' dir='ltr'>Deo</span> <span class='ocrx_word' id='word_1_438' title='bbox 998 3326 1078 3351; x_wconf 91' lang='lat' dir='ltr'>non</span> <span class='ocrx_word' id='word_1_439' title='bbox 1106 3314 1258 3351; x_wconf 88' lang='lat' dir='ltr'>relative</span> <span class='ocrx_word' id='word_1_440' title='bbox 1294 3315 1362 3351; x_wconf 90' lang='lat' dir='ltr'>sed</span> 
     </span>
    </p>
   </div>
   <div class='ocr_carea' id='block_1_17' title="bbox 302 3366 1361 3418">
    <p class='ocr_par' dir='ltr' id='par_1_26' title="bbox 302 3366 1361 3418">
     <span class='ocr_line' id='line_1_76' title="bbox 302 3366 1361 3418; baseline -0.005 -11"><span class='ocrx_word' id='word_1_441' title='bbox 302 3369 495 3418; x_wconf 83' lang='lat' dir='ltr'>absolute,</span> <span class='ocrx_word' id='word_1_442' title='bbox 521 3369 700 3407; x_wconf 89' lang='lat' dir='ltr'>convenit</span> <span class='ocrx_word' id='word_1_443' title='bbox 727 3368 794 3405; x_wconf 89' lang='lat' dir='ltr'>toti</span> <span class='ocrx_word' id='word_1_444' title='bbox 829 3366 1004 3404; x_wconf 87' lang='lat' dir='ltr'>Trinitati</span> <span class='ocrx_word' id='word_1_445' title='bbox 1032 3375 1068 3403; x_wconf 90' lang='lat' dir='ltr'>et</span> <span class='ocrx_word' id='word_1_446' title='bbox 1095 3366 1249 3415; x_wconf 86' lang='lat' dir='ltr'>singulis</span> <span class='ocrx_word' id='word_1_447' title='bbox 1277 3379 1361 3416; x_wconf 89' lang='lat' dir='ltr'>per-</span> 
     </span>
    </p>
   </div>
   <div class='ocr_carea' id='block_1_18' title="bbox 354 3499 1361 3640">
    <p class='ocr_par' dir='ltr' id='par_1_27' title="bbox 355 3499 1361 3569">
     <span class='ocr_line' id='line_1_77' title="bbox 355 3499 1361 3535; baseline -0.002 -9"><span class='ocrx_word' id='word_1_448' title='bbox 355 3509 374 3526; x_wconf 78' lang='grc' dir='ltr'>α.</span> <span class='ocrx_word' id='word_1_449' title='bbox 401 3504 538 3534; x_wconf 72' lang='lat' dir='ltr'>quantum.</span> <span class='ocrx_word' id='word_1_450' title='bbox 550 3515 569 3520; x_wconf 90' lang='lat'>—-</span> <span class='ocrx_word' id='word_1_451' title='bbox 583 3509 635 3535; x_wconf 76' lang='lat' dir='ltr'>per</span> <span class='ocrx_word' id='word_1_452' title='bbox 653 3501 879 3534; x_wconf 79' lang='lat' dir='ltr'>comparationem</span> <span class='ocrx_word' id='word_1_453' title='bbox 894 3500 975 3525; x_wconf 74' lang='lat' dir='ltr'>tertia.</span> <span class='ocrx_word' id='word_1_454' title='bbox 994 3500 1052 3524; x_wconf 84' lang='lat' dir='ltr'>Mox</span> <span class='ocrx_word' id='word_1_455' title='bbox 1061 3499 1154 3531; x_wconf 79' lang='lat' dir='ltr'>prima</span> <span class='ocrx_word' id='word_1_456' title='bbox 1168 3504 1194 3524; x_wconf 86' lang='lat' dir='ltr'>et</span> <span class='ocrx_word' id='word_1_457' title='bbox 1205 3499 1320 3524; x_wconf 84' lang='lat' dir='ltr'>secunda</span> <span class='ocrx_word' id='word_1_458' title='bbox 1335 3499 1361 3524; x_wconf 86' lang='grc' dir='ltr'>Ρ.</span> 
     </span>
     <span class='ocr_line' id='line_1_78' title="bbox 356 3534 1042 3569; baseline -0.004 -7"><span class='ocrx_word' id='word_1_459' title='bbox 356 3534 372 3568; x_wconf 82' lang='grc' dir='ltr'><strong>β</strong></span> <span class='ocrx_word' id='word_1_460' title='bbox 401 3536 501 3569; x_wconf 78' lang='lat' dir='ltr'>aliqua.</span> <span class='ocrx_word' id='word_1_461' title='bbox 518 3551 538 3555; x_wconf 83' lang='lat'><em>-</em></span> <span class='ocrx_word' id='word_1_462' title='bbox 554 3537 590 3567; x_wconf 81' lang='lat' dir='ltr'>B;</span> <span class='ocrx_word' id='word_1_463' title='bbox 609 3545 663 3562; x_wconf 89' lang='lat' dir='ltr'>om.</span> <span class='ocrx_word' id='word_1_464' title='bbox 681 3537 720 3561; x_wconf 87' lang='lat' dir='ltr'>Fa</span> <span class='ocrx_word' id='word_1_465' title='bbox 739 3542 764 3561; x_wconf 87' lang='lat' dir='ltr'>et</span> <span class='ocrx_word' id='word_1_466' title='bbox 782 3536 862 3564; x_wconf 80' lang='lat' dir='ltr'>tertia,</span> <span class='ocrx_word' id='word_1_467' title='bbox 882 3535 937 3560; x_wconf 80' lang='lat' dir='ltr'>alia</span> <span class='ocrx_word' id='word_1_468' title='bbox 956 3534 1042 3560; x_wconf 84' lang='lat' dir='ltr'>ceteri.</span> 
     </span>
    </p>

    <p class='ocr_par' dir='ltr' id='par_1_28' title="bbox 354 3571 880 3604">
     <span class='ocr_line' id='line_1_79' title="bbox 354 3571 880 3604; baseline -0.002 -7"><span class='ocrx_word' id='word_1_469' title='bbox 354 3578 372 3604; x_wconf 81' lang='grc' dir='ltr'>γ</span> <span class='ocrx_word' id='word_1_470' title='bbox 401 3571 535 3597; x_wconf 65' lang='lat' dir='ltr'>Personae</span> <span class='ocrx_word' id='word_1_471' title='bbox 550 3586 570 3591; x_wconf 89' lang='lat'><em>-</em></span> <span class='ocrx_word' id='word_1_472' title='bbox 587 3572 694 3597; x_wconf 78' lang='lat' dir='ltr'>divinae</span> <span class='ocrx_word' id='word_1_473' title='bbox 712 3572 781 3596; x_wconf 88' lang='lat' dir='ltr'>addit</span> <span class='ocrx_word' id='word_1_474' title='bbox 799 3572 880 3597; x_wconf 80' lang='lat' dir='ltr'>tertia.</span> 
     </span>
    </p>

    <p class='ocr_par' dir='ltr' id='par_1_29' title="bbox 355 3604 719 3640">
     <span class='ocr_line' id='line_1_80' title="bbox 355 3604 719 3640; baseline 0.005 -10"><span class='ocrx_word' id='word_1_475' title='bbox 355 3604 380 3640; x_wconf 76' lang='grc' dir='ltr'>ὃ)</span> <span class='ocrx_word' id='word_1_476' title='bbox 399 3613 472 3632; x_wconf 78' lang='lat' dir='ltr'>caro.</span> <span class='ocrx_word' id='word_1_477' title='bbox 488 3621 508 3627; x_wconf 85' lang='lat'><em>-</em></span> <span class='ocrx_word' id='word_1_478' title='bbox 524 3614 621 3640; x_wconf 72' lang='lat' dir='ltr'>corpus</span> <span class='ocrx_word' id='word_1_479' title='bbox 639 3607 719 3633; x_wconf 79' lang='lat' dir='ltr'>tertia.</span> 
     </span>
    </p>
   </div>
   <div class='ocr_carea' id='block_1_19' title="bbox 1385 2205 1389 2799">
    <p class='ocr_par' dir='ltr' id='par_1_30' title="bbox 1385 2205 1389 2799">
     <span class='ocr_line' id='line_1_81' title="bbox 1385 2205 1389 2799; baseline 0 0"><span class='ocrx_word' id='word_1_480' title='bbox 1385 2205 1389 2799; x_wconf 95' lang='lat' dir='ltr'> </span> 
     </span>
    </p>
   </div>
   <div class='ocr_carea' id='block_1_20' title="bbox 1403 2205 2473 3415">
    <p class='ocr_par' dir='ltr' id='par_1_31' title="bbox 1413 2205 2473 2412">
     <span class='ocr_line' id='line_1_82' title="bbox 1413 2205 2472 2256; baseline 0.004 -15"><span class='ocrx_word' id='word_1_481' title='bbox 1413 2205 1528 2241; x_wconf 90' lang='lat' dir='ltr'>sonis.</span> <span class='ocrx_word' id='word_1_482' title='bbox 1560 2205 1637 2241; x_wconf 90' lang='lat' dir='ltr'>Sed</span> <span class='ocrx_word' id='word_1_483' title='bbox 1657 2205 1732 2241; x_wconf 92' lang='lat' dir='ltr'>hoc</span> <span class='ocrx_word' id='word_1_484' title='bbox 1759 2217 1904 2241; x_wconf 90' lang='lat' dir='ltr'>nomen</span> <span class='ocrx_word' id='word_1_485' title='bbox 1931 2207 2042 2243; x_wconf 79' lang='lat' dir='ltr'>lzomo</span> <span class='ocrx_word' id='word_1_486' title='bbox 2070 2218 2150 2242; x_wconf 90' lang='lat' dir='ltr'>non</span> <span class='ocrx_word' id='word_1_487' title='bbox 2178 2214 2233 2243; x_wconf 90' lang='lat' dir='ltr'>est</span> <span class='ocrx_word' id='word_1_488' title='bbox 2260 2207 2472 2256; x_wconf 84' lang='lat' dir='ltr'>relativum,</span> 
     </span>
     <span class='ocr_line' id='line_1_83' title="bbox 1414 2257 2471 2308; baseline 0.004 -14"><span class='ocrx_word' id='word_1_489' title='bbox 1414 2258 1481 2294; x_wconf 89' lang='lat' dir='ltr'>sed</span> <span class='ocrx_word' id='word_1_490' title='bbox 1500 2258 1731 2294; x_wconf 86' lang='lat' dir='ltr'>absolutum.</span> <span class='ocrx_word' id='word_1_491' title='bbox 1762 2257 1803 2295; x_wconf 90' lang='lat' dir='ltr'>Si</span> <span class='ocrx_word' id='word_1_492' title='bbox 1830 2270 1919 2306; x_wconf 84' lang='lat' dir='ltr'>ergo</span> <span class='ocrx_word' id='word_1_493' title='bbox 1939 2270 2029 2295; x_wconf 91' lang='lat' dir='ltr'>vere</span> <span class='ocrx_word' id='word_1_494' title='bbox 2049 2259 2290 2307; x_wconf 91' lang='lat' dir='ltr'>praedicatur</span> <span class='ocrx_word' id='word_1_495' title='bbox 2308 2260 2356 2297; x_wconf 91' lang='lat' dir='ltr'>de</span> <span class='ocrx_word' id='word_1_496' title='bbox 2375 2261 2471 2308; x_wconf 91' lang='lat' dir='ltr'>Deo,</span> 
     </span>
     <span class='ocr_line' id='line_1_84' title="bbox 1414 2310 2473 2362; baseline 0.005 -15"><span class='ocrx_word' id='word_1_497' title='bbox 1414 2310 1586 2360; x_wconf 87' lang='lat' dir='ltr'>sequitur</span> <span class='ocrx_word' id='word_1_498' title='bbox 1604 2311 1711 2360; x_wconf 90' lang='lat' dir='ltr'>quod</span> <span class='ocrx_word' id='word_1_499' title='bbox 1738 2318 1816 2347; x_wconf 87' lang='lat' dir='ltr'>tota</span> <span class='ocrx_word' id='word_1_500' title='bbox 1835 2311 2000 2348; x_wconf 89' lang='lat' dir='ltr'>Trinitas</span> <span class='ocrx_word' id='word_1_501' title='bbox 2031 2319 2067 2347; x_wconf 90' lang='lat' dir='ltr'>et</span> <span class='ocrx_word' id='word_1_502' title='bbox 2092 2311 2283 2360; x_wconf 89' lang='lat' dir='ltr'>quaelibet</span> <span class='ocrx_word' id='word_1_503' title='bbox 2307 2325 2473 2362; x_wconf 88' lang='lat' dir='ltr'>persona</span> 
     </span>
     <span class='ocr_line' id='line_1_85' title="bbox 1414 2363 2185 2412; baseline 0.001 -12"><span class='ocrx_word' id='word_1_504' title='bbox 1414 2364 1459 2400; x_wconf 89' lang='lat' dir='ltr'>sit</span> <span class='ocrx_word' id='word_1_505' title='bbox 1487 2364 1620 2400; x_wconf 90' lang='lat' dir='ltr'>homo.</span> <span class='ocrx_word' id='word_1_506' title='bbox 1652 2363 1771 2411; x_wconf 88' lang='lat' dir='ltr'>Quod</span> <span class='ocrx_word' id='word_1_507' title='bbox 1798 2371 1900 2412; x_wconf 88' lang='lat' dir='ltr'>patet</span> <span class='ocrx_word' id='word_1_508' title='bbox 1928 2376 2009 2400; x_wconf 89' lang='lat' dir='ltr'>esse</span> <span class='ocrx_word' id='word_1_509' title='bbox 2036 2364 2185 2401; x_wconf 90' lang='lat' dir='ltr'>falsum.</span> 
     </span>
    </p>

    <p class='ocr_par' dir='ltr' id='par_1_32' title="bbox 1403 2416 2473 2729">
     <span class='ocr_line' id='line_1_86' title="bbox 1468 2416 2471 2466; baseline 0.002 -12"><span class='ocrx_word' id='word_1_510' title='bbox 1468 2417 1541 2454; x_wconf 78' lang='lat' dir='ltr'>SED</span> <span class='ocrx_word' id='word_1_511' title='bbox 1571 2429 1714 2454; x_wconf 80' lang='lat' dir='ltr'>CONTRA</span> <span class='ocrx_word' id='word_1_512' title='bbox 1733 2428 1798 2453; x_wconf 83' lang='lat' dir='ltr'>EST</span> <span class='ocrx_word' id='word_1_513' title='bbox 1817 2416 1924 2465; x_wconf 91' lang='lat' dir='ltr'>quod</span> <span class='ocrx_word' id='word_1_514' title='bbox 1944 2416 2080 2453; x_wconf 87' lang='lat' dir='ltr'>dicitur</span> <span class='ocrx_word' id='word_1_515' title='bbox 2096 2417 2252 2466; x_wconf 85' lang='lat' dir='ltr'>Philipp.</span> <span class='ocrx_word' id='word_1_516' title='bbox 2275 2430 2295 2454; x_wconf 86' lang='lat'>11</span> <span class='ocrx_word' id='word_1_517' title='bbox 2314 2417 2351 2454; x_wconf 77' lang='grc' dir='ltr'>*ε</span> <span class='ocrx_word' id='word_1_518' title='bbox 2387 2420 2471 2465; x_wconf 80' lang='lat' dir='ltr'>Qui,</span> 
     </span>
     <span class='ocr_line' id='line_1_87' title="bbox 1414 2470 2471 2520; baseline 0.002 -14"><span class='ocrx_word' id='word_1_519' title='bbox 1414 2482 1498 2507; x_wconf 88' lang='lat' dir='ltr'>cum</span> <span class='ocrx_word' id='word_1_520' title='bbox 1527 2471 1563 2506; x_wconf 84' lang='lat' dir='ltr'>in</span> <span class='ocrx_word' id='word_1_521' title='bbox 1591 2471 1726 2518; x_wconf 88' lang='lat' dir='ltr'>forma</span> <span class='ocrx_word' id='word_1_522' title='bbox 1754 2470 1827 2506; x_wconf 80' lang='lat' dir='ltr'>Dei</span> <span class='ocrx_word' id='word_1_523' title='bbox 1852 2475 1960 2516; x_wconf 86' lang='lat' dir='ltr'>esset,</span> <span class='ocrx_word' id='word_1_524' title='bbox 1990 2471 2192 2507; x_wconf 80' lang='lat' dir='ltr'>exinanivit</span> <span class='ocrx_word' id='word_1_525' title='bbox 2218 2472 2471 2520; x_wconf 84' lang='lat' dir='ltr'>semetipsum,</span> 
     </span>
     <span class='ocr_line' id='line_1_88' title="bbox 1404 2522 2472 2572; baseline 0.002 -13"><span class='ocrx_word' id='word_1_526' title='bbox 1404 2524 1578 2571; x_wconf 88' lang='lat' dir='ltr'>formam</span> <span class='ocrx_word' id='word_1_527' title='bbox 1597 2524 1695 2560; x_wconf 82' lang='lat' dir='ltr'>servi</span> <span class='ocrx_word' id='word_1_528' title='bbox 1716 2523 1909 2572; x_wconf 86' lang='lat' dir='ltr'>accipiens,</span> <span class='ocrx_word' id='word_1_529' title='bbox 1930 2524 1966 2559; x_wconf 87' lang='lat' dir='ltr'>in</span> <span class='ocrx_word' id='word_1_530' title='bbox 1985 2522 2256 2559; x_wconf 85' lang='lat' dir='ltr'>similitudinem</span> <span class='ocrx_word' id='word_1_531' title='bbox 2280 2525 2472 2561; x_wconf 86' lang='lat' dir='ltr'>hominum</span> 
     </span>
     <span class='ocr_line' id='line_1_89' title="bbox 1403 2575 2473 2626; baseline 0.002 -14"><span class='ocrx_word' id='word_1_532' title='bbox 1403 2577 1533 2624; x_wconf 83' lang='lat' dir='ltr'>factus</span> <span class='ocrx_word' id='word_1_533' title='bbox 1560 2582 1592 2612; x_wconf 86' lang='lat' dir='ltr'>et</span> <span class='ocrx_word' id='word_1_534' title='bbox 1619 2577 1743 2612; x_wconf 82' lang='lat' dir='ltr'>habitu</span> <span class='ocrx_word' id='word_1_535' title='bbox 1763 2577 1928 2613; x_wconf 75' lang='lat' dir='ltr'>inventus</span> <span class='ocrx_word' id='word_1_536' title='bbox 1956 2581 1993 2612; x_wconf 89' lang='lat' dir='ltr'>ut</span> <span class='ocrx_word' id='word_1_537' title='bbox 2020 2577 2141 2612; x_wconf 85' lang='lat' dir='ltr'>homo.</span> <span class='ocrx_word' id='word_1_538' title='bbox 2171 2576 2219 2612; x_wconf 89' lang='lat' dir='ltr'>Et</span> <span class='ocrx_word' id='word_1_539' title='bbox 2238 2575 2290 2613; x_wconf 88' lang='lat' dir='ltr'>sic</span> <span class='ocrx_word' id='word_1_540' title='bbox 2317 2576 2377 2613; x_wconf 93' lang='lat' dir='ltr'>ille</span> <span class='ocrx_word' id='word_1_541' title='bbox 2405 2577 2473 2626; x_wconf 91' lang='lat' dir='ltr'>qui</span> 
     </span>
     <span class='ocr_line' id='line_1_90' title="bbox 1415 2627 2472 2677; baseline 0.002 -12"><span class='ocrx_word' id='word_1_542' title='bbox 1415 2636 1469 2666; x_wconf 91' lang='lat' dir='ltr'>est</span> <span class='ocrx_word' id='word_1_543' title='bbox 1497 2628 1536 2665; x_wconf 92' lang='lat' dir='ltr'>in</span> <span class='ocrx_word' id='word_1_544' title='bbox 1563 2628 1687 2665; x_wconf 83' lang='lat' dir='ltr'>forma</span> <span class='ocrx_word' id='word_1_545' title='bbox 1714 2627 1798 2674; x_wconf 88' lang='lat' dir='ltr'>Dei,</span> <span class='ocrx_word' id='word_1_546' title='bbox 1819 2636 1874 2665; x_wconf 92' lang='lat' dir='ltr'>est</span> <span class='ocrx_word' id='word_1_547' title='bbox 1901 2629 2033 2665; x_wconf 91' lang='lat' dir='ltr'>homo.</span> <span class='ocrx_word' id='word_1_548' title='bbox 2065 2628 2140 2666; x_wconf 90' lang='lat' dir='ltr'>Sed</span> <span class='ocrx_word' id='word_1_549' title='bbox 2169 2628 2229 2665; x_wconf 90' lang='lat' dir='ltr'>ille</span> <span class='ocrx_word' id='word_1_550' title='bbox 2257 2628 2323 2677; x_wconf 94' lang='lat' dir='ltr'>qui</span> <span class='ocrx_word' id='word_1_551' title='bbox 2351 2637 2406 2666; x_wconf 88' lang='lat' dir='ltr'>est</span> <span class='ocrx_word' id='word_1_552' title='bbox 2433 2629 2472 2667; x_wconf 91' lang='lat' dir='ltr'>in</span> 
     </span>
     <span class='ocr_line' id='line_1_91' title="bbox 1414 2681 2377 2729; baseline 0 -11"><span class='ocrx_word' id='word_1_553' title='bbox 1414 2682 1538 2718; x_wconf 88' lang='lat' dir='ltr'>forma</span> <span class='ocrx_word' id='word_1_554' title='bbox 1565 2681 1649 2727; x_wconf 83' lang='lat' dir='ltr'>Dei,</span> <span class='ocrx_word' id='word_1_555' title='bbox 1671 2689 1725 2718; x_wconf 92' lang='lat' dir='ltr'>est</span> <span class='ocrx_word' id='word_1_556' title='bbox 1753 2681 1869 2718; x_wconf 89' lang='lat' dir='ltr'>Deus.</span> <span class='ocrx_word' id='word_1_557' title='bbox 1900 2682 2002 2729; x_wconf 86' lang='lat' dir='ltr'>Ergo</span> <span class='ocrx_word' id='word_1_558' title='bbox 2029 2682 2135 2718; x_wconf 88' lang='lat' dir='ltr'>Deus</span> <span class='ocrx_word' id='word_1_559' title='bbox 2163 2689 2218 2718; x_wconf 90' lang='lat' dir='ltr'>est</span> <span class='ocrx_word' id='word_1_560' title='bbox 2245 2682 2377 2719; x_wconf 88' lang='lat' dir='ltr'>homo.</span> 
     </span>
    </p>

    <p class='ocr_par' dir='ltr' id='par_1_33' title="bbox 1413 2733 2473 3415">
     <span class='ocr_line' id='line_1_92' title="bbox 1468 2733 2473 2783; baseline 0.001 -12"><span class='ocrx_word' id='word_1_561' title='bbox 1468 2736 1692 2772; x_wconf 79' lang='lat' dir='ltr'>RESPONDEO</span> <span class='ocrx_word' id='word_1_562' title='bbox 1711 2746 1891 2771; x_wconf 84' lang='lat' dir='ltr'>chENDUM</span> <span class='ocrx_word' id='word_1_563' title='bbox 1911 2734 2018 2782; x_wconf 92' lang='lat' dir='ltr'>quod</span> <span class='ocrx_word' id='word_1_564' title='bbox 2042 2733 2111 2771; x_wconf 87' lang='lat' dir='ltr'>ista</span> <span class='ocrx_word' id='word_1_565' title='bbox 2130 2734 2351 2783; x_wconf 90' lang='lat' dir='ltr'>propositio,</span> <span class='ocrx_word' id='word_1_566' title='bbox 2371 2736 2473 2772; x_wconf 83' lang='lat' dir='ltr'>Deus</span> 
     </span>
     <span class='ocr_line' id='line_1_93' title="bbox 1413 2786 2472 2834; baseline 0.001 -10"><span class='ocrx_word' id='word_1_567' title='bbox 1413 2794 1464 2824; x_wconf 86' lang='lat' dir='ltr'>est</span> <span class='ocrx_word' id='word_1_568' title='bbox 1482 2789 1605 2834; x_wconf 84' lang='lat' dir='ltr'>homo,</span> <span class='ocrx_word' id='word_1_569' title='bbox 1622 2788 1670 2824; x_wconf 90' lang='lat' dir='ltr'>ab</span> <span class='ocrx_word' id='word_1_570' title='bbox 1690 2786 1872 2824; x_wconf 90' lang='lat' dir='ltr'>omnibus</span> <span class='ocrx_word' id='word_1_571' title='bbox 1893 2786 2112 2823; x_wconf 89' lang='lat' dir='ltr'>Christianis</span> <span class='ocrx_word' id='word_1_572' title='bbox 2132 2786 2370 2824; x_wconf 89' lang='lat' dir='ltr'>conceditur:</span> <span class='ocrx_word' id='word_1_573' title='bbox 2391 2799 2472 2825; x_wconf 90' lang='lat' dir='ltr'>non</span> 
     </span>
     <span class='ocr_line' id='line_1_94' title="bbox 1413 2839 2469 2878; baseline 0 0"><span class='ocrx_word' id='word_1_574' title='bbox 1413 2849 1543 2878; x_wconf 89' lang='lat' dir='ltr'>tamen</span> <span class='ocrx_word' id='word_1_575' title='bbox 1571 2841 1619 2877; x_wconf 85' lang='lat' dir='ltr'>ab</span> <span class='ocrx_word' id='word_1_576' title='bbox 1640 2839 1821 2876; x_wconf 89' lang='lat' dir='ltr'>omnibus</span> <span class='ocrx_word' id='word_1_577' title='bbox 1850 2839 2065 2876; x_wconf 86' lang='lat' dir='ltr'>secundum</span> <span class='ocrx_word' id='word_1_578' title='bbox 2088 2839 2251 2876; x_wconf 89' lang='lat' dir='ltr'>eandem</span> <span class='ocrx_word' id='word_1_579' title='bbox 2270 2839 2469 2878; x_wconf 87' lang='lat' dir='ltr'>rationem.</span> 
     </span>
     <span class='ocr_line' id='line_1_95' title="bbox 1415 2891 2472 2941; baseline 0 -11"><span class='ocrx_word' id='word_1_580' title='bbox 1415 2893 1586 2941; x_wconf 85' lang='lat' dir='ltr'>Quidam</span> <span class='ocrx_word' id='word_1_581' title='bbox 1607 2892 1710 2929; x_wconf 89' lang='lat' dir='ltr'>enim</span> <span class='ocrx_word' id='word_1_582' title='bbox 1725 2893 1825 2929; x_wconf 86' lang='lat' dir='ltr'>hanc</span> <span class='ocrx_word' id='word_1_583' title='bbox 1839 2891 2140 2941; x_wconf 89' lang='lat' dir='ltr'>propositionem</span> <span class='ocrx_word' id='word_1_584' title='bbox 2162 2892 2378 2930; x_wconf 89' lang='lat' dir='ltr'>concedunt</span> <span class='ocrx_word' id='word_1_585' title='bbox 2391 2905 2472 2930; x_wconf 91' lang='lat' dir='ltr'>non</span> 
     </span>
     <span class='ocr_line' id='line_1_96' title="bbox 1414 2944 2472 2993; baseline 0 -10"><span class='ocrx_word' id='word_1_586' title='bbox 1414 2946 1629 2983; x_wconf 90' lang='lat' dir='ltr'>secundum</span> <span class='ocrx_word' id='word_1_587' title='bbox 1656 2944 1853 2993; x_wconf 86' lang='lat' dir='ltr'>propriam</span> <span class='ocrx_word' id='word_1_588' title='bbox 1881 2944 2142 2993; x_wconf 89' lang='lat' dir='ltr'>acceptionem</span> <span class='ocrx_word' id='word_1_589' title='bbox 2174 2945 2317 2982; x_wconf 90' lang='lat' dir='ltr'>horum</span> <span class='ocrx_word' id='word_1_590' title='bbox 2345 2946 2472 2983; x_wconf 84' lang='lat' dir='ltr'>termi-</span> 
     </span>
     <span class='ocr_line' id='line_1_97' title="bbox 1415 2996 2472 3036; baseline 0.001 -1"><span class='ocrx_word' id='word_1_591' title='bbox 1415 3011 1566 3035; x_wconf 86' lang='lat' dir='ltr'>norum.</span> <span class='ocrx_word' id='word_1_592' title='bbox 1597 2999 1700 3034; x_wconf 88' lang='lat' dir='ltr'>Nam</span> <span class='ocrx_word' id='word_1_593' title='bbox 1725 2996 1940 3033; x_wconf 91' lang='lat' dir='ltr'>Manichaei</span> <span class='ocrx_word' id='word_1_594' title='bbox 1959 2996 2131 3033; x_wconf 88' lang='lat' dir='ltr'>Verbum</span> <span class='ocrx_word' id='word_1_595' title='bbox 2150 2996 2222 3033; x_wconf 90' lang='lat' dir='ltr'>Dei</span> <span class='ocrx_word' id='word_1_596' title='bbox 2242 2997 2373 3034; x_wconf 86' lang='lat' dir='ltr'>dicunt</span> <span class='ocrx_word' id='word_1_597' title='bbox 2391 3011 2472 3036; x_wconf 90' lang='lat' dir='ltr'>esse</span> 
     </span>
     <span class='ocr_line' id='line_1_98' title="bbox 1415 3044 2472 3098; baseline 0.001 -11"><span class='ocrx_word' id='word_1_598' title='bbox 1415 3051 1627 3096; x_wconf 89' lang='lat' dir='ltr'>hominem,</span> <span class='ocrx_word' id='word_1_599' title='bbox 1648 3044 1727 3086; x_wconf 83' lang='lat' dir='ltr'>n&#39;on</span> <span class='ocrx_word' id='word_1_600' title='bbox 1755 3049 1914 3098; x_wconf 90' lang='lat' dir='ltr'>quidem</span> <span class='ocrx_word' id='word_1_601' title='bbox 1942 3061 2090 3094; x_wconf 90' lang='lat' dir='ltr'>verum,</span> <span class='ocrx_word' id='word_1_602' title='bbox 2115 3049 2182 3086; x_wconf 91' lang='lat' dir='ltr'>sed</span> <span class='ocrx_word' id='word_1_603' title='bbox 2210 3049 2472 3088; x_wconf 90' lang='lat' dir='ltr'>similitudina-</span> 
     </span>
     <span class='ocr_line' id='line_1_99' title="bbox 1415 3101 2472 3152; baseline 0 -12"><span class='ocrx_word' id='word_1_604' title='bbox 1415 3104 1527 3148; x_wconf 87' lang='lat' dir='ltr'>rium,</span> <span class='ocrx_word' id='word_1_605' title='bbox 1548 3103 1777 3151; x_wconf 91' lang='lat' dir='ltr'>inquantum</span> <span class='ocrx_word' id='word_1_606' title='bbox 1799 3101 1929 3138; x_wconf 90' lang='lat' dir='ltr'>dicunt</span> <span class='ocrx_word' id='word_1_607' title='bbox 1948 3101 2085 3138; x_wconf 85' lang='lat' dir='ltr'>Filium</span> <span class='ocrx_word' id='word_1_608' title='bbox 2103 3102 2174 3138; x_wconf 92' lang='lat' dir='ltr'>Dei</span> <span class='ocrx_word' id='word_1_609' title='bbox 2194 3114 2334 3152; x_wconf 90' lang='lat' dir='ltr'>corpus</span> <span class='ocrx_word' id='word_1_610' title='bbox 2350 3104 2472 3152; x_wconf 90' lang='lat' dir='ltr'>phan-</span> 
     </span>
     <span class='ocr_line' id='line_1_100' title="bbox 1414 3154 2472 3204; baseline 0 -11"><span class='ocrx_word' id='word_1_611' title='bbox 1414 3156 1586 3193; x_wconf 87' lang='lat' dir='ltr'>tasticum</span> <span class='ocrx_word' id='word_1_612' title='bbox 1622 3154 1891 3204; x_wconf 88' lang='lat' dir='ltr'>assumpsisse:</span> <span class='ocrx_word' id='word_1_613' title='bbox 1928 3162 1969 3191; x_wconf 90' lang='lat' dir='ltr'>ut</span> <span class='ocrx_word' id='word_1_614' title='bbox 1998 3154 2051 3191; x_wconf 89' lang='lat' dir='ltr'>sic</span> <span class='ocrx_word' id='word_1_615' title='bbox 2077 3155 2223 3192; x_wconf 90' lang='lat' dir='ltr'>dicatur</span> <span class='ocrx_word' id='word_1_616' title='bbox 2257 3155 2362 3192; x_wconf 91' lang='lat' dir='ltr'>Deus</span> <span class='ocrx_word' id='word_1_617' title='bbox 2390 3168 2472 3193; x_wconf 90' lang='lat' dir='ltr'>esse</span> 
     </span>
     <span class='ocr_line' id='line_1_101' title="bbox 1415 3206 2470 3256; baseline 0 -10"><span class='ocrx_word' id='word_1_618' title='bbox 1415 3210 1535 3246; x_wconf 92' lang='lat' dir='ltr'>homo</span> <span class='ocrx_word' id='word_1_619' title='bbox 1574 3207 1668 3244; x_wconf 89' lang='lat' dir='ltr'>sicut</span> <span class='ocrx_word' id='word_1_620' title='bbox 1707 3219 1872 3256; x_wconf 91' lang='lat' dir='ltr'>cuprum</span> <span class='ocrx_word' id='word_1_621' title='bbox 1908 3206 2115 3255; x_wconf 83' lang='lat' dir='ltr'>figuratum</span> <span class='ocrx_word' id='word_1_622' title='bbox 2157 3207 2293 3244; x_wconf 89' lang='lat' dir='ltr'>dicitur</span> <span class='ocrx_word' id='word_1_623' title='bbox 2329 3209 2470 3256; x_wconf 85' lang='lat' dir='ltr'>homo,</span> 
     </span>
     <span class='ocr_line' id='line_1_102' title="bbox 1416 3259 2473 3310; baseline 0.002 -13"><span class='ocrx_word' id='word_1_624' title='bbox 1416 3261 1505 3310; x_wconf 90' lang='lat' dir='ltr'>quia</span> <span class='ocrx_word' id='word_1_625' title='bbox 1533 3261 1647 3297; x_wconf 87' lang='lat' dir='ltr'>habet</span> <span class='ocrx_word' id='word_1_626' title='bbox 1684 3259 1970 3296; x_wconf 87' lang='lat' dir='ltr'>similitudinem</span> <span class='ocrx_word' id='word_1_627' title='bbox 2008 3260 2176 3297; x_wconf 90' lang='lat' dir='ltr'>hominis</span> <span class='ocrx_word' id='word_1_628' title='bbox 2196 3266 2218 3296; x_wconf 67' lang='lat'>².</span> <span class='ocrx_word' id='word_1_629' title='bbox 2239 3283 2264 3287; x_wconf 89' lang='lat'>—</span> <span class='ocrx_word' id='word_1_630' title='bbox 2294 3261 2473 3299; x_wconf 90' lang='lat' dir='ltr'>Similiter</span> 
     </span>
     <span class='ocr_line' id='line_1_103' title="bbox 1416 3312 2473 3362; baseline 0.001 -11"><span class='ocrx_word' id='word_1_631' title='bbox 1416 3313 1530 3351; x_wconf 84' lang='grc'><strong>6113111</strong></span> <span class='ocrx_word' id='word_1_632' title='bbox 1558 3312 1608 3350; x_wconf 83' lang='grc'><strong>1111</strong></span> <span class='ocrx_word' id='word_1_633' title='bbox 1637 3312 1703 3362; x_wconf 91' lang='lat' dir='ltr'>qui</span> <span class='ocrx_word' id='word_1_634' title='bbox 1731 3320 1943 3362; x_wconf 88' lang='lat' dir='ltr'>posuerunt</span> <span class='ocrx_word' id='word_1_635' title='bbox 1963 3313 2069 3362; x_wconf 90' lang='lat' dir='ltr'>quod</span> <span class='ocrx_word' id='word_1_636' title='bbox 2098 3313 2136 3349; x_wconf 94' lang='lat' dir='ltr'>in</span> <span class='ocrx_word' id='word_1_637' title='bbox 2166 3313 2316 3350; x_wconf 89' lang='lat' dir='ltr'>Christo</span> <span class='ocrx_word' id='word_1_638' title='bbox 2344 3314 2473 3352; x_wconf 84' lang='lat' dir='ltr'>anima</span> 
     </span>
     <span class='ocr_line' id='line_1_104' title="bbox 1416 3365 2473 3415; baseline 0.001 -13"><span class='ocrx_word' id='word_1_639' title='bbox 1416 3374 1452 3403; x_wconf 87' lang='lat' dir='ltr'>et</span> <span class='ocrx_word' id='word_1_640' title='bbox 1488 3377 1629 3415; x_wconf 89' lang='lat' dir='ltr'>corpus</span> <span class='ocrx_word' id='word_1_641' title='bbox 1657 3377 1736 3402; x_wconf 86' lang='lat' dir='ltr'>non</span> <span class='ocrx_word' id='word_1_642' title='bbox 1772 3365 1925 3402; x_wconf 82' lang='lat' dir='ltr'>fuerunt</span> <span class='ocrx_word' id='word_1_643' title='bbox 1958 3365 2083 3413; x_wconf 82' lang='lat' dir='ltr'>unita,</span> <span class='ocrx_word' id='word_1_644' title='bbox 2114 3378 2194 3402; x_wconf 92' lang='lat' dir='ltr'>non</span> <span class='ocrx_word' id='word_1_645' title='bbox 2229 3374 2441 3415; x_wconf 89' lang='lat' dir='ltr'>posuerunt</span> <span class='ocrx_word' id='word_1_646' title='bbox 2460 3366 2473 3391; x_wconf 62' lang='grc' dir='ltr'>ζ</span> 
     </span>
    </p>
   </div>
   <div class='ocr_carea' id='block_1_21' title="bbox 1628 3454 1771 3459">
    <p class='ocr_par' dir='ltr' id='par_1_34' title="bbox 1628 3454 1771 3459">
     <span class='ocr_line' id='line_1_105' title="bbox 1628 3454 1771 3459; baseline 0 0"><span class='ocrx_word' id='word_1_647' title='bbox 1628 3454 1771 3459; x_wconf 95' lang='lat' dir='ltr'> </span> 
     </span>
    </p>
   </div>
   <div class='ocr_carea' id='block_1_22' title="bbox 1407 3497 2474 3603">
    <p class='ocr_par' dir='ltr' id='par_1_35' title="bbox 1407 3497 2474 3603">
     <span class='ocr_line' id='line_1_106' title="bbox 1469 3497 2474 3532; baseline 0 -9"><span class='ocrx_word' id='word_1_648' title='bbox 1469 3497 1492 3532; x_wconf 87' lang='grc' dir='ltr'>ε)</span> <span class='ocrx_word' id='word_1_649' title='bbox 1511 3498 1611 3523; x_wconf 72' lang='lat' dir='ltr'>dicitur</span> <span class='ocrx_word' id='word_1_650' title='bbox 1629 3498 1733 3524; x_wconf 85' lang='lat' dir='ltr'>homo...</span> <span class='ocrx_word' id='word_1_651' title='bbox 1751 3498 1872 3523; x_wconf 81' lang='lat' dir='ltr'>hominis.</span> <span class='ocrx_word' id='word_1_652' title='bbox 1884 3511 1903 3516; x_wconf 88' lang='lat'>—</span> <span class='ocrx_word' id='word_1_653' title='bbox 1915 3497 2013 3528; x_wconf 55' lang='lat' dir='ltr'>Ter-tien</span> <span class='ocrx_word' id='word_1_654' title='bbox 2033 3497 2132 3523; x_wconf 80' lang='lat' dir='ltr'>dicitur</span> <span class='ocrx_word' id='word_1_655' title='bbox 2149 3504 2271 3524; x_wconf 83' lang='lat' dir='ltr'>aurum...</span> <span class='ocrx_word' id='word_1_656' title='bbox 2284 3498 2354 3524; x_wconf 80' lang='lat' dir='ltr'>auri.</span> <span class='ocrx_word' id='word_1_657' title='bbox 2373 3499 2413 3523; x_wconf 85' lang='lat' dir='ltr'>An</span> <span class='ocrx_word' id='word_1_658' title='bbox 2426 3506 2474 3532; x_wconf 83' lang='lat' dir='ltr'>pro</span> 
     </span>
     <span class='ocr_line' id='line_1_107' title="bbox 1407 3533 1905 3566; baseline 0 -8"><span class='ocrx_word' id='word_1_659' title='bbox 1407 3534 1561 3566; x_wconf 83' lang='lat' dir='ltr'>figuratum</span> <span class='ocrx_word' id='word_1_660' title='bbox 1580 3534 1719 3565; x_wconf 84' lang='lat' dir='ltr'>legendum</span> <span class='ocrx_word' id='word_1_661' title='bbox 1738 3533 1905 3566; x_wconf 73' lang='lat' dir='ltr'>levigatum?</span> 
     </span>
     <span class='ocr_line' id='line_1_108' title="bbox 1467 3568 2348 3603; baseline 0 -9"><span class='ocrx_word' id='word_1_662' title='bbox 1467 3568 1492 3603; x_wconf 84' lang='grc' dir='ltr'>ζ)</span> <span class='ocrx_word' id='word_1_663' title='bbox 1507 3572 1665 3601; x_wconf 77' lang='lat' dir='ltr'>posuerunt.</span> <span class='ocrx_word' id='word_1_664' title='bbox 1682 3583 1702 3588; x_wconf 79' lang='lat'>—</span> <span class='ocrx_word' id='word_1_665' title='bbox 1715 3572 1863 3601; x_wconf 83' lang='lat' dir='ltr'>potuerunt</span> <span class='ocrx_word' id='word_1_666' title='bbox 1882 3569 1968 3594; x_wconf 81' lang='lat' dir='ltr'>dicere</span> <span class='ocrx_word' id='word_1_667' title='bbox 1987 3568 2014 3598; x_wconf 80' lang='lat' dir='ltr'>F,</span> <span class='ocrx_word' id='word_1_668' title='bbox 2029 3572 2143 3600; x_wconf 79' lang='lat' dir='ltr'>possunt</span> <span class='ocrx_word' id='word_1_669' title='bbox 2161 3568 2248 3594; x_wconf 73' lang='lat' dir='ltr'>dIcere</span> <span class='ocrx_word' id='word_1_670' title='bbox 2266 3569 2348 3594; x_wconf 83' lang='lat' dir='ltr'>tertia.</span> 
     </span>
    </p>
   </div>
   <div class='ocr_carea' id='block_1_23' title="bbox 2504 2421 2667 2448">
    <p class='ocr_par' dir='ltr' id='par_1_36' title="bbox 2504 2421 2667 2448">
     <span class='ocr_line' id='line_1_109' title="bbox 2504 2421 2667 2448; baseline -0.006 -5"><span class='ocrx_word' id='word_1_671' title='bbox 2504 2421 2515 2431; x_wconf 81' lang='lat'>¹</span> <span class='ocrx_word' id='word_1_672' title='bbox 2525 2421 2591 2443; x_wconf 81' lang='lat' dir='ltr'>Vers.</span> <span class='ocrx_word' id='word_1_673' title='bbox 2606 2421 2628 2447; x_wconf 87' lang='lat'>6,</span> <span class='ocrx_word' id='word_1_674' title='bbox 2645 2426 2667 2448; x_wconf 83' lang='lat'>7.</span> 
     </span>
    </p>
   </div>
  </div>
 </body>
</html>
