2912 4030
7 2614 11 2616 .
0 2501 13 2581 vna-⁴*
3 2431 10 2440 λ’
10 2392 14 2397 .

2459 255 2505 280 Vll

312 321 561 375 pergameni
597 327 638 362 et
669 322 902 361 litterarum
937 334 1048 374 quae
1082 335 1192 375 pene
1226 322 1372 376 Opera
1406 323 1565 362 Omnia
1598 323 1643 363 S.
1678 323 1884 363 Doctoris
1918 324 2119 364 continet.
2171 325 2357 365 Codices
2393 325 2505 365 eius-

313 382 413 422 dem
446 383 583 432 seriei,
607 383 704 424 Vat.
732 384 820 436 784
845 383 902 436 (D
925 383 1172 438 Periherm.)
1197 391 1239 424 et
1264 386 1350 437 732
1387 384 1442 437 (K
1466 385 1515 424 Iae
1537 385 1621 438 11³2)
1656 390 1756 425 tunc
1779 385 1986 439 temporis
2021 385 2207 426 diximus
2235 387 2393 427 saeculi
2429 399 2503 427 xiv

313 457 431 494 esse;
469 447 556 499 738
581 452 623 487 et
647 445 734 499 745
760 445 814 499 (K
837 444 907 485 IIae
928 446 1011 499 11⁸0)
1036 447 1209 487 saeculo
1244 447 1342 487 XIII
1376 447 1695 500 adscripsimus,
1720 447 1821 500 quia
1855 460 1908 487 ex
1936 448 2177 501 aliquorum
2208 449 2504 504 marginalium

312 507 526 561 scriptura.
553 508 790 549 certissima
822 508 948 562 signa
971 514 1012 548 et
1036 521 1112 548 eos
1137 515 1178 549 et
1199 515 1335 550 totam
1369 509 1615 549 munificam
1648 509 1802 549 seriem
1826 509 1881 549 ad
1904 516 2074 564 tempus
2108 511 2323 564 antiquius
2352 511 2506 551 referre

310 569 581 611 videbantur.
617 570 706 611 Sed
741 582 853 610 nunc
887 570 941 610 ad
975 570 1162 624 priorem
1196 571 1451 611 sententiam
1486 571 1749 611 revertimur.

438 630 494 684 G)
527 632 763 673 Vaticanus
789 643 878 685 749
909 646 1019 673 saec.
1048 646 1124 674 x1v
1158 634 1363 682 exeuntis,
1388 633 1589 673 foliorum
1620 635 1716 674 186.
1752 634 1846 674 Fol.
1878 636 1960 675 183
1983 648 2112 675 verso
2147 641 2247 690 post
2271 636 2505 676 venialium

312 694 354 748 (a
387 694 594 749 scriptore
637 701 779 735 textus
812 695 854 735 ni
887 695 1033 743 fallor;
1081 696 1117 736 si
1154 708 1260 736 vero
1304 696 1358 736 ab
1402 695 1499 743 alio,
1544 709 1702 735 nornen
1746 697 1932 736 auctoris
1967 697 2008 736 in
2045 711 2172 738 manu
2217 698 2372 738 librarii
2419 711 2505 738 non

312 757 522 805 occurrit;
573 757 693 811 quod
736 757 807 798 fol.
848 759 908 809 96
957 770 1149 798 versoe
1189 757 1366 812 regione
1416 758 1644 798 solutionis
1694 758 1817 812 primi
1875 760 2116 814 argumenti
2160 766 2234 800 art.
2271 759 2296 800 5
2338 774 2408 813 qu.
2448 773 2506 800 LII

311 819 485 874 legitur:
526 820 626 860 Vim
652 819 776 873 facis
815 820 979 860 Tkoma
1005 820 1148 860 verbis
1178 820 1428 873 Augustini,
1474 820 1692 874 scriptoris
1735 821 1805 860 vel
1844 822 2095 862 correctoris
2141 835 2228 862 non
2268 822 2345 876 est)
2381 822 2504 877 nigro

313 881 417 921 Duo
452 893 645 922 GRATIAS
685 893 838 930 AMEN;
889 882 1018 922 rubro
1052 882 1250 936 Explicit
1289 882 1421 922 tercia
1452 884 1567 936 pars
1607 896 1774 923 summe
1799 882 1967 937 fratris
2006 884 2148 924 thome
2179 883 2231 924 de
2263 885 2422 937 aquino
2454 883 2507 924 de
2562 907 2566 910 ·
2637 884 2639 886 ’

310 943 460 984 ordine
493 943 697 997 fratrum
736 943 1074 999 predicatorum.
1123 944 1343 998 Incipiunt
1380 944 1496 983 tituli
1530 947 1663 998 super
1702 946 1880 985 terciam
1919 948 2096 999 partem
2138 959 2304 986 summe
2337 946 2507 1000 fratris

311 1006 439 1046 thone
462 1005 552 1059 (sic)
576 1006 628 1046 de
650 1007 809 1060 aquino
841 1006 1006 1046 ordinis
1032 1005 1355 1060 predicatorum
1376 1006 1445 1045 De
1471 1008 1761 1047 convenientia
1795 1008 2107 1048 incarnationis
2143 1009 2317 1060 Questio
2342 1009 2505 1062 prima.

310 1068 419 1109 Post
440 1068 630 1109 Iudicem
664 1069 794 1109 rubro
828 1068 1088 1122 Expliciunt
1115 1068 1232 1108 tituli
1261 1068 1388 1108 tercie
1413 1068 1560 1121 partis
1591 1082 1756 1109 summe
1786 1070 2043 1110 venerabilis
2063 1070 2232 1125 fratris
2262 1069 2436 1124 (rasuris
2461 1071 2507 1110 fit

309 1143 362 1171 sa
384 1129 432 1183 ti)
466 1131 608 1171 thome
639 1131 692 1171 de
713 1131 871 1184 aquino
903 1130 1068 1171 ordinis
1085 1130 1290 1184 fratrum
1305 1129 1643 1183 predicatorum.
1681 1131 1910 1171 Corrector
1933 1132 2087 1172 librum
2115 1132 2332 1172 laboriose
2366 1146 2506 1173 emen—

306 1192 456 1240 ‘davit;
499 1193 694 1232 librarius
733 1193 824 1232 eius
868 1192 1074 1232 lectiones
1119 1205 1248 1246 saepe
1292 1192 1518 1246 rescripsit.
1558 1193 1628 1232 De
1670 1194 2007 1234 correctionibus
2053 1194 2179 1234 huius
2227 1194 2388 1234 codicis
2422 1194 2505 1234 iam

311 1267 423 1295 nunc
457 1254 851 1299 animadvertimus.
886 1267 958 1305 eas
993 1254 1243 1308 saepissime
1285 1267 1372 1294 non
1408 1254 1658 1308 desumptas
1703 1268 1798 1295 esse
1832 1269 1857 1295 a
1890 1261 2007 1296 textu
2046 1256 2299 1310 exemplaris
2335 1269 2422 1309 quo
2458 1256 2506 1295 li-

308 1317 476 1357 brarius
522 1317 733 1358 utebatur.
783 1316 918 1357 Cuius
967 1316 1140 1371 signum
1181 1323 1246 1356 est
1292 1316 1412 1369 quod
1460 1317 1655 1357 librarius
1695 1317 1760 1357 his
1801 1317 1906 1357 locis
1954 1317 2229 1371 antiquorum
2278 1318 2506 1358 lectionem

311 1379 550 1434 scripserat,
592 1379 632 1420 in
675 1392 805 1433 quam
849 1379 976 1419 etiam
1022 1378 1264 1418 recedendo
1309 1378 1363 1418 ab
1411 1379 1641 1433 exemplari
1683 1379 1954 1420 librariorum
1999 1380 2145 1428 modo,
2181 1380 2308 1420 toties
2353 1380 2506 1420 cadere

310 1455 399 1482 non
430 1442 582 1496 potuit.
626 1442 859 1482 Corrector
890 1454 987 1481 curn
1021 1446 1170 1481 nostro
1205 1441 1222 1480 I
1256 1441 1400 1495 legere
1436 1441 1572 1489 solet;
1608 1455 1713 1496 ergo
1748 1448 1822 1482 aut
1853 1442 2036 1483 similem
2071 1443 2265 1483 codicem
2299 1442 2506 1490 adhibuit,

307 1510 384 1544 aut
417 1517 470 1544 ex
503 1504 721 1559 scriptoris
755 1503 987 1558 exemplari
1021 1503 1321 1550 correctiones,
1356 1516 1465 1556 quas
1488 1504 1555 1544 hic
1579 1504 1836 1559 neglexerat,
1862 1505 2006 1545 denuo
2041 1499 2253 1559 apposuit.
2289 1505 2506 1545 Interdum

310 1565 401 1620 ipse
441 1566 638 1607 librarius
678 1566 719 1606 in
759 1571 890 1614 textu,
925 1565 1082 1619 scripta
1116 1571 1157 1606 et
1196 1571 1408 1619 expuncta
1451 1566 1634 1606 lectione
1672 1567 1804 1614 ΑΒΕ,
1840 1566 2067 1607 lectionem
2101 1568 2118 1607 I
2152 1567 2410 1620 assumpsit:
2453 1579 2506 1606 ex

310 1633 404 1681 quo‘
443 1628 603 1684 colligo
649 1628 886 1683 marginem
934 1627 1190 1680 exemplaris
1239 1627 1528 1668 correctiones
1575 1627 1790 1668 habuisse.
1842 1629 2061 1669 Librarius
2105 1629 2158 1668 ab
2200 1629 2507 1684 orthographia

310 1690 523 1731 interdum
567 1691 805 1732 occurrenti
849 1690 1020 1730 videtur
1062 1689 1266 1742 hispanus
1306 1689 1464 1736 fuisse;
1513 1689 1658 1729 inveni
1701 1690 1812 1729 anbo
1853 1694 2009 1744 senper
2045 1691 2259 1731 volumtas
2296 1691 2505 1744 potenttia

308 1752 614 1804 auoadiutores
645 1751 986 1805 quointellzgztur
1015 1750 1278 1804 quoheredes
1309 1750 1470 1804 efectus
1501 1750 1642 1805 efudit
1670 1751 2007 1792 absurdisimum
2032 1754 2240 1806 posimus.
2280 1754 2506 1793 Praeterea

309 1815 552 1855 invenimus
586 1814 813 1868 discreptio
835 1813 1071 1865 (discretio)
1095 1813 1282 1853 absserit
1307 1813 1501 1863 (asserit)
1532 1813 1742 1867 succeptio
1776 1815 2002 1865 (successio
2025 1829 2078 1855 an
2100 1816 2308 1869 susceptio
2342 1815 2506 1869 nescio)

308 1880 515 1918 externus
547 1877 811 1927 (hesternus)
837 1875 1043 1930 profexio
1063 1874 1409 1915 Alesandrz‘num
1442 1875 1663 1915 obnossius
1693 1876 1864 1928 synasis
1897 1878 2114 1929 (synaxis)
2146 1880 2299 1931 optavo
2326 1878 2511 1930 gezabel

307 1939 487 1980 zezabel
510 1932 684 1992 szg'num
707 1939 900 1989 (sinum),
926 1951 1037 1992 quae
1071 1943 1215 1978 tamen
1237 1937 1465 1991 hispanum
1489 1937 1753 1992 distinguere
1788 1951 1875 1978 non
1910 1939 2051 1979 credo.
2087 1940 2257 1993 Lapsus
2281 1939 2511 1993 plubicani

307 2001 376 2042 bis
409 2001 615 2049 occurrit;
651 2000 790 2055 edips-
824 2014 902 2055 pro
936 2000 1085 2054 eclips-
1119 2013 1189 2054 qu.
1214 2011 1318 2039 XLIV
1342 2005 1417 2040 art.
1442 2012 1469 2051 4
1493 1999 1547 2039 ad
1574 2013 1597 2040 2
1623 2000 1758 2040 octies
1792 2000 1996 2054 scriptum
2033 2001 2120 2048 fuit,
2156 2014 2254 2042 nam
2289 2008 2388 2055 post
2420 2002 2504 2055 pri-

308 2077 428 2104 mum
449 2063 616 2118 edipsis,
653 2063 772 2117 quod
797 2075 884 2103 non
919 2068 1157 2102 correctum
1182 2067 1257 2109 est,
1292 2062 1452 2115 septies
1485 2061 1528 2102 cl
1555 2058 1686 2116 super
1713 2076 1904 2103 rasuram
1928 2063 2133 2117 scriptum
2158 2070 2233 2104 est.
2269 2064 2444 2117 (Noster
2467 2065 2505 2104 E

307 2125 366 2167 ibi
390 2126 527 2180 prima
550 2132 591 2166 et
613 2125 803 2166 secunda
825 2125 919 2165 vice
943 2124 1111 2178 scripsit
1142 2123 1309 2178 edzpsis,
1335 2123 1414 2164 sed
1437 2123 1536 2164 inde
1560 2139 1584 2164 a
1606 2137 1654 2164 se
1676 2125 1874 2179 resipuit;
1910 2126 1926 2165 I
1951 2126 2112 2179 ubique
2135 2127 2266 2166 habet
2295 2127 2407 2167 eucli
2432 2127 2503 2180 s-).

351 2213 359 2217 ζ
432 2188 491 2242 Η)
525 2187 839 2243 Neapolitanus
883 2187 986 2228 bibl.
1020 2186 1262 2227 Nationalis
1296 2186 1389 2226 VII.
1424 2187 1471 2226 B.
1511 2198 1548 2239 7.
1583 2187 1742 2227 saeculi
1776 2201 1849 2228 x1v
1891 2188 2086 2228 exeuntis
2122 2188 2192 2228 vel
2237 2189 2395 2229 saeculi
2430 2201 2502 2229 xv,

308 2250 433 2290 Folia
467 2254 669 2291 notantur
702 2261 799 2303 117,
833 2249 912 2290 sed
945 2249 1054 2289 libro
1090 2248 1258 2303 integro
1290 2259 1372 2301 127
1408 2249 1476 2288 vel
1508 2261 1591 2300 129
1625 2249 1825 2290 fuissent:
1860 2263 1959 2290 nam
1993 2251 2115 2290 tertia
2148 2251 2349 2291 foliorum
2385 2265 2503 2291 com-

307 2325 455 2367 pages,
491 2312 640 2366 quinio
681 2312 751 2352 vel
794 2311 1001 2365 quinione
1045 2310 1192 2358 maior,
1227 2311 1405 2350 avulsus
1449 2317 1524 2351 est.
1574 2311 1886 2352 Desiderantur
1924 2325 2036 2366 quae
2073 2313 2183 2353 inter
2220 2316 2271 2353 ut
2298 2314 2505 2353 Boethius

308 2387 377 2427 qu.
403 2387 479 2415 XVI
511 2381 586 2415 art.
619 2387 668 2415 12
695 2388 782 2429 arg.
815 2387 828 2414 1
871 2379 913 2414 et
945 2373 1151 2426 legantur
1180 2373 1440 2425 sanctfficati
1468 2373 1512 2413 in
1546 2376 1666 2413 utero
1700 2387 1770 2427 qu.
1799 2386 1921 2414 xxvn
1955 2381 2029 2414 art.
2054 2377 2082 2414 6
2105 2388 2194 2429 arg.
2221 2387 2244 2415 2
2281 2375 2501 2416 intersunt.

306 2436 414 2477 Post
444 2436 677 2477 venialium
711 2435 823 2476 linea
856 2449 1019 2483 vacua;
1055 2434 1152 2475 dein
1186 2435 1257 2475 fol.
1290 2434 1371 2475 115
1407 2441 1523 2475 recto
1550 2448 1572 2476 2
1600 2436 1679 2476 col.
1715 2437 1845 2476 rubro
1879 2437 2097 2490 Incipiunt
2126 2435 2257 2477 tituli}
2282 2436 2341 2490 (lu
2372 2437 2502 2478 credo

306 2511 385 2552 pro
419 2498 462 2539 li.
495 2500 535 2545 3,
571 2498 682 2539 lecto
716 2498 802 2552 luz)
827 2499 976 2551 partis
1008 2497 1185 2538 Summe
1205 2496 1374 2551 fratris
1405 2498 1548 2555 thome
1580 2497 1632 2537 de
1663 2499 1833 2551 aquino.
1873 2499 1941 2539 De
1973 2499 2263 2539 convenientia
2296 2500 2501 2540 incarna-

306 2560 443 2601 tionis.
462 2577 466 2579 -
480 2560 656 2612 Questio
687 2560 719 2600 I.
755 2560 803 2600 In
836 2560 922 2600 fine
954 2559 1111 2600 Indicis
1153 2566 1254 2614 post
1294 2559 1551 2600 subiectivas
1593 2559 1713 2600 addit
1745 2561 1876 2601 rubro
1908 2561 1978 2600 De
2007 2561 2211 2615 partibus
2244 2562 2505 2615 poenitentze

305 2623 349 2663 in
382 2621 500 2676 spali
529 2622 619 2677 (sic)
653 2626 697 2663 et
716 2622 863 2675 primo
895 2621 948 2663 de
979 2621 1239 2663 contritione.
1274 2627 1358 2662 ain.
1394 2622 1552 2663 Multas
1587 2623 1874 2663 correctiones
1909 2623 2085 2663 habeta
2108 2637 2237 2664 manu
2270 2623 2426 2664 librarii
2462 2630 2504 2664 et

307 2683 589 2726 diversorum.

431 2746 464 2800 Ι)
497 2746 810 2800 Neapolitanus
853 2746 955 2787 bibl.
990 2746 1232 2786 Nationalis
1265 2746 1357 2786 VII.
1393 2747 1440 2787 B.
1485 2746 1554 2795 15,
1598 2746 1757 2787 saeculi
1791 2759 1865 2786 xlv
1906 2746 2121 2794 exeuntis;
2162 2746 2362 2787 foliorum
2399 2760 2500 2799 224.

307 2807 417 2848 Foll.
460 2819 535 2858 1-4
567 2814 685 2849 recto
719 2808 774 2849 ab
808 2808 890 2849 alia
929 2821 1058 2848 manu
1092 2821 1141 2848 ac
1174 2813 1317 2848 textus
1359 2808 1506 2856 Index,
1543 2809 1749 2863 incipiens
1792 2809 1922 2849 rubro
1966 2808 2184 2862 Incipiunt
2221 2809 2338 2849 tituli
2369 2812 2504 2863 super

306 2869 485 2910 terciam
520 2871 696 2923 partem
735 2883 902 2911 summe
931 2869 1102 2924 fratris
1143 2870 1390 2925 (corrigitur
1428 2870 1471 2911 in
1508 2872 1668 2925 sancti)
1712 2871 1854 2911 thome
1892 2870 1944 2910 de
1979 2871 2147 2923 aqui-no.
2184 2884 2218 2910 o.
2242 2870 2285 2925 f.
2310 2874 2358 2925 p.
2393 2873 2501 2912 Post

257 2927 260 2929 ’
305 2931 550 2978 venialium,
587 2944 685 2971 cum
717 2932 852 2972 tribus
885 2932 977 2973 aliis
1012 2945 1065 2972 ex
1097 2938 1188 2972 tota
1220 2932 1448 2973 traditione
1483 2933 1610 2973 nobis
1645 2933 1829 2987 cognita,
1865 2931 1984 2972 addit
2005 2931 2139 2972 textui
2161 2932 2330 2979 Deinde
2361 2935 2498 2974 consi-

306 2993 549 3034 derandum
591 2995 657 3033 est
693 2992 746 3033 de
786 2994 972 3046 Singulis
1009 2994 1215 3048 partibus
1257 2994 1508 3048 penitentie,
1555 2998 1599 3035 et
1632 2995 1778 3048 primo
1819 2993 1871 3033 de
1912 2994 2171 3041 contritione,
2220 2995 2405 3035 secundo
2446 2995 2500 3036 de

306 3054 577 3110 confessione,
614 3055 743 3095 tercio
775 3054 827 3094 de
856 3055 1162 3109 satisfactione.
1198 3056 1311 3096 Dein
1335 3057 1534 3110 Scriptor
1559 3057 1637 3109 qui
1664 3056 1839 3109 scripsit
1868 3068 1964 3095 cum
1991 3055 2161 3096 Cliristo
2192 3056 2335 3096 vivere
2357 3058 2502 3110 possit

306 3130 432 3159 amen
465 3130 591 3158 amen
613 3130 654 3157 n.
680 3116 884 3157 Auctoris
918 3130 1077 3157 nomen
1099 3117 1143 3157 in
1166 3127 1295 3158 manu
1329 3118 1487 3159 librarii
1510 3132 1535 3158 a
1557 3118 1666 3158 libro
1690 3117 1823 3157 abest.
1860 3117 2033 3158 Folium
2058 3117 2115 3158 50
2139 3118 2379 3171 (continens
2402 3119 2498 3160 Nec

305 3179 419 3220 enim
450 3178 640 3233 indiguit
667 3178 876 3231 sacrfficz‘o
911 3191 981 3231 qu.
1016 3190 1107 3218 xxn
1140 3185 1215 3219 art.
1240 3191 1267 3230 4
1301 3194 1390 3235 arg.
1427 3179 1518 3220 Sed
1545 3182 1695 3220 contra
1726 3203 1787 3208 ——
1820 3180 2019 3232 quamvis
2051 3182 2196 3220 autem
2214 3193 2430 3233 generare
2451 3181 2495 3221 in

304 3240 463 3282 divz‘nis
492 3241 554 3282 sit
581 3254 652 3295 qu.
687 3253 794 3281 xxm
826 3245 900 3280 art.
938 3252 961 3280 2
998 3252 1113 3293 corp.
1149 3240 1278 3294 med.)
1312 3241 1518 3282 insertum
1549 3247 1590 3281 et
1622 3255 1647 3282 a
1668 3241 1875 3295 scriptore
1909 3241 2065 3282 Indicis
2099 3242 2321 3296 impletum
2356 3248 2490 3283 est.—

304 3302 608 3345 Correctiones
642 3303 770 3344 valde
803 3315 961 3356 paucas
995 3301 1135 3342 habet.

347 3371 366 3406 .’
423 3365 603 3406 'Praeter
635 3365 716 3406 hos
751 3364 923 3405 codices
958 3369 1042 3404 tres
1075 3363 1196 3411 alios,
1231 3370 1435 3412 recentes,
1465 3378 1518 3405 ex
1551 3365 1822 3406 bibliothecis
1857 3366 2076 3407 Vaticanis
2111 3366 2311 3407 continue
2345 3367 2495 3407 nobis-

304 3439 403 3469 cum
435 3426 665 3469 habuimus
699 3433 741 3468 et
773 3425 1044 3472 contulimus
1068 3425 1228 3466 scilicet
1250 3426 1348 3466 Vat.
1375 3429 1463 3479 746
1486 3428 1532 3468 P.
1556 3427 1573 3467 I
1596 3427 1656 3481 (P.
1687 3428 1723 3468 II
1752 3427 2111 3482 Supplementum
2146 3428 2361 3482 continet),
2387 3429 2494 3470 Urb.

313 3489 405 3532 132·
431 3493 474 3528 et
505 3488 592 3530 Pal.
620 3487 717 3530 ⁷358
747 3488 1041 3536 chartaceum;
1076 3487 1233 3541 quibus
1257 3488 1497 3530 Parisinum
1530 3489 1587 3530 ob
1611 3490 1949 3545 fragmentorum
1973 3502 1995 3530 e
2030 3491 2187 3544 quibus
2211 3490 2369 3531 coaluit
2402 3491 2493 3531 exi·

302 3549 443 3592 miam·
468 3555 738 3598 vetustatem,
764 3556 806 3590 et
837 3549 1149 3604 Neapolitanos
1183 3555 1358 3604 propter
1390 3557 1553 3592 textum
1587 3552 1700 3606 typis
1734 3551 1934 3592 traditum
1974 3552 2172 3592 substitui
2212 3552 2370 3593 debere
2413 3552 2493 3592 du-

302 3624 457 3653 ximus
