2872 3970
205 367 399 413 postquam
419 362 671 410 navigaverit:
687 359 753 396 sed
769 360 855 408 quia
874 360 1107 408 cogitabatur
1125 359 1162 394 in
1177 370 1264 407 por-

211 421 248 453 tu
269 425 488 465 pransurus.
521 413 569 449 Et
595 411 765 449 similiter
789 410 1029 459 Evangelista
1055 410 1161 456 dicit,
1189 411 1265 447 An-

210 473 355 517 tequam
383 467 632 511 convenirent,
661 466 809 502 inventa
836 470 887 501 est
913 466 1046 502 Maria
1065 462 1077 484 ⁰
1106 465 1142 500 in
1163 469 1266 500 utero

211 521 347 561 habens
373 518 420 556 de
450 519 586 568 Spiritu
612 519 759 563 Sancto,
788 529 868 554 non
897 516 988 565 quia
1013 523 1146 566 postea
1176 527 1267 552 con-

211 571 401 610 venerint:
430 570 498 607 sed
525 569 628 619 quia,
657 570 753 606 dum
780 569 1002 607 viderentur
1028 568 1266 616 conventuri,

211 623 407 675 praevenit
434 622 634 672 conceptio
670 634 740 672 per
768 621 952 671 Spiritum
987 623 1192 668 Sanctum,
1222 633 1268 658 ex

213 689 292 727 quo
318 676 459 714 facturn
489 683 544 712 est
571 682 613 712 ut
640 674 796 712 ulterius
824 687 904 712 non
933 675 1192 712 convenirent.

265 730 322 766 An
348 740 536 766 SECUNDUM
561 740 742 765 memnon
768 728 885 777 quod,
915 727 1010 764 sicut
1035 727 1269 775 Augustinus

180 805 188 812 ·
212 780 372 828 distin-‘m
390 780 486 819 libro
511 781 558 817 de
574 781 724 830 Nuptiis
745 787 780 818 et
809 782 1113 830 Concupiscentia
1131 778 1162 827 ³¹⁸,
1182 792 1269 817 con-

211 836 304 874 iux*
331 839 486 871 vocatur
509 834 639 871 Mater
659 834 733 870 Dei
756 845 807 871 ex
827 835 955 883 prima
981 834 1270 883 desponsationis

111 927 129 940 ι’,
202 886 296 936 fide,
316 898 433 936 quam
460 887 654 923 concubitu
682 898 757 923 non
786 891 1024 936 cognoverat,
1054 898 1122 922 nec
1139 888 1272 935 fuerat

119 946 189 986 1¹,
213 940 439 989 mgnuurus.
459 938 508 976 Ut
527 938 631 975 enim
649 938 878 976 Ambrosius
897 938 996 985 dicit,
1010 951 1122 1000 super
1135 941 1225 976 Luc.
1239 938 1270 985 *,

136 1001 141 1004 “
211 1004 288 1031 mm
321 992 544 1041 virginitatis
577 993 733 1041 ereptio,
769 992 835 1028 sed
868 993 1036 1041 coniugii
1070 967 1271 1040 testificatio⁷

213 1045 426 1094 nuptiarum
453 1044 649 1081 celebratio
678 1044 934 1081 declaratur.
907 1051 923 1066 κ

246 1098 325 1135 An
356 1108 515 1135 Teanum
549 1108 731 1134 monimum
759 1097 865 1146 quod
901 1097 1061 1156 quidam
1096 1097 1273 1134 dixerunt

211 1150 291 1190 hoc
308 1161 390 1187 non
408 1161 489 1187 esse
505 1149 795 1208 intelligendum
813 1150 860 1186 de
880 1149 1094 1198 cognitione
1114 1149 1271 1197 carnis&

116 1238 146 1255 ,
214 1201 282 1243 sed
301 1202 358 1239 de
375 1201 591 1249 cognitione
610 1202 775 1239 notitiae.
805 1202 904 1240 Dicit
923 1203 1026 1239 enim
1047 1203 1272 1253 Chrysosto—

134 1260 190 1311 *g
214 1254 341 1295 mus*
368 1255 485 1315 quod
494 1267 569 1292 non
597 1257 772 1304 cognovit
794 1268 879 1292 eam
903 1257 1052 1305 Ioseph,
1075 1262 1273 1305 antequam

168 1313 373 1358 *pareret
400 1309 504 1345 cuius
519 1308 641 1355 suerit
667 1308 873 1358 dignitatis.-
898 1309 972 1354 sed,
996 1314 1195 1369 postquam
1207 1321 1273 1358 pe-

154 1409 157 1411 >
208 1362 318 1411 perit,
338 1366 425 1398 tunc
442 1362 617 1410 cognovit
635 1373 731 1398 eam.
766 1362 864 1403 Quia
876 1373 949 1411 per
967 1362 1079 1410 ipsius
1093 1362 1242 1411 prolem
1257 1368 1274 1391 μ

125 1413 128 1420 “
211 1415 412 1464 speciosior
438 1419 472 1451 et
489 1413 758 1463 digniorfacta
774 1415 907 1462 suerat
926 1426 1038 1463 quam
1056 1420 1149 1451 totus
1167 1427 1274 1452 mun-

214 1466 300 1505 dus:
327 1468 413 1516 quia
441 1479 549 1516 quem
567 1472 660 1504 totus
685 1468 845 1504 mundus
871 1479 1006 1517 capere
1025 1479 1099 1504 non
1114 1474 1273 1517 poterat,

214 1520 252 1559 itt
280 1525 438 1569 angusto
467 1521 561 1556 uteri
585 1521 644 1556 sui
667 1520 747 1557 sola
773 1522 940 1570 suscepit.

246 1596 248 1609 ζ
268 1571 441 1619 Quidam
467 1584 561 1610 vero
590 1572 666 1609 hoc
693 1573 860 1610 referunt
887 1573 936 1610 ad
963 1573 1138 1611 notitiam
1156 1573 1273 1610 visus.

214 1624 321 1663 Sicut
348 1624 453 1662 enim
487 1625 616 1674 Moysi
644 1637 735 1662 cum
762 1626 848 1662 Deo
876 1626 1128 1675 colloquentis
1165 1626 1275 1674 glori-

213 1676 326 1717 ficata
354 1685 409 1715 est
435 1677 560 1724 facies,
581 1684 619 1715 ut
646 1691 720 1715 non
743 1685 893 1728 possent
911 1679 1099 1716 intendere
1125 1681 1162 1716 in
1192 1692 1276 1716 eum

171 1731 284 1780 ·filii
309 1731 428 1768 Israel
445 1730 483 1775 *ς
513 1730 566 1767 sic
583 1731 717 1778 Maria,
745 1731 908 1768 claritate
929 1731 1077 1768 virtutis
1095 1732 1278 1769 Altissimi

125 1809 135 1815 ·
158 1789 189 1812 ⁸·
214 1783 483 1821 obumbrata*
485 1812 494 1830 ‚
514 1783 693 1831 cognosci
718 1796 798 1820 non
823 1792 970 1833 poterat
995 1797 1018 1821 a
1040 1786 1188 1833 Ioseph,
1209 1785 1277 1822 do-

114 1837 156 1870 112*
214 1848 288 1875 nec
305 1843 464 1885 pareret.
493 1837 584 1873 Post
610 1844 764 1885 partum
791 1845 922 1874 autem
947 1849 970 1873 a
997 1838 1134 1886 Ioseph
1154 1838 1278 1885 agnita

118 1883 160 1926 ”is
214 1888 425 1935 invenitur,
455 1889 580 1937 specie
607 1889 725 1934 faciei,
754 1901 836 1926 non
862 1897 964 1926 tactu
992 1889 1167 1926 libidinis.

111 1966 122 1970 ψ
135 1977 151 1987 ,Η
173 1957 181 1965 ·
267 1941 531 1991 Hieronymus
549 1941 569 1963 '³‘
597 1949 726 1978 autern
754 1942 929 1979 concedit
957 1943 1032 1979 hoc
1060 1954 1142 1979 esse
1170 1942 1277 1979 intel-

214 1993 412 2042 ligendum
439 1994 487 2031 de
515 1994 731 2042 cognitione
766 1994 900 2032 coitus.
938 1995 1014 2032 Sed
1042 1994 1132 2032 dicit
1169 1995 1277 2044 quod

216 2059 341 2096 usque,
368 2048 431 2086 vel
457 2047 592 2093 donec,
621 2046 662 2084 in
691 2047 893 2097 Scripturis
921 2047 1121 2097 dupliciter
1154 2055 1278 2097 potest

216 2098 378 2147 intelligi.
408 2099 657 2149 Quandoque
685 2100 789 2137 enim
817 2100 988 2149 designat
1015 2108 1162 2137 certum
1185 2107 1277 2137 tem-

216 2164 308 2202 pus:
346 2152 563 2190 secundum
598 2152 690 2190 illud
723 2153 843 2190 Galat.
864 2165 896 2190 111
910 2153 947 2200 *,
975 2155 1135 2202 Propter
1160 2159 1277 2191 trans-

216 2207 445 2256 gressionem
473 2206 536 2242 lex
548 2207 669 2254 posita
697 2212 759 2252 est,
778 2206 896 2243 donec
913 2208 1053 2244 veniret
1070 2218 1194 2243 semen
1219 2207 1281 2243 cui

119 2301 136 2318 2
211 2260 447 2308 promiserat.
464 2258 712 2307 Quandoque
726 2270 820 2296 vero
835 2258 957 2307 signat
969 2258 1164 2296 infinitum
1182 2267 1278 2295 tem-

117 2319 193 2360 3¹⁴3·-
216 2322 308 2360 pus:
330 2311 546 2349 secundum
565 2310 657 2348 illud
671 2311 813 2348 Psalmi
827 2311 857 2358 ³¹⁸,
882 2312 989 2349 Oculi
1006 2314 1123 2349 nostri
1139 2312 1190 2349 ad
1201 2313 1278 2349 Do-

115 2365 139 2371 ”
218 2365 361 2401 minum
390 2365 513 2400 Deum
542 2370 726 2410 nostrum,
756 2365 874 2402 donec
899 2366 1119 2402 misereatur
1146 2366 1279 2409 nostri,-

114 1121 143 1178 is,

272 2496 298 2531 θ)
315 2497 417 2523 Mart'a.
434 2511 454 2516 --
471 2497 533 2523 Om.
551 2498 633 2522 tertia.

273 2533 292 2567 ι)
310 2533 421 2558 coniux.
432 2547 451 2552 -
463 2533 556 2566 Ioseph
575 2533 644 2558 addit
657 2533 684 2558 Ρ.
696 2546 715 2551 -
728 2532 778 2556 Pro
790 2532 939 2562 concubitu,
954 2539 1007 2564 per
1023 2533 1188 2557 concubitum
1208 2532 1282 2557 tertia

202 2627 203 2630 ,
220 2569 457 2637 pruzexcei‘ebratio
469 2604 633 2629 declaratur.
645 2617 664 2622 —
675 2603 776 2634 Tertia3
797 2603 979 2628 decelebratur·
993 2603 1140 2628 declaratio
1152 2602 1181 2631 Ρ,
1195 2603 1282 2628 decla—

221 2642 291 2665 ratio
308 2640 508 2665 concelebratur
520 2639 561 2664 ed.
570 2645 595 2667 a.
606 2639 754 2664 declaratio
767 2639 917 2664 celebratur
930 2638 1016 2663 ceteri.
1030 2639 1068 2663 Cf.
1082 2647 1126 2671 qu.
1140 2646 1195 2671 seq.
1209 2643 1255 2663 art.
1267 2645 1280 2662 2

273 2709 302 2744 λ)
309 2674 419 2736 figit-nis.
435 2724 456 2729 -
473 2710 559 2735 coitus
576 2709 658 2735 tertia.

275 2750 302 2780 μ.)
318 2753 370 2778 per
383 2746 466 2777 ipsius
481 2746 624 2778 prolem.—
604 2745 697 2770 —Om.
710 2745 783 2769 tertia
796 2750 897 2777 praeter
910 2744 969 2770 Ρ.-
949 2744 1160 2786 -speciosior13
1179 2744 1283 2776 spatior

222 2780 272 2813 pfl.
289 2781 432 2813 spatiosior
450 2781 518 2811 PsH,
536 2788 590 2805 om.
611 2780 664 2809 FG.
676 2780 818 2812 specialior
836 2779 927 2810 ceteri;
946 2781 1014 2805 alias
1033 2780 1176 2812 speciosior
1195 2787 1283 2812 margo

222 2815 251 2842 Ρ.
261 2829 282 2835 -
300 2816 362 2841 Post
378 2819 494 2849 angusto
514 2817 532 2840 Ρ
551 2816 621 2841 addit
637 2816 764 2841 cubiculo.

275 2850 299 2886 ν)
316 2851 460 2877 secundum
485 2852 577 2885 legem.
599 2865 619 2870 -
641 2851 724 2881 Alias,
748 2851 891 2876 secundum
916 2851 1000 2884 legem
1025 2851 1207 2876 sacerdotibus
1229 2853 1278 2875 etc.

133 3018 149 3054 't
220 3032 390 3099 Tirinus
413 3026 524 3056 clarus.
547 3044 571 3048 ——
596 3026 632 3057 In
667 3034 803 3065 corpore
832 3026 928 3056 unica
959 3027 1124 3057 conclusio
1137 3051 1144 3063 ,
1170 3033 1281 3057 contra

140 3073 144 3083 '
283 3079 422 3100 errorem
453 3069 606 3106 Helvidii,
631 3075 769 3110 quatuor
797 3070 972 3100 rationibus
994 3070 1127 3101 firmata.
1164 3069 1281 3101 Omnia

224 3113 307 3144 clara
330 3119 413 3144 sunt.

278 3157 315 3188 In
336 3158 546 3198 responsione
569 3156 608 3187 ad
630 3157 769 3193 tertium,
793 3163 879 3193 nota,
899 3166 958 3197 pro
974 3167 1069 3188 sensu
1084 3158 1218 3194 litterali,
1234 3167 1282 3188 re—

225 3202 431 3242 sponsionem
454 3201 660 3242 Hieronymi:
686 3201 761 3240 quia
778 3202 940 3231 verissima
955 3206 1010 3237 est,
1028 3207 1059 3231 et
1082 3201 1121 3232 ad
1135 3202 1281 3236 litteram

223 3245 349 3277 et'fulta
363 3246 603 3276 auctoritatibus
619 3244 798 3284 Scripturae
819 3250 850 3275 et
866 3245 956 3275 allata
971 3246 1004 3275 in
1024 3245 1125 3275 littera
1145 3251 1176 3275 et
1199 3246 1281 3281 alibi,

195 3303 202 3311 ·
225 3289 306 3321 Sede
333 3299 354 3320 a
376 3289 500 3320 dextris
522 3289 615 3324 meis,
647 3288 748 3319 donec
772 3298 896 3328 ponam
922 3288 1069 3319 inimicos
1092 3293 1163 3319 tuos
1178 3290 1204 3325 ἦ
1222 3294 1281 3319 etc.

224 3332 302 3364 Non
327 3335 412 3364 enim
435 3334 604 3365 denotatur
633 3332 722 3372 quod
745 3338 818 3373 post
841 3333 1023 3373 suppositos
1052 3333 1199 3363 inimicos
1229 3332 1283 3363 de-

227 3377 307 3408 sinet
328 3377 436 3409 sedere
459 3388 477 3408 a
500 3377 630 3408 dextris:
655 3376 720 3413 sed,
744 3377 818 3417 quia
835 3377 936 3417 possit
952 3376 1086 3407 dubitari
1102 3387 1141 3407 an
1157 3377 1282 3407 interim

863 280 1126 327 QUAESTIO
1155 281 1326 327 XXVIII,
1356 279 1647 317 ARTICULUS
1675 279 1720 316 ΙΙΙ

2304 279 2378 327 307

1321 370 1367 394 ex
1396 370 1475 406 quo
1504 370 1584 394 non
1613 365 1667 394 est
1695 357 1981 405 intelligendum
2010 359 2116 406 quod
2143 367 2230 407 post
2261 358 2381 408 impe-

1321 418 1457 447 tratam
1476 410 1778 447 misericordiam
1808 410 1909 446 oculi
1931 418 2148 447 avertantur
2167 424 2189 448 a
2208 412 2303 448 Deo.
2334 412 2382 448 Et

1322 464 1538 500 secundum
1566 464 1671 500 hunc
1698 463 1863 500 modurn
1892 463 2093 511 loquendi,
2123 463 2382 511 significantur

1322 528 1367 553 ea
1394 517 1440 553 de
1467 518 1595 565 quibus
1617 522 1740 565 posset
1776 516 1938 552 dubitari
1961 518 1994 552 si
2019 518 2154 565 scripta
2192 530 2264 553 non
2283 517 2381 564 fuis-

1321 574 1415 606 sent:
1433 575 1554 606 cetera
1572 581 1660 606 vero
1681 574 1828 606 nostrae
1847 568 2107 618 intelligentiae
2125 570 2381 618 derelinquun-

1322 627 1392 658 tur.
1430 623 1477 658 Et
1503 621 1703 658 secundum
1731 622 1820 667 hoc,
1849 622 2087 670 Evangelista
2115 623 2199 658 dicit
2226 628 2381 658 matrem

1322 675 1396 711 Dei
1422 687 1496 711 non
1525 686 1601 711 esse
1628 676 1817 724 cognitam
1846 687 1869 711 a
1897 676 1978 711 viro
2008 687 2120 723 usque
2148 675 2198 711 ad
2216 680 2381 724 partum,

1324 733 1361 763 ut
1390 728 1503 764 multo
1531 729 1654 777 magis
1682 727 1930 776 intelligamus
1962 730 2150 777 cognitam
2180 740 2254 764 non
2264 728 2385 775 fuisse

1319 786 1404 828 post
1426 786 1591 829 partum.

1378 834 1435 869 An
1474 844 1645 874 QUARTUM
1682 844 1863 870 DICENDUM
1900 833 2005 882 quod
2043 845 2129 870 mos
2166 832 2384 870 divinarum

1327 885 1610 933 Scripturarum
1646 893 1700 922 est
1727 893 1769 922 ut
1796 885 2094 934 primogenitum
2129 893 2268 923 vocent
2304 897 2385 922 non

1327 939 1454 974 solum
1483 950 1573 974 eum
1611 950 1729 987 quem
1765 938 1895 975 fratres
1932 947 2164 988 sequuntur,
2195 939 2261 975 sed
2294 951 2385 975 eum

1327 990 1394 1039 qui
1421 990 1569 1039 primus
1597 998 1709 1027 natus
1737 991 1792 1027 sit.
1821 992 2009 1040 Alioquin,
2029 994 2062 1028 si
2079 1005 2153 1030 non
2183 998 2232 1028 est
2246 993 2386 1041 primo-

1326 1045 1471 1093 genitus
1500 1046 1570 1080 nisi
1588 1056 1695 1092 quem
1722 1050 1923 1093 sequuntur
1931 1045 2087 1092 fratres,
2107 1045 2234 1081 tandiu
2261 1057 2385 1081 secun·

1327 1097 1415 1133 dum
1435 1097 1556 1145 legem
1572 1102 1583 1116 ν
1596 1098 1851 1146 primogenita
1871 1110 1945 1134 non
1966 1098 2153 1143 debentur,
2174 1098 2335 1146 quandiu
2355 1103 2387 1133 et

1327 1149 1403 1186 alia
1412 1150 1560 1197 fuerint
1575 1155 1774 1198 procreata
1792 1149 1822 1185 ⁹¹².
1854 1150 1971 1196 Quod
1998 1158 2100 1198 patet
2126 1162 2207 1186 esse
2232 1151 2384 1187 falsum:

1328 1214 1419 1238 cum
1455 1201 1550 1238 infra
1578 1200 1734 1238 unumE
1762 1214 1938 1238 mensem
1965 1203 2219 1251 primogenita
2252 1203 2388 1239 redimi

1328 1255 1562 1291 mandentur
1590 1255 1806 1291 secundum
1834 1256 1957 1302 legem
1976 1255 2006 1292 ³¹².

1381 1309 1439 1344 Αι)
1468 1319 1629 1350 QUINTUM
1657 1319 1839 1344 DtCENDUM
1858 1308 1965 1356 quod
1990 1308 2152 1358 quidam,
2178 1307 2274 1345 sicut
2301 1307 2390 1345 dicit

1328 1360 1610 1409 Hieronymus,
1639 1372 1750 1409 super
1776 1362 1910 1398 Matth.
1930 1360 1967 1406 ²³⁶,
1997 1361 2042 1397 de
2069 1361 2144 1398 alia
2182 1373 2302 1398 uxore
2328 1363 2427 1398 Io-

1327 1415 1415 1463 seph
1423 1414 1569 1460 fratres
1586 1415 1743 1450 Domini
1755 1419 1768 1434 ⁰
1793 1415 2034 1463 suspicantur.
2064 1415 2146 1451 Nos
2174 1420 2295 1451 autem
2305 1415 2389 1462 fra-

1328 1473 1401 1504 tres
1428 1467 1599 1512 Domini,
1630 1479 1704 1503 non
1731 1466 1837 1514 filios
1870 1468 2023 1516 Ioseph,
2052 1467 2118 1503 sed
2151 1469 2391 1504 consobrinos

1330 1520 1542 1565 Salvatoris,
1563 1521 1718 1556 Mariae
1742 1525 1962 1556 materterae
1979 1526 1997 1541 π
2013 1521 2119 1567 filios
2142 1521 2388 1570 intelligimus.

1335 1573 1505 1614 Quatuor
1524 1572 1628 1608 enim
1647 1572 1765 1608 modis
1784 1573 1821 1608 in
1842 1574 2032 1621 Scriptura
2041 1574 2186 1620 fratres
2205 1574 2392 1610 dicuntur:

1330 1625 1468 1662 scilicet
1487 1631 1634 1670 natura,
1649 1631 1770 1674 gente,
1787 1627 2012 1674 cognatione
2029 1634 2065 1662 et
2080 1625 2213 1674 affectu
2228 1626 2258 1662 ⁹⁸.
2279 1627 2391 1663 Unde

1330 1678 1460 1714 fratres
1488 1677 1647 1714 Domini
1675 1677 1764 1714 dicti
1792 1686 1893 1725 sunt,
1923 1690 2003 1714 non
2031 1679 2247 1715 secundum
2284 1687 2392 1716 natu-

1331 1743 1426 1776 ram,
1447 1730 1557 1778 quasi
1585 1730 1632 1766 ab
1653 1731 1789 1766 eadem
1817 1739 1938 1767 matre
1966 1731 2061 1768 nati:
2091 1731 2158 1767 sed
2178 1732 2392 1768 secundum

1331 1783 1611 1831 cognationem,
1632 1783 1742 1831 quasi
1769 1783 2044 1831 consanguinei
2072 1784 2153 1820 eius
2181 1784 2391 1821 existentes.

1331 1836 1470 1884 Ioseph
1489 1843 1631 1881 autem,
1648 1835 1743 1872 sicut
1758 1835 2021 1885 Hieronymus
2040 1837 2140 1883 dicit,
2157 1843 2287 1874 contra
2301 1838 2393 1874 Hel-

1330 1889 1470 1926 vidium
1488 1888 1518 1934 ³⁸,
1548 1888 1669 1935 magis
1688 1889 1903 1925 credendus
1922 1896 1977 1925 est
1995 1889 2102 1937 virgo
2122 1890 2392 1939 permansisse:

1331 1940 1422 1990 quia
1449 1942 1564 1978 aliam
1583 1953 1742 1978 uxorem
1768 1943 1937 1978 habuisse
1956 1952 2029 1979 non
2053 1944 2235 1989 scribitur,
2257 1950 2293 1979 et
2309 1944 2394 1991 for-

1332 1995 1466 2032 nicatio
1495 1997 1532 2031 in
1559 2000 1729 2031 sanctum
1757 1996 1879 2031 virum
1900 2008 1975 2032 non
2003 1996 2110 2032 cadit.

1384 2048 1442 2084 Ao
1470 2059 1613 2084 SEXTUM
1639 2059 1820 2084 mOENDUM
1849 2049 1956 2096 quod
1980 2048 2104 2085 Maria
2131 2061 2230 2097 quae
2259 2049 2397 2086 dicitur

1331 2101 1463 2137 Iacobi
1489 2106 1522 2136 et
1539 2101 1673 2149 Ioseph
1692 2106 1822 2146 mater,
1842 2112 1922 2137 non
1941 2100 2156 2149 intelligitur
2174 2114 2256 2138 esse
2275 2110 2397 2139 mater

1332 2152 1508 2197 Domini,
1528 2164 1638 2211 oquae
1673 2152 1713 2189 in
1741 2153 1950 2212 Evangelio
1986 2166 2066 2190 non
2099 2155 2299 2191 consuevit
2327 2167 2395 2192 no—

1332 2204 1471 2242 minari
1499 2204 1571 2241 nisi
1599 2217 1687 2242 cum
1718 2205 2054 2253 cognominatione
2089 2207 2204 2244 huius
2239 2207 2396 2255 dignita-

1333 2258 1399 2304 tis,
1429 2258 1535 2306 quod
1572 2258 1618 2294 sit
1645 2264 1765 2295 mater
1791 2260 1876 2295 Iesu
1895 2259 1926 2295 ³¹⁶.
1966 2260 2073 2296 Haec
2107 2267 2236 2297 autem
2273 2261 2397 2298 Maria

1333 2310 1549 2358 intelligitur
1577 2323 1658 2348 esse
1686 2323 1786 2348 uxor
1812 2311 1984 2360 Alphaei,
2005 2312 2115 2349 cuius
2142 2313 2244 2350 filius
2270 2321 2325 2350 est
2343 2315 2433 2351 Ia-

1333 2364 1454 2401 cobus
1481 2363 1623 2410 Minor,
1654 2364 1720 2412 qui
1748 2363 1870 2401 dictus
1898 2372 1954 2402 est
1970 2365 2099 2412 frater
2124 2366 2283 2403 Domini
2297 2366 2328 2403 ²³.

1334 2503 1424 2528 margo
1444 2496 1472 2521 Ρ.
1492 2496 1543 2520 Pro
1562 2496 1697 2526 debentur,
1718 2497 1877 2522 deberentur
1891 2499 1949 2524 FJa.
1965 2499 2014 2523 Pro
2027 2500 2141 2533 suerint,
2156 2508 2206 2526 non
2220 2501 2327 2534 suerint
2339 2501 2397 2526 EsC

1334 2536 1360 2555 et
1377 2538 1408 2560 a;
1428 2531 1459 2556 cf.
1479 2539 1523 2563 qu.
1543 2539 1584 2556 ux
1603 2526 1719 2566 art.U·f

1389 2564 1412 2600 ξ’)
1432 2574 1523 2591 unum.
1537 2581 1556 2585 -
1574 2567 1633 2592 DsC
1652 2569 1677 2592 et
1695 2541 1782 2598 tei-tia3
1800 2576 1900 2593 annum
1916 2570 2009 2602 ABpC,
2024 2577 2123 2595 annum
2143 2574 2169 2596 et
2187 2572 2227 2596 ed.
2240 2579 2265 2600 a,
2279 2580 2332 2598 om.
2346 2573 2396 2598 EF.

1334 2602 1385 2626 Pro
1404 2609 1518 2626 mensem
1535 2602 1725 2636 primogenita,
1746 2611 1862 2629 mensam
1880 2605 2091 2638 primogenitam
2110 2607 2141 2637 A,
2162 2614 2273 2632 mensem
2293 2608 2396 2639 primo-

1334 2637 1454 2670 genitam
1474 2638 1591 2670 BEpCG.

1389 2672 1415 2705 ο)
1426 2674 1534 2706 fratres
1559 2673 1677 2699 Domini.
1694 2688 1714 2692 —-
1731 2675 1798 2699 Ante
1818 2675 1851 2699 de
1868 2675 1924 2699 alia
1944 2682 2044 2708 ponunt
2065 2677 2149 2701 BDFa
2168 2683 2192 2701 et
2211 2677 2292 2703 tertia.
2310 2692 2329 2696 -
2347 2679 2397 2703 Pro

1335 2708 1515 2740 suspicantur,
1528 2709 1601 2742 filios
1620 2710 1792 2741 suspicantur
1811 2711 1849 2736 ΡΙ.

1390 2743 1419 2777 π)
1438 2744 1546 2769 Mariae
1565 2748 1763 2770 materteraeff-
1775 2746 1835 2775 AC5
1853 2746 1954 2771 sororis
1966 2746 2073 2771 Mariae
2085 2747 2159 2778 BDE,
2174 2747 2280 2773 Mariae
2299 2752 2397 2774 mater-

1337 2783 1410 2804 terae
1430 2780 1541 2804 Domini
1553 2780 1625 2812 HpF,
1638 2781 1739 2805 sororis
1757 2781 1864 2806 Mariae
1883 2785 2042 2806 materterae
2061 2783 2171 2807 Domini
2183 2784 2260 2813 GIsF,
2273 2791 2396 2809 sororum

1337 2815 1443 2840 Mariae
1462 2816 1503 2841 ed.
1521 2823 1546 2843 a,
1566 2816 1667 2841 sororis
1684 2817 1791 2841 Mariae
1810 2817 1905 2842 matris
1925 2818 2035 2842 Domini
2053 2818 2184 2843 editiones.

893 2939 1227 2971 commentaria
1249 2939 1501 2972 cardinalis
1522 2939 1722 2972 Caietam

1335 3027 1424 3067 quod
1447 3033 1609 3068 ponantur
1632 3027 1828 3067 suppedanei
1851 3028 1982 3064 inimici,
1999 3028 2114 3065 sedeat,
2134 3030 2197 3060 hoc
2215 3036 2270 3067 est,
2287 3037 2397 3072 regnet

1336 3072 1452 3111 quiete,
1477 3081 1495 3100 a
1519 3071 1634 3100 dextris
1657 3071 1733 3106 Dei;
1765 3071 1855 3108 ideo,
1885 3072 1923 3102 ad
1949 3073 2124 3103 tollendam
2148 3073 2395 3112 dubitationem,

1335 3114 1456 3145 dictum
1481 3120 1542 3150 est,
1567 3114 1647 3144 Sede
1669 3125 1689 3144 a
1714 3094 1836 3145 dextris
1859 3116 1952 3151 meis,
1976 3117 2078 3147 donec
2095 3128 2234 3159 ponam,
2252 3125 2329 3156 etc;
2353 3125 2397 3151 ut

1335 3167 1392 3198 per
1414 3158 1478 3188 hoc
1501 3158 1624 3198 sapiens
1642 3159 1777 3199 quisque
1793 3159 1981 3200 intelligeret
2000 3161 2089 3201 quod
2104 3167 2192 3192 tanto
2209 3164 2308 3203 magis
2323 3170 2397 3204 post

1336 3201 1456 3232 sedebit
1483 3211 1500 3231 a
1524 3201 1638 3232 dextris
1662 3203 1732 3233 Dei.

1392 3246 1426 3276 In
1450 3247 1659 3285 responsione
1683 3246 1722 3276 ad
1745 3254 1885 3285 sextum,
1917 3248 1988 3279 vide
2020 3249 2108 3289 quod
2135 3251 2229 3281 etiam
2257 3251 2397 3282 diversus

1336 3291 1369 3320 in
1393 3290 1567 3330 Evangelio
1591 3290 1667 3320 situs
1684 3290 1859 3332 descriptus
1881 3294 1988 3323 matris
2005 3293 2075 3324 Iesu
2100 3300 2130 3324 et
2151 3295 2268 3326 Mariae
2291 3296 2397 3327 Iacobi

1337 3333 1500 3407 dis-{riguit
1522 3334 1606 3364 illas:
1637 3344 1711 3365 nam
1735 3336 1793 3366 ista
1815 3346 1835 3367 a
1860 3337 1974 3378 longe,
1998 3338 2050 3368 illa
2074 3338 2165 3369 iuxta
2189 3349 2315 3370 crucem
2342 3340 2397 3371 de-

1336 3387 1395 3407 scr1
1418 3383 1490 3408 itur.

2513 1115 2525 1130 ν

2415 1159 2424 1168 ·
2432 1158 2526 1179 Hieron.
2534 1158 2571 1179 lib.
2580 1158 2629 1184 cit„

2415 1190 2477 1205 num.
2495 1191 2528 1206 ιο.

2514 1220 2525 1250 Ε

2416 1265 2498 1286 '.Num
2508 1271 2557 1293 cap.
2566 1270 2628 1290 xviii,

2416 1298 2474 1313 v.ers
2492 1291 2525 1313 ¹6.

2442 1365 2572 1387 comment.
2588 1365 2628 1386 lib.

2417 1392 2445 1417 Π,
2465 1392 2494 1413 nd
2515 1398 2566 1419 cap.
2585 1398 2629 1418 xn,

2418 1425 2475 1439 vers.
2491 1425 2529 1446 49,
2543 1425 2579 1446 5⁰·

2515 1455 2528 1471 ο

2515 1538 2532 1554 π

2421 1636 2429 1644 “
2444 1635 2541 1656 Advers.
2553 1634 2631 1661 Helu„

2420 1667 2483 1683 num.
2501 1668 2534 1688 ¹4-

2423 1895 2432 1905 ·
2446 1893 2516 1915 Num.
2534 1899 2567 1921 ¹9·

2425 2142 2516 2163 ·.Ioan
2539 2148 2589 2169 cap.
2610 2148 2636 2168 11

2424 2175 2481 2190 vers.
2516 2175 2533 2190 ι.
2599 2169 2636 2190 Cf.

2424 2195 2504 2216 Matth.
2534 2201 2585 2222 cap.
2613 2201 2637 2220 ι,

2425 2227 2483 2243 vers.
2496 2221 2534 2247 ι8·
2550 2227 2576 2243 ca
2622 2228 2637 2247 ι,

2424 2254 2484 2269 vers.
2513 2254 2550 2272 ιι·
2599 2254 2639 2269 uc.

2424 2280 2475 2302 cap.
2487 2280 2512 2300 ιι
2524 2280 2584 2295 vers.
2593 2280 2636 2302 μς

2424 2301 2472 2353 A4ct
2487 2306 2538 2328 cap.
2550 2307 2566 2327 t,
2577 2307 2636 2322 vers.

2426 2334 2479 2374 ¹’Ad
2489 2352 2577 2380 Galat„
2586 2351 2646 2380 cap.‘

2425 2386 2440 2406 ι,
2456 2385 2514 2401 vers.
2532 2386 2565 2407 ¹9-
