2872 3970
1098 288 1360 335 QUAESTIO
1391 287 1495 331 XVI,
1530 285 1824 322 ARTICULUS
1851 286 1866 321 1

399 370 505 419 quod
541 370 646 406 Deus
681 368 725 405 sit
752 380 867 405 verus
902 369 1040 404 homo:
1078 367 1144 404 sed
1179 366 1285 415 quod
1314 364 1460 401 dicatur
1484 363 1487 432 J
1513 375 1583 412 pro
1622 374 1787 411 persona
1824 361 1907 399 Filii
1935 361 2007 399 Dei
2026 361 2066 398 *ε
2097 350 2138 399 ut
2167 362 2205 399 in
2243 363 2372 403 Prima
2406 366 2516 404 Parte
2534 367 2574 390 *¹¹⁶
2601 371 2718 420 2³3²&

399 424 520 459 homo
548 421 760 470 figurative,
781 420 924 458 ratione
950 420 1127 469 partium.
1149 442 1173 445 -
1202 418 1278 456 Sed
1297 425 1459 465 utraque
1514 415 1688 453 habiturn
1717 423 1782 452 est.
1826 415 1884 452 De
1913 414 2084 464 quolibet
2112 423 2242 453 autem
2277 419 2475 467 supposito
2510 420 2574 458 ali·
2602 398 2685 452 unffi:
2704 404 2786 427 ω
2820 444 2821 447 =

401 291 471 339 198

161 481 233 509 ·Qu·
249 484 332 528 13¹⁸st—
348 486 371 508 ⁵³
400 476 540 512 harum
569 474 798 523 opinionum
827 485 942 522 supra
961 473 980 495 ’¹‘
1008 472 1222 521 improbata
1250 477 1315 507 est.
1514 468 1624 505 cuius
1657 475 1814 504 naturae
1842 475 1966 516 potest
2001 479 2091 504 vere
2120 476 2156 504 et
2182 470 2337 519 proprie
2365 472 2575 520 praedicari

162 515 200 535 ‘³¹¹'
216 514 238 529 ν’
289 523 293 528 ’
312 514 328 528 ”
453 527 525 564 ΑΙίἰ
545 539 638 564 vero
658 539 678 563 e
696 538 883 563 converso
903 533 1053 575 ponunt
1071 523 1270 560 veritatem
1289 535 1335 558 ex
1354 528 1459 571 parte
1513 533 1658 558 nomen
1678 519 1895 569 significans
1922 519 2026 558 illam
2045 528 2222 558 naturam
2241 521 2280 559 in
2308 532 2504 563 concreto:
2529 526 2575 564 si-

400 580 580 625 hominis,
602 580 668 616 sed
688 587 826 627 negant
854 578 1049 615 veritatem
1075 589 1120 613 ex
1148 583 1253 625 parte
1281 573 1364 611 Dei.
1395 573 1459 610 Di·
1515 581 1579 610 cut
1608 573 1655 610 de
1677 573 1832 610 Socrate
1861 581 1897 610 et
1919 573 2077 610 Platone
2105 574 2259 623 proprie
2287 584 2324 612 et
2350 589 2441 614 vere
2468 590 2575 627 prae-

401 641 492 670 eunt
520 632 624 669 enim
654 631 866 678 Christum,
897 630 963 680 qui
991 638 1046 666 est
1073 630 1179 666 Deus
1207 629 1348 673 homo,
1378 638 1459 663 esse
1514 626 1662 663 dicatur
1689 627 1811 663 homo.
1847 625 1950 673 Quia
1978 638 2068 675 ergo
2095 638 2262 676 persona
2289 628 2373 666 Filii
2401 630 2484 678 Dei,
2504 643 2576 681 pro

400 686 542 732 Deum,
563 697 642 721 non
670 683 898 730 naturaliter,
928 683 994 719 sed
1022 681 1293 731 participative,
1323 678 1461 723 scilicet
1515 691 1593 728 qua
1621 678 1803 727 supponit
1830 679 1906 716 hoc
1934 690 2079 716 nornen
2106 681 2219 727 Deus,
2249 689 2304 718 est
2332 683 2574 732 suppositum

259 751 274 773 η
400 750 470 787 per
496 738 665 786 gratiam,
691 737 786 773 sicut
814 744 850 772 et
878 748 1013 772 omnes
1037 741 1055 762 η
1084 733 1201 771 sancti
1228 733 1299 769 viri
1328 731 1460 769 dicun·
1515 740 1674 769 naturae
1702 732 1919 779 humanae,
1947 743 2038 768 vere
2073 740 2109 769 et
2136 733 2290 782 proprie
2327 735 2404 772 hoc
2431 748 2577 775 nomen

161 797 373 850 Qess'ssssffgmssflffg*
400 799 462 827 tur
489 790 540 827 dii
559 790 597 826 *ε
627 788 867 826 excellentius
895 797 1023 824 tamen
1053 786 1224 824 Christus
1248 797 1339 834 prae
1368 784 1460 832 aliis,
1514 786 1626 822 homo
1660 791 1785 834 potest
1819 784 2029 833 praedicari
2064 785 2112 822 de
2147 786 2223 823 hoc
2261 788 2421 825 nomine
2455 791 2576 837 Deus,

162 857 185 876 x,
197 856 254 871 vers.
265 855 300 878 34,
314 855 345 877 35.

164 1011 173 1021 ·
189 1010 236 1037 Qu.
247 1015 270 1035 ιι,
285 1014 325 1031 an.
339 1015 372 1035 ιο,

164 1043 195 1059 ¹¹.

165 2224 174 2233 ·
188 2223 255 2250 1bid·‚
268 2227 309 2244 art.
320 2228 338 2250 3,
350 2222 371 2244 6.

174 3324 182 3332 “
196 3323 230 3345 Cf⁴
250 3323 378 3345 Comment.

171 3350 242 3371 Caici.
261 3356 282 3371 nn
301 3350 379 3371 Prolo-

171 3382 232 3403 gum.

173 3453 182 3461 “
197 3451 281 3473 Introd.

401 851 557 892 propter
591 841 749 890 gratiam
787 840 1118 878 abundantiorem.
1162 840 1210 875 Et
1245 838 1458 875 secundum

400 897 487 942 hoc,
508 907 599 932 cum
627 893 783 941 dicitur,
811 895 912 930 Deus
946 898 996 929 est
1023 894 1156 938 homo,
1187 893 1224 941 ly
1252 892 1353 928 Deus
1381 902 1461 927 non

401 946 582 997 supponit
614 959 751 982 verum
787 953 822 982 et
857 947 1068 982 naturalem
1106 945 1246 981 Deum.
1290 944 1338 981 Et
1366 944 1461 980 haec

400 1009 455 1037 est
474 998 639 1036 haeresis
658 998 823 1044 Photini,
844 1010 944 1047 quae
973 1009 1088 1046 supra
1106 997 1126 1019 ’¹‘
1155 997 1370 1046 improbata
1393 1004 1459 1033 est.

453 1052 525 1089 Alii
553 1064 645 1088 vero
675 1051 891 1088 concedunt
910 1051 1010 1087 hanc
1038 1049 1344 1099 propositionem
1370 1061 1461 1086 cum

398 1105 553 1142 veritate
582 1103 780 1153 utriusque
808 1103 971 1150 termini,
991 1110 1180 1152 ponentes
1209 1102 1406 1140 Christum
1426 1110 1461 1139 et

398 1170 536 1194 verum
565 1158 693 1194 Deum
722 1169 803 1193 esse
832 1164 868 1193 et
895 1168 1033 1193 verum
1062 1155 1282 1193 hominem:
1313 1156 1380 1193 sed
1408 1163 1461 1192 ta-

399 1223 490 1247 men
525 1210 722 1246 veritatem
755 1209 1048 1258 praedicationis
1082 1221 1162 1246 non
1195 1210 1352 1246 salvant.
1395 1208 1461 1245 Di—

400 1272 491 1300 cunt
518 1263 621 1299 enirn
650 1263 755 1312 quod
783 1263 904 1299 homo
935 1261 1177 1311 praedicatur
1204 1262 1251 1299 de
1280 1262 1364 1299 Deo
1393 1273 1462 1311 per

399 1316 596 1366 quandam
624 1315 945 1363 coniunctionem,
975 1317 1036 1352 vel
1064 1315 1272 1363 dignitatis,
1305 1316 1367 1352 vel
1395 1327 1461 1352 au-

400 1369 586 1416 ctoritatis,
608 1370 668 1405 vel
696 1367 811 1405 etiam
835 1367 1044 1405 affectionis
1071 1376 1136 1406 aut
1165 1367 1459 1405 inhabitationis.

401 1423 448 1459 Et
476 1422 528 1458 sic
562 1421 689 1470 posuit
721 1420 921 1458 Nestorius
956 1422 1086 1458 Deum
1122 1433 1203 1458 esse
1238 1420 1459 1458 hominem:

399 1483 441 1511 ut
474 1487 543 1523 per
570 1476 645 1510 hoc
680 1473 772 1510 nihil
801 1473 905 1511 aliud
934 1473 1166 1522 significetur
1200 1486 1319 1523 quam
1355 1474 1461 1522 quod

400 1528 504 1564 Deus
542 1535 596 1563 est
634 1526 782 1563 homini
823 1526 1051 1564 coniunctus
1088 1527 1151 1563 tali
1192 1526 1461 1563 coniunctione

399 1580 505 1629 quod
534 1581 654 1616 homo
677 1579 907 1616 inhabitetur
935 1592 957 1616 a
984 1581 1081 1626 Deo,
1103 1588 1138 1616 et
1166 1579 1321 1616 uniatur
1343 1579 1377 1615 ei
1406 1591 1462 1616 se-

399 1633 572 1670 cundum
601 1633 797 1678 affectum,
825 1641 860 1669 et
888 1633 1105 1670 secundum
1133 1631 1459 1682 participationem

399 1685 627 1723 auctoritatis
656 1693 691 1722 et
728 1686 885 1722 honoris
922 1685 1052 1723 divini.
1082 1709 1107 1712 —
1146 1687 1194 1722 Et
1221 1685 1261 1722 in
1298 1685 1462 1722 similem

399 1751 567 1775 errorem
604 1739 776 1775 incidunt
813 1738 879 1788 qui
915 1747 1067 1788 ponunt
1104 1739 1201 1776 duas
1238 1739 1463 1788 hypostases

399 1794 459 1828 vel
488 1792 567 1828 duo
596 1791 792 1841 supposita
812 1791 850 1828 in
878 1791 1040 1828 Christo.
1072 1792 1174 1839 Quia
1194 1804 1274 1828 non
1302 1799 1357 1828 est
1375 1804 1463 1840 pos-

399 1844 505 1881 sibile
530 1845 682 1893 intelligi
701 1845 808 1893 quod
829 1845 998 1882 duorum
1018 1857 1118 1894 quae
1140 1853 1228 1881 sunt
1247 1845 1463 1881 secundum

400 1898 642 1947 suppositum
670 1899 731 1934 vel
751 1898 988 1947 hypostasim
1017 1897 1200 1945 distincta,
1222 1910 1347 1934 unum
1374 1910 1462 1947 pro-

399 1951 480 1999 prie
516 1950 756 1999 praedicetur
783 1951 830 1987 de
859 1951 953 1988 alio:
984 1951 1050 1988 sed
1086 1952 1213 1988 solum
1246 1951 1463 1987 secundum

400 2004 596 2053 quandam
624 2003 867 2052 figurativam
895 2003 1143 2050 locutionem,
1164 2003 1395 2053 inquantum
1423 2003 1463 2040 in

400 2057 528 2105 aliquo
565 2056 870 2105 coniunguntur;
907 2065 999 2106 puta
1034 2057 1064 2093 si
1100 2057 1273 2094 dicamus
1305 2058 1463 2094 Petrum

400 2122 481 2146 esse
509 2111 711 2156 Ioannem,
741 2109 831 2159 quia
860 2111 1002 2147 habent
1030 2110 1198 2159 aliquam
1227 2109 1463 2147 coniunctio-

400 2175 490 2199 nem
519 2163 567 2199 ad
595 2163 771 2200 invicem.
793 2185 817 2190 —
846 2164 894 2200 Et
922 2164 995 2200 hae
1024 2163 1138 2200 etiam
1171 2162 1373 2212 opiniones
1402 2176 1463 2200 su-

400 2228 470 2264 pra
487 2215 507 2236 *
535 2216 758 2265 reprobatae
788 2224 886 2253 sunt.

454 2269 577 2316 Unde,
608 2270 883 2318 supponendo,
914 2270 1131 2306 secundum
1163 2268 1363 2307 veritatem
1392 2270 1463 2306 Ca-

400 2321 562 2358 tholicae
590 2321 692 2369 fidei,
713 2323 820 2371 quod
848 2334 940 2359 vera
962 2330 1098 2359 natura
1125 2322 1256 2359 divina
1283 2322 1390 2359 unita
1409 2330 1464 2359 est

401 2387 491 2411 cum
510 2387 601 2411 vera
620 2383 755 2412 natura
775 2377 959 2422 humana,
980 2387 1060 2412 non
1081 2376 1207 2412 solum
1227 2374 1266 2411 in
1285 2387 1462 2423 persona,

401 2427 468 2463 sed
496 2427 607 2464 etiam
638 2427 678 2464 in
706 2428 905 2477 supposito
934 2430 995 2465 vel
1023 2427 1238 2477 hypostasi,
1268 2427 1431 2464 dicimus
1450 2427 1463 2449 θ

401 2492 481 2516 esse
510 2492 643 2517 veram
669 2487 676 2502 ²
706 2482 805 2518 hanc
842 2480 1147 2530 propositionem
1176 2488 1212 2517 et
1248 2480 1463 2529 propriam,

400 2534 500 2570 Deus
519 2539 569 2570 est
587 2535 719 2571 homo.-
747 2546 827 2570 non
846 2535 974 2571 solum
1001 2541 1158 2583 propter
1175 2533 1373 2570 veritatem
1392 2541 1464 2570 ter-

401 2585 610 2632 minorum,
640 2586 731 2635 quia
759 2586 897 2624 scilicet
927 2586 1100 2623 Christus
1129 2594 1184 2623 est
1211 2598 1326 2623 verus
1358 2587 1464 2623 Deus

402 2647 436 2675 et
450 2651 565 2676 verus
585 2640 726 2683 homo;
747 2639 813 2676 sed
834 2639 948 2676 etiam
967 2647 1124 2688 propter
1137 2639 1336 2676 veritatem
1355 2651 1464 2688 prae-

401 2691 607 2729 dicationis.
629 2693 787 2728 Nomen
807 2692 910 2728 enim
926 2691 1142 2740 significans
1162 2700 1338 2729 naturam
1358 2704 1463 2729 com-

401 2756 561 2781 munem
590 2744 629 2781 in
657 2753 836 2782 concreto
864 2753 988 2794 potest
1016 2757 1235 2794 supponere
1268 2757 1339 2794 pro
1368 2757 1463 2794 quo-

402 2796 490 2834 libet
527 2806 796 2835 contentorum
835 2797 873 2835 in
899 2804 915 2819 ²
944 2805 1079 2835 natura
1107 2798 1329 2835 communi:
1369 2798 1464 2835 sicut

402 2850 477 2886 hoc
502 2862 646 2887 nornen
672 2852 784 2888 homo
812 2859 935 2900 potest
955 2863 1174 2900 supponere
1203 2863 1274 2900 pro
1293 2851 1464 2900 quolibet

403 2902 560 2939 homine
589 2903 778 2952 singulari.
814 2905 862 2941 Et
890 2903 939 2941 ita
968 2905 1043 2941 hoc
1071 2916 1216 2941 nomen
1244 2905 1356 2951 Deus,
1385 2916 1431 2941 ex
1450 2903 1464 2926 λ

404 2953 486 3002 ipso
515 2956 633 2992 modo
662 2969 753 2994 suae
778 2956 1072 3005 significationis,
1093 2965 1217 3007 potest
1245 2969 1463 3007 supponere

456 3068 482 3101 η)
501 3073 526 3094 et
545 3077 642 3096 omnes.
660 3085 678 3089 -
696 3071 797 3101 'sertim
816 3072 895 3096 etiam
916 3070 997 3105 (enim
1017 3071 1071 3106 EF)
1092 3073 1204 3098 dicimus
1223 3073 1303 3105 quod.

407 3139 442 3162 D,
457 3102 480 3144 Q)
504 3105 786 3146 Unde-supponendo...
799 3107 920 3133 dicimus.
932 3122 951 3126 -
967 3107 1066 3139 Tertia;
1090 3108 1164 3134 Unde
1183 3108 1384 3141 supponendum
1398 3111 1463 3134 est...

434 3146 524 3164 icimus
543 3147 620 3165 emm.

458 3176 476 3205 ι)
494 3181 549 3199 esse
568 3182 666 3200 veram.
684 3189 703 3194 -
722 3177 787 3200 Ante
806 3180 831 3202 et
846 3178 986 3209 propriam
1007 3179 1079 3211 ponit
1097 3180 1178 3205 tertia.

1515 837 1732 874 secundum
1761 838 1867 886 quod
1896 837 2079 887 supponit
2098 850 2173 887 pro
2195 851 2362 888 persona
2381 841 2464 880 Filii
2491 842 2575 880 Dei.

1568 891 1625 927 Ao
1646 902 1781 927 ramum
1800 902 1898 927 ERGO
1917 902 2099 928 memnon
2118 892 2240 940 quod,
2254 894 2412 942 quando
2430 895 2576 934 formae

1515 942 1688 980 diversae
1723 954 1803 980 non
1831 951 1994 992 possunt
2026 944 2233 982 convenire
2260 945 2301 982 in
2333 959 2460 986 unum
2488 961 2577 999 sup·

1515 995 1698 1045 positum,
1718 1004 1810 1033 tunc
1829 1003 1980 1045 oportet
1998 996 2105 1045 quod
2124 998 2337 1047 propositio
2365 999 2411 1037 sit
2437 1000 2478 1038 in
2496 1013 2578 1039 ma-

1515 1049 1608 1086 teria
1645 1057 1793 1086 remota
1838 1048 1948 1086 cuius
1986 1049 2201 1087 subiectum
2238 1050 2422 1100 significat
2457 1066 2578 1093 unam

1515 1101 1667 1139 illarum
1698 1102 1931 1149 formarum,
1961 1109 1997 1139 et
2033 1102 2296 1151 praedicatum
2332 1105 2457 1143 aliam.
2502 1107 2578 1145 Sed

1516 1155 1674 1204 quando
1694 1155 1795 1192 duae
1814 1155 1961 1192 formae
1979 1163 2142 1204 possunt
2160 1157 2367 1196 convenire
2395 1158 2435 1196 in
2454 1171 2579 1198 unum

1516 1207 1773 1257 suppositum,
1794 1219 1875 1245 non
1894 1216 1949 1245 est
1975 1207 2135 1246 materia
2153 1218 2312 1255 remota,
2332 1211 2399 1249 sed
2427 1220 2579 1251 natura-

1516 1261 1559 1298 lis
1578 1262 1639 1298 vel
1659 1260 1900 1310 contingens,
1926 1260 2023 1298 sicut
2041 1273 2133 1299 curn
2152 1262 2251 1309 dico,
2270 1265 2409 1302 Album
2429 1271 2480 1302 est
2497 1278 2578 1304 mu-

1514 1316 1643 1351 sicum.
1673 1314 1821 1351 Natura
1849 1321 1979 1351 autem
2006 1313 2138 1352 divina
2165 1323 2202 1352 et
2229 1317 2414 1362 humana,
2443 1330 2579 1368 quam-

1515 1367 1574 1404 vis
1593 1366 1667 1403 sint
1694 1366 1862 1404 maxime
1888 1366 2080 1415 distantes,
2100 1375 2229 1405 tamen
2249 1370 2484 1409 conveniunt
2510 1384 2581 1422 per

1516 1419 1786 1457 incarnationis
1823 1419 2050 1470 mysterium
2078 1420 2118 1458 in
2146 1433 2226 1458 uno
2264 1423 2487 1473 supposito,
2516 1424 2580 1463 cui

1516 1481 1651 1510 neutra
1670 1472 1821 1510 illarum
1849 1473 1946 1510 inest
1963 1485 2033 1522 per
2060 1473 2248 1522 accidens,
2268 1476 2336 1513 sed
2363 1478 2580 1516 secundum

1517 1538 1568 1563 se.
1598 1526 1647 1562 Et
1674 1525 1761 1562 ideo
1781 1526 1878 1562 haec
1905 1526 2129 1575 propositio,
2149 1528 2251 1565 Deus
2278 1534 2329 1565 est
2355 1531 2480 1577 homo,
2499 1542 2580 1568 non

1517 1586 1572 1616 est
1606 1590 1733 1627 neque
1762 1578 1801 1615 in
1829 1578 1987 1616 materia
2014 1587 2163 1616 remota
2198 1592 2326 1630 neque
2354 1581 2394 1618 in
2422 1583 2580 1621 materia

1517 1630 1761 1679 contingenti,
1782 1631 1849 1668 sed
1869 1631 1908 1668 in
1927 1631 2086 1669 materia
2105 1633 2278 1670 naturali.
2321 1635 2369 1671 Et
2386 1635 2581 1684 praedica-

1516 1693 1578 1721 tur
1600 1685 1711 1721 homo
1738 1684 1786 1721 de
1812 1684 1908 1731 Deo,
1930 1696 2010 1721 non
2035 1697 2105 1734 per
2130 1685 2321 1734 accidens,
2339 1688 2406 1725 sed
2431 1700 2502 1738 per
2527 1701 2580 1737 se,

1517 1737 1613 1774 sicut
1627 1743 1644 1766 μ
1664 1737 1711 1774 de
1731 1749 1802 1774 sua
1820 1737 2034 1786 hypostasi:
2062 1749 2144 1775 non
2167 1738 2326 1788 quidem
2345 1740 2491 1779 ratione
2509 1741 2581 1780 for-

1518 1802 1605 1828 mae
1625 1789 1856 1838 significatae
1871 1802 1941 1839 per
1960 1791 2036 1827 hoc
2050 1803 2196 1828 nomen
2214 1793 2335 1838 Deus,·
2353 1794 2420 1831 sed
2434 1793 2581 1833 ratione

1518 1842 1716 1893 suppositi,
1737 1843 1844 1892 quod
1869 1851 1923 1880 est
1950 1843 2165 1893 hypostasis
2191 1845 2386 1884 humanae
2409 1855 2579 1886 naturae.

1571 1898 1628 1933 Αῐ)
1657 1908 1845 1933 SECUNDUM
1865 1908 2046 1934 DICENDUM
2074 1898 2181 1946 quod
2209 1906 2283 1935 tres
2309 1911 2498 1949 personae
2527 1901 2582 1938 di-

1518 1949 1631 1986 vinae
1653 1948 1890 1986 conveniunt
1908 1948 1947 1986 in
1975 1957 2122 1997 natura,
2143 1950 2426 2000 distinguuntur
2453 1961 2582 1992 tamen

1519 2003 1558 2039 in
1587 2001 1805 2051 supposito:
1836 2009 1872 2039 et
1899 2001 1987 2039 ideo
2016 2014 2097 2040 non
2124 2004 2392 2053 praedicantur
2415 2006 2462 2043 de
2485 2006 2582 2045 invi-

1518 2068 1615 2093 cem.
1644 2056 1685 2092 In
1700 2054 1882 2105 mysterio
1898 2063 2028 2092 autem
2042 2055 2312 2094 incarnationis
2326 2067 2484 2097 naturae
2499 2059 2582 2110 qui—

1519 2109 1620 2155 dem,
1642 2107 1733 2157 quia
1761 2107 1957 2145 distinctae
1984 2117 2084 2156 sunt,
2104 2109 2152 2146 de
2180 2110 2347 2148 invicem
2375 2124 2456 2149 non
2474 2124 2583 2162 prae—

1518 2162 1694 2199 dicantur
1721 2161 1937 2198 secundum
1966 2162 2072 2211 quod
2097 2162 2356 2211 significantur
2374 2165 2414 2202 in
2442 2166 2583 2205 abstra—
2640 2178 2644 2182 ·

1519 2223 1600 2261 cto,
1630 2226 1710 2251 non
1739 2213 1843 2251 enim
1872 2222 2007 2252 natura
2045 2214 2175 2253 divina
2203 2224 2258 2253 est
2284 2218 2477 2256 humana:
2515 2219 2583 2261 sed

1519 2267 1611 2317 quia
1638 2266 1876 2304 conveniunt
1909 2267 1948 2304 in
1985 2268 2205 2318 supposito,
2234 2270 2504 2319 praedicantur
2533 2271 2584 2312 de

1519 2333 1686 2358 1nV1cem
1714 2332 1753 2356 in
1782 2328 1974 2357 concreto.

1572 2375 1629 2410 AD
1656 2385 1815 2410 TERTmM
1843 2385 2024 2411 memnona
2053 2374 2161 2423 quod
2188 2377 2318 2413 anima
2345 2383 2382 2413 et
2416 2388 2507 2414 caro
2535 2377 2583 2415 si-

1518 2426 1748 2475 gnificantur
1775 2433 1817 2462 ut
1844 2425 1883 2463 in
1911 2426 2111 2474 abstracto,
2134 2426 2231 2464 sicut
2258 2428 2428 2467 divinitas
2455 2437 2492 2466 et
2518 2431 2582 2468 hu-

1519 2481 1688 2517 manitas.
1719 2480 1760 2515 ln
1789 2486 1967 2516 concreto
1995 2491 2089 2516 vero
2114 2478 2293 2518 dicuntur
2319 2483 2525 2520 animatum
2547 2491 2583 2520 et

1519 2544 1710 2578 carneum,
1730 2531 1810 2568 sive
1829 2543 2071 2580 corporeum:
2090 2531 2186 2569 sicut
2204 2545 2250 2570 ex
2270 2533 2342 2571 alia
2360 2543 2467 2584 parte
2481 2536 2584 2574 Deus

1520 2593 1555 2622 et
1582 2587 1705 2623 homo.
1735 2584 1847 2621 Unde
1874 2584 2080 2633 utrobique
2109 2585 2341 2624 abstractum
2367 2600 2447 2625 non
2474 2600 2583 2638 prae-

1519 2638 1666 2675 dicatur
1692 2637 1740 2673 de
1769 2637 1978 2684 abstracto,
2009 2638 2075 2674 sed
2109 2639 2236 2676 solum
2273 2649 2498 2679 concretum
2535 2641 2583 2680 de

1520 2698 1710 2728 concreto.

1572 2745 1629 2780 Ao
1658 2754 1829 2785 QUARTUM
1848 2754 2028 2780 DICENDUM
2058 2745 2165 2793 quod
2193 2746 2270 2783 hoc
2297 2758 2443 2784 nomen
2470 2749 2582 2787 homo

1518 2795 1759 2846 praedicatur
1787 2795 1835 2832 de
1863 2796 1947 2833 Deo
1976 2796 2121 2834 ratione
2145 2798 2301 2836 unionis
2329 2799 2367 2837 in
2395 2812 2580 2850 persona:

1519 2862 1619 2899 quae
1643 2849 1802 2898 quidem
1830 2848 1924 2885 unio
1945 2850 2169 2888 relationem
2197 2851 2388 2902 importat.
2418 2854 2467 2891 Et
2493 2853 2582 2892 ideo

1519 2915 1599 2940 non
1628 2901 1800 2951 sequitur
1836 2903 2006 2950 regulam
2035 2909 2047 2924 ν
2075 2916 2212 2942 eorum
2240 2906 2445 2944 nominum
2482 2916 2581 2957 quae

1520 2957 1692 2994 absolute
1721 2954 1989 3004 praedicantur
2016 2956 2064 2993 de
2092 2957 2176 2995 Deo
2205 2959 2254 2996 ab
2282 2967 2448 2997 aeterno.

1571 3071 1597 3106 κ)
1618 3072 1653 3097 in.
1671 3086 1691 3090 -
1708 3071 1756 3096 sub
1775 3069 1857 3095 tertia.

1570 3106 1599 3138 λ)
1619 3115 1663 3133 ex.
1682 3122 1701 3126 —
1719 3107 1782 3131 AEa
1801 3112 1826 3131 et
1844 3111 1934 3141 ἵει-πίῃς
1953 3118 2007 3136 om,

1571 3143 1599 3177 μ.)
1619 3143 1695 3169 Sicut.
1713 3157 1730 3161 -
1749 3143 1819 3167 Sicut
1836 3147 1936 3179 Species
1956 3146 2037 3172 tertia,

1572 3179 1596 3214 ν)
1616 3180 1745 3212 regulam.
1764 3193 1782 3197 -
1801 3183 1896 3213 regula
1916 3182 2015 3215 CGIpH
2035 3187 2061 3207 et
2079 3182 2102 3212 ὸ,
2123 3181 2278 3206 relationem
2298 3180 2328 3206 E.

1074 3257 1408 3291 Commentario.
1432 3258 1682 3291 cardinalis
1704 3258 1906 3293 Caietani

476 3331 504 3351 xc
528 3322 637 3361 incipit
660 3321 798 3352 secunda
819 3332 889 3362 pars
904 3324 996 3363 primi
1010 3330 1167 3363 tractatus,
1184 3328 1223 3358 de
1240 3328 1367 3359 Christo
1384 3330 1410 3366 *‚
1428 3329 1459 3359 in
1487 3328 1491 3354 1
1516 3329 1684 3360 Christiani
1714 3331 1795 3361 circa
1819 3331 2031 3372 propositum.
2066 3330 2107 3361 Et
2135 3330 2249 3361 dicitur
2272 3328 2360 3370 quod
2384 3330 2581 3360 conveniunt

477 3374 549 3404 qua.
574 3365 725 3405 expeditis
749 3366 796 3395 his
813 3375 894 3406 quae
919 3367 956 3397 de
981 3369 1108 3399 unionis
1131 3373 1281 3412 mysterio
1305 3380 1392 3404 erant
1416 3373 1462 3404 di-

410 3408 518 3443 cenda,
542 3414 712 3439 tractantur
735 3409 786 3439 illa
810 3419 891 3449 quae
916 3410 954 3440 ad
976 3413 1130 3443 unionem
1152 3423 1402 3456 consequuntur,
1427 3423 1462 3448 ut

410 3456 493 3490 patet
518 3453 547 3501 in
573 3452 673 3482 littera
688 3454 722 3483 ἐ
747 3453 779 3482 in
803 3463 866 3493 qua
885 3459 951 3483 tota
975 3455 1031 3484 ista
1054 3465 1134 3495 pars,
1160 3457 1273 3489 durans
1298 3470 1398 3501 usque
1423 3461 1462 3492 ad

410 3500 626 3533 quaestionem
651 3497 964 3535 vigesimamsextam,
990 3498 1189 3538 distinguitur
1212 3504 1284 3532 satis
1308 3504 1399 3536 clare.

413 3590 576 3652 Titurius
600 3582 699 3612 clarus
723 3589 776 3613 est.
788 3602 809 3605 —
827 3583 859 3614 ln
878 3594 1011 3624 corpore
1029 3586 1149 3616 articuli
1166 3588 1222 3617 tria
1234 3588 1324 3620 fiunt.
1344 3591 1462 3627 Primo,

471 3634 501 3654 m
528 3627 691 3655 communi
716 3627 861 3657 recitatur
885 3629 915 3658 in
941 3638 1006 3668 quo
1036 3631 1229 3661 conveniunt
1256 3638 1285 3661 et
1316 3633 1463 3665 differunt

1516 3383 1629 3404 omnes
1652 3375 1685 3404 in
1709 3374 1918 3406 affirmatione
1947 3375 2037 3406 istius
2066 3374 2312 3416 propositionis:
2346 3372 2495 3404 differunt
2524 3382 2581 3404 au-

1517 3424 1581 3449 tem
1612 3419 1644 3448 in
1673 3419 1794 3449 ratione
1819 3418 2004 3450 affirmandi.

1572 3462 1739 3498 Secundo,
1764 3462 1942 3494 referuntur
1965 3463 2023 3494 tria
2045 3458 2160 3503 genera
2183 3462 2296 3493 erroris
2319 3462 2402 3492 circa
2424 3462 2581 3492 rationem

1517 3505 1692 3537 affirmandi
1715 3507 1811 3538 illam.
1846 3507 1990 3538 Primum
2020 3512 2067 3538 est
2097 3507 2179 3538 circa
2201 3506 2364 3538 veritatem
2392 3505 2579 3547 praedicati,

1517 3550 1636 3580 scilicet
1659 3550 1690 3591 ly
1713 3551 1830 3582 homo:
1852 3557 1883 3582 et
1906 3551 2055 3582 dividitur
2077 3551 2111 3582 in
2134 3550 2216 3582 duos
2239 3559 2369 3582 errores.
2395 3548 2581 3581 Secundum

1518 3599 1563 3622 est
1587 3594 1669 3623 circa
1692 3595 1855 3626 veritatem
1879 3596 2031 3631 subiecti,
2056 3595 2174 3626 scilicet
2196 3595 2229 3636 ly
2251 3594 2361 3626 Deus:
2384 3601 2414 3625 et
2438 3595 2581 3625 continet

1518 3645 1619 3666 unum
1644 3647 1792 3669 errorem.
1818 3639 1963 3670 Tertium
1981 3646 2027 3670 est
2051 3639 2131 3670 circa
2147 3639 2310 3670 veritatem
2334 3638 2579 3679 propositionis:
