2872 3970
247 530 258 540 ⁸
272 527 358 550 Homil.
376 526 457 553 XLIV,

248 555 276 576 nl.
293 554 363 576 XLV.

346 590 362 605 a

247 621 258 630 ⁸
271 620 327 647 cap.
343 625 383 645 xn,
398 624 456 640 vers.

247 652 284 673 47-

347 677 362 710 β

249 730 258 739 ·
272 728 339 749 Vers.
354 733 374 756 3.

250 787 258 795 ¹
267 785 457 812 HomstXXLal.

249 812 298 834 XX.

249 1257 258 1266 ⁸
273 1255 328 1282 Cap.
344 1259 421 1275 xxxvi.

249 1787 258 1797 ⁸
272 1786 335 1807 Vers⁴
351 1786 373 1807 6.

250 2051 259 2060 ⁸
280 2049 333 2070 Luc.
362 2055 411 2077 cap.
436 2055 456 2076 ι,

250 2082 307 2097 vers.
322 2082 349 2104 30
364 2082 399 2103 sq.

250 2263 260 2273 ⁸
274 2261 337 2283 Vers.
353 2261 375 2282 6.

250 2470 260 2479 ⁸
274 2468 339 2490 Vers.
356 2474 386 2496 ¹5.

251 2573 276 2594 ⁸1
287 2573 319 2594 ad
333 2573 395 2599 Cor..
410 2579 459 2601 cap.

250 2606 265 2625 ι,
281 2605 339 2621 vers.
353 2605 388 2626 ²⁴-

251 2682 262 2693 ⁸
276 2681 340 2704 Vers.
355 2690 377 2709 4.

484 281 558 328 296

1143 277 1405 326 QUAESTIO
1434 276 1591 321 XXVII,
1624 275 1917 313 ARTICULUS
1934 258 1995 312 ⁴lV

486 358 562 396 Sed
590 357 761 395 dubitare
790 359 837 395 de
865 357 942 395 fide
971 365 1025 394 est
1051 364 1264 406 peccatum.
1294 356 1395 402 Ergo
1424 355 1540 390 Beata
1594 354 1742 390 intrabit
1765 355 1971 402 Sapientia:
1999 365 2066 389 nec
2084 354 2258 390 habitabit
2277 354 2314 390 in
2333 365 2493 402 corpore
2513 352 2655 391 subdito

485 410 599 458 Virgo
636 423 716 448 non
753 410 820 447 fuit
856 418 1096 460 praeservata
1133 407 1316 446 immunis
1351 407 1399 444 ab
1433 405 1541 443 omni

484 470 652 512 peccato.

540 515 574 552 3.
603 517 839 559 ΡκΑετεκεΑ,
869 515 1184 565 Chrysostomus,
1213 524 1324 562 super
1355 512 1488 549 Matth.
1507 510 1539 556 ³⁸,

486 580 683 618 exponens
717 568 808 606 illud
835 573 869 615 ²,
897 570 995 605 Ecce
1030 573 1148 604 mater
1179 571 1241 602 tua
1269 570 1302 601 et
1318 565 1463 612 fratres
1490 564 1544 600 tui

475 622 578 669 foris
604 627 699 658 stant
726 626 938 671 quaerentes
965 626 999 657 te
1022 620 1053 666 ²⁸,
1082 618 1188 655 dicit:
1219 617 1463 664 Manifestum
1492 621 1542 652 est

486 675 660 723 quoniam
681 672 695 703 β
721 674 839 711 solum
868 686 917 710 ex
950 685 1049 710 vana
1080 672 1205 722 gloria
1239 671 1309 707 hoc
1333 670 1539 717 faciebant.

486 727 534 763 Et
562 727 663 763 Ioan.
685 738 716 768 11,
746 738 862 775 super
888 725 990 771 illud,
1019 726 1151 762 Vinum
1181 735 1254 760 non
1283 723 1416 759 habent
1434 721 1467 767 ³¹⁶,
1487 720 1541 757 di-

486 779 534 815 cit
553 777 655 815 idern
676 777 1003 828 Chrysostomus*
1029 777 1135 826 quod
1157 776 1298 813 volebat
1317 775 1386 811 illis
1399 786 1543 823 ponere

485 833 660 881 gratiam,
676 837 708 867 et
721 833 877 880 seipsam
897 831 1094 867 clariorem
1111 829 1239 875 facere
1247 839 1320 877 per
1333 826 1490 864 Filium:
1509 832 1543 863 et

475 884 649 932 fortassis
668 883 755 932 quid
777 884 981 919 humanum
995 883 1215 931 patiebatur,
1231 879 1541 929 quemadmodum

486 942 519 972 et
526 937 671 983 fratres
689 937 765 972 eius
787 936 953 973 dicentes.
982 935 1187 982 Manifesta
1212 934 1365 982 teipsum
1389 932 1540 969 mundo.

486 989 534 1025 Et
551 996 638 1037 post
655 1000 779 1037 pauca
798 987 940 1024 subdit:
961 987 1141 1024 Nondum
1156 991 1171 1014 Υ
1191 987 1288 1022 enim
1304 997 1416 1034 quam
1435 997 1541 1035 opor-

485 1043 579 1078 tebat
607 1041 651 1077 de
673 1053 716 1077 eo
745 1042 955 1089 opinionem
974 1041 1138 1077 habehat.
1169 1038 1288 1085 Quod
1306 1045 1432 1074 totum
1451 1050 1541 1075 con-

485 1101 554 1130 stat
582 1105 663 1130 esse
691 1100 902 1142 peccatum.
943 1093 1043 1140 Ergo
1072 1092 1189 1128 Beata
1215 1090 1332 1138 Virgo
1367 1102 1447 1127 non
1475 1090 1543 1128 fuit

484 1154 724 1195 praeservata
751 1145 934 1182 immunis
963 1145 1010 1182 ab
1039 1143 1146 1181 omni
1173 1151 1341 1192 peccato.

538 1200 611 1236 SED
639 1210 783 1236 CONTRA
802 1210 867 1235 EST
886 1198 992 1247 quod
1012 1196 1248 1245 Augustinus
1267 1196 1367 1244 dicit,
1387 1195 1426 1233 in
1445 1196 1542 1234 libro

485 1252 530 1288 de
556 1253 706 1289 Natura
725 1257 757 1288 et
779 1252 910 1288 Gratia
928 1251 967 1287 *z
996 1251 1055 1287 De
1071 1255 1199 1287 sancta
1226 1251 1380 1300 Virgine
1397 1251 1541 1296 Maria,

478 1311 635 1354 propter
661 1306 840 1342 honorem
873 1305 1016 1349 Christi,
1037 1303 1178 1340 nullam
1202 1314 1370 1352 prorsus,
1391 1314 1476 1339 cum
1498 1302 1543 1339 de

479 1359 640 1407 peccatis
654 1359 789 1407 agitur,
805 1358 941 1394 habere
958 1356 1042 1394 volo
1057 1357 1316 1405 quaestionem.
1341 1355 1430 1392 Inde
1444 1357 1542 1392 enim

483 1412 618 1447 scimus
645 1410 743 1459 quod
760 1412 795 1447 ei
805 1410 891 1459 plus
909 1410 1056 1459 gratiae
1074 1409 1247 1446 collatum
1257 1409 1378 1456 fuerit
1396 1409 1447 1446 ad
1463 1410 1541 1446 vin-

484 1464 639 1500 cendum
668 1475 717 1500 ex
744 1465 848 1500 omni
867 1468 978 1512 parte
999 1467 1206 1511 peccatum,
1227 1461 1326 1510 quod
1349 1463 1545 1511 concipere

484 1522 517 1552 et
538 1528 677 1565 parere
711 1517 844 1552 meruit
880 1527 964 1552 eum
993 1527 1100 1564 quem
1133 1520 1272 1551 constat
1307 1514 1449 1551 nullum
1478 1515 1542 1552 ha-

483 1570 601 1605 buisse
622 1574 828 1618 peccatum.

536 1622 758 1658 RESPONDEo
787 1633 967 1658 chENDUM
996 1621 1102 1669 quod
1131 1620 1213 1658 illos
1241 1632 1341 1670 quos
1368 1620 1475 1657 Deus
1494 1620 1543 1657 ad

483 1673 626 1723 aliquid
654 1674 762 1722 eligit,
792 1674 841 1711 ita
868 1682 1068 1723 praeparat
1096 1681 1132 1710 et
1159 1673 1326 1723 disponit
1354 1681 1395 1710 ut
1427 1673 1476 1711 ad
1505 1673 1544 1710 id

484 1727 532 1764 ad
551 1728 658 1776 quod
677 1727 866 1775 eliguntur
884 1726 1128 1764 inveniantur
1150 1726 1297 1763 idonei:
1327 1726 1544 1763 secundum

483 1780 574 1817 illud
602 1782 631 1817 II
655 1782 740 1818 Cor.
761 1792 793 1817 111
812 1780 848 1817 *z
878 1781 1038 1817 Idoneos
1057 1792 1124 1816 nos
1131 1780 1227 1827 fecit
1253 1781 1440 1816 ministros
1459 1781 1547 1818 novi

488 1835 717 1870 Testamenti.
748 1834 864 1870 Beata
891 1841 1022 1870 autem
1040 1831 1053 1855 δ
1081 1832 1197 1881 Virgo
1225 1832 1293 1869 fuit
1312 1833 1430 1869 electa
1449 1832 1542 1869 divi-

483 1886 582 1923 nitus
610 1894 651 1923 ut
680 1894 776 1923 esset
803 1894 926 1924 mater
952 1886 1035 1923 Dei.
1065 1886 1113 1922 Et
1132 1885 1219 1922 ideo
1247 1897 1328 1922 non
1352 1893 1407 1922 est
1434 1885 1544 1922 dubi-

483 1940 643 1976 tandum
672 1939 779 1989 quod
806 1940 913 1976 Deus
940 1951 1010 1988 per
1037 1951 1149 1976 suam
1180 1938 1339 1986 gratiam
1374 1950 1461 1975 eam
1495 1938 1544 1975 ad

483 1993 558 2029 hoc
586 1992 767 2030 idoneam
796 1992 977 2029 reddidit:
1007 1991 1223 2029 secundum
1251 1991 1358 2040 quod
1377 1992 1545 2040 Angelus

484 2045 532 2081 ad
547 2058 633 2082 eam
652 2045 741 2082 dicit
753 2046 784 2093 ³¹⁸,
799 2046 978 2083 Invenisti
993 2046 1158 2095 gratiam
1173 2045 1276 2094 apud
1286 2045 1430 2081 Deum:
1448 2057 1542 2090 ecce,

484 2100 682 2148 concipies,
712 2107 780 2136 etc.
820 2099 912 2135 Non
941 2106 1070 2135 autem
1097 2097 1228 2134 fuisset
1255 2096 1395 2134 idonea
1423 2105 1545 2134 mater

484 2151 572 2194 Dei,
607 2151 637 2188 si
664 2159 857 2201 peccasset
892 2150 1112 2200 aliquando.
1149 2151 1256 2187 Tum
1292 2150 1383 2199 quia
1417 2150 1546 2187 honor

483 2213 686 2252 parentum
722 2205 910 2242 redundat
937 2204 976 2241 in
1003 2205 1171 2253 prolem:
1201 2204 1417 2240 secundum
1453 2202 1545 2240 illud

483 2259 594 2295 Prov.
623 2270 692 2295 xvn
711 2258 741 2305 ²¹³,
775 2258 905 2295 Gloria
926 2258 1101 2306 filiorum
1128 2262 1256 2307 patres
1288 2268 1430 2294 eorum.
1466 2257 1544 2294 Un-

486 2311 532 2347 de
553 2319 598 2357 et,
619 2323 687 2360 per
706 2311 939 2360 oppositum,
961 2309 1171 2358 ignominia
1190 2309 1321 2346 matris
1341 2309 1545 2346 adfFilium

485 2363 743 2401 redundasset.
773 2386 798 2390 —-
826 2365 933 2400 Tum
962 2363 1076 2400 etiam
1109 2362 1199 2412 quia
1234 2362 1465 2411 singularem
1494 2363 1545 2400 af-

484 2415 667 2453 finitatem
696 2417 829 2454 habuit
847 2417 896 2453 ad
917 2416 1123 2463 Christum,
1145 2415 1211 2465 qui
1239 2415 1288 2453 ab
1317 2428 1362 2453 ea
1389 2427 1543 2453 carnem

486 2469 638 2518 accepit.
667 2470 813 2507 Dicitur
831 2478 960 2507 autem
979 2471 1008 2506 ΙΙ
1032 2471 1118 2507 Cor.
1138 2481 1172 2506 VI
1191 2469 1229 2505 *ε
1266 2470 1372 2512 Quae
1389 2481 1545 2507 conven-

485 2524 534 2558 tio
565 2524 701 2560 Christi
726 2524 776 2560 ad
801 2523 950 2560 Belial?
977 2545 1002 2549 —
1030 2524 1136 2559 Tum
1165 2521 1279 2559 etiam
1307 2522 1399 2571 quia
1418 2521 1544 2570 singu-

486 2574 552 2611 lari
581 2576 700 2612 modo
728 2575 800 2612 Dei
827 2575 955 2622 Filius,
976 2575 1043 2624 qui
1070 2583 1125 2612 est
1152 2576 1225 2612 Dei
1251 2576 1438 2625 Sapientia
1456 2574 1486 2622 ²¹⁸,
1506 2575 1545 2612 in

487 2627 567 2676 ipsa
586 2628 782 2665 habitavit:
812 2641 891 2665 non
911 2630 1037 2665 solum
1057 2628 1095 2665 in
1115 2627 1254 2675 anima,
1275 2628 1342 2665 sed
1364 2627 1402 2665 in
1421 2635 1543 2665 utero.

486 2680 632 2717 Dicitur
651 2689 779 2718 autem
795 2683 880 2731 Sap.
897 2681 957 2718 1²⁸:
978 2683 1024 2718 In
1044 2682 1267 2718 malevolam
1287 2682 1454 2718 animam
1470 2691 1543 2718 non

539 2796 566 2827 α)
586 2796 659 2821 illud.
678 2810 696 2814 -
715 2796 782 2820 illud
800 2796 906 2820 verbum
926 2795 1037 2821 BDFsC.

540 2830 565 2864 β)
584 2831 718 2863 quoniam.
735 2845 754 2849 —
771 2831 842 2863 quod
861 2831 888 2856 Ρ.

538 2870 564 2899 γ)
583 2867 716 2891 Nondum.
728 2881 747 2885 -
760 2867 780 2890 F
795 2872 819 2891 et
833 2866 921 2896 tertia;
941 2874 992 2891 non
1011 2873 1053 2898 δεῖ
1073 2867 1121 2891 deo
1140 2868 1238 2899 muduz
1256 2867 1320 2899 (que
1338 2867 1489 2899 oportebat)
1504 2867 1544 2892 ed.

485 2909 510 2931 a,
530 2902 654 2926 Nondum
675 2902 788 2927 mundus
806 2902 891 2926 ceteri.
911 2902 960 2926 Pro
978 2902 1097 2931 habebat,
1117 2901 1246 2927 habebant
1266 2903 1308 2928 sF.

539 2936 564 2969 ὃ)
582 2940 678 2962 autem.
696 2951 715 2955 —
733 2937 778 2968 1>1;
796 2945 849 2962 om.
868 2937 1028 2970 Gbc.1'gitur
1047 2937 1131 2962 ceteri.

540 2973 562 3004 ε)
582 2972 732 3003 impleatur.
749 2986 768 2992 —
787 2973 813 2997 in
833 2980 864 2997 ea
882 2973 1025 3005 impleatur
1043 2973 1124 2998 tertia.

539 3008 564 3041 ζ)
575 3009 673 3040 fomes.
690 3021 710 3026 —-
723 3008 828 3040 peccati
846 3009 940 3032 addunt
960 3008 1015 3032 FsC
1034 3013 1059 3032 et
1078 3008 1149 3033 tertia
1168 3014 1269 3041 praeter
1286 3008 1304 3034 Ι.

1619 407 1760 442 eccatis.

1588 417 1618 455 p
1647 458 1696 494 Et
1723 457 1810 495 ideo
1840 457 2058 508 simpliciter
2084 457 2283 495 fatendum
2317 465 2372 496 est
2399 458 2507 508 quod
2538 458 2656 496 Beata

1594 509 1711 558 Virgo
1739 511 1891 547 nullum
1928 511 2073 548 actuale
2109 518 2312 560 peccatum
2346 510 2555 558 commisit,
2582 521 2656 549 nec

1595 564 1755 600 mortale
1782 575 1855 600 nec
1873 562 2039 600 veniale:
2069 570 2112 600 ut
2139 562 2193 600 sic
2210 562 2415 613 impleatur
2432 568 2444 585 ⁸
2472 562 2580 613 quod
2603 561 2655 601 di'-
2703 611 2704 614 Ἴ

1596 614 1692 652 citur
1723 617 1828 653 Cant.
1849 627 1883 652 1v
1901 615 1939 652 *ε
1973 618 2067 653 Tota
2088 616 2250 665 pulchra
2277 628 2326 663 es,
2354 617 2478 654 amica
2505 628 2601 663 mea,
2623 621 2656 654 et
2682 628 2692 639 ·
2751 615 2785 623 ”

1595 668 1744 705 macula
1773 681 1847 705 non
1876 674 1927 705 est
1954 669 1991 705 in
2020 674 2064 714 te,
2094 676 2163 705 etc.

1649 722 1706 757 An
1735 732 1869 758 pmuuu
1898 733 1996 758 ERGO
2024 733 2206 759 menapum
2234 721 2342 771 quod
2368 721 2408 759 in
2435 722 2552 759 Beata
2575 721 2656 760 Vir-

1595 773 1692 821 gine,
1712 781 1799 822 post
1818 773 2156 811 sanctificationem
2174 773 2214 819 in
2232 781 2353 817 utero,
2374 773 2556 812 remansit
2573 773 2656 824 qui-
2710 768 2764 804 Γ

1595 826 1686 863 dem
1706 826 1828 863 fomes
1847 825 1870 872 ζ,
1899 826 1966 863 sed
1986 826 2136 875 ligatus:
2165 838 2214 864 ne
2233 826 2371 864 scilicet
2388 836 2658 877 prorumperet
2711 823 2763 867 2⁴2³:

1596 879 1635 916 in
1670 878 1839 928 aliquem
1873 886 2027 916 motum
2061 878 2338 927 inordinatum,
2361 879 2435 930 qui
2467 880 2657 919 rationem

1596 931 1845 981 praeveniret.
1867 932 1916 968 Et
1934 931 2018 969 licet
2036 932 2085 969 ad
2104 933 2181 969 hoc
2199 940 2421 982 operaretur
2437 933 2554 983 gratia
2572 944 2658 972 san»-

1597 983 1843 1031 ctificationis,
1873 996 1953 1022 non
1980 992 2110 1022 tamen
2138 985 2187 1022 ad
2214 986 2291 1023 hoc
2309 985 2537 1024 sufficiebat:
2567 984 2657 1024 alio—

1596 1037 1703 1087 quin,
1732 1036 1870 1074 virtute
1898 1036 1996 1074 illius
2023 1037 2162 1086 gratiae
2191 1038 2267 1075 hoc
2295 1037 2329 1076 ei
2347 1038 2477 1081 fuisset
2503 1038 2658 1088 praesti-

1596 1098 1680 1127 tum
1707 1097 1750 1127 ut
1776 1091 1904 1127 nullus
1931 1097 2061 1127 motus
2087 1098 2217 1140 posset
2244 1103 2326 1128 esse
2353 1090 2393 1128 in
2420 1086 2670 1138 sensualitate

1597 1143 1678 1180 eius
1706 1155 1787 1180 non
1798 1149 1816 1170 η
1836 1142 1980 1180 ratione
1998 1151 2240 1193 praeventus,
2256 1151 2300 1181 et·
2315 1143 2370 1182 sic
2385 1143 2561 1183 fomitem
2577 1154 2659 1183 non

1597 1196 1808 1242 habuisset,
1837 1196 1944 1245 quod
1973 1203 2028 1233 est
2055 1204 2186 1234 contra
2219 1209 2335 1246 supra
2351 1196 2373 1219 '¹'
2399 1196 2509 1235 dicta.
2546 1187 2659 1237 Unde
2685 1208 2695 1219 ·

1597 1257 1747 1299 oportet
1781 1249 1907 1286 dicere
1935 1248 2043 1299 quod
2071 1251 2402 1299 complementum
2436 1249 2535 1288 iuius
2570 1249 2658 1300 liga-

1596 1301 1709 1339 tionis
1736 1301 1805 1339 suit
1832 1313 1878 1338 ex
1906 1301 2035 1339 divina
2062 1302 2313 1352 providentia,
2342 1314 2442 1352 quae
2469 1298 2674 1364 non-per?
2758 1306 2781 1354 f,

1597 1355 1769 1392 mittebat
1796 1354 1964 1404 aliquem
1990 1362 2144 1393 motum
2171 1355 2432 1393 inordinatum
2459 1367 2506 1394 ex
2527 1355 2658 1402 fomite

1597 1420 1813 1458 provenire.
2615 1437 2616 1440 η

1650 1462 1708 1498 AD
1736 1473 1925 1499 secunaum
1959 1473 2142 1499 memnon
2168 1461 2276 1511 quod
2296 1461 2389 1499 illud
2407 1461 2573 1499 verbum
2601 1460 2659 1500 Si-

1598 1513 1748 1551 meonis
1777 1514 1962 1562 Origenes
1979 1513 2016 1561 *,
2046 1522 2082 1552 et
2109 1514 2269 1564 quidam
2303 1514 2365 1552 alii
2401 1515 2589 1552 Doctores
2604 1508 2657 1563 *9,

1597 1574 1796 1616 exponunt
1824 1567 1872 1604 de
1900 1566 2033 1604 dolore
2069 1579 2185 1617 quem
2215 1579 2328 1617 passa
2362 1575 2417 1604 est
2451 1566 2491 1606 in
2519 1560 2673 1624 Chrissff'

1626 1632 1787 1658 assmne.

1597 1632 1623 1670 p
1650 1672 1879 1710 Ambrosius
1898 1681 2028 1711 autem
2047 1685 2117 1723 per
2133 1672 2304 1722 gladium
2323 1672 2444 1710 dicit*
2458 1670 2660 1722 significa-i

1591 1727 1831 1776 prudentiam
1858 1728 2023 1772 Mariae,
2044 1739 2119 1764 non
2148 1728 2326 1777 ignaram
2347 1727 2518 1775 mysterii
2541 1726 2659 1780 caele-

1596 1781 1668 1816 stis.
1698 1780 1828 1817 Vivum
1857 1781 1955 1816 enim
1979 1785 2030 1816 est
2054 1781 2209 1818 verbum
2227 1778 2302 1816 Dei
2317 1785 2351 1816 et
2375 1778 2551 1826 validum,
2568 1782 2658 1818 acu-

1597 1834 1667 1869 tius
1694 1833 1799 1869 omni
1823 1832 1951 1882 gladio
1979 1834 2132 1883 ancipiti
2148 1830 2161 1854 ⁰
2179 1831 2211 1870 ³¹⁸.
2604 1843 2606 1845 “

1653 1884 1822 1932 Quidam
1843 1885 1863 1907 ‘⁸
1887 1897 1981 1922 vero
2000 1884 2170 1934 gladium
2189 1891 2197 1907 ²
2230 1884 2510 1923 dubitationem
2526 1883 2660 1934 intelli.-

1598 1945 1702 1986 gunt.
1732 1938 1844 1985 Quae
1871 1945 2001 1975 tamen
2028 1950 2108 1975 non
2128 1945 2183 1976 est
2207 1937 2447 1986 intelligenda
2473 1937 2660 1979 dubitatio

1599 1990 1845 2028 infidelitatis:
1875 1990 1942 2028 sed
1970 1990 2232 2028 admirationis
2253 1998 2290 2028 et
2307 1989 2565 2029 discussionis.
2593 1989 2660 2028 Di-

1599 2043 1648 2080 cit
1666 2043 1770 2080 enim
1790 2043 1961 2091 Basilius,
1981 2043 2021 2080 in
2040 2043 2210 2093 Epistola
2228 2044 2280 2081 ad
2295 2044 2483 2094 Optimum
2494 2042 2527 2091 ⁶,
2551 2043 2660 2095 quod
2687 2066 2698 2077 ·

1599 2099 1716 2134 Beata
1743 2098 1878 2147 Virgo,
1906 2098 2074 2134 assistens
2100 2098 2206 2134 cruci
2230 2102 2265 2134 et
2291 2098 2472 2147 aspiciens
2496 2096 2659 2148 singula,

1593 2155 1678 2199 post
1704 2151 1949 2187 testimonium
1981 2150 2183 2196 Gabrielis,
2205 2155 2291 2200 post
2318 2149 2546 2200 ineffabilem
2572 2147 2660 2189 divi-

1600 2198 1686 2240 nae²
1698 2204 1945 2252 conceptionis
1973 2204 2151 2250 notitiam,
2174 2209 2259 2252 post
2286 2204 2474 2253 ingentem
2501 2203 2663 2241 miracu-
2706 2224 2722 2240 ,ν

1599 2256 1722 2293 lorum
1751 2258 2006 2303 ostensionem,
2025 2257 2153 2293 animo
2171 2257 2400 2306 fluctuabat:
2426 2267 2473 2293 ex
2485 2266 2572 2294 1una
2593 2254 2674 2293 sci--

1599 2308 1685 2346 licet
1711 2316 1817 2358 parte
1845 2308 1981 2346 videns
2009 2321 2101 2346 eum
2128 2308 2207 2358 pati
2234 2308 2380 2347 abiecta
2397 2315 2426 2357 ³²,
2455 2315 2493 2346 et
2513 2320 2561 2346 ex
2588 2307 2661 2347 alia

1599 2369 1706 2411 parte
1734 2361 1980 2399 considerans
2007 2361 2089 2399 eius
2116 2361 2289 2400 mirifica.
2594 2360 2596 2363 ’
2616 2364 2618 2372 ²

1653 2416 1710 2452 AD
1728 2427 1887 2453 TERTIUM
1905 2427 2087 2452 memnon
2106 2414 2214 2464 quod
2241 2415 2281 2452 in
2298 2414 2426 2452 verbis
2451 2412 2522 2453 inis
2540 2410 2661 2466 Gai-y-

1601 2475 1794 2505 sostomus
1823 2467 1990 2505 excessit.
2020 2468 2187 2505 Possunt
2213 2475 2342 2506 tamen
2370 2465 2512 2518 exponi
2537 2473 2586 2505 ut.
2605 2465 2661 2506 in·

1600 2521 1785 2569 telligatur
1811 2520 1850 2558 in
1878 2533 1923 2558 ea
1950 2520 2166 2558 Dominum
2193 2520 2423 2568 cohibuisse,
2451 2532 2533 2558 non
2557 2519 2661 2558 inor-

1600 2574 1775 2611 dinatum
1795 2573 1917 2611 inanis
1935 2573 2053 2623 gloria
2072 2581 2224 2620 motum
2245 2582 2436 2624 quantum
2454 2573 2504 2611 ad
2522 2573 2660 2625 ipsam,
2682 2609 2692 2618 ,
2723 2567 2772 2628 'fij

1601 2628 1667 2664 sed
1696 2627 1734 2664 id
1763 2627 1870 2677 quod
1899 2627 1947 2664 ab
1975 2626 2056 2665 aliis
2073 2634 2203 2676 posset
2221 2625 2235 2649 λ
2263 2626 2478 2665 existimari.

1651 2793 1678 2828 η)
1698 2802 1759 2821 non.
1776 2809 1796 2814 ·-
1815 2795 1867 2821 nisi
1884 2795 1958 2820 tertia
1977 2800 2003 2820 et
2019 2802 2046 2820 a.

1652 2829 1676 2863 0)
1695 2831 1815 2863 ancipiti.
1833 2845 1852 2850 —
1869 2830 2023 2856 acutissimo
2041 2830 2122 2856 tertia.

1653 2866 1672 2899 ι)
1690 2866 1821 2899 gladium.
1837 2881 1858 2886 -
1870 2873 1923 2899 per
1940 2866 2061 2899 gladium
2079 2865 2109 2892 Ρ.

1652 2901 1677 2935 κ)
1697 2902 1808 2928 abiecta.
1826 2917 1845 2921 -
1863 2901 1963 2927 iniusta
1981 2901 2013 2927 G.

1651 2937 1680 2971 λ)
1695 2940 1794 2969 posset.
1807 2952 1826 2957 -
1841 2938 1873 2969 P;
1889 2937 1984 2969 possit.
2005 2937 2054 2961 Pro
2073 2937 2235 2967 existimari,
2254 2936 2435 2962 exterminari
2452 2934 2595 2968 ABGpcn,
2607 2937 2663 2960 tm

1599 2973 1699 2998 minari
1717 2973 1758 2998 ed.
1777 2980 1803 2998 a.

1154 3096 1490 3128 commentaria
1512 3095 1765 3128 Caralinalis
1786 3095 1988 3128 Caietam

491 3192 654 3254 TiToLos
685 3182 785 3214 clarus
817 3188 872 3212 est.
896 3201 917 3204 —
947 3183 982 3213 ln
1009 3193 1144 3223 corppre
1174 3185 1268 3214 unica
1300 3189 1345 3214 est
1376 3183 1542 3214 conclusio

549 3226 731 3265 responsiva
764 3226 926 3266 quaesito:
959 3226 1151 3267 Simpliciter
1176 3227 1352 3269 fatendum
1379 3233 1426 3258 est
1458 3228 1544 3268 quod

488 3269 590 3299 Beata
620 3269 716 3310 Virgo
741 3269 865 3300 nullum
888 3270 1014 3300 actuale
1031 3275 1198 3310 peccatum
1222 3272 1388 3302 commisit.

544 3313 697 3343 Probatur
719 3312 895 3353 dupliciter.
919 3313 1044 3349 Primo,
1068 3314 1270 3354 syllogistice.
1302 3315 1342 3345 Et
1365 3316 1438 3346 satis
1462 3316 1544 3346 clare

492 3355 522 3384 in
547 3356 646 3386 littera
671 3356 842 3387 ordinatur.
873 3357 997 3391 Primo,
1022 3358 1137 3387 maior:
1170 3358 1251 3388 Illos
1281 3368 1361 3399 quos
1383 3359 1472 3390 Deus
1502 3359 1545 3390 ad

491 3399 613 3438 aliquid
629 3400 728 3440 eligit,
746 3407 805 3431 etc.
830 3400 869 3430 Et
885 3400 962 3430 haec
978 3400 1130 3439 probatur
1146 3402 1331 3433 auctoritate
1346 3402 1543 3443 Apostolica‚

492 3441 534 3471 ad
566 3442 758 3474 Corinthios.
786 3462 807 3466 -
838 3442 961 3473 Deinde
992 3443 1106 3473 minor.
1141 3444 1236 3475 Beata
1266 3445 1364 3486 Virgo
1395 3446 1545 3477 divinitus

493 3484 591 3515 electa
616 3492 661 3516 est
685 3493 719 3517 ut
743 3493 824 3517 esset
847 3492 946 3517 mater
970 3486 1039 3516 Dei.
1053 3503 1072 3509 -
1092 3486 1177 3526 Ergo
1196 3488 1306 3518 habuit
1335 3491 1467 3528 gratiam
1486 3499 1545 3530 op-

493 3534 661 3567 portunam
686 3530 723 3560 ad
747 3536 879 3561 matrem
904 3530 972 3560 Dei.
998 3530 1037 3560 Et
1061 3529 1265 3561 confirmatur
1287 3532 1365 3563 haec
1379 3533 1545 3564 conclusio

493 3572 675 3602 auctoritate
688 3574 817 3612 Angeli:
836 3573 988 3604 Invenisti
1002 3573 1165 3614 gratiam:
1180 3583 1260 3610 ecce,
1271 3576 1437 3616 concipies.
1449 3595 1471 3599 -
1484 3577 1546 3608 Sed

1596 3193 1663 3214 non
1695 3183 1804 3215 fuisset
1834 3184 1951 3215 idonea
1981 3189 2081 3215 mater
2111 3184 2137 3214 si
2163 3188 2335 3224 peccasset.
2366 3181 2466 3221 Quod
2495 3177 2663 3222 tripliciter
2692 3190 2696 3195 ⁴

1596 3229 1749 3268 probatur
1773 3229 1854 3259 clare
1878 3229 1911 3259 in
1935 3228 2047 3259 littera.
2062 3247 2086 3251 —
2109 3228 2205 3268 Ergo.

1651 3271 1813 3308 Secundo,
1830 3273 1983 3313 probatur
2005 3273 2193 3304 auctoritate
2207 3281 2314 3304 sacrae
2335 3270 2519 3312 scripturae
2530 3278 2660 3302 accom-

1597 3315 1743 3347 modate:
1773 3317 1854 3347 Tota
1872 3317 2013 3357 pulchra
2037 3326 2080 3348 es.

1653 3360 1818 3391 Memento
1842 3366 1874 3391 et
1896 3361 1958 3397 hic,
1983 3361 2182 3401 quicumque
2204 3360 2292 3401 legis,
2315 3359 2476 3400 suscipere
2491 3358 2548 3390 has
2562 3355 2661 3389 ratio-
2688 3374 2689 3377 κ

1597 3413 1654 3434 nes
1677 3413 1771 3444 supra
1793 3404 1958 3435 materiam
1981 3405 2156 3436 subiectam
2179 3404 2334 3445 optimas,
2358 3409 2472 3444 utpote
2494 3411 2533 3434 ex
2552 3409 2663 3435 suetae

1599 3447 1778 3487 Scripturae
1801 3448 2041 3479 auctoritatibus
2065 3449 2292 3479 communibus
2324 3446 2488 3489 applicatis
2518 3445 2558 3477 ad
2582 3450 2660 3488 pm:

1598 3491 1666 3531 pria
1689 3491 1804 3521 Beatae
1827 3491 1965 3531 Virginis
1987 3491 2215 3533 procedentes,
2246 3491 2376 3533 quando
2400 3500 2438 3522 ex
2461 3490 2597 3532 propriis
2619 3487 2662 3520 ad

1600 3534 1728 3575 propria
1752 3534 1876 3565 desunt.

1656 3577 1692 3607 11.
1717 3578 1752 3608 ln
1776 3578 1984 3618 responsione
2008 3578 2047 3609 ad
2062 3579 2213 3619 primum,
2230 3579 2336 3610 videre
2352 3578 2443 3610 facile
2459 3583 2552 3618 potes
2569 3576 2660 3619 quod

2714 2068 2727 2110 ιη

2685 1951 2732 2027 ³2³
2685 1870 2750 1937 ῗῗέ
2683 1661 2749 1806 5ῗέἓὲ
2671 1513 2745 1643 *iffa

2734 2078 2754 2109 ΞΓ
