2872 3970
302 1349 319 1364 α

202 1450 216 1459 ¹·
225 1448 272 1475 Qu.
281 1453 368 1474 Lxxvu,
376 1450 418 1468 art.

207 1482 226 1501 ¹,
241 1474 269 1495 ad
286 1481 304 1496 ι,

209 1819 218 1829 ·
234 1818 281 1845 Qu.
297 1823 328 1844 iv,
343 1819 384 1838 ιη.
401 1823 420 1838 ι.

212 2346 223 2357 ’
236 2345 292 2373 Cap.
308 2350 370 2366 xvui.

213 2506 223 2517 ⁸
237 2507 287 2528 Art.
306 2505 410 2533 praeced.

218 2993 228 3002 ⁴
239 2991 274 3013 Cf.
289 2997 348 3019 resp.
364 2991 392 3012 ad
407 2996 427 3019 3.

437 306 487 354 96

438 389 572 415 tantum.
604 383 645 413 Et
667 387 852 423 propterea,
877 387 1018 412 cessante
1041 381 1095 411 tali
1119 380 1303 411 conditione
1331 380 1502 415 actualiter,

438 433 475 459 ut
498 428 537 458 de
560 427 645 458 facto
669 427 801 458 cessavit
823 427 856 456 in
879 431 982 456 morte
1001 425 1118 456 Christi
1142 424 1231 464 (quia
1247 433 1320 454 caro
1338 423 1454 454 Christi
1469 423 1502 453 in

438 471 546 502 triduo
570 481 637 502 non
657 476 722 501 erat
745 471 882 501 animata
905 479 964 500 nec
980 470 1130 504 humana,
1147 477 1206 498 nec
1227 468 1323 498 etiam
1346 476 1420 497 caro
1443 467 1503 497 nisi

440 515 641 555 aequivoce),
658 525 725 545 non
741 519 910 554 propterea
926 513 1040 544 desinit
1054 514 1133 543 unio
1150 516 1330 551 assumptae
1347 511 1448 541 carnis
1465 510 1504 540 ad

441 560 582 591 divinam
604 559 818 600 hypostasim:
844 567 942 598 quam
966 557 1160 597 oportuisset
1183 555 1326 586 desinere
1350 555 1377 584 si
1399 555 1504 584 anima

442 608 525 635 esset
539 603 683 634 medium
698 603 732 633 in
747 602 832 633 facto
850 611 933 637 esse;
954 602 1045 636 sicut,
1063 600 1138 641 quia
1154 605 1201 630 est
1216 598 1361 629 medium
1375 599 1409 628 in
1425 597 1503 634 fieri,

440 647 515 678 ideo
538 648 572 678 in
595 647 753 687 principio
782 646 1007 685 assumptionis
1036 654 1109 675 caro
1133 653 1199 674 non
1224 643 1284 673 nisi
1308 643 1445 672 animata
1468 652 1504 672 ac

441 691 581 722 humana
597 691 775 721 assumitur.
809 690 850 720 Et
864 690 939 719 hinc
954 689 1051 719 habes
1068 687 1156 728 quod
1173 696 1246 718 caro
1262 687 1330 726 ipsa
1345 686 1379 716 in
1395 695 1428 716 se
1443 690 1504 716 ter-

441 735 542 766 minat
558 735 784 774 assumptivam
807 733 976 768 actionem,
997 738 1028 763 et
1043 742 1110 762 non
1135 731 1241 761 solum
1263 736 1300 761 ut
1322 730 1458 760 animata
1475 735 1506 760 et

441 785 478 810 ut
493 780 642 815 humana,
659 779 733 809 licet
748 788 815 808 non
832 778 998 817 attingeret
1021 786 1091 807 eam
1112 776 1171 806 nisi
1196 780 1278 805 esset
1298 774 1436 804 animata
1452 779 1506 804 aut

1160 301 1423 356 QUAESTIO
1452 301 1518 347 VI,
1549 298 1841 337 ARTICULUS
1867 299 1898 336 11

1557 379 1714 409 humana:
1745 379 1826 410 sicut
1849 379 1963 419 aliquis
1986 379 2100 419 accipit
2129 379 2163 408 in
2190 387 2324 409 uxorem
2354 378 2520 410 mulierem
2548 379 2620 420 pul-

1558 423 1666 453 chram
1689 422 1866 453 secundum
1894 423 2030 463 seipsam
2052 422 2237 458 mulierem,
2267 422 2342 453 licet
2370 431 2438 453 non
2464 423 2622 463 acciperet

1559 475 1630 497 eam
1653 467 1713 496 nisi
1737 473 1818 497 esset
1839 467 1874 497 in
1896 467 2065 507 principio,
2090 475 2165 496 cum
2185 475 2256 496 eam
2272 466 2395 506 accipit,
2418 467 2561 507 pulchra,
2583 472 2622 498 ut

1558 510 1591 540 in
1615 510 1716 540 littera
1739 510 1862 541 dicitur.
1886 511 1928 541 Et
1949 516 2119 551 propterea
2137 511 2171 540 in
2186 515 2290 540 morte
2306 509 2433 546 Christi,
2457 510 2621 542 desinente

1559 554 1755 584 humanitate
1778 563 1835 594 per
1853 560 2000 590 mortem,
2024 564 2092 585 non
2108 553 2148 585 de
2163 564 2250 585 novo
2266 554 2409 584 Verbum
2424 554 2486 585 Dei
2500 563 2622 585 assum·

1559 598 1622 638 psit
1644 598 1784 628 animam
1800 603 1831 628 et
1846 607 1979 639 corpus:
2005 598 2060 629 sed
2075 608 2157 638 quae
2173 598 2207 629 in
2222 598 2380 638 principio
2400 597 2481 628 facta
2504 603 2551 629 est
2573 608 2622 629 as·

1560 642 1712 682 sumptio,
1737 647 1768 672 et
1790 642 1957 672 terminata
1980 642 2019 673 ad
2038 647 2143 673 totum
2160 648 2191 672 et
2206 647 2310 682 partes
2333 642 2428 672 etiam
2443 641 2622 673 secundum

1560 695 1603 722 se,
1627 695 1695 716 non
1711 685 1803 716 desiit
1817 686 1979 716 terminari
1995 686 2034 717 ad
2049 691 2153 727 partes
2172 685 2339 716 deficiente
2354 690 2443 722 tot0;
2468 686 2623 726 quoniam

1559 739 1619 759 nec
1642 729 1748 770 ipsum
1771 735 1878 760 totum
1901 735 1948 760 est
1970 730 2112 761 medium
2127 730 2162 760 in
2177 730 2396 770 assumptione
2419 729 2480 760 nisi
2494 730 2528 760 in
2543 729 2621 767 fieri,

1560 773 1738 804 secundum
1761 773 1908 804 ordinem
1930 774 2131 811 intentionis,
2156 779 2192 804 ut
2214 773 2296 804 infra
2309 775 2327 791 ⁴*
2349 774 2478 814 patebit.

1207 907 1525 951 ARTICULUS
1556 907 1856 950 SECUNDUS

847 1001 1004 1033 UTRUM
1027 999 1164 1032 rmus
1187 1000 1261 1031 DEI
1284 999 1577 1031 ASSUMPSERIT
1601 1000 1778 1030 ANIMAM
1802 1000 2030 1032 MEmANTE
2053 1000 2220 1033 strrU

1235 1087 1268 1112 111
1287 1087 1370 1117 Sent„
1391 1087 1448 1113 dist.
1467 1094 1495 1117 ιι,
1515 1095 1559 1120 qu.
1577 1094 1606 1118 11,
1625 1092 1671 1113 art.
1693 1094 1716 1116 i,
1736 1087 1785 1120 qu*
1806 1094 1829 1113 2.

656 1191 678 1216 D
693 1189 882 1215 SECUNDUM
901 1189 953 1214 sm
968 1186 1204 1213 PROCEDITUR.
1225 1174 1387 1213 Videtur
1400 1175 1507 1224 quod

657 1231 775 1268 Filius
803 1229 875 1267 Dei
902 1241 983 1266 non
1002 1227 1208 1278 assumpsit
1236 1227 1406 1265 animam
1427 1240 1507 1264 me-

462 1290 498 1344 ,5
519 1301 585 1335 ῆν)
602 1290 624 1335 (3
657 1284 784 1321 diante
799 1282 944 1332 spiritu.
966 1282 1072 1319 Idem
1092 1281 1196 1319 enim
1213 1293 1294 1318 non
1308 1280 1409 1318 cadit
1428 1293 1508 1318 me-

500 1314 597 1372 ᾗῇ)
612 1328 645 1373 Χ
657 1337 766 1374 dium
787 1336 884 1372 inter
902 1336 1031 1385 ipsum
1043 1340 1060 1356 α
1080 1343 1116 1371 et
1135 1333 1279 1383 aliquid
1293 1333 1408 1371 aliud.
1431 1334 1508 1370 Sed

446 1389 610 1439 spiritUS,
632 1389 712 1426 sive
740 1401 862 1434 mens,
883 1400 964 1425 non
993 1395 1047 1424 est
1075 1387 1177 1424 aliud
1207 1386 1246 1423 in
1275 1386 1436 1424 essentia
1460 1386 1508 1423 ab

446 1443 528 1492 ipsa
547 1442 693 1479 anima:
715 1450 757 1479 ut
776 1442 815 1478 in
835 1441 964 1478 Prima
983 1441 1093 1477 Parte
1108 1440 1128 1462 ²¹⁸
1147 1439 1292 1477 dictum
1312 1447 1378 1476 est.
1406 1440 1508 1487 Ergo

445 1495 564 1534 Filius
585 1495 658 1532 Dei
683 1507 764 1532 non
788 1492 994 1542 assumpsit
1020 1492 1191 1530 animam
1217 1491 1410 1529 mediante
1437 1491 1509 1541 spi-

445 1549 538 1594 ritu,
569 1548 648 1585 sive
677 1554 817 1584 mente.

503 1613 537 1637 2.
568 1602 806 1646 PRAETEREA,
836 1598 874 1636 id
902 1611 982 1648 quo
1011 1597 1202 1635 mediante
1239 1598 1334 1634 facta
1369 1605 1424 1634 est
1452 1609 1509 1634 as-

446 1654 627 1704 sumptio,
643 1653 795 1690 videtur
813 1652 933 1700 magis
953 1650 1226 1700 assumptibile.
1249 1650 1326 1688 Sed
1345 1649 1508 1699 spiritus,

447 1708 526 1745 sive
546 1719 668 1751 mens,
689 1717 769 1742 non
789 1713 843 1742 est
861 1704 982 1752 magis
1002 1702 1272 1753 assumptibilis
1292 1715 1412 1752 quam
1431 1702 1510 1740 ani-

446 1774 531 1799 ma:
570 1760 677 1809 quod
705 1766 807 1808 patet
842 1770 888 1794 ex
916 1759 992 1794 hoc
1029 1757 1136 1806 quod
1164 1756 1317 1805 spiritus
1353 1755 1511 1803 angelici

448 1826 529 1851 non
566 1820 654 1849 sunt
682 1810 982 1860 assumptibiles,
1012 1817 1054 1846 ut
1082 1821 1198 1858 supra
1217 1809 1237 1831 '¹‘
1265 1809 1410 1846 dictum
1443 1816 1509 1845 est.

448 1867 550 1914 Ergo
578 1865 731 1902 videtur
767 1861 874 1913 q'uod
902 1862 1020 1899 Filius
1048 1861 1120 1899 Dei
1148 1873 1229 1898 non
1263 1861 1511 1910 assumpserit

449 1919 620 1957 animam
649 1916 841 1954 mediante
869 1915 1013 1965 spiritu.

505 1972 538 2008 3.
556 1972 787 2016 PRAETEREA,
808 1968 997 2019 posterius
1017 1966 1224 2005 assumitur
1243 1979 1265 2004 a
1283 1966 1411 2016 primo
1430 1978 1511 2003 me-

449 2024 576 2062 diante
604 2022 733 2073 priori.
772 2022 848 2060 Sed
875 2021 1005 2058 anima
1032 2020 1207 2058 nominat
1234 2019 1358 2069 ipsam
1385 2031 1511 2056 essen-

449 2078 560 2124 tiam,
590 2088 689 2125 quae
718 2083 774 2112 est
801 2075 906 2124 prior
933 2074 1152 2112 naturaliter
1179 2085 1299 2122 quam
1333 2072 1415 2121 ipsa
1443 2084 1512 2121 po-

448 2130 565 2167 tentia
593 2129 691 2175 eius,
721 2140 821 2177 quae
850 2136 904 2164 est
932 2139 1053 2164 mens.
1091 2127 1192 2174 Ergo
1220 2125 1372 2162 videtur
1405 2125 1512 2173 quod

449 2183 568 2220 Filius
605 2181 677 2219 Dei
714 2193 795 2218 non
832 2179 1080 2229 assumpserit
1116 2178 1287 2216 animam
1319 2178 1513 2215 mediante

451 2235 584 2285 spiritu
612 2236 674 2271 vel
701 2242 842 2271 mente.

506 2290 579 2326 SED
608 2299 752 2325 CONTRA
771 2299 836 2324 EST
855 2286 962 2335 quod
982 2284 1218 2333 Augustinus
1237 2283 1337 2330 dicit,
1358 2283 1398 2320 in
1416 2283 1513 2321 libro

451 2343 497 2380 de
522 2343 659 2391 Agone
690 2341 898 2377 Christiano
918 2339 954 2375 *ς
988 2339 1186 2376 Invisibilis
1213 2343 1246 2374 et
1273 2339 1514 2374 incommuta-

450 2396 532 2433 hilis
558 2395 699 2432 Veritas
718 2405 786 2442 per
812 2394 980 2442 spiritum
1001 2393 1180 2437 animam,
1201 2397 1235 2428 et
1247 2402 1320 2440 per
1346 2392 1514 2427 animam

451 2460 586 2498 corpus
614 2447 764 2496 accepit.

504 2502 729 2538 RasPONDEo
758 2510 940 2536 DICENDUM
968 2497 1086 2546 quod,
1115 2495 1211 2533 sicut
1238 2495 1385 2533 dictum
1410 2503 1466 2532 est
1483 2495 1514 2542 ²⁸,

451 2553 571 2591 Filius
590 2552 662 2590 Dei
681 2551 819 2595 dicitur
837 2549 1088 2599 assumpsisse
1108 2561 1264 2586 carnem
1283 2547 1413 2585 anima
1435 2560 1516 2585 me-

452 2607 591 2652 diante,
607 2613 691 2642 turn
710 2611 867 2653 propter
885 2603 1063 2640 ordinem
1082 2601 1282 2650 dignitatis,
1297 2609 1382 2638 tum
1401 2599 1517 2638 etiam

451 2667 609 2709 propter
653 2656 930 2705 congruitatem
972 2654 1256 2704 assumptionis.
1298 2655 1516 2703 Utrumque

490 1202 520 1213 «κ
528 1196 536 1211 ’
576 1206 591 1220 Ι

581 1263 643 1298 ‘'j-

1562 1183 1692 1212 autem
1721 1175 1864 1212 horum
1899 1174 2093 1212 invenitur
2121 1173 2151 1211 si
2179 1186 2451 1224 comparemus
2483 1175 2625 1215 intelle-

1562 1235 1680 1274 ctum,
1701 1227 1768 1277 qui
1787 1227 1940 1277 spiritus
1959 1227 2107 1276 dicitur,
2128 1228 2177 1265 ad
2205 1236 2348 1266 ceteras
2369 1227 2521 1266 animae
2540 1240 2625 1279 par-

1562 1289 1629 1318 tes,
1659 1281 1752 1318 Non
1771 1280 1876 1318 enim
1895 1279 2024 1318 anima
2043 1288 2099 1317 est
2117 1280 2389 1330 assumptibilis
2409 1281 2627 1320 secundum

1562 1333 1841 1382 congruitatem
1869 1333 1941 1370 nisi
1968 1345 2038 1382 per
2065 1334 2141 1370 hoc
2168 1334 2275 1382 quod
2304 1341 2359 1371 est
2387 1345 2507 1383 capax
2533 1333 2624 1381 Dei,

1562 1387 1611 1423 ad
1640 1385 1848 1435 imaginem
1869 1385 1951 1423 eius
1979 1385 2161 1423 existens:
2192 1386 2299 1435 quod
2326 1393 2382 1423 est
2408 1386 2626 1424 secundum

1562 1447 1752 1485 mentem,
1782 1451 1881 1488 quae
1910 1438 2062 1488 spiritus
2097 1437 2251 1486 dicitur,
2280 1439 2497 1476 secundum
2533 1438 2627 1479 illud

1562 1493 1696 1541 Ephes.
1712 1504 1747 1529 1v
1765 1492 1801 1528 *z
1822 1493 2075 1529 Renovamini
2090 1493 2218 1541 spiritu
2238 1493 2368 1528 mentis
2385 1498 2538 1529 vestrae.
2569 1491 2626 1530 Si-

1563 1544 1702 1581 militer
1729 1544 1842 1581 etiam
1872 1543 2093 1592 intellectus,
2114 1544 2211 1581 inter
2237 1552 2380 1581 ceteras
2403 1551 2529 1593 partes
2547 1543 2626 1582 ani-

1564 1609 1672 1644 mae,
1709 1605 1764 1634 est
1800 1596 1976 1645 superior
2010 1604 2046 1633 et
2080 1596 2230 1645 dignior
2265 1605 2302 1633 et
2334 1597 2420 1633 Deo
2457 1595 2626 1634 similior.

1565 1650 1612 1686 Et
1640 1649 1740 1697 ideo,
1761 1657 1803 1686 ut
1830 1650 2095 1686 Damascenus
2122 1648 2223 1696 dicit,
2244 1649 2283 1686 in
2308 1650 2354 1686 111
2373 1649 2470 1686 libro
2489 1649 2520 1698 *,
2546 1651 2629 1690 uni·
2655 1653 2664 1662 ⁸

1563 1708 1641 1740 tum
1660 1709 1711 1740 est
1729 1704 1840 1739 carni
1849 1714 1923 1752 per
1941 1702 2103 1739 medium
2123 1702 2342 1740 intellectum
2364 1703 2525 1740 Verbum
2539 1702 2630 1743 Dei.-

1564 1755 1762 1792 intellectus
1790 1756 1888 1792 enim
1916 1761 1967 1792 est
1995 1755 2094 1804 quod
2119 1761 2170 1792 est
2197 1756 2348 1793 animae
2371 1755 2630 1805 purissimum;

1563 1809 1629 1845 sed
1654 1814 1687 1845 et
1713 1809 1815 1845 Deus
1843 1813 1894 1845 est
1921 1808 2130 1845 intellectus.

1618 1862 1675 1897 An
1695 1873 1830 1898 PmMUM
1849 1872 1948 1897 ERGO
1975 1872 2157 1898 mCENDUM
2186 1861 2305 1910 quod,
2326 1859 2357 1897 si
2376 1859 2391 1890 β
2418 1860 2629 1898 intellectus

1565 1925 1645 1950 non
1674 1913 1719 1950 sit
1738 1912 1841 1950 aliud
1860 1913 1909 1949 ab
1929 1912 2058 1950 anima
2077 1913 2292 1950 secundum
2319 1912 2534 1961 essentiam,
2552 1911 2628 1951 dis-

1565 1965 1747 2014 tinguitur
1773 1973 1903 2002 tamen
1930 1965 1979 2002 ab
2007 1964 2087 2002 aliis
2112 1965 2283 2015 partibus
2315 1965 2466 2003 animae
2493 1976 2628 2004 secun-

1565 2019 1662 2056 dum
1682 2018 1870 2056 rationem
1888 2018 2092 2068 potentiae.
2128 2019 2176 2056 Et
2195 2018 2411 2056 secundum
2430 2019 2506 2056 hoc
2523 2030 2629 2056 com-

1565 2071 1658 2122 petit
1686 2071 1757 2108 sibi
1785 2071 1879 2108 ratio
1908 2070 2037 2108 medii.

1619 2126 1677 2162 An
1705 2136 1895 2162 SECUNDUM
1922 2136 2104 2162 mel-:Numi
2137 2125 2245 2173 quod
2279 2122 2427 2174 spiritui
2458 2123 2630 2173 angelico

1566 2189 1648 2214 non
1675 2178 1781 2214 deest
1808 2176 2025 2225 congruitas
2053 2177 2104 2214 ad
2132 2177 2438 2226 assumptionem
2473 2180 2633 2227 propter

1567 2231 1759 2268 defectum
1787 2229 1987 2278 dignitatis,
2008 2230 2076 2267 sed
2103 2238 2261 2279 propter
2281 2229 2632 2279 irreparabilitatem

1568 2296 1679 2321 casus
1707 2283 1738 2320 ²¹².
1781 2283 1901 2330 Quod
1933 2295 2014 2320 non
2050 2290 2175 2332 potest
2206 2282 2281 2320 dici
2313 2282 2361 2320 de
2394 2281 2528 2332 spiritu
2558 2281 2631 2321 hu-

1569 2349 1706 2374 mano:
1743 2343 1786 2373 ut
1813 2338 1915 2385 patet
1942 2348 1989 2373 ex
2016 2335 2076 2373 his
2111 2348 2211 2385 quae
2238 2335 2279 2373 in
2312 2335 2442 2373 Prima
2475 2336 2587 2373 Parte
2611 2335 2633 2358 *

1569 2389 1669 2427 dicta
1697 2397 1796 2426 sunt.

1622 2443 1679 2479 An
1707 2454 1867 2479 TERTmM
1894 2453 2076 2479 memnon
2103 2441 2211 2492 quod
2239 2439 2368 2478 anima
2395 2440 2492 2478 inter
2511 2450 2633 2491 quam

1569 2503 1605 2532 et
1632 2494 1705 2532 Dei
1722 2495 1897 2532 Verbum
1924 2493 2081 2543 ponitur
2107 2493 2282 2531 medium
2310 2493 2532 2540 intellectus,
2550 2505 2632 2532 non

1569 2547 1753 2597 accipitur
1779 2560 1850 2596 pro
1873 2546 2035 2584 essentia
2062 2546 2225 2593 animae,
2246 2558 2346 2596 quae
2367 2554 2423 2583 est
2450 2545 2635 2585 omnibus

1569 2600 1748 2650 potentiis
1775 2600 2015 2637 communis:
2050 2599 2117 2637 sed
2144 2611 2216 2648 pro
2243 2599 2422 2649 potentiis
2449 2598 2632 2638 inferiori-

1570 2654 1654 2700 bus,
1683 2665 1784 2703 quae
1813 2660 1901 2690 sunt
1928 2651 2036 2690 omni
2055 2658 2071 2682 Υ
2099 2652 2251 2690 animae
2279 2663 2520 2690 communes.

507 2779 523 2796 α
554 2772 649 2803 ipsum.
661 2784 680 2789 —
696 2770 811 2802 seipsum
830 2769 850 2794 F
870 2774 895 2794 et
913 2769 996 2794 tertia.

506 2771 534 2841 βξ
550 2807 582 2832 εἰ.
599 2820 619 2825 -
636 2805 687 2831 etsi
704 2806 778 2830 tertia
796 2810 897 2838 praeter
915 2805 934 2830 Ι.

1622 2768 1649 2802 γ)
1669 2768 1748 2794 omni.
1766 2781 1786 2786 —
1803 2767 1913 2799 PHIsG3
1932 2775 1985 2793 om.
1999 2774 2040 2796 ac,
2059 2767 2177 2792 omnium
2191 2767 2222 2797 b‚·
2239 2766 2331 2792 abrasa
2343 2765 2394 2799 pG,
2413 2773 2466 2791 non
2485 2764 2572 2792 ceteri.

1127 2873 1462 2907 Commentariun
1483 2872 1738 2905 cardinalis
1759 2873 1962 2905 Caietam

486 2957 505 2976 N
529 2947 633 2982 titulo,
657 2951 734 2977 nota
750 2945 849 2986 quod,
874 2946 899 2975 si
915 2945 1042 2975 termini
1065 2943 1321 2985 praedeclarandi
1337 2949 1411 2974 sunt
1433 2949 1469 2974 ut
1483 2944 1517 2974 in

458 2960 695 3021 Iconclusione
727 2995 898 3020 sumuntur
914 2991 950 3026 *‚
974 2999 1042 3020 non
1074 2994 1169 3020 restat
1201 2989 1292 3019 locus
1324 2988 1518 3028 argumentis

454 3035 559 3076 primo
577 3041 607 3066 et
622 3035 726 3065 tertio.
751 3034 814 3065 Sed
830 3035 856 3064 si
870 3034 904 3064 in
920 3034 1013 3064 titulo
1030 3034 1255 3074 relinquuntur
1269 3031 1452 3068 indistincti,
1477 3033 1519 3062 ita

454 3085 561 3110 tamen
577 3084 613 3110 ut
635 3079 768 3109 nomine
782 3078 915 3118 spiritus
933 3078 1125 3118 intelligatur
1147 3087 1249 3113 mens,
1269 3087 1325 3107 seu
1341 3087 1412 3118 pars
1427 3077 1519 3107 intel-

454 3123 577 3159 lectiva,
601 3123 693 3153 locus
716 3122 904 3161 relinquitur
927 3123 1120 3162 argumentis
1144 3127 1175 3152 et
1197 3121 1470 3162 responsionibus.

510 3167 546 3197 In
563 3175 698 3206 corpore
714 3166 836 3196 articuli
853 3167 947 3196 unica
962 3172 1009 3196 est
1025 3166 1202 3202 conclusio,
1222 3166 1407 3206 responsiva
1423 3174 1520 3205 quae-

456 3211 516 3241 sito
541 3209 740 3240 affirmative:
772 3209 876 3239 Filius
902 3210 965 3239 Dei
992 3210 1163 3251 assumpsit
1191 3210 1332 3241 animam
1362 3208 1521 3240 mediante

456 3254 582 3295 spiritu.
606 3254 761 3284 Probatur
780 3252 957 3293 dupliciter.
982 3253 1099 3289 Primo,
1116 3255 1247 3285 ratione.
1273 3253 1454 3294 Assumpsit
1470 3262 1521 3284 ce-

457 3305 538 3329 teras
566 3303 670 3338 partes
697 3297 820 3327 animae
851 3296 1010 3327 mediante
1037 3298 1217 3334 intellectu,
1248 3303 1313 3329 tam
1343 3297 1521 3328 secundum

458 3342 603 3373 ordinem
623 3341 792 3382 dignitatis,
818 3350 915 3380 quam
931 3340 1108 3371 secundum
1125 3341 1271 3372 ordinem
1287 3341 1326 3372 ad
1343 3351 1522 3382 congruen-

458 3387 534 3416 tiam
558 3385 794 3425 assumptionis.
819 3384 904 3423 Ergo
929 3385 1098 3424 assumpsit
1121 3386 1260 3416 animam
1282 3385 1443 3416 mediante
1459 3386 1522 3426 spi—

459 3430 531 3460 ritu.
554 3448 578 3452 -
600 3427 802 3459 Antecedens
824 3437 884 3468 pro
908 3428 1009 3467 prima
1032 3433 1120 3467 parte
1144 3429 1312 3468 probatur:
1337 3430 1413 3469 quia
1430 3429 1522 3460 intel-

460 3473 560 3503 lectus
584 3479 630 3503 est
654 3472 788 3513 dignior.
824 3471 886 3501 Pro
910 3470 1064 3502 secunda:
1090 3472 1164 3511 quia
1188 3473 1293 3502 anima
1315 3483 1382 3503 non
1407 3478 1453 3503 est
1475 3483 1523 3503 as-

461 3517 651 3556 sumptibilis
682 3517 740 3547 nisi
772 3525 828 3555 per
858 3515 936 3546 illud
970 3524 1036 3555 quo
1064 3521 1110 3545 est
1141 3515 1179 3545 ad
1205 3516 1377 3555 imaginem
1403 3516 1474 3547 Dei.
1501 3534 1523 3538 —

462 3559 702 3600 Consequentia
726 3560 877 3600 probatur
901 3569 938 3589 ex
962 3558 1164 3599 praecedenti
1187 3559 1337 3596 articulo,
1369 3563 1407 3590 ex
1429 3559 1523 3590 simili

461 3604 593 3634 ratione.

1626 2943 1786 2979 Secundo,
1810 2943 1964 2983 probatur
1987 2942 2153 2973 conclusio
2177 2942 2363 2973 auctoritate
2386 2940 2584 2973 Damasceni.

1627 2988 1663 3018 11.
1688 2987 1825 3018 Adverte
1849 2987 1900 3018 hic
1924 2986 2000 3018 duo.
2033 2987 2158 3023 Primo,
2183 2985 2272 3027 quod
2294 2986 2346 3018 hic
2369 2990 2415 3017 est
2437 2985 2634 3025 comparatio

1572 3032 1710 3072 partium
1733 3031 1970 3072 potentialium:
1996 3030 2116 3062 scilicet
2133 3031 2229 3071 partis
2245 3029 2425 3071 superioris,
2441 3037 2524 3069 quae
2539 3038 2635 3060 voca-

1572 3081 1624 3106 tur
1638 3076 1779 3116 spiritus,
1797 3076 1861 3106 sive
1878 3085 1975 3110 mens,
1996 3076 2061 3106 sive
2077 3075 2255 3106 intellectus
2261 3081 2275 3112 ;
2297 3079 2328 3105 et
2348 3072 2445 3114 partis
2466 3071 2634 3110 inferioris,

1574 3130 1657 3160 quae
1681 3125 1727 3150 est
1750 3130 1821 3160 pars
1839 3120 1987 3150 sensitiva
2010 3125 2042 3150 et
2063 3119 2248 3160 vegetativa,
2269 3126 2351 3159 quae
2366 3121 2499 3148 vocatur
2513 3117 2634 3148 anima.

1574 3165 1615 3195 Et
1638 3165 1793 3204 quoniam
1817 3173 1930 3194 omnes
1952 3164 2030 3194 istae
2052 3169 2156 3204 partes
2179 3166 2254 3194 sunt
2274 3165 2454 3201 assumptae
2477 3170 2495 3190 a
2509 3160 2636 3198 Verbo3

1575 3214 1606 3239 et
1629 3208 1866 3249 distinguuntur
1889 3208 1985 3238 etiam
2007 3217 2123 3248 genere
2146 3207 2228 3238 inter
2241 3214 2292 3242 ειη
2315 3209 2347 3236 et
2365 3204 2477 3235 ordine
2493 3203 2636 3244 quodam

1575 3262 1608 3283 se
1630 3253 1749 3284 habent
1771 3252 1811 3283 ad
1828 3252 1981 3288 Verbum,
2005 3257 2075 3282 tum
2093 3249 2201 3292 quoad
2215 3248 2410 3290 dignitatem,
2434 3253 2504 3279 tum
2527 3247 2636 3288 quoad

1575 3297 1893 3337 assumptibilitatem‚
1918 3296 1993 3336 quia
2015 3305 2087 3336 pars
2102 3293 2249 3325 sensitiva
2265 3302 2334 3324 non
2349 3297 2396 3323 est
2411 3292 2636 3332 assumptibilis

1575 3341 1636 3372 nisi
1666 3342 1741 3382 quia
1772 3341 1944 3372 coniuncta
1967 3345 2013 3371 est
2035 3337 2261 3373 intellectivae,
2291 3336 2373 3368 sicut
2395 3345 2455 3367 nec
2479 3345 2552 3366 caro
2575 3335 2637 3366 nisi

1577 3386 1651 3426 quia
1674 3390 1721 3416 est
1744 3394 1815 3425 pars
1838 3383 1992 3415 hominis:
2016 3381 2090 3414 ideo
2111 3381 2309 3421 Augustinus
2325 3379 2401 3411 dixit
2416 3381 2443 3416 “,
2467 3385 2498 3410 et
2514 3379 2637 3410 Auctor

1576 3429 1758 3465 declaravit,
1784 3427 1873 3469 quod
1895 3426 2064 3468 assumpsit
2086 3425 2240 3461 animam.
2264 3423 2345 3455 idest
2366 3429 2489 3464 partem
2513 3424 2636 3454 sensiti-

1576 3482 1659 3508 vam,
1683 3472 1843 3503 mediante
1866 3471 1988 3512 spiritu,
2011 3469 2092 3501 idest
2114 3474 2202 3510 parte
2224 3467 2424 3500 intellectiva.

1631 3517 1672 3547 Et
1695 3517 1775 3547 scito
1799 3515 1906 3556 quod,
1929 3514 1955 3545 si
1973 3513 2212 3545 considerentur
2234 3512 2311 3543 istae
2338 3510 2420 3542 duae
2442 3516 2546 3552 partes
2568 3520 2636 3542 non

1577 3559 1755 3591 secundum
1779 3558 1867 3600 quod
1891 3558 2044 3590 uniuntur
2066 3557 2099 3588 in
2118 3566 2182 3588 una
2205 3556 2377 3587 substantia
2401 3556 2523 3586 animae
2548 3555 2637 3596 (quia

1578 3604 1762 3634 sensitivum
1786 3609 1833 3634 est
1859 3602 1893 3633 in
1914 3601 2107 3632 intellectivo
2138 3605 2173 3631 ut
2200 3600 2365 3642 trigonum
2390 3600 2422 3630 in
2446 3604 2636 3641 tetragono,

2650 778 2660 789 ⁸
2672 778 2724 800 Art.
2738 783 2759 806 5.

2654 1499 2664 1511 ·
2680 1499 2746 1522 veru.
2759 1504 2792 1528 ²³·

2657 2285 2668 2296 ⁸
2681 2283 2711 2306 D.
2726 2289 2772 2312 ¹51.

2658 2338 2669 2350 ⁸
2676 2337 2724 2366 Qu.
2731 2342 2792 2364 mv,
2799 2339 2842 2359 m.

2664 3376 2674 3387 ·
2696 3374 2732 3398 ef.
2755 3380 2803 3403 ιε..
2831 3366 2834 3368 ’

2662 3404 2724 3425 00113-
