2872 3970
81 425 87 443 52

92 632 112 643 ‘
149 643 194 664 xx,

113 681 194 713 homin.

913 288 1176 334 QUAESTIO
1204 287 1291 334 LV,
1320 286 1611 324 ARTICULUS
1639 287 1689 323 Vl

218 369 400 408 meritum
427 367 670 405 beatitudinis
695 367 803 416 quod
831 374 962 404 causat
989 366 1097 413 fides,
1117 378 1198 403 non
1223 373 1279 402 to—

217 422 339 461 taliter
365 420 580 459 excluditur
613 419 685 457 nisi
713 421 835 457 horno
869 420 986 456 nollet
1021 419 1175 457 credere
1208 418 1280 455 nisi

219 487 265 512 ea
297 486 398 524 quae
425 473 546 510 videt:
583 473 652 510 sed
678 473 786 521 quod
820 471 956 521 aliquis
989 484 1035 509 ea
1061 484 1162 520 quae
1199 482 1280 508 non

218 527 334 574 videt,
354 527 483 564 credat
509 537 579 575 per
605 525 734 574 aliqua
761 524 868 573 signa
893 525 988 571 visa,
1013 537 1094 562 non
1121 524 1282 561 totaliter

219 580 340 618 fidem
358 586 530 625 ‚evacuat
556 590 628 615 nec
646 577 830 615 meritum
857 577 951 615 eius.
981 577 1087 614 Sicut
1114 585 1151 614 et
1173 577 1281 614 Tho-

219 645 320 680 mas,
346 632 410 670 cui
437 631 583 671 dictum
611 638 667 668 est
684 631 714 677 ³¹,
747 645 766 665 α
794 631 891 673 Quia
918 631 1039 668 vidisti
1063 642 1136 676 me,
1165 629 1281 667 credi-

220 686 303 725 disti
317 701 352 731 »,
367 684 472 723 aliud
486 684 585 730 vidit,
601 689 635 721 et
653 683 757 721 aliud
772 683 927 723 credidit
939 683 979 719 *ς
1000 682 1095 720 vidit
1107 684 1281 728 vulnera,

187 732 193 738 ⁸
221 745 258 776 et
295 737 454 775 credidit
487 737 629 775 Deum.
672 737 740 774 Est
767 744 898 785 autern
931 735 1164 785 perfectioris
1192 735 1284 772 fidei

88 1984 106 1992 .
127 1973 178 1995 cup.

37 1990 40 2009 ⁹
87 2002 90 2007 ’
108 1993 177 2017 Marc.

84 2023 91 2044 ᾉ
102 2027 110 2047 ε
124 2021 178 2043 Luc.

38 2062 39 2065 κ
86 2046 179 2076 ssonn.

98 2086 101 2088 -
125 2080 182 2098 xxi:

86 2101 97 2106 '‘
111 2106 179 2127 ,vem

97 2750 101 2755 .
159 2746 195 2761 3-··

93 2761 140 2781 .‚1,
177 2772 187 2775 -›
211 2774 215 2778 ,

99 2879 101 2882 ’
121 2875 130 2887 l·
146 2881 150 2885 v
176 2884 177 2887 ,

110 2895 169 2923 ³232!
183 2895 207 2906 Ι.

100 2956 106 2984 j
129 2966 146 2977 ·.
153 2960 216 2981 xxiv,

109 3012 217 3045 *t*

99 3059 219 3109 nsi-³23:

51 3157 55 3171 ⁸
100 3170 178 3193 up.
192 3171 220 3192 x,

100 3245 102 3249 '
134 3244 220 3271 ·,Ioun.

138 3123 141 3133 ι
160 3116 220 3135 ⁷:12

177 3143 219 3162 -u-

98 3297 101 3301 .
112 3275 176 3293 ‘nn
184 3277 221 3297 πο,

273 849 303 886 η)
319 850 467 876 crederent.
478 863 499 869 —
514 850 628 876 credunt
645 850 668 874 H
688 855 713 875 et
731 848 865 875 editiones
884 849 934 874 Pro
952 849 1081 879 viderent,
1100 849 1210 874 videant
1223 849 1251 875 Ρ.

2317 288 2384 324 521

1333 365 1400 415 qui
1428 376 1508 402 non
1537 364 1694 414 requirit
1727 364 1952 401 huiusmodi
1987 364 2126 402 auxilia
2153 366 2202 402 ad
2236 367 2392 403 creden—

1334 419 1440 455 dum.
1461 418 1586 464 Unde,
1602 418 1651 454 ad
1671 417 1912 464 arguendum
1932 418 2122 459 defectum
2141 417 2232 455 fidei
2251 417 2290 455 in
2310 419 2393 468 qui-

1333 472 1511 515 busdam,
1541 469 1734 506 Dominus
1760 469 1860 515 dicit,
1881 471 1984 506 Ioan.
2006 483 2040 507 1v
2056 470 2095 507 *ε
2125 471 2211 507 Nisi
2229 473 2340 521 signa
2361 477 2395 508 et

1328 524 1508 574 prodigia
1530 523 1704 568 videritis,
1725 534 1800 560 non
1819 523 1974 560 creditis.
2005 524 2054 559 Et
2071 524 2286 560 secundum
2306 525 2392 569 hoc,

1334 584 1459 626 potest
1493 575 1644 623 intelligi
1673 575 1781 624 quod
1808 574 1859 612 illi
1891 575 1958 624 qui
1991 583 2079 612 sunt
2110 583 2189 613 tam
2226 577 2394 626 prompti

1335 629 1454 669 animi
1482 636 1524 665 ut
1542 629 1698 665 credant
1712 628 1796 664 Deo
1816 628 1930 665 etiam
1950 628 2065 676 signis
2086 641 2165 666 non
2184 629 2286 676 visis,
2307 637 2396 667 sunt

1335 681 1436 719 beati
1463 693 1533 731 per
1560 680 1888 729 comparationem
1922 681 1970 718 ad
1999 682 2082 719 illos
2109 682 2175 730 qui
2205 694 2284 719 non
2318 695 2396 719 cre-

1336 735 1470 772 derent
1489 740 1506 761 ⁷¹
1535 733 1607 770 nisi
1634 733 1722 770 talia
1748 733 1934 771 viderent.

895 929 1229 962 Commentario.
1253 929 1504 964 cardinalis
1526 932 1727 964 Caietani

283 1021 392 1042 rmLus
421 1011 455 1041 in
485 1010 643 1050 principio
676 1010 818 1050 corporis
841 1010 880 1039 ab
908 1010 979 1049 ipso
1009 1010 1150 1040 Auctore
1180 1009 1284 1040 decla·
1310 1008 1313 1060 Ι
1338 1016 1408 1040 rant
1430 1011 1585 1051 principia
1608 1013 1785 1051 argumenti
1807 1018 1884 1042 nota
1914 1012 2085 1052 discipulis.
2117 1013 2263 1043 Secunda
2285 1014 2400 1053 proba-

283 1061 379 1086 ratur.

278 1101 315 1131 ln
339 1108 494 1140 corpore,
516 1098 621 1138 primo
650 1098 824 1129 declaratur
857 1097 974 1138 duplex
1005 1098 1151 1139 acceptio
1184 1107 1285 1139 argu-

224 1143 344 1175 menti:
367 1143 487 1175 scilicet
507 1148 609 1184 prout·
629 1148 675 1172 est
698 1141 783 1172 ratio
807 1141 856 1172 rei
881 1141 997 1173 dubiae
1013 1142 1148 1183 faciens
1160 1142 1286 1183 fidem;

222 1188 274 1219 vel
289 1193 386 1228 prout
401 1193 447 1219 est
461 1186 608 1218 sensibile
622 1186 751 1228 signum
768 1185 811 1216 ad
824 1185 1095 1228 manifestandam
1111 1186 1285 1217 veritatem.

279 1230 448 1268 Secundo,
471 1230 682 1271 respondetur
705 1228 848 1270 quaesito
877 1229 1034 1260 sumendo
1063 1236 1287 1270 argumentum

224 1277 330 1317 primo
349 1271 460 1312 modo,
477 1275 598 1315 duplici
614 1274 832 1305 conclusione.
849 1274 954 1304 Prima
970 1277 1033 1304 est:
1060 1273 1206 1304 Christus
1222 1282 1286 1304 non

218 1320 374 1361 probavit
399 1319 564 1359 discipulis
588 1319 855 1350 resurrectionem
877 1327 970 1349 suam
996 1327 1060 1358 per
1082 1323 1287 1359 argumenta.

225 1363 374 1396 Secunda
396 1369 458 1395 est:
491 1363 638 1394 Christus
655 1363 809 1404 probavit
829 1362 875 1393 eis
898 1362 1166 1393 resurrectionem
1196 1372 1288 1393 suam

219 1418 284 1450 per
300 1412 532 1450 ,argumentum
549 1406 623 1443 tale,
639 1407 701 1444 hoc
723 1411 770 1437 est
790 1406 965 1438 secundum
987 1406 1073 1447 quid,
1089 1407 1211 1437 scilicet
1227 1416 1290 1447 per

225 1459 353 1485 sacram
376 1451 588 1492 Scripturam.
618 1451 724 1482 Prima
740 1451 906 1481 conclusio
929 1450 1100 1490 probatur:
1125 1451 1201 1491 quia
1217 1450 1290 1481 dee-

1338 1060 1390 1084 tur
1413 1064 1451 1085 ex
1474 1055 1665 1095 Evangelio,
1689 1057 1768 1087 Luc.
1793 1057 1849 1086 ult.
1885 1057 1947 1087 Ubi
1971 1058 2050 1087 scito
2079 1057 2168 1096 quod
2191 1057 2308 1097 pluries
2327 1062 2401 1097 post

1338 1100 1603 1130 resurrectionem
1633 1110 1708 1131 usus
1735 1106 1782 1130 est
1805 1101 1964 1131 Dominus
1994 1102 2056 1131 hoc
2088 1107 2294 1141 argumento:
2319 1102 2401 1132 scili-

1341 1148 1400 1178 cet,
1421 1152 1496 1173 cum
1519 1143 1680 1184 discipulis
1705 1145 1853 1175 euntibus
1875 1145 1909 1174 in
1933 1145 2085 1175 Emmaus
2101 1146 2135 1180 *3
2161 1151 2191 1175 et
2214 1155 2289 1175 cum
2311 1146 2401 1186 Apo-

1341 1186 1428 1216 stolis
1444 1187 1471 1222 ἦ,
1496 1187 1668 1227 aperiendo
1686 1188 1751 1219 illis
1765 1198 1892 1218 sensum
1909 1194 1944 1219 ut
1963 1188 2181 1230 intelligerent
2201 1189 2401 1230 Scripturas,

1342 1235 1374 1260 et
1395 1229 1429 1260 in
1447 1231 1550 1260 verbis
1574 1231 1672 1262 allatis
1696 1231 1728 1262 in
1752 1232 1863 1262 littera.

1398 1274 1524 1310 Tertio,
1548 1274 1759 1314 respondetur
1789 1277 1932 1315 quaesito
1966 1277 2152 1316 accipiendo
2180 1284 2404 1317 argumentum

1342 1318 1485 1349 secundo
1508 1318 1620 1355 modo,
1644 1329 1709 1349 una
1732 1320 1954 1351 conclusione:
1982 1321 2129 1351 Christus
2143 1331 2235 1351 suam
2260 1331 2404 1353 resurre-

1343 1363 1480 1393 ctionem
1503 1364 1611 1394 multis
1634 1364 1834 1404 argumentis
1861 1366 2087 1396 convenienter
2109 1365 2294 1396 declaravit.
2328 1367 2405 1397 Pro-

1344 1407 1435 1437 batur
1458 1407 1626 1447 dupliciter
1649 1417 1748 1448 quare
1769 1409 1833 1439 hoc
1856 1409 1982 1439 fecerit:
2007 1415 2038 1440 et
2053 1419 2090 1440 ex
2106 1415 2194 1450 parte
2217 1419 2348 1448 eorum;
2374 1417 2406 1441 et

1345 1461 1382 1481 ex
1405 1457 1493 1492 parte
1517 1451 1614 1483 officii
1637 1452 1849 1492 praedicandi.

1039 1604 1252 1648 ARTICU
1260 1605 1358 1647 LUS
1388 1603 1601 1648 SEXTUS

797 1697 954 1729 UTRUM
978 1697 1257 1741 ARGUMENTA
1279 1697 1400 1735 QUAE
1424 1696 1637 1728 CHRISTUS
1661 1697 1842 1729 INDUXIT

546 1741 860 1775 SUFFICIENTER
882 1740 1296 1773 MANIFESTAVERINT
1319 1741 1576 1772 VERITATEM
1599 1742 1972 1774 RESURRECTIONIS
1996 1744 2093 1775 EIUS

785 1819 817 1844 111
841 1819 924 1849 Seni..
943 1819 1001 1845 dist.
1020 1827 1069 1850 xxi,
1089 1826 1133 1852 qu.
1152 1826 1179 1848 ιι,
1199 1823 1245 1844 art.
1267 1818 1290 1849 3,
1309 1827 1326 1850 4
1333 1827 1340 1850 3
1363 1819 1506 1851 Compend.
1529 1819 1624 1848 Theol„
1644 1828 1699 1852 cap.
1719 1827 1854 1846 ccxxxvm.

318 1928 325 1942 ι
380 1933 416 1946 Ι-,
441 1923 464 1947 D
493 1917 634 1947 sax-rum
660 1922 712 1947 s1c
731 1921 966 1947 PRocamwn.
996 1909 1158 1946 Videtur
1185 1909 1292 1958 quod

220 2003 222 2006 ,
262 1953 667 2023 ,Δῖισᾼεῑςαωεηῑε
686 1974 786 2012 quae
807 1962 980 1999 Christus
999 1961 1192 2009 induxit&
1213 1973 1293 1998 non

268 2051 272 2062 ,
289 2032 380 2098 C}
392 2022 422 2062 (μ
443 2015 675 2054 sufficienter
715 2015 1054 2053 manifestaverunt
1093 2014 1294 2052 veritatem
1314 2019 1321 2040 ’ἲ

251 2065 264 2075 ”
287 2062 386 2103 (5552)

402 2061 730 2117 &resurrectionis
749 2069 842 2106 eius.
871 2068 979 2105 Nihil
997 2067 1102 2105 enim
1131 2067 1295 2106 ostendit

235 2124 409 2162 Christus
454 2122 648 2171 discipulis
690 2129 778 2170 post
823 2121 1142 2159 resurrectionem
1188 2121 1294 2170 quod

234 2177 350 2214 etiam
386 2175 528 2223 angeli,
568 2173 793 2212 hominibus
829 2182 1074 2223 apparenteS,
1113 2175 1174 2211 vel
1215 2186 1295 2210 non

235 2228 484 2275 ostenderint,
513 2229 576 2264 vel
602 2239 683 2264 non
712 2228 912 2264 ostendere
948 2226 1152 2277 potuerint.
1191 2227 1295 2263 Nam

235 2282 357 2332 angeli
389 2282 608 2331 frequenter
634 2280 674 2318 in
701 2281 874 2318 humana
911 2279 1033 2331 effigie
1062 2292 1102 2317 se
1130 2279 1296 2317 homini-

234 2337 308 2374 bus
337 2335 597 2380 ostenderunt,
619 2341 655 2370 et
673 2345 765 2379 cum
793 2331 846 2371 eis
874 2333 1132 2383 loquebantur
1150 2335 1186 2370 et'
1205 2345 1296 2371 con-

236 2436 335 2487 verij:
355 2441 453 2478 sicut
469 2448 572 2490 patet
596 2441 687 2477 Gen.
704 2452 797 2485 xvm,
818 2440 866 2476 de
893 2439 1034 2488 angelis
1056 2452 1156 2489 quos
1178 2439 1297 2476 Abra-

236 2496 337 2532 ham'
367 2493 532 2544 suscepit
556 2492 746 2545 h'ospiti0;
785 2500 821 2529 et
855 2491 895 2529 in
926 2492 1022 2530 libro
1056 2494 1213 2538 Tobiae,
1250 2492 1298 2529 de

238 2549 372 2596 angelo
401 2546 589 2596 qui'eur'n‘
616 2546 720 2587 duxit
748 2549 794 2583 et‘
808 2545 965 2583 reduxit.
980 2545 982 2548 ⁴
999 2546 1048 2582 Et
1074 2553 1205 2582 tamen
1233 2546 1299 2582 an—

238 2600 311 2650 geli
346 2611 427 2637 non
463 2599 607 2637 habent
641 2603 733 2639 vera
770 2610 933 2648 corpora
970 2598 1188 2636 naturaliter
1229 2596 1300 2635 sibi

237 2653 364 2691 unita:
394 2648 508 2706 quod¹
530 2652 735 2702 requiritur
762 2651 812 2690 a'd
840 2651 1170 2702 resurrectionem.
1207 2651 1301 2690 Non

239 2711 330 2757 ergo
350 2706 456 2755 signa
474 2709 573 2756 ‘quae
603 2703 999 2754 Christus'discipulis'
1018 2703 1206 2751 exhibuit„
1222 2705 1301 2742 fue-

240 2766 330 2807 runt
359 2757 591 2796 'sufficientia
628 2758 685 2796 ad‘
714 2757 1033 2807 resurrectionem
1071 2758 1152 2796 eius
1181 2757 1302 2795 mani-

240 2811 464 2856 festandam.
773 2810 775 2812 ’
841 2810 845 2818 ‘
1226 2807 1230 2813 ⁴

296 2863 331 2902 '2.
353 2863 592 2910 plumeam,
613 2858 1007 2916 Christus‘res'urrexit
1027 2863 1304 2902 resurrectione

242 2917 418 2967 gloriosa,
447 2917 554 2965 idest,
574 2918 734 2967 liabens
748 2917 863 2960 simul
882 2911 1097 2968 humanam
1120 2915 1304 2966 naturam

218 3012 221 3016 ,
245 2970 345 3020 curn
363 2963 619 3020 glo'rssiaj‘Sted'
635 2968 828 3025 quaedam'
857 2966 1223 3017 Christus''os'tendit
1249 2969 1304 3015 di—

244 3019 398 3081 scipulis
416 3019 518 3084 quae
536 3022 717 3071 videntur
730 3060 733 3062 ,
744 3035 826 3065 esse
845 3022 1032 3078 contraria
1051 3031 1209 3061 naturae
1229 3022 1305 3059 'hu-

227 3124 436 3183 “qu'od'jad
459 3140 525 3166 eos
546 3124 682 3187 :ianuis
708 3125 857 3179 Clausi&
874 3125 1025 3179 instravit
1042 3129 1083 3166 *z
1114 3126 1306 3181 quaedam

247 3179 377 3229 autem
411 3181 594 3231 ‘videntur
626 3170 742 3230 fuisse
758 3182 767 3220 J
783 3174 993 3229 contrarias,
1011 3180 1175 3230 gloriae,
1215 3188 1308 3230 puta

135 3224 221 3242 .xxlv.
282 3230 301 3243 ta*

248 3246 315 3288 qu·v
329 3226 816 3285 d'''r'na't‘1'di⁴1*]c,avit'‘e)t-bibit
831 3234 867 3287 ἢ,
897 3234 1003 3284 quod
1033 3235 1147 3272 etiam
1167 3230 1308 3271 ‘habuit

247 3286 467 3346 ffllniiffim.
482 3279 749 3345 ‚cicatrices']'²¹‘.¹
772 3285 879 3340 Ergo
915 3285 1088 3343 videm?
1104 3283 1221 3336 qu‘od¹
1248 3284 1309 3323 illa

1329 2833 1330 2837 =
1355 2811 1411 2847 ut‘
1425 2809 1564 2847 dicitur
1591 2811 1676 2861 Sap.
1697 2821 1753 2846 vni
1772 2809 1803 2846 ³¹².
1826 2851 1827 2854 Ἰ

223 3080 226 3085 ’
245 3079 403 3124 manae,
426 3067 867 3134 ss1cut‚.q110dJ'dbeciili's.
894 3071 1028 3117 eorum
1042 3070 1202 3127 evanuit
1218 3074 1250 3121 *‚
1272 3083 1307 3115 et
1332 3107 1334 3112 χ

1346 1917 1571 1957 argumenta
1599 1921 1680 1946 non
1707 1909 1862 1946 fuerunt
1890 1909 2133 1958 sufficientia,
2164 1915 2290 1961 neq‘ue
2318 1925 2408 1950 con-

1345 1961 1549 2008 venientia,
1578 1962 1626 1999 ad
1654 1962 1774 2000 fidem
1803 1963 2088 2001 resurrectionis
2117 1966 2407 2003 ostendendam.

1403 2014 1436 2050 3.
1462 2015 1695 2061 PRAETEREA,
1716 2027 1856 2065 corpus
1878 2016 2016 2053 Christi
2036 2029 2116 2055 non
2136 2026 2214 2055 erat
2232 2020 2303 2056 tale
2323 2027 2411 2069 post

1347 2067 1667 2107 resurrectionem
1695 2075 1737 2105 ut
1754 2069 1856 2117 tangi
1875 2069 2030 2106 deberet
2051 2070 2099 2106 ab
2119 2071 2278 2108 homine
2306 2084 2409 2109 mor-

1347 2120 1425 2156 tali:
1456 2120 1560 2157 unde
1580 2119 1660 2170 ipse
1681 2121 1773 2157 dixit
1791 2122 2053 2170 Magdalenae,
2075 2124 2178 2161 Ioan.
2199 2137 2246 2161 xx
2260 2124 2297 2160 *z
2318 2126 2412 2162 Noli

1348 2185 1408 2209 me
1425 2176 1619 2223 'tangere.·
1655 2174 1819 2211 nondum
1857 2176 1955 2212 enim
1992 2177 2143 2212 ascendi
2177 2178 2228 2214 ad
2259 2179 2410 2215 Patrem

1348 2238 1483 2262 meum.
1514 2227 1607 2263 Non
1631 2237 1720 2275 ergo
1741 2226 1809 2263 fuit
1827 2227 2061 2266 conveniens
2081 2230 2199 2278 quod,
2220 2230 2269 2266 ad
2287 2230 2410 2268 mani-

1347 2279 1561 2316 festandam
1580 2278 1778 2316 veritatem
1805 2291 1895 2317 suae
1923 2281 2218 2330 resurrectionis,
2240 2283 2410 2332 seipsum

1322 2329 1324 2369 ἶ
1350 2332 1543 2381 discipulis
1571 2331 1760 2381 palpabile
1789 2333 2001 2371 exhibuerit
2021 2340 2037 2356 ‘²
2056 2334 2086 2371 ²¹⁶.

235 2388 487 2426 versabantur
507 2392 544 2424 et
562 2387 829 2434 comedebant,
850 2386 897 2423 ac'
920 2386 950 2422 si
975 2394 1100 2424 essent
1119 2386 1297 2423 homines
1323 2413 1325 2417 ⁴

1403 2398 1439 2432 4.
1470 2386 1711 2430 PRAETEREA,
1741 2385 1837 2422 inter
1873 2386 1980 2439 dotes
2008 2386 2205 2435 glorificati
2240 2389 2411 2438 corporis

1350 2437 1558 2487 praecipua
1585 2438 1737 2475 videtur
1764 2451 1845 2476 esse
1874 2439 2020 2477 claritas
2041 2440 2071 2476 ³¹³.
2116 2441 2247 2488 Quam
2281 2450 2411 2479 tamen

1325 2523 1326 2530 ,
1351 2492 1391 2528 in
1417 2491 1693 2528 resurrectione
1722 2492 1828 2528 nullo
1852 2500 2078 2541 argumento
2105 2494 2279 2540 ostendit.
2309 2495 2411 2543 Ergo

1351 2544 1505 2581 videtur
1529 2543 1635 2594 quod
1663 2543 1929 2582 insufficientia
1955 2546 2094 2585 fuerint
2112 2541 2182 2592 :illa
2210 2559 2411 2595 argumen-

1352 2605 1390 2634 ta
1427 2597 1476 2641 ad
1498 2594 1832 2645 *manifestandam
1870 2598 2104 2648 qualitatem,
2128 2599 2413 2637 resurrectionis

1355 2649 1495 2688 Christi
1510 2648 1535 2687 β.
2115 2695 2118 2699 ,

1409 2704 1482 2741 SED
1511 2715 1656 2741 CONTRA
1675 2715 1740 2741 Es'r
1759 2704 1866 2758 quod
1887 2702 2071 2755 Christus,
2093 2705 2158 2754 qui
2179 2714 2233 2742 est
2257 2705 2330 2743 Dei
2348 2708 2413 2744 Sa-

1349 2758 1491 2806 pientia
1509 2756 1539 2802 *,
1568 2757 1729 2794 suaviter
1748 2764 1783 2793 et
1802 2757 2248 2807 convenienterrdz'sponit
2275 2761 2413 2807 omnia,

1409 2863 1633 2901 RESPONDEO
1653 2874 1833 2901 DICENDUM
1853 2863 1959 2914 quod
1980 2863 2152 2900 Christus
2176 2865 2415 2904 resurrectio-

1357 2928 1449 2953 nem
1477 2927 1586 2953 suam
1616 2914 1816 2964 dupliciter
1842 2915 2117 2963 manifestavit:
2155 2916 2293 2963 scilicet
2320 2918 2416 2955 testi-

1358 2968 1510 3013 monio;
1539 2975 1575 3004 et
1603 2964 1827 3015 argumento
1848 2979 1916 3004 seu
1936 2967 2054 3016 signo.
2085 2969 2133 3006 Et
2152 2976 2313 3020 utraque
2336 2984 2416 3008 ma—

1359 3021 1544 3058 nifestatio
1574 3020 1612 3057 in
1641 3033 1711 3056 suo
1740 3032 1877 3070 genere
1905 3021 1973 3069 fuit
2002 3022 2205 3063 sufficiens.

1412 3075 1479 3116 Est
1507 3073 1608 3110 enim
1640 3085 1732 3110 usus
1761 3072 1901 3122 duplici
1930 3074 2146 3111 testimonio
2184 3075 2232 3120 ad
2260 3076 2417 3122 manife-

1333 3159 1334 3163 ,
1361 3126 1536 3163 standam
1555 3138 1667 3170 suam
1686 3125 2002 3175 resurrectionem
2024 3127 2227 3177 discipulis,
2248 3141 2417 3177 quorum

1362 3186 1543 3218 neutrum
1562 3186 1685 3228 potest
1705 3179 1830 3229 refelli.
1857 3179 2037 3230 Quorum
2055 3179 2227 3229 primum
2247 3189 2302 3218 est
2319 3181 2418 3219 testi-

1361 3231 1540 3269 monium
1569 3232 1806 3284 angelorum,
1827 3231 1894 3280 qui
1922 3231 2148 3283 mulieribus
2177 3234 2418 3283 resurrectio-

1335 3324 1337 3331 ,
1363 3296 1454 3322 nem
1482 3283 1822 3337 annuntiaverunt:
1853 3291 1894 3334 ut
1912 3292 2015 3334 patet
2042 3297 2111 3334 per
2138 3291 2274 3331 omnes
2294 3287 2419 3331 Evan-

302 3400 330 3435 α)
347 3401 508 3433 palpabilem
527 3401 686 3427 exhibuerit.
698 3416 717 3420 —
730 3402 892 3434 palpabilem
903 3401 1031 3434 praebuit
1045 3401 1062 3429 1,
1077 3400 1245 3432 palpandum
1260 3406 1307 3423 ex—

249 3435 350 3462 hiberet
368 3439 453 3461 cetera
470 3436 554 3461 tertia.

304 3470 330 3504 β)
351 3471 458 3496 Ozristi.
475 3485 494 3490 --
513 3471 531 3495 Ρ
550 3471 679 3504 (margine
701 3470 810 3496 notann'
825 3471 1021 3504 Argumentum
1046 3469 1207 3503 suppletum)
1220 3469 1307 3493 ‘addite

249 3506 402 3536 &ueterem
420 3507 511 3540 angel}
529 3507 555 3535 in
575 3509 653 3533 testei·
671 3513 763 3532 resurr
805 3507 874 3534 lonis
893 3506 997 3539 inducti
1013 3512 1051 3530 ex
1069 3506 1121 3530 ista
1139 3504 1198 3537 (pro
1217 3504 1274 3536 ipsa
1281 3503 1308 3538 9)

250 3541 417 3567 dissonantia
436 3542 670 3575 &angelmarum
695 3542 771 3576 insuf
785 3543 882 3567 cientes
903 3542 1036 3566 videntur.
1055 3540 1126 3564 Nam
1144 3540 1218 3571 apud
1236 3539 1308 3563 Mat—

392 3595 503 3620 Smnnn
519 3594 623 3620 Τκκοι.
638 3595 669 3621 D.
687 3585 804 3620 *I'uoum
823 3594 855 3620 T.
870 3594 936 3620 VIII.

1362 3399 1466 3423 thaeum
1491 3397 1602 3430 angelus
1624 3404 1704 3429 super
1721 3397 1835 3428 lapidem
1859 3398 2015 3434 revolutum,
2034 3399 2107 3430 apud
2126 3399 2248 3424 Marcum
2269 3407 2330 3426 vero
2350 3401 2420 3426 intus

1360 3433 1473 3465 angelus
1499 3431 1755 3457 describitur'visus
1779 3439 1796 3456 a
1821 3432 1974 3457 mulieribus
2002 3433 2129 3466 ingressis
2156 3434 2361 3462 monumentum.
2384 3437 2420 3462 Et

1362 3475 1455 3492 rursus
1473 3469 1506 3492 ab
1519 3468 1578 3494 istis
1595 3475 1670 3496 unus,
1684 3474 1701 3491 a
1715 3467 1813 3492 Ioanne
1832 3468 1886 3492 duo
1903 3469 2030 3498 sedentes,
2044 3476 2061 3493 a
2075 3469 2148 3494 Luca
2167 3470 2230 3495 vero*
2248 3467 2308 3495 duo'
2319 3466 2421 3496 stantes

1362 3502 1556 3528 describuntur.
1575 3502 1788 3533 Inconvenientia
1807 3509 1872 3535 ergo
1891 3503 2017 3528 videntur
2035 3501 2186 3533 testimonia
2210 3500 2421 3533 resurrectionis.

2244 3591 2278 3618 66

2421 478 2430 488 ⁴
2446 476 2512 498 Vcrs.
2527 477 2565 503 48.

2429 1151 2439 1162 ⁹
2453 1151 2507 1171 Luc.
2518 1156 2568 1177 cap.
2576 1156 2640 1177 xxiv,

2429 1182 2594 1230 riserat:
2609 1209 2640 1229 ⁴.

2429 1236 2481 1257 sqq.

2438 2128 2446 2138 ⁸
2462 2127 2527 2149 Vers.
2546 2134 2578 2154 ¹7.

2536 2348 2552 2364 α

2441 2375 2449 2383 “
2464 2374 2518 2395 Luc.
2530 2379 2651 2401 cap.xx1v‚

2439 2406 2579 2428 vers.39,4o;
2586 2400 2651 2421 loan.

2439 2432 2490 2454 cap.
2500 2433 2538 2453 xx,
2548 2433 2607 2448 vers.
2615 2432 2651 2453 20,

2439 2459 2459 2490 3¹
2468 2470 2508 2501 'Cf.
2535 2478 2651 2506 Supplem.

2439 2512 2478 2534 qu.
2486 2512 2570 2533 uxxv,
2581 2509 2623 2527 art.
2633 2513 2652 2527 ι.

2538 2656 2552 2688 β

2443 2765 2451 2774 ”
2460 2764 2507 2785 lad
2513 2765 2577 2790 Cor„
2584 2769 2653 2791 capa.

2443 2797 2500 2812 vers.
2515 2797 2550 2817 24.

2444 2819 2453 2828 ⁸
2469 2818 2534 2839 Vcrs.
2551 2824 2568 2838 ι.
