2872 3970
201 1195 210 1205 ⁸
267 1210 273 1215 .
293 1200 349 1220 xvn,
369 1197 409 1214 art.

199 1226 232 1242 2.-
258 1220 410 1242 nemmem.

199 1253 262 1268 num.
279 1252 330 1268 xm.

200 1667 209 1677 ·
216 1666 261 1687 vid
277 1666 410 1688 Comment.

199 1699 268 1719 super
277 1697 318 1714 art.
325 1699 410 1720 praec,

199 1725 263 1740 num.
279 1725 294 1740 ι.

209 2667 219 2677 ’
230 2667 264 2687 De
275 2666 332 2687 Fide
341 2667 416 2694 Orth„

208 2693 248 2714 lib.
264 2693 302 2717 111.
317 2699 367 2720 cap.
380 2700 417 2719 xv,

209 2725 256 2741 xvi.
268 2731 277 2735 -
289 2719 324 2740 Cf.
339 2720 378 2741 lib.
390 2721 417 2747 11,

208 2751 260 2773 cap.
275 2751 339 2767 xxm.

213 2886 222 2894 ¹
237 2885 273 2906 Cf.
283 2885 376 2906 Aristor.
389 2886 420 2906 Ε-

211 2911 264 2931 thir⁴
277 2911 315 2933 lib.
331 2911 359 2934 X.
370 2918 394 2933 ca
414 2927 419 2933 .

212 2943 317 2986 :ggn'ss'
330 2949 339 2954 -
351 2919 419 2959 Ssffl.

443 301 517 336 242

440 367 540 397 rentia
563 366 644 396 inter
667 370 850 405 utrumque.
885 364 969 405 Q
995 366 1029 395 in
1052 365 1280 395 constitutione
1306 373 1462 404 personae
1485 373 1503 394 a

440 417 560 447 natura,
586 419 652 440 esse
677 418 709 438 se
732 410 827 439 habet
849 414 885 439 ut
907 410 1075 440 terminus:
1100 409 1175 448 quia
1198 413 1319 447 spectat
1342 407 1382 437 ad
1400 408 1503 447 ipsam

440 465 594 495 personae
622 454 884 484 constitutionem
912 458 948 483 ut
974 453 1102 493 propria
1128 452 1291 482 actualitas
1315 451 1398 487 eius;
1430 461 1503 491 per-

441 509 519 530 sona
542 500 628 529 enim
657 497 736 528 nihil
763 497 849 527 aliud
873 503 919 528 est
950 506 1047 537 quam
1074 502 1186 526 natura
1216 494 1352 526 deducta
1377 494 1416 525 ad
1439 495 1503 525 hoc

441 542 531 583 quod
553 543 592 572 sit
614 542 743 582 proprie
766 541 798 571 id
822 540 911 581 quod
934 546 990 571 est.
1015 541 1056 570 Et
1078 541 1152 570 hinc
1175 539 1322 580 provenit
1345 544 1381 569 ut
1398 539 1502 569 unitas

440 596 596 627 personae
619 586 722 625 exigat
744 586 900 615 unitatem
923 594 1008 614 esse:
1035 589 1163 624 oportet
1184 592 1325 623 namque
1349 583 1502 613 constitu-

440 632 563 661 tionem
585 630 681 660 unius
704 638 860 669 personae
888 628 928 659 ad
951 637 1054 658 unum
1076 627 1302 658 tantummodo
1329 627 1503 657 terminum

441 674 605 715 compleri.
630 673 782 713 Operatio
805 682 882 703 vero
906 682 973 702 non
996 672 1041 702 sic
1064 681 1097 702 se
1119 672 1223 701 habet.
1247 671 1323 701 Non
1345 671 1431 700 enim
1446 680 1502 701 na-

440 724 519 754 tura,
544 716 768 749 constituendo
792 725 972 756 personam,
997 715 1049 746 dat
1073 715 1210 755 operari,
1234 715 1316 745 sicut
1339 714 1391 744 dat
1415 723 1501 745 esse:

440 762 496 793 sed
518 771 654 802 persona
683 762 747 791 iam
771 761 905 790 existens
928 758 1065 800 profert,
1089 759 1249 789 mediante
1272 764 1400 795 natura,
1425 767 1502 798 ope-

440 807 605 837 rationem.
641 805 682 835 Et
710 804 783 834 ideo
807 804 911 834 unitas
940 813 1096 843 personae
1126 812 1193 833 non
1222 803 1317 842 exigit
1347 803 1503 832 unitatem

441 850 644 890 operationis.
679 849 742 879 Ubi
769 847 857 878 vides
881 847 970 887 quod
1001 856 1069 877 esse
1091 846 1274 877 immediate
1303 847 1336 876 in
1366 855 1503 886 persona

440 904 458 924 a
487 899 598 924 natura
628 898 690 923 est:
723 892 848 932 operari
879 901 956 921 vero
987 891 1050 920 iam
1081 891 1253 921 constituta
1280 899 1417 930 persona
1447 890 1502 920 ha-

440 939 493 968 bet
516 948 533 967 a
555 942 676 972 natura,
700 937 768 976 ipsa
790 934 951 965 mediante
973 940 1094 965 natura.
1119 935 1225 964 Habet
1248 934 1334 964 enim
1358 935 1502 974 operatio

439 986 583 1011 naturam
608 986 639 1010 et
662 985 697 1010 ut
719 979 930 1020 principium,
955 984 986 1009 et
1009 984 1045 1009 ut
1068 979 1285 1019 susceptivum
1307 979 1502 1018 proximum,

439 1025 549 1055 saltem
579 1023 738 1054 mediante
771 1023 930 1063 potentia:
962 1032 1134 1062 personam
1164 1027 1271 1053 autem
1303 1027 1339 1053 ut
1361 1022 1503 1062 primum

439 1078 574 1109 operans
593 1073 629 1098 ut
652 1067 750 1107 quod.
775 1067 852 1097 Esse
874 1076 951 1097 vero
974 1072 1120 1097 naturam
1136 1067 1231 1097 habet
1250 1072 1287 1096 ut
1307 1066 1502 1106 principium

439 1123 504 1153 quo
539 1118 678 1143 tantum:
718 1117 750 1142 et
788 1120 959 1151 personam
993 1116 1030 1140 ut
1067 1110 1289 1141 immediatum
1321 1111 1502 1141 subiectum

439 1156 528 1197 quod
552 1162 607 1187 est.

492 1201 614 1232 Eadem
635 1209 711 1240 ergo
736 1205 782 1230 est
798 1199 941 1230 doctrina
963 1199 1015 1229 hie
1033 1204 1065 1229 et
1080 1199 1226 1239 superius
1241 1199 1259 1215 ⁴*
1281 1197 1403 1229 tradita.
1426 1198 1503 1229 Non

438 1246 524 1276 enim
548 1244 703 1275 docemur
725 1244 777 1274 hic
807 1243 897 1284 quod
921 1253 988 1273 esse
1018 1244 1058 1273 sit
1081 1242 1120 1274 de
1143 1243 1315 1273 intrinseco
1338 1242 1503 1273 intellectu

1145 285 1408 332 QUAEsrlo
1437 285 1542 332 xlx,
1571 284 1864 322 ARTICULUS
1892 285 1922 322 11

1555 373 1728 403 personae:
1753 363 1809 394 sed
1832 362 1922 403 quod
1938 364 2080 404 pertinet
2101 364 2145 394 ad
2167 364 2426 396 constitutionem
2443 375 2619 406 personae.

1557 407 1598 438 Et
1619 417 1694 438 vere
1717 407 1762 437 sic
1781 413 1836 438 est.
1861 407 2026 446 Quoniam
2049 409 2235 438 constitutio
2252 418 2408 448 personae
2431 414 2478 440 est
2498 410 2618 440 consti-

1555 451 1637 481 tutio
1669 451 1769 491 ipsius
1800 461 1877 482 esse.
1912 451 1999 482 Tum
2031 452 2106 492 quia
2135 461 2204 482 non
2234 452 2294 483 alia
2324 453 2552 487 constitutione
2581 453 2619 485 fit

1555 504 1710 535 persona,
1736 499 1767 525 et
1789 495 1850 525 alia
1871 493 1907 525 fit
1939 504 2022 526 esse:
2054 495 2109 526 sed
2131 505 2195 526 una
2218 501 2250 526 et
2280 496 2401 527 eadem.
2432 496 2519 528 Tum
2543 498 2618 538 quia

1556 538 1596 569 ad
1618 538 1682 568 hoc
1705 539 1907 569 constituitur
1928 548 2066 579 persona
2081 544 2118 569 ut
2133 540 2187 570 sit:
2213 539 2303 580 quod
2321 545 2368 570 est
2390 539 2478 571 dictu
2501 541 2618 572 consti-

1555 583 1715 613 tutionem
1737 591 1893 622 personae
1916 583 2077 613 terminari
2093 582 2132 613 ad
2148 592 2225 620 esse,
2249 589 2403 624 tanquam
2418 584 2458 615 ad
2472 585 2533 624 ipsi
2548 594 2619 625 per-

1556 635 1653 657 sonae
1679 627 1859 666 propriam,
1882 626 2116 663 immediatam,
2147 628 2358 668 ultimamque
2389 628 2618 666 actualitatem,

1555 670 1636 700 infra
1658 670 1859 701 latitudinem
1882 670 1932 701 sui
1953 671 2087 710 generis,
2112 671 2231 702 scilicet
2253 672 2455 703 substantiae.

1612 714 1664 744 1v.
1681 714 1717 744 In
1732 714 1941 754 responsione
1957 713 1997 745 ad
2013 714 2172 755 quintum,
2185 715 2267 752 vide,
2284 715 2422 752 Novitie,
2439 715 2528 756 quod
2544 726 2619 748 cum

1555 758 1693 798 propriis
1716 758 1853 798 operatis
1876 758 2083 798 singularium
2100 759 2335 799 operationum,
2359 759 2484 791 divinae
2499 760 2620 792 scilicet

1557 807 1588 832 et
1607 802 1777 838 humanae,
1801 807 1881 832 stare
1897 801 2012 832 dicitur
2026 803 2182 833 unitatem
2197 804 2319 844 operati
2341 809 2488 844 respectu
2503 805 2619 835 utn‘us-

1557 855 1637 886 que:
1669 855 1737 876 non
1759 855 1817 886 per
1838 847 1923 876 viam
1946 847 2165 886 proprietatis,
2195 848 2269 888 quia
2295 848 2360 878 hoc
2385 853 2542 888 repugnat
2570 849 2620 879 his

1557 899 1639 930 quae
1662 899 1750 920 nunc
1772 889 1955 920 immediate
1982 890 2065 921 dicta
2095 896 2183 927 sunt;
2214 891 2270 922 sed
2292 901 2350 932 per
2370 892 2455 923 viam
2483 902 2620 924 concur·

1555 943 1610 965 sus
1629 943 1686 964 seu
1701 934 1946 965 communionis.
1969 934 2147 975 Nunquam
2166 935 2252 966 enim
2269 941 2437 975 operatum
2451 937 2620 977 proprium

1556 979 1652 1009 unius
1677 978 1871 1018 operationis
1900 983 1947 1008 est
1970 984 2139 1018 operatum
2165 980 2333 1020 proprium
2355 979 2500 1017 alterius,
2527 986 2564 1011 ut
2585 981 2620 1012 in

1555 1022 1715 1062 principio
1738 1023 1957 1062 responsionis
1981 1021 2149 1053 docemur:
2184 1022 2239 1054 sed
2263 1029 2432 1064 operatum
2453 1024 2621 1065 proprium

1556 1066 1651 1097 unius
1681 1071 1788 1106 potest
1811 1075 1879 1096 esse
1902 1071 2070 1106 operatum
2094 1076 2269 1097 commune
2291 1067 2351 1097 sibi
2377 1073 2408 1098 et
2431 1068 2519 1098 alteri
2541 1077 2621 1108 ope-

1555 1111 1688 1146 rationi;
1711 1116 1748 1141 ut
1763 1111 1884 1140 sanatio
1908 1110 2027 1150 leprosi
2051 1115 2098 1141 est
2115 1111 2282 1151 proprium
2305 1117 2473 1151 operatum
2495 1111 2621 1144 divinae

1557 1155 1761 1194 operationis,
1786 1160 1817 1185 et
1841 1164 1916 1185 cum
1945 1155 2009 1185 hoc
2039 1160 2086 1185 est
2114 1164 2288 1186 commune
2319 1161 2488 1195 operatum
2518 1155 2621 1189 dictae

1557 1198 1682 1229 divinae
1713 1199 1893 1239 operationi
1913 1204 1945 1229 et
1966 1199 2110 1230 humano
2134 1200 2297 1230 contactui
2318 1201 2520 1240 participanti
2541 1199 2622 1231 divi-

1556 1252 1631 1273 nam
1656 1243 1895 1283 operationem;
1919 1248 1956 1274 ut
1977 1243 2012 1273 in
2035 1242 2121 1274 calce
2144 1244 2362 1284 responsionis
2386 1243 2551 1276 docemur.

1204 1379 1522 1422 ARTICULUS
1552 1379 1853 1421 SECUNDUS

873 1463 1029 1495 UTRUM
1052 1463 1096 1494 IN
1120 1463 1310 1495 cnmsro
1335 1463 1433 1526 s1N‘r
1455 1463 1621 1494 PLURES
1643 1463 1863 1494 HUMANAE
1887 1462 2190 1495 OPERATtoNEs

588 1572 626 1617 Ξ(
647 1566 669 1590 D
685 1565 874 1590 SECUNDUM
889 1564 941 1589 s1c
959 1564 1195 1590 Paocnmrua.
1216 1552 1378 1589 Videtur
1395 1551 1503 1601 quod

649 1606 688 1643 in
718 1605 870 1642 Christo
891 1605 964 1642 sint
985 1606 1114 1654 plures
1143 1606 1338 1642 humanae
1368 1617 1503 1654 opera-

456 1659 578 1713 ‘152273
594 1650 771 1695 ⁹tiones
790 1658 820 1695 *.
852 1658 1024 1695 Christus
1044 1658 1161 1704 enirn,
1182 1658 1414 1708 inquantum
1433 1659 1502 1695 ho-

496 1684 594 1743 ζὲΨ)
610 1701 729 1756 mo,
749 1711 1012 1748 communicat
1040 1723 1131 1748 curn
1150 1711 1288 1760 plantis
1307 1711 1347 1748 in
1366 1719 1502 1748 natura

438 1764 630 1810 nutritiva,
652 1777 743 1801 cum
771 1764 1000 1801 animalibus
1029 1771 1159 1800 autem
1186 1764 1227 1800 in
1254 1773 1391 1801 natura
1419 1776 1503 1800 sen-

440 1818 566 1864 sitiva,
596 1830 687 1854 cum
723 1816 865 1865 angelis
892 1829 986 1853 vero
1014 1816 1054 1853 in
1082 1825 1218 1854 natura
1255 1816 1502 1862 intellectiva,

440 1870 536 1907 sicut
571 1878 607 1906 et
635 1869 748 1906 ceteri
785 1869 976 1906 homines.
1016 1869 1093 1906 Sed
1131 1869 1203 1906 alia
1240 1877 1296 1906 est
1332 1869 1503 1919 operatio

439 1925 590 1972 plantae
618 1922 848 1972 inquantum
886 1929 941 1958 est
967 1923 1117 1971 planta,
1156 1929 1192 1958 et
1224 1921 1296 1959 alia
1330 1922 1504 1959 animalis

440 1976 670 2025 inquantum
707 1982 763 2012 est
794 1974 947 2012 animal.
985 1975 1087 2023 Ergo
1125 1974 1313 2020 Christus,
1342 1974 1504 2024 inquan-

440 2037 522 2066 tum
553 2035 608 2065 est
635 2029 769 2074 homo,
799 2028 916 2064 habet
942 2028 1072 2077 plures
1101 2027 1354 2077 operationes.

495 2093 529 2118 2.
560 2082 791 2127 Pmnraam,
811 2080 1002 2130 potentiae
1031 2089 1067 2117 et
1094 2081 1247 2117 habitus
1266 2080 1504 2129 distinguun-

440 2142 502 2171 tur
530 2134 746 2172 secundum
774 2141 891 2170 actus.
922 2134 998 2171 Sed
1027 2133 1067 2170 in
1095 2133 1225 2170 anima
1254 2133 1393 2170 Christi
1424 2133 1504 2170 fue-

442 2194 530 2224 runt
557 2187 729 2224 diversae
757 2186 949 2235 potentiae
978 2193 1014 2222 et
1041 2186 1182 2223 diversi
1208 2186 1371 2223 habitus.
1402 2187 1504 2235 Ergo

442 2240 614 2277 diversae
643 2239 895 2289 operationes.

497 2293 531 2329 3.
562 2294 801 2339 PRAETEREA,
830 2292 1084 2330 instrumenta
1121 2291 1262 2328 debent
1299 2304 1381 2330 esse
1415 2304 1504 2342 pro-

441 2345 656 2395 portionata
684 2345 981 2395 operationibus.
1021 2345 1173 2394 Corpus
1202 2346 1333 2382 autem
1367 2346 1504 2382 huma-

442 2411 538 2435 num
558 2399 672 2436 habet
691 2399 842 2436 diversa
860 2399 1037 2435 membra
1055 2397 1269 2435 differentia
1288 2398 1505 2435 secundum

442 2452 617 2488 formam.
647 2453 748 2500 Ergo
777 2451 936 2488 diversis
969 2450 1257 2500 operationibus
1285 2463 1504 2488 accommo-

443 2505 530 2541 data
550 2510 578 2541 α.
609 2505 706 2542 Sunt
734 2504 846 2553 igitur
873 2504 912 2541 in
942 2503 1094 2541 Christo
1123 2503 1297 2541 diversae
1317 2503 1505 2554 operatio-

444 2569 511 2594 nes
540 2558 756 2594 secundum
784 2558 999 2594 humanam
1027 2565 1216 2594 naturam.

499 2611 572 2647 SED
601 2623 744 2647 CONTRA
778 2622 844 2647 EST
881 2611 988 2659 quod
1025 2610 1290 2647 Damascenus
1327 2609 1437 2656 dicit,
1466 2610 1507 2647 in

444 2665 489 2700 ΙΙΙ
527 2663 622 2700 libro
646 2663 684 2700 ²¹⁸:
725 2665 900 2712 Operatio
934 2665 1096 2713 sequitur
1129 2669 1314 2700 naturam.
1355 2663 1432 2700 Sed
1467 2663 1506 2700 in

447 2716 597 2753 Christo
627 2724 682 2752 est
699 2723 849 2753 tanturn
870 2728 948 2753 una
967 2717 1141 2753 humana
1168 2723 1315 2753 natura.
1345 2716 1447 2764 Ergo
1467 2716 1507 2753 in

447 2769 597 2806 Christo
626 2769 694 2806 fuit
721 2777 871 2806 tantum
899 2782 978 2806 una
1006 2769 1178 2818 operatio
1207 2770 1381 2806 humana
1400 2767 1425 2805 β.

498 2823 720 2859 RESPONDEO
748 2835 930 2860 DICENDUM
959 2822 1084 2871 quod,
1114 2821 1205 2871 quia
1233 2822 1353 2858 homo
1387 2829 1442 2858 est
1469 2821 1508 2859 id

447 2875 553 2922 quod
581 2882 635 2911 est
663 2875 878 2912 secundum
905 2875 1093 2912 rationem
1112 2875 1143 2922 ²⁸,
1172 2875 1234 2912 illa
1253 2874 1424 2924 operatio
1453 2875 1508 2912 di-

447 2926 543 2963 citur
562 2940 643 2964 esse
663 2928 883 2977 simpliciter
901 2929 1074 2965 humana
1093 2940 1193 2977 quae
1213 2940 1235 2964 a
1254 2927 1399 2965 ratione
1420 2940 1508 2977 pro-

448 2979 545 3016 cedit
579 2992 648 3028 per
675 2982 931 3027 voluntatem,
961 2993 1060 3030 quae
1090 2989 1145 3017 est
1173 2980 1328 3018 rationis
1365 2980 1508 3030 appeti-

448 3039 518 3068 tus.
549 3032 588 3069 Si
616 3045 693 3081 qua
721 3041 850 3070 autem
879 3033 1048 3083 operatio
1077 3042 1133 3071 est
1160 3033 1200 3071 in
1228 3033 1387 3070 homine
1406 3045 1506 3083 quae

450 3096 527 3121 non
555 3085 726 3133 procedit
745 3098 767 3122 a
786 3086 930 3123 ratione
959 3094 994 3123 et
1013 3088 1221 3132 voluntate,
1242 3098 1322 3123 non
1342 3093 1398 3123 est
1417 3086 1506 3124 sim-

451 3137 593 3185 pliciter
627 3138 796 3186 operatio
825 3140 1014 3185 humana,
1044 3140 1111 3176 sed
1144 3139 1324 3176 convenit
1358 3139 1505 3176 homini

452 3189 666 3226 secundum
703 3190 870 3238 aliquam
911 3199 1059 3239 partem
1095 3193 1289 3229 humanae
1327 3199 1505 3229 naturae:

453 3241 686 3289 quandoque
724 3241 881 3290 quidem
918 3244 1129 3281 secundum
1169 3245 1292 3294 ipsam
1330 3253 1507 3282 naturam

454 3294 629 3330 elementi
649 3293 866 3342 corporalis,
887 3294 982 3331 sicut
1000 3296 1085 3332 ferri
1105 3297 1306 3343 deorsum,
1335 3298 1509 3347 quando-

455 3356 530 3393 que
550 3358 641 3382 vero
671 3346 886 3382 secundum
904 3346 1083 3384 virtutem
1108 3349 1258 3387 animae
1278 3350 1508 3399 vegetabiliS‚

456 3396 550 3433 sicut
578 3397 709 3435 nutriri
737 3406 773 3434 et
800 3397 946 3445 augeri3
985 3400 1218 3449 quandoque
1246 3415 1339 3440 vero
1375 3415 1509 3441 secun-

510 3513 538 3541 α)
556 3512 764 3537 accommodata.
781 3525 800 3530 -
817 3511 911 3536 debent
929 3518 984 3536 esse
1002 3513 1202 3538 accommodata
1220 3515 1240 3539 F
1260 3521 1285 3540 et
1303 3517 1385 3543 tertia.

511 3544 536 3577 β)
555 3545 679 3571 humana.
697 3560 715 3565 -·
735 3547 781 3577 Pe,
801 3554 854 3572 om.

511 3582 538 3613 γ)
556 3580 723 3607 elementalis.
741 3595 760 3600 -
777 3581 943 3607 elementaris
961 3581 1048 3606 PElsF
1069 3587 1093 3607 et
1111 3583 1152 3608 ab.

1557 1551 1654 1588 dum
1681 1558 1831 1600 partem
1859 1550 2098 1597 sensitivam,
2128 1551 2224 1589 sicut
2250 1551 2382 1590 videre
2411 1561 2447 1590 et
2474 1554 2620 1604 audire,

1557 1603 1756 1652 imaginari
1793 1611 1829 1640 et
1865 1603 2088 1651 memorari,
2118 1604 2389 1654 concupiscere
2427 1614 2463 1643 et
2498 1606 2620 1647 irasCi.

1557 1658 1658 1694 Inter
1685 1669 1781 1706 quas
1801 1656 2043 1706 operationes
2069 1664 2124 1694 est
2143 1657 2367 1696 differentia.
2397 1660 2503 1698 Nam
2530 1672 2622 1711 ope·

1558 1709 1724 1747 rationes
1752 1709 1903 1747 animae
1939 1709 2140 1747 sensitivae
2169 1719 2259 1748 sunt
2292 1711 2504 1762 aliqualiter
2530 1714 2622 1752 obe-

1557 1762 1704 1800 dientes
1723 1763 1877 1800 rationi:
1908 1770 1944 1799 et
1968 1762 2056 1800 ideo
2076 1771 2165 1800 sunt
2183 1763 2394 1814 aliqualiter
2420 1765 2622 1805 rationales

1558 1823 1595 1852 et
1622 1816 1830 1862 humanae,
1850 1815 2082 1865 inquantum
2102 1816 2241 1854 scilicet
2268 1817 2454 1856 obediunt
2472 1819 2621 1867 rationi,

1558 1875 1600 1904 ut
1627 1876 1730 1917 patet
1757 1881 1828 1918 per
1855 1869 2150 1918 Philosophum,
2179 1869 2219 1906 in
2246 1871 2261 1907 I
2288 1872 2406 1908 Ethic.
2425 1871 2446 1894 ⁸³
2474 1872 2631 1923 operar'
2649 1883 2659 1894 ·

1557 1921 1680 1958 tiones
1699 1933 1793 1958 vero
1813 1933 1912 1970 quae
1932 1929 2148 1971 sequuntur
2165 1922 2337 1961 animam
2355 1925 2621 1974 vegetabilem,

1557 1975 1620 2010 vel
1657 1973 1772 2011 etiarn
1809 1982 1986 2012 naturam
2023 1975 2256 2013 elementalis
2275 1981 2292 2004 Υ
2319 1977 2512 2027 corporis,
2539 1990 2622 2016 non

1558 2026 1813 2064 subiiciuntur
1840 2027 1993 2064 rationi:
2030 2028 2135 2065 unde
2163 2029 2270 2066 nullo
2298 2030 2418 2068 modo
2447 2038 2537 2069 sunt
2563 2043 2622 2069 ra-

1558 2079 1731 2126 tionales,
1751 2092 1824 2117 nec
1842 2081 2037 2118 humanae
2065 2081 2296 2131 simpliciter,
2322 2083 2390 2120 sed
2418 2085 2546 2122 solum
2564 2096 2622 2122 se-

1558 2133 1733 2170 cundum
1760 2140 1909 2182 partem
1937 2134 2132 2171 humanae
2160 2142 2329 2172 naturae.

1612 2185 1769 2223 Dictum
1788 2194 1844 2223 est
1862 2193 1992 2223 autem
2011 2199 2128 2236 supra
2146 2187 2166 2209 '¹‘
2194 2188 2302 2237 quod
2321 2189 2480 2237 quando
2506 2201 2623 2240 agens
2651 2199 2662 2211 ·

1558 2238 1715 2276 inferius
1743 2238 1818 2287 agit
1843 2251 1914 2288 per
1931 2239 2130 2288 propriam
2156 2240 2334 2286 formam,
2354 2249 2447 2279 tunc
2468 2250 2525 2280 est
2550 2240 2634 2290 alia

1559 2291 1732 2340 operatio
1759 2291 1946 2342 inferioris
1974 2293 2116 2341 agentis
2144 2301 2180 2330 et
2207 2294 2434 2343 superioris:
2465 2289 2624 2345 quando

1558 2357 1652 2382 vero
1672 2357 1787 2393 agens
1806 2344 1962 2382 inferius
1980 2358 2062 2383 non
2089 2346 2163 2394 agit
2181 2346 2253 2383 nisi
2271 2348 2488 2385 secundum
2513 2348 2635 2398 quod

1559 2406 1615 2434 est
1642 2406 1795 2435 motum
1823 2410 1846 2435 a
1874 2398 2062 2448 superiori
2099 2407 2254 2447 agente,
2282 2407 2375 2437 tunc
2403 2407 2458 2437 est
2484 2401 2624 2439 eadem

1560 2451 1731 2500 operatio
1751 2451 1958 2500 superioris
1986 2451 2129 2500 agentis
2148 2459 2185 2488 et
2202 2451 2399 2490 inferioris.
2431 2451 2494 2490 Sic
2511 2451 2624 2503 igitur

1559 2504 1599 2540 in
1634 2512 1885 2553 quocumque
1922 2504 2082 2541 homine
2119 2516 2220 2554 puro
2249 2505 2321 2542 alia
2358 2513 2414 2542 est
2451 2505 2622 2556 operatio

1560 2557 1794 2594 elementalis
1812 2555 1826 2579 ὅ
1859 2564 1895 2593 et
1913 2556 2065 2594 animae
2093 2557 2312 2606 vegetabilis
2331 2558 2379 2595 ab
2399 2558 2633 2608 operatione,

1558 2610 1783 2656 voluntatis,
1813 2621 1913 2659 quae
1948 2617 2004 2646 est
2030 2610 2184 2659 proprie
2220 2612 2404 2648 humana.
2445 2611 2625 2650 Similiter

1561 2663 1675 2700 etiam
1703 2662 1875 2712 operatio
1903 2662 2054 2700 animae
2073 2663 2276 2701 sensitivae
2304 2671 2496 2714 quantum
2516 2665 2624 2704 adid

1561 2716 1668 2765 quod
1696 2727 1776 2753 non
1803 2722 1984 2752 movetur
2011 2728 2033 2752 a
2061 2716 2224 2754 ratione:
2261 2717 2328 2754 sed
2357 2725 2548 2767 quantum
2574 2717 2624 2756 ad

1560 2769 1599 2806 id
1628 2769 1734 2818 quod
1762 2776 1942 2805 movetur
1969 2781 1991 2805 a
2019 2768 2177 2815 ratione,
2207 2777 2262 2807 est
2290 2770 2427 2808 eadem
2452 2768 2633 2820 operatio,

1560 2821 1676 2871 partis
1704 2821 1906 2858 sensitivae
1935 2829 1971 2858 et
1998 2821 2201 2859 rationalis.
2224 2822 2360 2872 ‚Ipsius
2387 2831 2518 2861 autem
2545 2822 2624 2862 ani-

1562 2887 1648 2912 mae
1685 2873 1877 2911 rationalis
1906 2881 1960 2911 est
1991 2886 2070 2911 una
2104 2875 2295 2924 operatio,
2324 2875 2356 2913 si
2383 2876 2641 2915 attendamus

1562 2928 1611 2964 ad
1639 2927 1768 2976 ipsum
1795 2926 2027 2976 principium
2056 2928 2306 2977 operationis,
2335 2929 2442 2979 quod
2476 2937 2533 2966 est
2566 2940 2624 2973 ra-

1561 2980 1614 3017 tio
1633 2981 1695 3017 vel
1722 2978 1920 3017 voluntas:
1950 2980 2228 3018 diversificatur
2249 2989 2380 3019 autem
2407 2981 2624 3020 secundum

1563 3041 1780 3082 respectum
1809 3032 1856 3070 ad
1877 3032 2027 3070 diversa
2046 3033 2212 3080 obiecta;
2242 3047 2361 3084 quam
2382 3033 2542 3084 quidem
2568 3033 2624 3072 di-

1563 3085 1781 3123 versitatem
1801 3085 1917 3135 aliqui
1941 3087 2231 3135 appellaverunt
2257 3086 2516 3125 diversitatem
2538 3099 2624 3138 ope-

1564 3145 1750 3185 ratorum,
1782 3138 1903 3187 magis
1942 3151 2062 3188 quam
2097 3140 2384 3189 operationum,
2413 3139 2624 3177 iudicantes

1564 3192 1611 3229 de
1640 3191 1783 3228 unitate
1811 3191 2043 3240 operationis
2070 3194 2197 3230 solum
2226 3205 2272 3230 ex
2299 3199 2404 3242 parte
2438 3192 2624 3242 operativi

1563 3243 1759 3295 principii;
1789 3244 1842 3281 sic
1861 3244 1965 3282 enirn
1985 3257 2090 3282 nunc
2108 3245 2304 3295 quaeritur
2330 3245 2378 3283 de
2401 3245 2543 3282 unitate
2561 3246 2625 3283 vel

1563 3297 1774 3347 pluralitate
1803 3297 2073 3347 operationum
2101 3297 2140 3335 in
2169 3297 2332 3336 Christo.

1618 3350 1680 3388 Sic
1708 3350 1819 3399 igitur
1845 3350 1885 3388 in
1905 3350 2074 3400 quolibet
2092 3363 2192 3400 puro
2219 3350 2378 3388 homine
2402 3357 2457 3388 est
2474 3358 2623 3389 tantum

1563 3416 1642 3441 una
1661 3403 1832 3453 operatio
1852 3415 1951 3453 quae
1970 3403 2123 3453 proprie
2143 3404 2315 3442 humana
2334 3403 2486 3441 dicitur:
2515 3415 2623 3453 prae-

1615 3517 1640 3552 ὃ)
1660 3518 1829 3544 elementalis.
1842 3531 1863 3537 —-
1873 3517 2042 3544 elementaris
2060 3517 2141 3549 EGlb,
2154 3517 2317 3543 elementalis
2333 3517 2454 3550 cor-ports
2473 3517 2502 3548 F,
2515 3517 2627 3542 elemen-

1563 3553 1632 3578 tan's
1650 3554 1770 3586 corpori:
1789 3551 1819 3579 P.
