2912 4030
279 307 321 337 sis
343 306 498 337 lectiones
521 303 727 335 correctorias
749 303 931 342 praebeant.
961 301 1088 332 Locum
1108 301 1255 342 proxime
1271 301 1347 331 cita-

279 356 359 387 tum,
375 359 469 380 xxvn.
487 358 517 380 2.
533 358 553 378 κ
572 357 653 389 ergo
675 347 878 388 ignoranter,
894 346 967 386 plus
990 356 1055 376 una
1077 346 1199 376 ratione
1222 345 1347 375 notabi-

278 395 353 431 lem,
378 393 508 424 dimidia
530 402 601 433 pars
625 392 746 432 primae
768 391 833 421 iam
854 390 1031 431 ignoratur
1053 390 1148 430 legit,
1171 389 1257 420 idem
1279 394 1347 420 tota

279 439 380 474 tertia,
393 437 450 468 sed
465 448 503 468 ex
519 435 660 468 secunda
675 435 791 466 desunt
806 435 844 470 E,
857 435 914 475 qui
930 435 1099 474 antiquum
1118 440 1241 464 textum
1260 438 1267 453 ¹
1292 434 1348 463 ha-

279 484 343 518 bet,
360 487 392 513 et
413 482 484 513 XY
507 481 564 522 qui
586 489 667 521 ergo
691 480 858 521 ignorant.
882 479 980 509 Hunc
998 478 1094 509 credo
1119 478 1347 508 consonantiae

280 525 439 558 secundae
463 531 494 557 et
516 525 626 556 tertiae
647 524 752 554 classis
776 529 955 554 extremum
978 532 1088 553 casum
1111 532 1190 553 esse.
1226 522 1349 553 Ceteris

279 572 360 602 locis
382 571 416 601 ni
439 569 532 601 fallor
549 577 676 608 semper
698 568 798 608 magis
821 567 1011 598 discordant.
1036 567 1230 607 Exemplum
1254 575 1348 597 sumo

281 625 320 646 ex
342 624 398 655 qu.
414 624 436 650 1,
453 619 509 645 art.
527 613 557 650 3,
574 612 614 644 ad
641 611 707 653 ι(ζ)

440 708 644 747 cognoscenda
685 706 787 744 prima,
810 702 841 742 F,
863 707 921 741 HQ
940 716 968 742 4.
993 707 1019 734 5.
1042 716 1069 743 7.
1091 715 1119 743 9.
1142 706 1228 742 (pR?)

441 747 559 787 cognita
600 757 612 774 ε
635 748 688 775 sW
709 747 802 783 (pR?)

440 787 567 826 cogitata
607 788 666 823 pW

440 827 645 867 cognoscenda
665 832 694 855 et
713 827 831 865 agenda
872 827 969 862 ΕΧΥη
994 826 1020 861 3,
1043 826 1109 860 Glb,
1131 827 1170 854 sR
1192 835 1219 862 9.

441 866 644 907 cognoscendo
665 875 683 895 a
704 867 769 895 Deo
790 872 819 894 et
839 866 956 905 agenda
998 866 1034 894 O.

280 959 330 991 Ex
352 960 416 990 hoc
432 958 581 998 exemplo
604 962 692 998 patet
707 957 904 988 additionem
928 956 1176 997 (correctoribus
1190 955 1283 987 valde
1299 966 1350 987 ac—

282 1003 489 1044 ceptabilem:
513 1001 586 1032 vide
617 1001 824 1041 contextum)
848 1007 1022 1042 postquam
1051 1002 1116 1031 iam
1138 1001 1172 1031 in
1200 1010 1350 1041 magnam

281 1053 405 1088 partem
420 1046 579 1078 secundae
596 1046 702 1077 classis
716 1051 922 1087 penetrasset,
937 1046 971 1076 in
986 1045 1105 1076 minori
1121 1050 1246 1075 tantum
1261 1050 1351 1085 parte

281 1092 392 1123 tertiae
415 1096 612 1132 assumptam
635 1100 713 1121 esse.

337 1135 436 1167 Aliud
467 1135 652 1175 exemplum
683 1144 778 1165 sumo
802 1144 857 1174 qu.
874 1145 903 1171 1,
930 1140 985 1165 art.
1011 1142 1022 1164 1
1039 1157 1047 1170 ,
1068 1133 1108 1164 ad
1136 1141 1147 1163 1
1177 1132 1352 1173 (deficiunt

281 1179 427 1220 hispani)

362 1266 393 1295 in
414 1275 474 1303 quo
495 1267 532 1294 ab
553 1272 672 1294 aeterno
694 1274 750 1293 non
765 1265 830 1303 suit
870 1265 972 1301 prima,
992 1275 1024 1301 η,
1040 1265 1203 1300 HQRWesl
1224 1271 1252 1293 et
1274 1266 1291 1293 b

362 1306 393 1335 in
413 1315 474 1343 quo
494 1307 532 1334 ab
552 1311 671 1334 aeterno
685 1304 750 1343 fuit
789 1304 928 1340 EFOXY,
951 1305 1017 1342 Gpl.

282 1391 345 1422 Hic
368 1391 485 1422 iterum
507 1395 595 1431 patet
613 1390 856 1426 correctionem,
874 1390 1020 1430 quamvis
1040 1395 1267 1430 opportunam.
1282 1400 1352 1421 cor-

282 1441 445 1467 rectorum
474 1434 645 1470 methodo,
666 1434 703 1471 in
726 1434 914 1474 antiquitate
935 1434 1000 1464 iam
1023 1433 1224 1474 frequentem
1255 1434 1352 1465 fuisse

283 1486 315 1511 et
337 1485 444 1510 tamen
468 1489 486 1509 a
508 1478 600 1510 tertia
629 1488 714 1519 pene
743 1483 811 1509 tota
833 1479 943 1509 abesse
972 1488 1078 1519 posse.
1094 1497 1117 1501 —
1139 1479 1229 1509 Patet
1256 1480 1352 1510 etiam

282 1525 333 1555 vel
361 1524 469 1565 ipsum
493 1523 529 1559 F,
553 1532 611 1564 per
641 1531 740 1563 quem
772 1523 920 1553 omnium
950 1523 1088 1553 maxime
1118 1524 1209 1554 tertia
1238 1533 1351 1554 secun-

283 1569 357 1600 dam
379 1573 509 1608 tangere
532 1567 624 1602 solet,
641 1566 744 1597 fidum
767 1567 818 1597 Hb
842 1567 968 1598 socium
990 1577 1059 1598 non
1083 1577 1162 1598 esse.

339 1612 392 1644 32.
415 1612 540 1642 Relatio
572 1611 727 1652 generalis
757 1611 840 1642 inter
861 1611 880 1642 b
903 1611 942 1641 ab
965 1612 1100 1652 antiquo
1124 1617 1213 1642 textu
1237 1611 1351 1652 (ABC)

284 1657 483 1688 differentem
511 1661 542 1686 et
564 1655 643 1686 alios
675 1654 803 1686 codices
833 1655 866 1686 in
896 1654 1008 1686 decem
1038 1656 1148 1696 primis
1181 1655 1352 1694 Quaestio-

283 1702 388 1738 nibus,
405 1705 563 1741 quantum
587 1709 625 1730 ex
643 1700 728 1730 notis
752 1699 811 1730 sub
835 1699 974 1730 articulis
998 1698 1115 1730 confici
1138 1705 1255 1740 potest,
1272 1699 1353 1730 idest

283 1755 343 1787 pro
368 1743 445 1776 GHI
468 1743 522 1774 EF
546 1744 575 1774 D
599 1753 630 1780 a,
654 1743 802 1784 sequenti
825 1743 1018 1783 intelligatur
1040 1743 1148 1774 tabula
1170 1747 1192 1774 ².

338 1789 424 1829 Sigla
442 1788 563 1829 primae
579 1788 750 1818 columnae
780 1787 996 1827 intelligantur
1013 1788 1192 1828 signaturae
1209 1787 1352 1827 comple-

283 1839 334 1864 tae
357 1842 436 1869 esse,
452 1833 496 1862 ita
519 1836 555 1862 ut
579 1832 689 1862 omnia
712 1831 772 1862 alia
795 1831 873 1872 sigla
896 1831 1048 1862 codicum
1071 1831 1251 1862 excludant.
1283 1831 1351 1862 Nu—

283 1877 363 1908 meri
378 1875 538 1908 secundae
562 1875 733 1906 columnae
749 1875 1028 1916 comprehendunt
1051 1885 1141 1906 casus
1157 1876 1352 1907 convenien-

283 1922 346 1952 tiae
368 1921 450 1952 inter
473 1921 506 1951 H
527 1925 558 1951 et
580 1920 598 1951 b
605 1927 618 1957 ‚¹
645 1920 771 1951 numeri
795 1920 922 1951 alterius
946 1929 1037 1951 casus
1060 1919 1352 1952 disconvenientiae

283 1966 366 1996 inter
388 1965 420 1996 H
444 1970 475 1996 et
498 1965 527 1996 b.

525 2075 543 2103 b
1076 2075 1108 2103 15

524 2159 561 2187 ab
1092 2167 1111 2186 o

527 2199 570 2227 Db
1095 2207 1104 2226 1

525 2239 568 2266 Eb
1098 2248 1107 2266 1

525 2279 565 2306 Fb
1098 2288 1107 2306 1

526 2318 596 2346 Flab
1097 2328 1105 2346 1

527 2358 570 2386 Gb
1092 2367 1110 2386 o

526 2397 572 2426 Hb
902 2398 934 2425 18

526 2438 555 2466 lb
1093 2445 1110 2466 2

526 2478 588 2512 EH,
610 2479 670 2514 FH,
692 2479 770 2506 DFH
792 2487 858 2506 cum
882 2478 897 2505 b
922 2478 935 2505 3

527 2518 599 2546 GHb
918 2527 936 2554 9

527 2558 585 2586 Hlb
904 2558 936 2586 13

515 2595 583 2626 'Glb
1094 2606 1111 2626 2

527 2637 611 2666 GHIb
701 2651 706 2655 λ
885 2638 936 2666 133

529 2743 638 2771 EGHlb
905 2744 937 2772 13

527 2783 656 2812 EGHlab
921 2791 938 2811 2

529 2823 683 2851 DEGHlab
926 2833 935 2852 1

529 2862 612 2890 Ei-llb
922 2871 939 2891 2

529 2902 610 2930 EGIb
1098 2904 1112 2932 3

530 2941 636 2970 FGHIb
904 2943 940 2971 36

345 3056 353 3072 ¹
372 3057 489 3082 Primum
508 3055 686 3089 apographum
700 3055 823 3081 habuisse
836 3065 849 3079 ι
864 3057 915 3082 Sed
927 3058 989 3090 quia
1001 3065 1055 3090 quo
1067 3063 1186 3091 tempore
1201 3058 1357 3085 sanctificata
1381 3055 1385 3082 Ι

289 3093 366 3118 fuerit
393 3100 457 3125 ergo
484 3093 632 3124 ignoranter
659 3090 803 3116 celebratur
829 3091 923 3117 festum
955 3092 1160 3118 sanctificationis
1187 3094 1243 3119 eius
1271 3095 1357 3127 potius

291 3136 371 3162 quam
383 3127 558 3161 conceptionis
571 3127 596 3152 in
610 3127 651 3151 die
664 3126 838 3159 conceptionis
856 3127 938 3160 ipsius
953 3137 967 3151 ι
987 3129 1081 3153 docent
1097 3129 1241 3154 octodecim
1254 3130 1356 3155 codices

290 3164 390 3197 primae
407 3163 507 3194 classis,
526 3163 556 3194 E,
575 3167 600 3187 et
619 3163 738 3190 undecim
766 3161 950 3187 insufficienter
977 3162 1162 3189 substituentes
1189 3165 1355 3197 ignoranter,

292 3200 435 3233 ignoratur·
453 3205 526 3232 ergo,
541 3205 606 3231 ergo
625 3197 768 3230 ignoratur
780 3196 881 3230 (Escur.
894 3198 969 3223 valde
987 3198 1128 3233 antiquus),
1141 3206 1206 3232 ergo
1218 3200 1355 3233 ignorant,

292 3235 429 3268 ignorant,
449 3234 592 3268 ignoratur·
605 3240 672 3266 ergo
685 3234 852 3266 ignoranter.
870 3233 965 3258 Ultima
982 3233 1045 3258 haec
1057 3234 1167 3259 infausta
1181 3235 1256 3259 lectio
1271 3235 1355 3267 signa-

291 3275 337 3295 tur
347 3269 410 3302 Τιζ,
422 3269 490 3294 idest
507 3269 668 3294 Trevirensis
684 3268 752 3294 1053
772 3273 798 3293 et
811 3269 925 3293 secunda
943 3276 1023 3294 manu
1041 3269 1099 3293 Cim
1120 3268 1214 3303 16093.
1233 3270 1356 3303 Scn'ptori

292 3305 388 3331 codicis
399 3305 424 3330 T
437 3305 543 3330 concedi
562 3309 649 3338 potest
666 3303 820 3329 beneficium
837 3304 898 3329 artis
917 3304 1051 3335 librarian
1070 3305 1144 3334 idest,
1161 3304 1270 3337 scriptor
1287 3306 1355 3330 male

292 3339 443 3366 intellexerit
461 3340 630 3365 intentionem
649 3339 808 3371 correctoris,
827 3340 871 3372 qui
890 3347 942 3364 non
962 3340 1056 3364 addere
1074 3340 1120 3364 sed
1139 3340 1295 3365 substituere
1309 3349 1355 3365 vo-

293 3375 369 3401 lebat.
388 3375 505 3401 Secunda
523 3383 616 3400 manus
636 3375 730 3400 codicis
749 3375 920 3405 Monacensis,
939 3380 1065 3408 quantum
1079 3382 1108 3399 ex
1123 3374 1247 3408 scriptura
1266 3375 1355 3408 liquet,

293 3411 388 3436 addere
405 3411 561 3436 intendebat.
573 3425 593 3430 —
606 3411 664 3435 Huc
682 3410 741 3436 facit
759 3411 830 3443 quod
843 3411 867 3436 O
881 3411 907 3435 in
925 3411 1015 3435 eadem
1034 3410 1161 3435 solutione
1175 3409 1210 3444 (Θ)
1223 3418 1271 3443 pro
1285 3414 1355 3436 tota-

292 3446 356 3471 liter
367 3446 440 3472 solus
455 3446 517 3479 legit
530 3446 735 3475 rationabiliter,
750 3454 838 3471 errore
855 3446 953 3471 scilicet
970 3446 1119 3478 scriptoris3
1137 3446 1169 3471 cf.
1182 3446 1247 3471 infra
1260 3447 1297 3471 nm
1310 3454 1354 3478 42.

293 3482 348 3507 Has
366 3482 490 3507 lectiones
513 3481 568 3511 Ταζ
586 3487 612 3507 et
630 3482 655 3507 Ο
680 3482 702 3507 si
721 3482 780 3514 quis
798 3487 922 3515 tanquam
941 3482 1035 3506 directe
1052 3481 1145 3507 volitas
1169 3481 1264 3507 habere
1287 3483 1353 3512 vult,

435 3535 546 3560 simun
564 3535 588 3560 T
589 3543 667 3561 naor..
681 3535 713 3562 D.
732 3535 848 3561 Tnouan
867 3535 899 3561 T.
913 3535 978 3561 vm.

1644 297 1777 324 DFGHIb

1641 337 1766 364 FGHIab

1642 377 1721 404 FHlb

2018 306 2055 444 ukotou-

1643 416 1737 444 FGHb

1642 456 1721 484 FGlb
2215 465 2223 484 1

1643 579 1793 607 EFGHIab

1643 540 1688 568 EF
1692 539 1775 567 GHlb
2037 549 2056 574 4

1643 619 1764 647 EFGHb
2034 589 2051 647 i

2011 702 2069 732 249
2193 702 2230 732 27

1404 785 1614 816 Disconvenit
1638 795 1713 826 ergo
1738 786 1756 815 b
1779 786 1817 816 ab
1841 786 1873 816 H
1896 787 1976 817 locis
2002 796 2052 826 27,
2070 787 2151 817 inter
2175 796 2257 826 quae
2287 787 2321 817 15
2348 796 2473 817 connu-

1403 835 1567 860 merantur
1590 830 1707 870 quibus
1730 830 1748 860 b
1773 839 1848 860 cum
1864 831 1954 861 nullo
1979 836 2089 861 nostro
2107 830 2219 861 codice
2242 831 2327 871 legit.
2353 831 2385 861 Si
2405 841 2472 871 quo

1403 873 1504 904 modo
1524 874 1555 904 H
1573 873 1689 905 eodem
1713 875 1836 914 singula
1852 875 1930 915 sigla
1945 875 2143 914 singulariter
2158 875 2334 915 ponuntur,
2351 876 2475 906 inveni—

1404 927 1476 948 mus
1507 919 1589 948 inter
1612 918 1624 948 I
1649 924 1680 949 et
1703 918 1721 948 b
1745 918 2037 949 disconvenientiae
2069 929 2159 949 casus
2185 919 2242 955 50,
2269 919 2351 949 inter
2382 919 2412 950 G
2442 925 2474 949 et

1404 962 1422 992 b
1447 962 1499 998 66,
1516 963 1598 992 inter
1613 963 1639 992 F
1656 968 1687 993 et
1710 963 1728 992 b
1754 963 1828 999 216,
1845 963 1926 994 inter
1941 963 1968 993 E
1985 969 2016 993 et
2039 963 2056 993 b
2082 972 2157 1003 247,
2173 963 2255 994 inter
2278 963 2296 993 b
2313 968 2344 993 et
2359 973 2379 994 a
2397 972 2472 1003 271,

1403 1006 1486 1036 inter
1509 1006 1537 1036 D
1558 1012 1590 1036 et
1612 1007 1630 1037 b
1656 1016 1718 1046 272
1736 1007 1830 1047 (inter
1853 1007 1881 1037 E
1905 1013 1936 1038 et
1959 1007 1994 1044 F,
2012 1013 2048 1038 ut
2070 1008 2134 1038 hoc
2149 1013 2348 1038 transeunter
2364 1007 2474 1038 adver-

1403 1055 1480 1086 tam,
1497 1050 1788 1081 disconvenientiae
1813 1051 1866 1091 89,
1890 1052 2134 1092 conspirationis
2157 1061 2234 1082 vero
2259 1061 2371 1082 eorum
2396 1062 2475 1082 con-

1404 1099 1451 1124 tra
1473 1099 1597 1124 textum
1621 1095 1790 1134 antiquum
1814 1095 1858 1135 6).

1461 1137 1685 1168 Consideranti
1709 1149 1799 1169 casus
1823 1140 2066 1170 convenientiae
2097 1139 2146 1170 Gb
2170 1150 2210 1176 o,
2233 1139 2284 1170 Hb
2313 1139 2416 1175 18,Ιῦ
2434 1150 2473 1176 .2,

1406 1181 1470 1213 GIb
1495 1191 1524 1218 2,
1541 1192 1608 1212 non
1631 1188 1738 1223 potest
1761 1182 1857 1213 credo
1880 1193 1948 1213 non
1972 1184 2101 1214 evidens
2125 1194 2203 1220 esse,
2224 1184 2310 1223 apud
2334 1184 2473 1224 signatu-

1405 1236 1454 1256 ras
1478 1226 1560 1257 GHb
1585 1227 1625 1266 (9
1650 1227 1761 1266 casus)
1787 1233 1818 1257 et
1841 1227 1906 1257 HIb
1927 1227 1988 1267 (13
2015 1228 2125 1267 casus)
2141 1228 2159 1258 b
2182 1233 2352 1268 propterea
2368 1228 2473 1268 legere

1406 1280 1482 1301 cum
1506 1270 1536 1301 G
1560 1276 1591 1301 et
1615 1271 1638 1306 Ι,
1656 1272 1731 1310 quia
1754 1271 1785 1301 H
1810 1281 1886 1301 cum
1916 1272 1960 1301 eis
1984 1271 2069 1311 legit.
2101 1272 2201 1302 Porro
2226 1274 2419 1312 signaturam
2444 1272 2474 1303 G

1405 1314 1481 1350 HIb,
1502 1324 1585 1354 quae
1609 1315 1728 1345 centies
1751 1316 1855 1346 tricies
1878 1321 1926 1345 ter
1941 1317 2089 1352 occurrit,
2108 1315 2205 1346 editio
2228 1317 2296 1356 pari
2319 1315 2419 1346 modo
2436 1326 2474 1346 ex

1406 1359 1438 1388 H
1463 1359 1627 1389 contraxit.
1652 1359 1801 1399 Denique
1825 1369 1863 1390 ex
1886 1361 2054 1400 signaturis
2076 1360 2123 1390 Eb
2147 1366 2178 1391 et
2199 1360 2254 1397 Fb,
2267 1369 2354 1401 'quae
2375 1361 2474 1390 semel

1405 1408 1530 1433 tantum
1555 1409 1737 1439 occurrunt,
1755 1404 1838 1434 clare
1860 1409 1948 1444 patet
1965 1410 2160 1435 concentum
2184 1404 2332 1435 editionis
2356 1415 2431 1435 cum
2446 1405 2474 1434 E

1406 1447 1493 1486 apud
1516 1448 1690 1487 signaturas
1714 1447 1840 1478 EGHIb
1864 1454 1942 1484 etc.,
1968 1458 2043 1478 cum
2066 1449 2091 1478 F
2116 1448 2202 1489 apud
2225 1450 2400 1489 signaturas
2415 1449 2474 1479 FG

1406 1491 1472 1521 HIb
1495 1497 1566 1527 etc.,
1590 1502 1658 1522 non
1681 1502 1699 1522 a
1723 1491 1835 1522 codice
1851 1493 1878 1522 E
1894 1493 1945 1523 vel
1969 1493 1994 1522 F
2018 1494 2223 1524 occasionem
2246 1494 2401 1533 coepisse,
2418 1493 2474 1523 sed

1406 1535 1445 1565 ab
1469 1536 1660 1566 intermedio
1684 1536 1796 1566 codice
1819 1537 1861 1566 H.
1885 1537 1945 1567 Per
1973 1542 2074 1567 totam
2098 1537 2239 1567 Tertiam
2269 1537 2395 1568 Partem
2419 1547 2473 1568 co—

1405 1580 1514 1619 gnatio
1538 1580 1570 1610 H
1594 1586 1625 1610 et
1647 1580 1666 1610 b
1689 1580 1805 1610 eodem
1828 1580 1929 1611 modo
1953 1581 2057 1611 vivide
2081 1591 2114 1611 se
2139 1582 2295 1621 exprimit.

1463 1667 1515 1697 33.
1541 1667 1576 1697 In
1600 1673 1688 1697 textu
1712 1677 1729 1697 c
1753 1667 1818 1697 duo
1852 1668 2010 1698 elementa
2039 1667 2261 1708 distinguenda
2289 1674 2371 1698 sunt.
2407 1669 2473 1699 Pri-

1406 1720 1498 1740 mum
1521 1711 1666 1741 consistit
1697 1711 1890 1741 lectionibus
1913 1712 2041 1751 signatis
2064 1712 2117 1748 bc,
2141 1722 2217 1742 cum
2239 1713 2398 1752 versipelli
2422 1723 2473 1743 so-

1407 1754 1520 1784 cietate
1553 1764 1652 1795 quam
1680 1754 1960 1795 codex-exemplar
1985 1756 2168 1786 Tarvisinae
2197 1756 2330 1787 editioni
2360 1757 2473 1787 attulit.

1406 1798 1553 1828 Alterum
1578 1799 1784 1835 elementum,
1801 1800 1907 1839 priore
1923 1800 1956 1830 in
1980 1800 2175 1830 immensum
2197 1800 2314 1836 minus,
2332 1802 2475 1831 consistit

1406 1843 1440 1872 in
1462 1842 1654 1873 lectionibus
1671 1842 1888 1874 differentibus
1912 1854 1930 1874 a
1951 1844 1981 1874 b.
2006 1844 2042 1874 In
2058 1845 2121 1874 hoc
2138 1844 2297 1875 elemento
2313 1845 2474 1875 interdum

1406 1891 1510 1917 textus
1534 1888 1685 1927 antiquus
1708 1888 1875 1924 reviviscit,
1892 1887 1947 1918 sed
1970 1888 2074 1918 multo
2098 1889 2198 1928 magis
2226 1894 2329 1919 textus
2353 1889 2365 1918 I
2391 1895 2421 1919 et
2444 1889 2475 1927 Q

1407 1940 1440 1960 se
1463 1930 1652 1962 manifestat.
1679 1931 1730 1962 Ob
1754 1932 1994 1972 specialissimas
2016 1933 2170 1963 lectiones
2193 1932 2224 1971 Q
2249 1934 2383 1963 omnino
2400 1943 2475 1973 pro-

1406 1975 1490 2015 prias
1513 1975 1620 2006 nullus
1644 1975 1757 2006 dubito
1781 1977 1861 2016 quin
1885 1977 1941 2016 qui
1965 1976 2140 2007 editionem
2157 1978 2323 2017 utriusque
2347 1978 2474 2007 Ioannis

1406 2020 1528 2049 curavit
1543 2020 1599 2050 illo
1615 2020 1782 2050 individuo
1806 2021 1888 2051 libro
1905 2021 1944 2051 ad
1963 2021 2188 2061 corrigendum
2210 2027 2333 2052 textum
2356 2022 2374 2052 b
2398 2031 2474 2052 usus

1406 2063 1455 2093 sit.
1480 2063 1563 2094 Nam
1588 2065 1734 2104 quamvis
1749 2065 1909 2105 signatura
1933 2065 1982 2103 Qc
2006 2065 2130 2105 (contra
2144 2066 2163 2096 b
2187 2075 2262 2096 cum
2278 2066 2355 2106 suis)
2380 2075 2474 2106 saepe

1406 2107 1499 2147 plura
1522 2108 1599 2148 sigla
1622 2109 1732 2139 tertiae
1756 2114 1787 2139 et
1803 2109 1962 2139 secundae
1985 2110 2136 2145 includat,
2154 2120 2211 2150 per
2226 2110 2257 2148 Q
2272 2116 2379 2140 tamen
2403 2110 2442 2140 ad
2458 2120 2475 2141 c

1406 2152 1566 2191 pertinere
1581 2152 1730 2183 videntur
1745 2163 1783 2183 ex
1799 2153 1879 2183 locis
1894 2154 1950 2184 ubi
1966 2153 2016 2191 Qc
2031 2159 2098 2184 tota
2114 2155 2273 2194 signatura
2289 2160 2345 2185 est.
2358 2155 2416 2184 Ex.
2429 2164 2474 2194 gr.

1460 2247 1479 2267 1.
1507 2249 1530 2267 x.
1554 2249 1580 2266 κ.

1471 2279 1560 2307 ‘sicut
1588 2285 1718 2307 creatura
1746 2289 1811 2308 cum
1840 2279 1920 2316 prius
1947 2289 2008 2308 non
2035 2287 2109 2309 esset
2131 2281 2159 2308 in
2181 2290 2244 2309 esse
2266 2282 2412 2319 producta
2432 2287 2475 2309 est

1527 2318 1621 2355 prima
1642 2326 1670 2347 et
1691 2319 1762 2347 OX3
1787 2321 1849 2355 (sY,
1871 2321 1914 2355 F),
1937 2320 1997 2355 (G1)

1487 2358 1560 2387 sicut
1580 2365 1710 2387 creatura
1732 2365 1775 2387 est
1794 2368 1812 2387 a
1826 2360 1892 2387 Deo
1911 2360 2056 2397 producta
2077 2369 2142 2388 curn
2164 2360 2244 2397 prius
2265 2370 2327 2389 non
2349 2368 2424 2389 esset
2445 2361 2473 2388 in

1528 2407 1590 2426 esse
1607 2400 1753 2436 producta
1794 2399 1920 2427 HRWeb

1486 2438 1560 2467 sicut
1581 2445 1712 2467 creatura
1733 2448 1798 2466 curn
1820 2439 1899 2475 prius
1920 2448 1981 2467 non
2002 2446 2077 2468 esset
2098 2440 2222 2478 incoepit
2243 2450 2306 2468 esse
2348 2442 2422 2477 Ωηε.

1461 2536 1481 2555 1.
1507 2528 1532 2556 5.
1558 2538 1584 2556 α.

1486 2567 1634 2604 perierunt
1648 2567 1677 2596 in
1693 2568 1811 2596 diversis
1826 2569 1950 2596 saeculis
1980 2570 1996 2597 b
2012 2576 2039 2597 et
2053 2569 2167 2598 codices
2181 2577 2294 2606 praeter
2306 2571 2335 2605 Q
2347 2577 2374 2599 et
2385 2572 2473 2599 Herb.

1487 2607 1635 2644 perierunt
1655 2608 1686 2636 in
1708 2607 1826 2636 diversis
1847 2609 2007 2637 sceleribus·
2049 2610 2092 2643 Qc

1487 2647 1634 2684 perierunt
1655 2648 1685 2676 in
1707 2647 1825 2676 diversis
1846 2649 1992 2677 celeribus
2032 2650 2150 2686 Herbip.

1463 2737 1523 2767 His
1557 2738 1636 2768 locis
1667 2737 1763 2768 lectio
1787 2748 1805 2769 c
1829 2748 1866 2768 ex
1898 2739 1961 2769 alio
1996 2739 2086 2769 fonte
2120 2748 2217 2778 quam
2249 2749 2286 2770 ex
2311 2740 2341 2778 Q
2365 2741 2473 2771 venire

1407 2782 1525 2821 potuit.
1550 2781 1583 2812 Si
1606 2791 1683 2812 vero
1707 2782 1849 2813 attendas
1872 2783 2026 2813 lectiones
2049 2788 2238 2823 sequentes:

1461 2877 1481 2897 Ι.
1509 2878 1532 2897 1.
1555 2869 1580 2897 Β.

1489 2895 1586 2936 utrum
1608 2908 1631 2936 si
1653 2918 1714 2937 non
1734 2909 1833 2937 fuisset
1849 2914 2001 2946 peccatum
2043 2909 2059 2936 b
2081 2915 2109 2937 et
2129 2909 2244 2938 codices
2266 2917 2380 2947 praeter
2402 2912 2430 2946 Q

1489 2955 1587 2976 utrum
1607 2948 1631 2976 si
1652 2958 1713 2977 non
1734 2948 1832 2976 fuisset
1848 2954 2000 2986 peccatum
2021 2958 2072 2976 seu
2094 2950 2179 2978 homo
2195 2955 2335 2987 peccator
2377 2951 2428 2986 Qc.

1411 3057 1509 3090 eisque,
1529 3065 1558 3082 ex
1585 3057 1712 3090 oppositis
1731 3057 1825 3088 causis,
1844 3057 1922 3082 textui
1940 3058 1966 3082 S.
1985 3057 2103 3082 Thomae
2122 3058 2240 3082 consulto
2258 3063 2284 3083 et
2308 3059 2416 3091 cogitate
2435 3059 2474 3083 in-

1410 3092 1500 3117 iuriam
1524 3093 1616 3117 factam
1643 3100 1703 3116 esse
1731 3093 1823 3122 credit,
1851 3100 1900 3116 nos
1926 3093 1948 3117 ei
1974 3093 2098 3123 dicimus,
2126 3094 2151 3118 in
2179 3098 2232 3118 tota
2259 3093 2336 3118 huius
2365 3094 2473 3119 celebris

1409 3128 1507 3152 articuli
1526 3127 1660 3152 traditione
1678 3128 1750 3152 nullo
1768 3128 1826 3152 loco
1844 3132 1946 3160 praeter
1964 3129 2065 3153 duobus
2085 3129 2157 3153 dictis
2177 3128 2203 3153 in
2221 3129 2275 3153 ullo
2293 3129 2380 3153 codice
2398 3137 2474 3162 prae-

1409 3168 1449 3188 ter
1473 3163 1545 3187 dictis
1565 3163 1654 3191 tribus,
1668 3163 1710 3188 vel
1723 3163 1886 3188 levissimum
1905 3163 2026 3188 indicium
2046 3164 2200 3189 deliberatae
2219 3171 2312 3189 sensus
2332 3165 2473 3197 corruptio-

1409 3199 1448 3223 nis
1468 3198 1602 3223 inventum
1621 3195 1688 3223 esse.
1760 3223 1766 3228 ,

1464 3234 1474 3247 ’
1493 3234 1550 3258 Non
1568 3233 1684 3258 exhaurit
1701 3241 1794 3259 omnes
1813 3242 1890 3259 casus
1910 3239 2021 3266 notatos,
2039 3234 2100 3267 quia
2118 3235 2183 3259 duas
2200 3235 2352 3260 variantium
2372 3241 2475 3268 catego-

1408 3269 1459 3293 rias
1477 3277 1530 3293 non
1548 3269 1660 3299 includit,
1674 3269 1770 3294 scilicet
1788 3269 1882 3295 Pinnae
1895 3275 1984 3295 contra
2003 3270 2033 3295 bc
2052 3270 2174 3303 legenda,
2190 3275 2215 3295 et
2232 3270 2322 3295 tertiae
2340 3271 2365 3295 in
2384 3271 2473 3303 plures

1409 3304 1533 3329 lectiones
1559 3305 1691 3330 laceratae.
1717 3305 1806 3330 Potest
1829 3309 1915 3330 tamen
1941 3305 2037 3330 servire
2060 3305 2104 3330 fini
2123 3313 2203 3338 quem
2221 3305 2393 3335 intendimus,
2413 3306 2473 3339 quia

1409 3339 1613 3364 convenientiam
1631 3340 1696 3365 inter
1708 3340 1723 3365 b
1737 3345 1763 3365 et
1775 3341 1799 3365 H
1818 3348 1870 3365 non
1890 3341 1989 3373 integre
2007 3341 2162 3373 exprimens,
2177 3341 2201 3365 in
2221 3341 2355 3366 meliorem
2373 3347 2473 3374 partem

1409 3373 1501 3399 deficit.
1526 3375 1610 3400 Editio
1628 3375 1763 3400 Tarvisina
1781 3376 1865 3400 multo
1883 3376 1942 3408 plus
1962 3376 2089 3408 dependet
2107 3376 2139 3400 ab
2158 3377 2182 3400 H
2202 3384 2280 3409 quam
2299 3376 2339 3401 his
2358 3377 2473 3401 numeris

1409 3410 1567 3443 exprimitur,
1584 3411 1667 3435 multo
1686 3411 1762 3436 etiam
1776 3411 1835 3444 plus
1855 3419 1934 3444 quam
1959 3412 2112 3444 generaliter
2131 3411 2186 3436 sola
2210 3419 2318 3436 casuum
2337 3419 2472 3436 enumera-

1409 3446 1478 3471 tione
1497 3446 1603 3478 exprimi
1623 3451 1731 3479 posset:
1756 3446 1877 3478 qualibus
1901 3447 2053 3472 conveniant
2081 3446 2232 3471 lectionibus
2251 3447 2339 3472 lectori
2360 3455 2476 3480 pensan-

1409 3482 1472 3506 dum
1491 3481 1545 3507 erit.

2317 3544 2331 3560 c
