2872 3970
38 1645 42 1650 ,
54 1616 125 1642 Num.
139 1624 162 1640 v.

41 2571 49 2621 j
61 2588 132 2613 Num.
147 2595 181 2611 xi.

10 2774 11 2777 ¹
58 2763 132 2788 Num.
142 2765 248 2794 praeced.

977 263 1239 308 QUAESTIO
1268 262 1338 308 IX,
1368 261 1662 299 ARTICULUS
1691 263 1740 299 IV

323 342 491 373 Conclude
522 350 614 380 ergo:
640 341 730 375 sicut,
754 340 787 369 in
812 340 977 369 communi
1004 339 1180 379 loquendo,
1206 340 1332 369 habitus

268 396 324 426 per
340 396 373 417 se
389 386 495 421 infusi,
514 391 545 415 et
561 384 685 414 habitus
701 393 757 423 per
773 393 805 413 se
822 383 1032 423 acquisibiles,
1049 390 1123 413 sunt
1139 383 1331 413 diversarum

267 431 429 461 rationum
451 429 640 459 intrinsecus
663 433 695 457 et
718 427 938 462 essentialiter,
963 433 999 457 ut
1021 433 1107 467 patet
1131 427 1170 457 de
1194 428 1330 463 caritate,

268 473 341 510 fide,
365 483 432 513 spe,
457 479 487 504 et
510 472 676 502 virtutibus
699 471 963 501 intellectualibus
980 476 1011 501 et
1026 471 1217 507 moralibus;
1242 472 1283 501 ita
1299 472 1332 501 in

222 535 225 538 ·
267 518 395 558 speciali
419 517 458 548 de
481 516 611 547 scientia
634 514 805 545 dicendum
830 520 875 544 est
899 515 989 554 quod
1011 515 1142 545 scientia
1163 524 1221 555 per
1236 525 1269 545 se
1285 515 1333 544 in-

268 562 337 592 susa
360 571 416 592 seu
441 571 479 591 ex
502 570 561 590 suo
585 568 710 599 genere,
736 564 766 589 et
789 568 846 598 per
869 568 901 588 se
925 568 982 589 seu
1006 568 1043 588 ex
1067 568 1126 588 suo
1150 568 1265 598 genere
1282 569 1333 589 ac-

268 605 432 646 quisibilis,
457 610 531 634 sunt
554 603 748 634 diversarum
771 603 942 632 rationum.

323 649 376 680 XI.
402 649 510 679 Oritur
533 653 640 678 autem
664 656 701 676 ex
725 646 816 676 dictis
838 655 962 676 novum
985 646 1130 682 dubium,
1150 647 1334 686 simpliciter

268 699 300 724 et
322 693 362 723 ad
385 693 567 723 hominem:
592 701 648 721 cur
670 691 703 720 in
724 690 851 720 Christo
876 691 1022 720 asseritur
1037 700 1104 721 non
1120 690 1216 720 fuisse
1233 691 1334 721 scien-

267 738 344 768 tiam
368 746 406 767 ex
429 745 488 766 suo
512 744 627 775 genere
652 734 871 774 acquisibilem
895 744 951 774 per
974 734 1187 770 infusionem,
1215 740 1252 764 ut
1275 734 1335 765 fuit

267 782 301 812 in
316 780 420 811 Adam
436 781 462 810 *.
487 779 528 809 Et
544 784 590 809 est
605 779 684 808 ratio
701 778 790 808 dubii
805 779 999 818 simpliciter,
1017 779 1092 818 quia
1107 779 1221 809 melius
1238 784 1284 808 est
1299 785 1335 808 ut

269 824 413 855 Christus
424 833 550 863 semper
561 823 707 853 habuerit
722 822 817 852 talem
830 823 994 858 scientiam
1007 832 1104 863 quam
1121 828 1194 863 post
1209 823 1334 862 lapsum

267 869 438 910 temporis:
463 872 554 898 actus
577 867 663 896 enim
687 866 804 897 melior
826 872 873 897 est
889 867 1037 907 potentia
1061 867 1093 897 in
1110 867 1212 902 bonis,
1236 872 1272 896 ut
1288 866 1335 896 di-

269 914 350 944 citur
373 912 416 943 IX
432 911 614 952 Metaphys.
631 911 647 927 ³‘

323 957 364 987 Et
387 955 603 987 confirmatur.
629 955 714 993 Quia
738 954 850 985 eadem
873 956 952 985 ratio
976 955 1091 985 militat
1114 955 1152 986 de
1176 954 1281 985 Adam
1305 960 1335 984 et

269 1000 414 1031 Christo:
438 1000 567 1035 scilicet,
593 999 668 1039 quia
691 998 782 1029 datus
802 1005 848 1029 est
871 1009 889 1028 a
905 999 975 1029 Deo
1000 1005 1135 1039 uterque
1152 998 1266 1029 doctor
1281 1008 1335 1038 ge-

267 1045 351 1075 neris
373 1044 516 1075 humani.
540 1043 644 1078 Unde,
669 1043 694 1072 si
709 1043 823 1078 Adam,
848 1043 924 1083 quia
939 1048 1062 1074 creatus
1077 1044 1248 1073 instructor
1263 1052 1335 1073 suc—

268 1088 409 1120 cedentis
432 1088 570 1128 generi5‚
602 1088 712 1118 habuit
734 1087 830 1117 talem
853 1087 1018 1118 scientiam
1041 1097 1098 1127 per
1120 1087 1334 1123 infusionem,

267 1133 371 1163 multo
396 1133 495 1172 magis
519 1132 674 1166 Christus,
699 1132 755 1171 qui
779 1131 869 1161 datus
886 1137 932 1161 est
954 1132 988 1162 in
1012 1131 1178 1162 doctorem
1202 1132 1335 1172 humani

267 1178 401 1217 generiS,
426 1176 535 1206 debuit
558 1175 717 1215 perfectus
741 1176 838 1205 creari
861 1174 969 1215 quoad
993 1176 1142 1211 animam,
1165 1181 1201 1205 ut
1216 1175 1336 1206 scilicet

268 1221 408 1261 perfecta
431 1226 512 1251 esset
535 1220 666 1250 scientia
689 1219 867 1259 acquisibili
890 1229 928 1249 ex
951 1229 1011 1250 suo
1034 1229 1160 1259 genere.

322 1264 374 1295 Ad
400 1265 567 1295 hominem
590 1273 684 1299 vero,
709 1264 801 1303 quia,
832 1263 906 1293 licet
931 1263 965 1293 in
991 1263 1093 1293 littera
1119 1264 1272 1303 probetur
1302 1264 1335 1294 in

269 1308 397 1340 Christo
427 1307 524 1338 fuisse
554 1308 718 1338 scientiam
749 1307 936 1347 acquisitam
964 1317 1001 1338 ex
1025 1318 1084 1338 suo
1108 1317 1240 1347 genere,
1267 1318 1335 1338 non

267 1359 376 1383 tamen
394 1353 548 1393 probatur
563 1351 653 1391 quod
669 1351 728 1381 fuit
744 1351 813 1381 talis
829 1352 959 1382 scientia
974 1352 1007 1382 in
1024 1351 1151 1382 Christo
1168 1361 1225 1392 per
1240 1352 1336 1382 talem

267 1397 362 1433 viam,
375 1397 494 1428 scilicet
506 1405 562 1436 per
574 1396 829 1436 acquisitionem.
847 1395 914 1426 Stat
926 1396 1011 1426 enim
1025 1396 1114 1436 quod
1125 1396 1194 1426 talis
1206 1397 1337 1427 scientia

268 1441 364 1472 fuerit
386 1442 419 1471 in
439 1440 578 1476 Christo,
603 1446 634 1470 et
656 1450 724 1470 non
747 1449 804 1479 per
819 1440 916 1470 talem
931 1440 1026 1476 viam,
1051 1440 1106 1470 sed
1129 1450 1186 1480 per
1201 1441 1336 1471 infusio-

268 1495 360 1516 nem:
385 1491 421 1516 ut
443 1490 530 1525 patet
553 1485 586 1514 in
609 1483 723 1520 Adam,
748 1485 781 1514 in
805 1494 882 1524 quo,
907 1485 983 1524 quia
1007 1484 1066 1515 fuit
1081 1486 1212 1515 scientia
1228 1486 1337 1525 acqui-

269 1530 327 1560 sita
350 1540 389 1560 ex
412 1539 472 1560 suo
495 1538 628 1569 genere,
659 1529 734 1559 licet
756 1538 824 1558 non
847 1538 904 1568 per
927 1529 1172 1568 acquisitionem
1203 1529 1258 1559 sed
1280 1539 1338 1569 per

268 1573 476 1609 infusionem,
488 1583 555 1603 non
568 1573 711 1613 sequitur
726 1572 923 1602 intellectum
939 1578 1085 1612 agentem
1102 1573 1197 1603 fuisse
1213 1573 1336 1610 frustra,

269 1624 306 1649 ut
321 1623 408 1658 patet
424 1627 461 1647 ex
474 1617 564 1647 dictis
576 1618 603 1647 ’ἢ
617 1617 666 1653 Et,
680 1616 791 1647 eadem
807 1617 939 1652 ratione,
952 1626 1020 1647 non
1036 1617 1146 1647 fuisset
1162 1618 1195 1647 in
1208 1617 1335 1648 Christo

269 1662 449 1693 intellectus
473 1671 568 1701 agens
589 1661 712 1697 frustra,
736 1662 762 1690 si
778 1661 907 1691 scientia
923 1661 1076 1701 acquisita
1092 1671 1129 1692 ex
1146 1671 1205 1692 suo
1221 1672 1336 1702 genere

270 1706 381 1737 fuisset
402 1707 436 1737 in
458 1706 530 1746 ipso
554 1715 611 1745 per
633 1704 840 1735 infusionem.

324 1751 392 1781 XII.
417 1750 468 1781 Ad
490 1750 553 1780 hoc
573 1748 687 1779 dicitur
710 1748 800 1789 quod
814 1749 1040 1780 rationabiliter
1063 1750 1142 1780 haec
1157 1750 1288 1780 scientia
1303 1751 1336 1780 in

271 1794 399 1827 Christo
422 1794 555 1834 ponitur
570 1803 626 1833 per
642 1794 897 1833 acquisitionem,
922 1799 952 1823 et
967 1803 1035 1824 non
1050 1803 1108 1833 per
1123 1793 1335 1824 infusionem:

269 1844 340 1869 tum
363 1848 401 1869 ex
420 1843 509 1878 parte
525 1837 690 1873 scientiae3
714 1843 785 1867 turn
801 1847 839 1867 ex
854 1843 942 1876 parte
958 1838 1101 1873 scientis;
1125 1843 1195 1868 tum
1211 1847 1249 1867 ex
1265 1847 1336 1877 per-

269 1882 410 1913 fectione
432 1881 523 1912 modi
546 1880 675 1911 sciendi.
710 1881 759 1911 Ex
789 1886 877 1921 parte
904 1880 1036 1921 quidem
1062 1882 1229 1917 scientiae,
1261 1882 1337 1922 quia

270 1927 439 1967 acquisitio
463 1931 510 1956 est
527 1925 597 1956 talis
613 1925 762 1955 scientiae
778 1925 941 1965 generatio
957 1935 1014 1965 per
1029 1935 1072 1961 se,
1098 1926 1253 1965 quoniam
1268 1927 1338 1966 ipsa

269 1971 354 2001 illius
365 1970 515 2001 naturalis
526 1969 689 2010 generatio
702 1975 761 1999 est:
778 1968 897 1999 infusio
914 1974 1023 2003 autem
1039 1975 1086 1999 est
1100 1970 1171 1999 talis
1187 1970 1336 2000 scientiae

270 2015 433 2055 generatio
456 2023 514 2055 per
529 2013 686 2049 accidens,
710 2013 825 2044 accidit
840 2013 927 2043 enim
948 2022 986 2043 ex
1001 2014 1157 2044 miraculo
1182 2013 1272 2054 quod
1288 2015 1336 2044 in—

272 2058 432 2090 fundatur.
457 2058 630 2089 Generatio
653 2063 762 2088 autem
784 2067 842 2097 per
857 2067 890 2087 se
913 2063 1050 2097 praestat
1065 2059 1263 2098 generationi
1280 2068 1338 2099 per

273 2102 431 2134 accidens.

328 2147 377 2177 Ex
392 2152 480 2187 parte
498 2155 575 2176 vero
599 2145 736 2181 scientis,
753 2145 829 2185 quia
850 2145 991 2175 nobilius
1015 2150 1061 2176 est
1085 2145 1174 2185 quod
1197 2147 1338 2187 seipsum

273 2196 383 2221 movet
406 2199 504 2230 quam
521 2189 610 2230 quod
626 2190 664 2219 ab
681 2189 743 2219 alio
759 2194 918 2225 movetur,
934 2194 971 2220 ut
986 2188 1101 2220 dicitur
1116 2190 1150 2220 in
1165 2190 1237 2220 VIII
1251 2191 1338 2231 P'EV·

187 2244 194 2251 ·
220 2240 249 2277 2·
273 2235 329 2266 sic.
342 2235 359 2252 *
375 2234 486 2265 Sciens
501 2239 610 2264 autem
625 2243 682 2274 per
697 2234 918 2264 inventionem
934 2234 1075 2273 seipsum
1090 2239 1216 2264 movet:
1236 2235 1339 2265 sciens

273 2288 331 2319 per
353 2278 550 2309 infusionem
573 2278 612 2308 ab
636 2277 812 2308 extrinseco
835 2282 994 2314 movetur,
1011 2278 1074 2308 hoc
1098 2283 1154 2314 est,
1177 2278 1339 2309 reducitur

273 2323 314 2354 de
328 2323 473 2363 potentia
489 2322 528 2352 ad
544 2327 661 2352 actum.
687 2321 768 2352 Illud
784 2331 859 2361 ergo
876 2327 923 2352 est
939 2321 1067 2352 Christo
1090 2322 1337 2354 attribuendum.

328 2367 377 2397 Ex
398 2372 488 2407 parte
517 2371 625 2396 autem
655 2365 745 2396 modi
775 2365 909 2402 sciendi,
934 2367 1024 2406 quia,
1048 2366 1131 2396 sicut
1153 2367 1187 2396 in
1210 2366 1338 2398 Christo

273 2410 335 2442 fuit
349 2411 481 2441 scientia
503 2410 594 2440 beata
617 2409 717 2440 modo
734 2410 912 2446 beatorum,
929 2416 961 2440 et
975 2410 1107 2440 scientia
1123 2410 1223 2441 indita
1238 2411 1337 2442 modo

273 2454 402 2491 inditae,
418 2455 461 2485 ita
484 2454 594 2485 debuit
617 2463 684 2485 esse
701 2454 832 2484 scientia
847 2454 1001 2494 acquisita
1023 2453 1124 2484 modo
1148 2456 1337 2495 acquisitae:

273 2504 311 2530 ut
336 2499 445 2530 nullus
474 2498 592 2530 modus
621 2497 742 2529 sciendi
773 2499 946 2528 convenire
975 2504 1092 2539 potens
1123 2498 1266 2536 Christo,
1293 2500 1339 2531 illi

275 2542 422 2574 defuerit.

328 2586 411 2618 XIII.
434 2586 487 2618 Ad
498 2586 714 2618 obiectionem
725 2592 834 2617 autem
845 2587 981 2627 primam
991 2588 1007 2604 ⁴*
1023 2586 1138 2617 dicitur
1150 2587 1240 2628 quod
1251 2593 1339 2619 actus

274 2631 389 2662 melior
412 2637 459 2662 est
480 2631 640 2672 potentia,
672 2631 784 2662 ceteris
806 2631 944 2671 paribus.
980 2631 1016 2661 In
1038 2632 1207 2672 proposito
1231 2638 1339 2663 autem

275 2681 379 2706 cetera
401 2684 470 2706 non
492 2681 567 2706 sunt
588 2676 685 2716 paria.
708 2675 792 2706 Nam
811 2680 893 2706 esset
909 2681 1018 2706 motus
1034 2676 1072 2706 ab
1090 2676 1163 2712 alio,
1180 2677 1237 2707 ubi
1251 2686 1339 2707 nunc

274 2719 406 2760 ponitur
427 2728 558 2750 movere
581 2720 737 2760 seipsum;
762 2725 793 2750 et
817 2725 935 2750 careret
958 2720 1156 2750 connaturali
1181 2726 1212 2751 et
1234 2730 1291 2760 per
1306 2731 1339 2752 se

274 2762 375 2794 modo
390 2764 602 2803 generationis
617 2763 687 2794 talis
702 2764 871 2800 scientiae3
887 2769 924 2794 ut
938 2769 1025 2804 patet
1041 2773 1079 2794 ex
1095 2764 1185 2795 dictis
1201 2766 1228 2795 ἢ
1245 2765 1338 2803 Quae

236 2837 238 2840 .
274 2807 529 2848 praeponderant
550 2807 597 2838 illi
619 2808 838 2848 praeventioni
861 2807 991 2838 actualis
1015 2809 1174 2839 scientiae.

2377 274 2447 310 ¹47

1443 340 1493 370 Ad
1517 340 1795 370 confirmationem
1819 340 1932 370 dicitur
1956 339 2044 379 quod
2068 350 2134 370 non
2159 346 2204 370 est
2228 341 2336 371 similis
2359 342 2449 371 ratio.

1388 383 1472 422 Quia
1495 384 1599 414 Adam
1621 390 1743 414 creatus
1759 390 1805 414 est
1828 390 1863 414 ut
1887 385 2079 424 principium
2095 390 2225 414 naturae
2241 385 2398 415 humanae
2418 386 2450 414 in

1388 429 1600 463 naturalibus,
1631 434 1696 458 tarn
1720 428 1897 458 secundum
1921 437 2037 467 corpus
2065 437 2161 467 quam
2185 429 2360 459 secundum
2385 430 2451 459 ani—

1387 482 1490 502 mam:
1516 479 1546 502 et
1570 473 1645 512 quia
1662 473 1810 514 perfecta
1833 477 1917 507 sunt,
1941 472 2114 502 secundum
2138 478 2275 502 naturae
2295 473 2450 508 ordinem,

1382 516 1500 556 priora
1524 516 1727 558 imperfectis,
1744 522 1779 546 ut
1794 516 1851 546 XII
1868 517 2110 556 Metaphysicae
2125 517 2141 532 Ἃ
2165 517 2349 547 Aristoteles
2366 517 2450 552 dicit,

1388 559 1461 590 ideo
1485 559 1605 596 Adam,
1631 561 1712 590 sicut
1735 560 1912 590 secundum
1936 569 2052 599 corpus
2080 566 2201 590 creatus
2226 567 2271 590 est
2294 561 2451 600 perfectus

1387 604 1421 633 in
1445 605 1630 643 quantitate,
1654 605 1697 634 ita
1721 610 1752 634 et
1775 604 1952 635 secundum
1972 605 2109 634 animam
2134 610 2256 634 creatus
2280 611 2326 634 est
2350 605 2452 644 perfe-

1389 653 1457 677 ctus
1481 649 1514 677 in
1533 648 1672 678 scientia.
1697 648 1841 678 Christus
1857 655 1964 679 autem
1980 658 2047 678 non
2065 654 2110 678 est
2126 648 2300 688 productus
2317 655 2352 679 ut
2368 650 2452 688 prin-

1389 692 1509 731 cipium
1533 693 1702 722 hominum
1726 693 1758 722 in
1782 702 1849 722 esse
1873 699 2012 728 naturae,
2037 702 2097 722 nec
2120 693 2153 722 in
2177 693 2370 723 naturalibus
2394 703 2451 732 pro

1388 735 1451 765 hoc
1475 742 1572 766 statu:
1598 736 1653 766 sed
1676 742 1711 766 ut
1734 736 1847 766 doctor
1870 737 2094 777 mysteriorum
2118 737 2178 766 Dei
2202 742 2232 766 et
2248 737 2336 776 regni
2353 737 2452 767 caele-

1389 779 1452 809 stis.
1487 780 1522 809 In
1546 781 1636 810 cuius
1660 781 1805 819 signum,
1830 780 2005 820 productus
2030 786 2092 816 est,
2117 780 2294 811 secundum
2319 790 2451 820 corpus,

1389 824 1572 862 quantitatis
1601 824 1823 864 imperfectae:
1849 830 1879 854 et
1903 825 2061 860 similiter,
2086 824 2264 855 secundum
2297 825 2452 861 animam,

1389 867 1422 896 in
1451 877 1531 907 pura
1559 869 1702 908 potentia
1735 868 1843 908 quoad
1875 869 2037 899 scientiam
2070 869 2253 898 naturaliter
2285 869 2453 908 acquisibi-

1388 911 1462 941 lem.
1487 912 1528 942 Et
1551 913 1633 942 sicut
1651 912 1752 942 crevit
1773 917 1877 942 aetate
1904 918 1934 942 et
1957 922 2030 942 vere
2054 918 2263 952 augmentum
2287 913 2453 953 corporale

1389 955 1509 991 habuit,
1533 957 1575 985 ita
1599 956 1699 986 crevit
1720 956 1897 996 sapientia:
1924 957 2019 987 simul
2044 957 2128 986 enim
2153 957 2352 996 Evangelista
2375 957 2454 987 haec

1390 997 1466 1029 dicit
1484 1001 1510 1029 *.
1534 999 1602 1030 Nec
1626 1000 1736 1030 docuit
1759 1001 2016 1030 mathematicam
2039 1006 2094 1031 aut
2118 1001 2321 1040 astrologiam
2341 1006 2371 1031 et
2394 1001 2454 1031 hu-

1389 1043 1544 1073 iusmodi:
1571 1043 1626 1073 sed
1649 1053 1800 1074 arcanum
1824 1044 1996 1079 Trinitatis,
2022 1050 2052 1074 et
2075 1045 2140 1074 vias
2164 1054 2200 1074 ac
2224 1050 2343 1074 secreta
2366 1046 2453 1085 regni

1390 1087 1564 1117 caelorum.

1444 1131 1527 1161 XIV.
1540 1131 1591 1161 Ad
1607 1132 1823 1174 obiectionem
1840 1139 1949 1163 contra
1965 1133 2125 1162 litteram*
2142 1132 2255 1163 dicitur
2272 1133 2370 1172 quod,
2381 1133 2455 1163 licet

1389 1175 1443 1205 illa
1465 1176 1555 1211 ratio,
1581 1175 1670 1215 quod
1692 1176 1871 1206 intellectus
1894 1186 1990 1216 agens
2014 1183 2094 1207 esset
2117 1176 2239 1212 frustra,
2264 1178 2289 1206 si
2311 1177 2455 1208 absolute

1389 1225 1543 1255 sumatur,
1559 1229 1627 1250 non
1651 1220 1822 1250 concludat
1837 1226 2021 1260 utrumque,
2038 1221 2157 1250 scilicet
2180 1221 2344 1250 scientiam
2359 1222 2455 1251 talem

1391 1273 1428 1293 ex
1448 1274 1506 1294 suo
1523 1274 1638 1303 genere
1662 1265 1892 1304 acquisibilem,
1916 1270 1947 1294 et
1962 1265 2046 1294 viam
2061 1265 2168 1299 talem,
2192 1264 2311 1294 scilicet
2333 1275 2390 1305 per
2405 1275 2455 1295 ac-

1391 1308 1616 1347 quisitionem,
1648 1314 1684 1338 ut
1706 1309 1854 1339 instantia
1878 1309 1917 1339 de
1940 1308 2044 1338 Adam
2068 1308 2263 1344 manifestat;
2295 1314 2456 1340 contracte

1390 1358 1498 1382 tamen
1522 1358 1659 1392 sumpta,
1683 1353 1746 1382 hoc
1771 1359 1817 1383 est
1840 1353 1872 1382 in
1893 1352 2031 1388 Christo,
2056 1353 2150 1382 infert
2166 1358 2349 1392 utrumque.
2374 1353 2456 1383 Nam

1389 1396 1423 1426 in
1443 1396 1571 1426 Christo
1588 1397 1781 1436 supponitur
1804 1397 1926 1427 nullam
1942 1406 2008 1427 esse
2025 1406 2081 1436 per
2097 1396 2243 1427 accidens
2266 1397 2456 1436 productam

1390 1441 1565 1476 scientiam,
1590 1440 1645 1470 sed
1669 1451 1800 1471 omnem
1823 1442 1857 1471 in
1873 1441 1928 1471 illo
1945 1442 2108 1471 scientiam
2125 1450 2191 1471 esse
2216 1450 2290 1470 curn
2307 1451 2365 1471 suo
2382 1451 2456 1481 pro-

1390 1485 1575 1524 portionato
1599 1485 1783 1515 naturaliter
1805 1485 1917 1521 modo,
1941 1490 2006 1515 tam
2030 1486 2063 1515 in
2087 1494 2119 1514 se
2144 1494 2241 1524 quam
2265 1485 2297 1514 in
2321 1495 2377 1515 sua
2395 1487 2456 1515 ori—

1390 1529 1480 1568 gine:
1506 1528 1597 1559 decet
1613 1530 1699 1559 enim
1716 1528 1879 1559 Christum
1902 1529 2134 1569 perfectionem
2151 1538 2282 1559 omnem
2299 1539 2374 1559 suae
2391 1531 2457 1559 ani-

1390 1582 1462 1603 mae
1485 1582 1542 1612 per
1565 1582 1598 1603 se
1621 1573 1746 1608 habere,
1765 1578 1796 1603 et
1814 1583 1882 1603 non
1901 1583 1958 1613 per
1974 1573 2129 1603 accidens.
2155 1573 2189 1603 In
2207 1572 2334 1603 Christo
2351 1574 2456 1613 igitur,

1390 1618 1423 1647 in
1448 1626 1514 1656 quo
1546 1618 1650 1647 omnis
1681 1627 1756 1647 suae
1783 1618 1907 1647 animae
1938 1618 2132 1647 conveniens
2158 1616 2312 1657 perfectio
2344 1627 2400 1657 per
2424 1627 2456 1648 se

1389 1661 1540 1700 ponenda
1564 1667 1619 1697 est,
1644 1661 1757 1691 frustra
1779 1667 1953 1701 poneretur
1974 1661 2153 1691 intellectus
2177 1671 2286 1700 agenS,
2311 1662 2336 1691 si
2360 1662 2392 1691 in
2417 1671 2456 1691 eo

1390 1714 1458 1735 non
1489 1710 1571 1735 esset
1600 1705 1732 1735 scientia
1763 1705 1926 1744 acquisita,
1952 1711 1982 1735 et
2008 1715 2065 1745 per
2088 1706 2349 1745 acquisitionem:
2382 1706 2457 1746 quia

1391 1754 1510 1779 careret
1538 1749 1668 1788 propria
1698 1749 1866 1788 principali
1895 1750 2099 1788 operatione,
2131 1749 2250 1779 scilicet
2274 1750 2457 1779 causatione

1390 1794 1569 1832 specierum
1592 1793 1848 1832 intelligibilium,
1865 1793 1898 1822 in
1913 1793 1969 1823 illo
1986 1794 2018 1822 in
2035 1802 2101 1832 quo
2118 1793 2212 1823 debet
2234 1793 2330 1822 talem
2347 1802 2458 1833 opera-

1389 1838 1513 1867 tionem
1528 1837 1654 1872 habere,
1666 1837 1729 1866 hoc
1745 1842 1792 1866 est
1807 1837 1840 1867 in
1853 1836 1981 1867 Christo
1993 1837 2123 1872 viatore,
2137 1846 2235 1876 quem
2251 1836 2342 1867 decet
2357 1837 2459 1867 scien-

1389 1881 1467 1911 tiam
1494 1881 1683 1921 acquisitam
1712 1881 1838 1917 habere,
1863 1886 1894 1911 et
1916 1880 2016 1911 modo
2043 1882 2185 1911 humano
2212 1881 2337 1911 habere.
2365 1881 2458 1912 Unde

1390 1925 1423 1955 in
1447 1925 1558 1960 littera,
1583 1924 1623 1955 ad
1638 1924 1859 1964 explicandam
1879 1925 1974 1965 plene
1990 1925 2214 1965 probationem
2231 1925 2458 1962 conclusionis,

1390 1970 1593 2009 subiungitur
1616 1969 1862 1999 connaturalitas
1893 1970 2050 2009 cuiusque
2073 1969 2222 1999 scientiae
2252 1970 2400 1999 inventae
2426 1970 2459 2000 in

1392 2013 1536 2044 Christo:
1565 2013 1684 2043 scilicet
1708 2012 1797 2053 quod
1820 2014 1911 2043 beata
1935 2019 1981 2043 est
2005 2014 2075 2043 Deo
2100 2013 2331 2049 connaturalis,
2355 2013 2460 2044 infusa

1391 2058 1516 2098 angelo,
1541 2058 1695 2097 acquisita
1717 2058 1852 2088 homini.
1877 2058 1918 2087 Et
1937 2063 1984 2088 est
1999 2067 2104 2088 sermo
2123 2067 2191 2087 non
2207 2057 2315 2087 solum
2339 2057 2377 2087 de
2393 2058 2460 2098 ipsa

1391 2102 1532 2138 scientia,
1557 2101 1612 2132 sed
1635 2100 1674 2131 de
1698 2101 1798 2132 modo
1829 2101 1968 2132 habendi
1991 2102 2104 2141 ipsam,
2128 2107 2164 2131 ut
2187 2106 2273 2141 patet
2296 2102 2329 2131 in
2348 2102 2458 2132 littera.

1392 2146 1562 2185 Tanquam
1578 2146 1604 2175 si
1620 2145 1737 2176 diceret
1761 2145 1860 2186 quod,
1885 2146 1960 2186 quia
1983 2146 2147 2176 Christum
2163 2145 2255 2175 decet
2269 2146 2385 2176 habere
2400 2146 2460 2176 hu-

1391 2199 1520 2220 manam
1548 2190 1713 2220 scientiam
1742 2199 1832 2220 more
1862 2190 2017 2226 humano,
2042 2195 2089 2220 est
2112 2189 2290 2220 secundum
2321 2190 2459 2220 animam

1392 2234 1573 2265 subiectum
1602 2234 1636 2264 in
1660 2243 1726 2274 quo
1753 2234 1933 2264 intellectus
1963 2241 2099 2274 uterque
2130 2234 2224 2264 debet
2246 2234 2361 2264 habere
2385 2243 2459 2274 pro-

1391 2279 1495 2319 priam
1519 2279 1741 2318 operationem
1763 2288 1854 2308 more
1877 2279 2031 2309 humano.
2067 2278 2115 2308 Ac
2142 2287 2199 2318 per
2225 2278 2305 2313 hoc,
2337 2279 2459 2317 optime

1392 2322 1515 2354 dictum
1538 2328 1585 2352 est
1607 2321 1697 2362 quod
1719 2321 1843 2358 frustra,
1867 2328 1980 2362 utpote
1997 2332 2106 2353 carens
2128 2323 2257 2362 propria
2273 2323 2459 2362 operatione

1391 2367 1560 2408 principali
1584 2366 1714 2406 quando
1738 2372 1770 2397 et
1792 2367 1825 2397 in
1849 2376 1916 2407 quo
1940 2366 2044 2402 debet,
2061 2372 2143 2397 esset
2157 2367 2336 2396 intellectus
2352 2375 2458 2406 agenS‚

1392 2412 1453 2442 nisi
1477 2416 1619 2442 causaret
1642 2411 1807 2441 scientiam
1830 2411 1863 2441 in
1888 2410 2016 2441 Christo
2039 2411 2224 2441 humanam.

1446 2455 1515 2486 Nec
1539 2456 1644 2485 obstat
1666 2455 1814 2485 instantia
1837 2454 1877 2485 de
1899 2455 1988 2486 Adae
2012 2455 2152 2485 scientia.
2177 2455 2261 2492 Quia
2284 2454 2384 2489 illum,
2408 2459 2459 2484 ut-

1392 2505 1470 2540 pote
1492 2500 1688 2540 principium
1711 2505 1841 2529 naturae
1864 2499 2034 2535 humanae,
2059 2498 2191 2529 decebat
2214 2508 2281 2528 esse
2304 2499 2342 2528 ab
2366 2498 2457 2528 initio

1392 2543 1572 2584 perfectum
1602 2549 1634 2574 et
1656 2544 1786 2574 scientia
1810 2553 1848 2574 ex
1871 2553 1930 2574 suo
1954 2553 2070 2583 genere
2101 2543 2269 2583 acquisita:
2299 2551 2381 2582 quae
2405 2542 2458 2571 ab·

1393 2588 1497 2619 solute
1530 2587 1662 2628 quidem
1694 2588 1823 2618 sortitur
1852 2587 2049 2618 infusionem
2079 2596 2137 2627 pro
2168 2587 2371 2627 generatione
2401 2595 2458 2625 per

1393 2632 1556 2669 accidens;
1579 2632 1613 2662 in
1636 2632 1691 2662 tali
1713 2641 1789 2662 vero
1813 2633 1992 2672 supposito,
2017 2632 2135 2662 scilicet
2158 2632 2262 2671 primo
2285 2630 2383 2660 totius
2403 2639 2457 2668 ge-

1393 2677 1477 2708 neris
1499 2676 1649 2712 humani,
1674 2676 1802 2706 sortitur
1824 2675 2020 2706 infusionem
2049 2685 2108 2715 pro
2132 2674 2344 2715 productione
2376 2682 2457 2712 quo-

1394 2720 1569 2751 dammodo
1591 2721 1682 2760 quasi
1696 2730 1754 2760 per
1769 2730 1813 2756 se,
1830 2730 1888 2760 pro
1906 2726 2027 2760 quanto
2053 2719 2207 2759 principia
2224 2718 2352 2757 exigunt
2368 2716 2457 2756 quod

1393 2766 1455 2795 sint
1484 2764 1635 2805 perfecta,
1660 2765 1815 2804 quoniam
1839 2764 1987 2805 perfecta
2018 2768 2094 2794 sunt
2120 2762 2315 2792 naturaliter
2338 2761 2456 2801 priora

1394 2808 1598 2850 imperfecti&
1623 2814 1659 2839 ut
1682 2808 1796 2839 dicitur
1818 2807 1875 2838 XII
1899 2806 2142 2847 Metaphysicae
2157 2807 2183 2836 *-

2479 517 2488 526 ⁸
2499 516 2689 542 S.Th.1ect.v·n;

2479 543 2531 564 Did.
2542 543 2581 564 lib.
2590 543 2629 570 XI,
2638 550 2663 565 ca
2683 559 2688 563 .

2479 576 2518 593 vn,
2541 576 2562 590 n.
2582 576 2604 597 9.
2620 581 2630 586 -
2673 569 2689 591 s.

2479 596 2533 616 vm
2547 595 2625 623 Phys„
2639 602 2665 617 ca
2683 610 2689 617 .

2480 628 2510 645 lx.
2531 628 2553 643 ιι.
2570 629 2588 648 ι,
2609 629 2627 643 s.
2643 602 2689 644 ΤΕ.

2480 649 2530 670 lect.
2555 654 2607 674 xix;
2630 648 2640 670 1
2661 648 2692 669 de

2481 674 2565 700 Caelo,
2587 680 2636 702 cap.
2659 680 2690 700 n,

2481 707 2502 722 ιι.
2513 708 2534 728 9,
2550 707 2568 722 s.
2579 701 2624 723 Th,
2637 701 2690 722 lect.

2481 734 2510 749 iv.

2482 1001 2491 1010 ⁸
2512 1000 2566 1021 Luc.
2591 1005 2641 1027 cap.
2666 1005 2691 1027 ιι,

2481 1033 2539 1048 vers.
2554 1032 2587 1054 52.

2482 1133 2490 1142 ⁸
2512 1132 2582 1153 Num.
2602 1137 2633 1158 xi,
2655 1130 2694 1152 Ad

2481 1159 2601 1180 hominem.

2484 2785 2494 2795 ⁸
2508 2784 2543 2806 Cf.
2555 2790 2618 2807 num.
2630 2791 2696 2813 prae·

2484 2811 2532 2832 ced.
