<?xml version="1.0" encoding="UTF-8"?>
<!DOCTYPE html PUBLIC "-//W3C//DTD XHTML 1.0 Transitional//EN"
    "http://www.w3.org/TR/xhtml1/DTD/xhtml1-transitional.dtd">
<html xmlns="http://www.w3.org/1999/xhtml" xml:lang="en" lang="en">
 <head>
  <title>
</title>
<meta http-equiv="Content-Type" content="text/html;charset=utf-8" />
  <meta name='ocr-system' content='tesseract 3.04.00' />
  <meta name='ocr-capabilities' content='ocr_page ocr_carea ocr_par ocr_line ocrx_word'/>
</head>
<body>
  <div class='ocr_page' id='page_1' title='image "./operaomniaiussui11thom_0362.png"; bbox 0 0 2872 3970; ppageno 0'>
   <div class='ocr_carea' id='block_1_1' title="bbox 210 1133 418 1186">
    <p class='ocr_par' dir='ltr' id='par_1_1' title="bbox 210 1133 418 1186">
     <span class='ocr_line' id='line_1_1' title="bbox 210 1133 418 1186; baseline 0 -5"><span class='ocrx_word' id='word_1_1' title='bbox 210 1133 304 1181; x_wconf 56' lang='lat' dir='ltr'><strong>⁸Cetitrffi</strong></span> <span class='ocrx_word' id='word_1_2' title='bbox 307 1139 418 1186; x_wconf 54' lang='lat' dir='ltr'><strong>eHengrid„</strong></span> 
     </span>
    </p>
   </div>
   <div class='ocr_carea' id='block_1_2' title="bbox 210 1192 306 1215">
    <p class='ocr_par' dir='ltr' id='par_1_2' title="bbox 210 1192 306 1215">
     <span class='ocr_line' id='line_1_2' title="bbox 210 1192 306 1215; baseline 0.01 -8"><span class='ocrx_word' id='word_1_3' title='bbox 210 1192 272 1208; x_wconf 88' lang='lat' dir='ltr'><strong>num.</strong></span> <span class='ocrx_word' id='word_1_4' title='bbox 287 1193 306 1215; x_wconf 83' lang='lat'><strong>3.</strong></span> 
     </span>
    </p>
   </div>
   <div class='ocr_carea' id='block_1_3' title="bbox 207 1664 393 1692">
    <p class='ocr_par' dir='ltr' id='par_1_3' title="bbox 207 1664 393 1692">
     <span class='ocr_line' id='line_1_3' title="bbox 207 1664 393 1692; baseline 0.005 -7"><span class='ocrx_word' id='word_1_5' title='bbox 207 1665 216 1675; x_wconf 74' lang='lat'>⁸</span> <span class='ocrx_word' id='word_1_6' title='bbox 231 1664 296 1686; x_wconf 85' lang='lat' dir='ltr'><strong>Vers.</strong></span> <span class='ocrx_word' id='word_1_7' title='bbox 311 1670 347 1691; x_wconf 78' lang='lat'><strong>24,</strong></span> <span class='ocrx_word' id='word_1_8' title='bbox 362 1669 393 1692; x_wconf 79' lang='lat'><strong>25.</strong></span> 
     </span>
    </p>
   </div>
   <div class='ocr_carea' id='block_1_4' title="bbox 211 2548 411 2597">
    <p class='ocr_par' dir='ltr' id='par_1_4' title="bbox 212 2548 403 2597">
     <span class='ocr_line' id='line_1_4' title="bbox 212 2548 270 2564; baseline -0.017 0"><span class='ocrx_word' id='word_1_9' title='bbox 212 2548 270 2564; x_wconf 77' lang='lat' dir='ltr'><strong>ven.</strong></span> 
     </span>
     <span class='ocr_line' id='line_1_5' title="bbox 211 2574 411 2597; baseline -0.006 -5.921"><span class='ocrx_word' id='word_1_10' title='bbox 211 2575 260 2597; x_wconf 70' lang='lat' dir='ltr'><strong>cup</strong></span> <span class='ocrx_word' id='word_1_11' title='bbox 277 2574 301 2595; x_wconf 84' lang='grc' dir='ltr'><strong>ιι,</strong></span> <span class='ocrx_word' id='word_1_12' title='bbox 370 2574 411 2595; x_wconf 90' lang='grc'><strong>..7</strong></span> 
     </span>
    </p>
   </div>
   <div class='ocr_carea' id='block_1_5' title="bbox 213 2625 349 2694">
    <p class='ocr_par' dir='ltr' id='par_1_5' title="bbox 213 2625 349 2694">
     <span class='ocr_line' id='line_1_6' title="bbox 312 2625 322 2641; baseline 0 0"><span class='ocrx_word' id='word_1_13' title='bbox 312 2625 322 2641; x_wconf 86' lang='grc' dir='ltr'>ε</span> 
     </span>
     <span class='ocr_line' id='line_1_7' title="bbox 213 2672 349 2694; baseline 0 -1"><span class='ocrx_word' id='word_1_14' title='bbox 213 2673 221 2681; x_wconf 86' lang='grc'><em>·</em></span> <span class='ocrx_word' id='word_1_15' title='bbox 237 2672 302 2694; x_wconf 65' lang='lat' dir='ltr'><strong>Ver».</strong></span> <span class='ocrx_word' id='word_1_16' title='bbox 319 2678 349 2694; x_wconf 72' lang='grc' dir='ltr'><strong>η.</strong></span> 
     </span>
    </p>
   </div>
   <div class='ocr_carea' id='block_1_6' title="bbox 217 2935 397 2963">
    <p class='ocr_par' dir='ltr' id='par_1_6' title="bbox 217 2935 397 2963">
     <span class='ocr_line' id='line_1_8' title="bbox 217 2935 397 2963; baseline 0.006 -7"><span class='ocrx_word' id='word_1_17' title='bbox 217 2937 226 2945; x_wconf 80' lang='lat'>⁸</span> <span class='ocrx_word' id='word_1_18' title='bbox 238 2935 302 2957; x_wconf 70' lang='lat' dir='ltr'><strong>Vera.</strong></span> <span class='ocrx_word' id='word_1_19' title='bbox 317 2942 347 2963; x_wconf 66' lang='lat'><strong>55,</strong></span> <span class='ocrx_word' id='word_1_20' title='bbox 363 2935 397 2963; x_wconf 83' lang='lat'><strong>56.</strong></span> 
     </span>
    </p>
   </div>
   <div class='ocr_carea' id='block_1_7' title="bbox 453 279 527 316">
    <p class='ocr_par' dir='ltr' id='par_1_7' title="bbox 453 279 527 316">
     <span class='ocr_line' id='line_1_9' title="bbox 453 279 527 316; baseline 0.014 -1"><span class='ocrx_word' id='word_1_21' title='bbox 453 279 527 316; x_wconf 87' lang='lat'><strong>306</strong></span> 
     </span>
    </p>
   </div>
   <div class='ocr_carea' id='block_1_8' title="bbox 861 433 2215 570">
    <p class='ocr_par' dir='ltr' id='par_1_8' title="bbox 861 433 2215 570">
     <span class='ocr_line' id='line_1_10' title="bbox 1247 433 1826 477; baseline -0.003 0"><span class='ocrx_word' id='word_1_22' title='bbox 1247 433 1566 477; x_wconf 89' lang='lat' dir='ltr'><strong>ARTICULUS</strong></span> <span class='ocrx_word' id='word_1_23' title='bbox 1595 433 1826 476; x_wconf 88' lang='lat' dir='ltr'>TERTIUS</span> 
     </span>
     <span class='ocr_line' id='line_1_11' title="bbox 861 534 2215 570; baseline -0.003 0"><span class='ocrx_word' id='word_1_24' title='bbox 861 539 1017 570; x_wconf 86' lang='lat' dir='ltr'><strong>UTRUM</strong></span> <span class='ocrx_word' id='word_1_25' title='bbox 1040 537 1193 568; x_wconf 82' lang='lat' dir='ltr'><strong>MATER</strong></span> <span class='ocrx_word' id='word_1_26' title='bbox 1217 535 1389 567; x_wconf 83' lang='lat' dir='ltr'>CHRISTI</span> <span class='ocrx_word' id='word_1_27' title='bbox 1412 535 1716 566; x_wconf 76' lang='lat' dir='ltr'><strong>PERMANSERrr</strong></span> <span class='ocrx_word' id='word_1_28' title='bbox 1741 534 1875 566; x_wconf 81' lang='lat' dir='ltr'><strong>V1RGo</strong></span> <span class='ocrx_word' id='word_1_29' title='bbox 1899 534 2010 567; x_wconf 74' lang='lat' dir='ltr'><strong>Pos‘r</strong></span> <span class='ocrx_word' id='word_1_30' title='bbox 2032 535 2215 567; x_wconf 82' lang='lat' dir='ltr'>PARTUM</span> 
     </span>
    </p>
   </div>
   <div class='ocr_carea' id='block_1_9' title="bbox 696 621 2378 656">
    <p class='ocr_par' dir='ltr' id='par_1_9' title="bbox 696 621 2378 656">
     <span class='ocr_line' id='line_1_12' title="bbox 696 621 2378 656; baseline -0.001 -6"><span class='ocrx_word' id='word_1_31' title='bbox 696 626 729 650; x_wconf 87' lang='lat' dir='ltr'><strong>lv</strong></span> <span class='ocrx_word' id='word_1_32' title='bbox 748 626 831 654; x_wconf 69' lang='lat' dir='ltr'><strong>Sent„</strong></span> <span class='ocrx_word' id='word_1_33' title='bbox 851 626 908 650; x_wconf 80' lang='lat' dir='ltr'><strong>dist.</strong></span> <span class='ocrx_word' id='word_1_34' title='bbox 927 632 981 654; x_wconf 84' lang='lat' dir='ltr'><strong>xxx,</strong></span> <span class='ocrx_word' id='word_1_35' title='bbox 1001 632 1045 656; x_wconf 91' lang='lat' dir='ltr'><strong>qu.</strong></span> <span class='ocrx_word' id='word_1_36' title='bbox 1064 631 1090 652; x_wconf 86' lang='grc' dir='ltr'><strong>ιι,</strong></span> <span class='ocrx_word' id='word_1_37' title='bbox 1111 629 1156 649; x_wconf 84' lang='lat' dir='ltr'><strong>art.</strong></span> <span class='ocrx_word' id='word_1_38' title='bbox 1178 623 1206 654; x_wconf 87' lang='lat'><strong>3;</strong></span> <span class='ocrx_word' id='word_1_39' title='bbox 1228 622 1373 654; x_wconf 83' lang='lat' dir='ltr'><strong>Compend.</strong></span> <span class='ocrx_word' id='word_1_40' title='bbox 1397 621 1494 651; x_wconf 72' lang='lat'><strong>771201„</strong></span> <span class='ocrx_word' id='word_1_41' title='bbox 1515 629 1571 654; x_wconf 80' lang='lat' dir='ltr'><strong>cap.</strong></span> <span class='ocrx_word' id='word_1_42' title='bbox 1590 628 1686 652; x_wconf 81' lang='lat' dir='ltr'><strong>ccxxv;</strong></span> <span class='ocrx_word' id='word_1_43' title='bbox 1707 621 1737 646; x_wconf 89' lang='lat' dir='ltr'><strong>In</strong></span> <span class='ocrx_word' id='word_1_44' title='bbox 1757 621 1869 652; x_wconf 80' lang='lat' dir='ltr'><strong>Matth.,</strong></span> <span class='ocrx_word' id='word_1_45' title='bbox 1890 629 1945 654; x_wconf 83' lang='lat' dir='ltr'><strong>cap.</strong></span> <span class='ocrx_word' id='word_1_46' title='bbox 1964 629 1987 653; x_wconf 88' lang='lat'><strong>1;</strong></span> <span class='ocrx_word' id='word_1_47' title='bbox 2008 622 2038 647; x_wconf 86' lang='lat' dir='ltr'><strong>In</strong></span> <span class='ocrx_word' id='word_1_48' title='bbox 2058 622 2142 652; x_wconf 71' lang='lat' dir='ltr'><strong>Ioan„</strong></span> <span class='ocrx_word' id='word_1_49' title='bbox 2162 630 2218 656; x_wconf 77' lang='lat' dir='ltr'><strong>cap.</strong></span> <span class='ocrx_word' id='word_1_50' title='bbox 2236 629 2263 652; x_wconf 85' lang='lat' dir='ltr'><strong>u.</strong></span> <span class='ocrx_word' id='word_1_51' title='bbox 2283 623 2340 648; x_wconf 81' lang='lat' dir='ltr'><strong>lect.</strong></span> <span class='ocrx_word' id='word_1_52' title='bbox 2359 630 2378 650; x_wconf 81' lang='grc' dir='ltr'><strong>ι.</strong></span> 
     </span>
    </p>
   </div>
   <div class='ocr_carea' id='block_1_10' title="bbox 461 725 648 916">
    <p class='ocr_par' dir='ltr' id='par_1_10' title="bbox 461 725 648 916">
     <span class='ocr_line' id='line_1_13' title="bbox 461 725 648 916; baseline 0 3054"><span class='ocrx_word' id='word_1_53' title='bbox 461 725 648 916; x_wconf 95' lang='lat' dir='ltr'><strong> </strong></span> 
     </span>
    </p>
   </div>
   <div class='ocr_carea' id='block_1_11' title="bbox 444 906 1507 1447">
    <p class='ocr_par' dir='ltr' id='par_1_11' title="bbox 446 906 1507 1288">
     <span class='ocr_line' id='line_1_14' title="bbox 450 906 1505 970; baseline -0.001 -12"><span class='ocrx_word' id='word_1_54' title='bbox 450 906 596 959; x_wconf 84' lang='lat' dir='ltr'><strong>inventa</strong></span> <span class='ocrx_word' id='word_1_55' title='bbox 633 929 683 960; x_wconf 91' lang='lat' dir='ltr'><strong>est</strong></span> <span class='ocrx_word' id='word_1_56' title='bbox 719 925 756 959; x_wconf 88' lang='lat' dir='ltr'><strong>in</strong></span> <span class='ocrx_word' id='word_1_57' title='bbox 795 929 897 959; x_wconf 77' lang='grc' dir='ltr'><strong><em>ιιιειο</em></strong></span> <span class='ocrx_word' id='word_1_58' title='bbox 933 924 1071 959; x_wconf 84' lang='lat' dir='ltr'><strong>habens</strong></span> <span class='ocrx_word' id='word_1_59' title='bbox 1108 922 1153 958; x_wconf 86' lang='lat' dir='ltr'><strong>de</strong></span> <span class='ocrx_word' id='word_1_60' title='bbox 1185 922 1321 970; x_wconf 74' lang='lat' dir='ltr'><strong>Sparitu</strong></span> <span class='ocrx_word' id='word_1_61' title='bbox 1359 922 1505 958; x_wconf 87' lang='lat' dir='ltr'><strong>Sancto.</strong></span> 
     </span>
     <span class='ocr_line' id='line_1_15' title="bbox 452 974 1507 1030; baseline 0 -20"><span class='ocrx_word' id='word_1_62' title='bbox 452 989 471 1007; x_wconf 82' lang='grc'>«</span> <span class='ocrx_word' id='word_1_63' title='bbox 489 975 580 1011; x_wconf 92' lang='lat' dir='ltr'><strong>Non</strong></span> <span class='ocrx_word' id='word_1_64' title='bbox 600 983 730 1012; x_wconf 90' lang='lat' dir='ltr'><strong>autem</strong></span> <span class='ocrx_word' id='word_1_65' title='bbox 749 975 989 1023; x_wconf 86' lang='lat' dir='ltr'><strong>Evangelista</strong></span> <span class='ocrx_word' id='word_1_66' title='bbox 1007 975 1115 1011; x_wconf 58' lang='lat' dir='ltr'><strong>hoc«</strong></span> <span class='ocrx_word' id='word_1_67' title='bbox 1135 974 1287 1020; x_wconf 76' lang='lat' dir='ltr'><strong>diceret,</strong></span> <span class='ocrx_word' id='word_1_68' title='bbox 1307 979 1507 1030; x_wconf 87' lang='lat' dir='ltr'><strong><em>antequam</em></strong></span> 
     </span>
     <span class='ocr_line' id='line_1_16' title="bbox 448 1025 1507 1074; baseline 0 -11"><span class='ocrx_word' id='word_1_69' title='bbox 448 1028 704 1074; x_wconf 79' lang='lat' dir='ltr'><strong>convenirent,</strong></span> <span class='ocrx_word' id='word_1_70' title='bbox 734 1027 806 1065; x_wconf 90' lang='lat' dir='ltr'><strong>nisi</strong></span> <span class='ocrx_word' id='word_1_71' title='bbox 838 1035 962 1064; x_wconf 90' lang='lat' dir='ltr'><strong>certus</strong></span> <span class='ocrx_word' id='word_1_72' title='bbox 998 1035 1096 1064; x_wconf 91' lang='lat' dir='ltr'><strong>esset</strong></span> <span class='ocrx_word' id='word_1_73' title='bbox 1121 1025 1135 1056; x_wconf 74' lang='grc' dir='ltr'><strong>β</strong></span> <span class='ocrx_word' id='word_1_74' title='bbox 1163 1027 1211 1064; x_wconf 91' lang='lat' dir='ltr'><strong>de</strong></span> <span class='ocrx_word' id='word_1_75' title='bbox 1240 1025 1507 1063; x_wconf 86' lang='lat' dir='ltr'><strong>conventuris:</strong></span> 
     </span>
     <span class='ocr_line' id='line_1_17' title="bbox 448 1079 1506 1129; baseline 0 -13"><span class='ocrx_word' id='word_1_76' title='bbox 448 1079 538 1128; x_wconf 87' lang='lat' dir='ltr'><strong>quia</strong></span> <span class='ocrx_word' id='word_1_77' title='bbox 556 1091 673 1117; x_wconf 89' lang='lat' dir='ltr'><strong>nemo</strong></span> <span class='ocrx_word' id='word_1_78' title='bbox 693 1080 782 1117; x_wconf 91' lang='lat' dir='ltr'><strong>dicit</strong></span> <span class='ocrx_word' id='word_1_79' title='bbox 800 1081 848 1118; x_wconf 94' lang='lat' dir='ltr'><strong>de</strong></span> <span class='ocrx_word' id='word_1_80' title='bbox 867 1093 947 1118; x_wconf 93' lang='lat' dir='ltr'><strong>non</strong></span> <span class='ocrx_word' id='word_1_81' title='bbox 963 1092 1164 1129; x_wconf 88' lang='lat' dir='ltr'><strong>pransuro,</strong></span> <span class='ocrx_word' id='word_1_82' title='bbox 1180 1085 1379 1129; x_wconf 84' lang='lat' dir='ltr'><em>antequam</em></span> <span class='ocrx_word' id='word_1_83' title='bbox 1388 1092 1506 1129; x_wconf 88' lang='lat' dir='ltr'><strong>pran—</strong></span> 
     </span>
     <span class='ocr_line' id='line_1_18' title="bbox 447 1132 1506 1182; baseline 0.001 -13"><span class='ocrx_word' id='word_1_84' title='bbox 447 1133 556 1169; x_wconf 82' lang='lat' dir='ltr'><em>deret.</em></span> <span class='ocrx_word' id='word_1_85' title='bbox 576 1148 594 1167; x_wconf 81' lang='lat'><strong>›&gt;</strong></span> <span class='ocrx_word' id='word_1_86' title='bbox 616 1133 636 1155; x_wconf 69' lang='lat'><strong>²¹²</strong></span> <span class='ocrx_word' id='word_1_87' title='bbox 663 1134 765 1181; x_wconf 86' lang='lat' dir='ltr'><strong>Ergo</strong></span> <span class='ocrx_word' id='word_1_88' title='bbox 793 1133 944 1170; x_wconf 90' lang='lat' dir='ltr'><strong>videtur</strong></span> <span class='ocrx_word' id='word_1_89' title='bbox 971 1133 1078 1182; x_wconf 93' lang='lat' dir='ltr'><strong>quod</strong></span> <span class='ocrx_word' id='word_1_90' title='bbox 1109 1134 1227 1170; x_wconf 87' lang='lat' dir='ltr'><strong>Beata</strong></span> <span class='ocrx_word' id='word_1_91' title='bbox 1245 1132 1360 1180; x_wconf 85' lang='lat' dir='ltr'><strong>Virgo</strong></span> <span class='ocrx_word' id='word_1_92' title='bbox 1387 1144 1506 1181; x_wconf 84' lang='lat' dir='ltr'><strong>quan-</strong></span> 
     </span>
     <span class='ocr_line' id='line_1_19' title="bbox 446 1185 1507 1245; baseline 0 -23"><span class='ocrx_word' id='word_1_93' title='bbox 446 1186 575 1245; x_wconf 84' lang='lat' dir='ltr'><strong>doque</strong></span> <span class='ocrx_word' id='word_1_94' title='bbox 608 1186 787 1223; x_wconf 90' lang='lat' dir='ltr'><strong>convenit</strong></span> <span class='ocrx_word' id='word_1_95' title='bbox 815 1185 955 1223; x_wconf 87' lang='lat' dir='ltr'><strong>carnali</strong></span> <span class='ocrx_word' id='word_1_96' title='bbox 982 1187 1122 1235; x_wconf 88' lang='lat' dir='ltr'><strong>copula</strong></span> <span class='ocrx_word' id='word_1_97' title='bbox 1149 1198 1241 1222; x_wconf 91' lang='lat' dir='ltr'><strong>cum</strong></span> <span class='ocrx_word' id='word_1_98' title='bbox 1269 1186 1419 1235; x_wconf 92' lang='lat' dir='ltr'><strong>Ioseph.</strong></span> <span class='ocrx_word' id='word_1_99' title='bbox 1458 1186 1507 1222; x_wconf 92' lang='lat' dir='ltr'><strong>Et</strong></span> 
     </span>
     <span class='ocr_line' id='line_1_20' title="bbox 446 1238 1297 1314; baseline 0.001 -39"><span class='ocrx_word' id='word_1_100' title='bbox 446 1238 496 1275; x_wconf 90' lang='lat' dir='ltr'><strong>ita</strong></span> <span class='ocrx_word' id='word_1_101' title='bbox 523 1249 604 1275; x_wconf 92' lang='lat' dir='ltr'><strong>non</strong></span> <span class='ocrx_word' id='word_1_102' title='bbox 630 1238 839 1288; x_wconf 86' lang='lat' dir='ltr'><strong>permansit</strong></span> <span class='ocrx_word' id='word_1_103' title='bbox 865 1239 983 1314; x_wconf 79' lang='lat' dir='ltr'><strong>virgo555</strong></span> <span class='ocrx_word' id='word_1_104' title='bbox 1001 1246 1088 1288; x_wconf 90' lang='lat' dir='ltr'><strong>post</strong></span> <span class='ocrx_word' id='word_1_105' title='bbox 1114 1246 1297 1288; x_wconf 86' lang='lat' dir='ltr'><strong>partum.</strong></span> 
     </span>
    </p>

    <p class='ocr_par' dir='ltr' id='par_1_12' title="bbox 444 1290 1506 1447">
     <span class='ocr_line' id='line_1_21' title="bbox 500 1290 1506 1339; baseline 0.001 -12"><span class='ocrx_word' id='word_1_106' title='bbox 500 1302 534 1327; x_wconf 90' lang='lat'><strong>2.</strong></span> <span class='ocrx_word' id='word_1_107' title='bbox 556 1292 785 1337; x_wconf 77' lang='lat' dir='ltr'>PRAETEREA‚</span> <span class='ocrx_word' id='word_1_108' title='bbox 806 1291 983 1329; x_wconf 81' lang='lat' dir='ltr'>ibidem*</span> <span class='ocrx_word' id='word_1_109' title='bbox 1002 1291 1187 1339; x_wconf 85' lang='lat' dir='ltr'>subditur,</span> <span class='ocrx_word' id='word_1_110' title='bbox 1209 1303 1255 1328; x_wconf 90' lang='lat' dir='ltr'><strong>ex</strong></span> <span class='ocrx_word' id='word_1_111' title='bbox 1273 1290 1400 1328; x_wconf 90' lang='lat' dir='ltr'><strong>verbis</strong></span> <span class='ocrx_word' id='word_1_112' title='bbox 1428 1292 1506 1328; x_wconf 92' lang='lat' dir='ltr'><strong>An-</strong></span> 
     </span>
     <span class='ocr_line' id='line_1_22' title="bbox 444 1343 1504 1406; baseline 0.002 -26"><span class='ocrx_word' id='word_1_113' title='bbox 444 1343 516 1392; x_wconf 87' lang='lat' dir='ltr'>geli</span> <span class='ocrx_word' id='word_1_114' title='bbox 537 1345 726 1406; x_wconf 81' lang='lat' dir='ltr'><strong>loquentis</strong></span> <span class='ocrx_word' id='word_1_115' title='bbox 746 1345 794 1382; x_wconf 87' lang='lat' dir='ltr'><strong>ad</strong></span> <span class='ocrx_word' id='word_1_116' title='bbox 813 1345 970 1394; x_wconf 88' lang='lat' dir='ltr'><strong>Ioseph:</strong></span> <span class='ocrx_word' id='word_1_117' title='bbox 1000 1346 1063 1382; x_wconf 88' lang='lat' dir='ltr'><strong>Ne</strong></span> <span class='ocrx_word' id='word_1_118' title='bbox 1080 1346 1210 1382; x_wconf 89' lang='lat' dir='ltr'><strong>timeas</strong></span> <span class='ocrx_word' id='word_1_119' title='bbox 1232 1346 1402 1394; x_wconf 81' lang='lat' dir='ltr'><strong>accipere</strong></span> <span class='ocrx_word' id='word_1_120' title='bbox 1418 1346 1504 1382; x_wconf 92' lang='lat' dir='ltr'><strong>Ma-</strong></span> 
     </span>
     <span class='ocr_line' id='line_1_23' title="bbox 445 1397 1505 1447; baseline 0 -13"><span class='ocrx_word' id='word_1_121' title='bbox 445 1398 542 1434; x_wconf 90' lang='lat' dir='ltr'><strong>riam</strong></span> <span class='ocrx_word' id='word_1_122' title='bbox 564 1399 761 1447; x_wconf 83' lang='lat' dir='ltr'><strong>coniugem</strong></span> <span class='ocrx_word' id='word_1_123' title='bbox 780 1403 892 1434; x_wconf 87' lang='lat' dir='ltr'><strong>tuam.</strong></span> <span class='ocrx_word' id='word_1_124' title='bbox 923 1397 1158 1445; x_wconf 86' lang='lat' dir='ltr'><strong>Coniugium</strong></span> <span class='ocrx_word' id='word_1_125' title='bbox 1177 1404 1308 1434; x_wconf 85' lang='lat' dir='ltr'><strong>autem</strong></span> <span class='ocrx_word' id='word_1_126' title='bbox 1327 1409 1505 1434; x_wconf 88' lang='lat' dir='ltr'><strong>consum-</strong></span> 
     </span>
    </p>
   </div>
   <div class='ocr_carea' id='block_1_12' title="bbox 445 1444 2672 1509">
    <p class='ocr_par' dir='ltr' id='par_1_13' title="bbox 445 1444 2672 1509">
     <span class='ocr_line' id='line_1_24' title="bbox 445 1444 2672 1509; baseline 0.002 -23"><span class='ocrx_word' id='word_1_127' title='bbox 445 1457 572 1486; x_wconf 87' lang='lat' dir='ltr'><strong>matur</strong></span> <span class='ocrx_word' id='word_1_128' title='bbox 589 1462 659 1499; x_wconf 89' lang='lat' dir='ltr'><strong>per</strong></span> <span class='ocrx_word' id='word_1_129' title='bbox 677 1451 868 1487; x_wconf 85' lang='lat' dir='ltr'><strong>carnalem</strong></span> <span class='ocrx_word' id='word_1_130' title='bbox 887 1451 1080 1509; x_wconf 79' lang='lat' dir='ltr'><strong>copulam.</strong></span> <span class='ocrx_word' id='word_1_131' title='bbox 1106 1450 1208 1498; x_wconf 85' lang='lat' dir='ltr'><strong>Ergo</strong></span> <span class='ocrx_word' id='word_1_132' title='bbox 1228 1449 1380 1487; x_wconf 91' lang='lat' dir='ltr'><strong>videtur</strong></span> <span class='ocrx_word' id='word_1_133' title='bbox 1397 1450 1506 1499; x_wconf 92' lang='lat' dir='ltr'><strong>quod</strong></span> <span class='ocrx_word' id='word_1_134' title='bbox 1560 1451 1632 1487; x_wconf 82' lang='lat' dir='ltr'><strong>nisi</strong></span> <span class='ocrx_word' id='word_1_135' title='bbox 1657 1444 1756 1499; x_wconf 82' lang='lat' dir='ltr'><strong>quod</strong></span> <span class='ocrx_word' id='word_1_136' title='bbox 1779 1451 1914 1487; x_wconf 90' lang='lat' dir='ltr'><strong>Maria</strong></span> <span class='ocrx_word' id='word_1_137' title='bbox 1940 1451 2051 1500; x_wconf 80' lang='lat' dir='ltr'><strong>virgo</strong></span> <span class='ocrx_word' id='word_1_138' title='bbox 2079 1456 2130 1488; x_wconf 90' lang='lat' dir='ltr'><strong>est</strong></span> <span class='ocrx_word' id='word_1_139' title='bbox 2155 1456 2242 1488; x_wconf 86' lang='lat' dir='ltr'><strong>ante</strong></span> <span class='ocrx_word' id='word_1_140' title='bbox 2261 1456 2428 1500; x_wconf 68' lang='lat' dir='ltr'><strong>partum,</strong></span> <span class='ocrx_word' id='word_1_141' title='bbox 2451 1457 2486 1489; x_wconf 80' lang='lat' dir='ltr'><strong>et</strong></span> <span class='ocrx_word' id='word_1_142' title='bbox 2508 1451 2672 1504; x_wconf 61' lang='lat' dir='ltr'><strong>virge)</strong></span> 
     </span>
    </p>
   </div>
   <div class='ocr_carea' id='block_1_13' title="bbox 444 1501 1507 1975">
    <p class='ocr_par' dir='ltr' id='par_1_14' title="bbox 444 1501 1504 1658">
     <span class='ocr_line' id='line_1_25' title="bbox 445 1501 1504 1562; baseline 0 -23"><span class='ocrx_word' id='word_1_143' title='bbox 445 1503 680 1562; x_wconf 86' lang='lat' dir='ltr'><strong>quandoque</strong></span> <span class='ocrx_word' id='word_1_144' title='bbox 709 1503 868 1540; x_wconf 87' lang='lat' dir='ltr'><strong>carnalis</strong></span> <span class='ocrx_word' id='word_1_145' title='bbox 896 1504 1035 1562; x_wconf 81' lang='lat' dir='ltr'><strong>copula</strong></span> <span class='ocrx_word' id='word_1_146' title='bbox 1063 1501 1265 1540; x_wconf 88' lang='lat' dir='ltr'><strong>intervenit</strong></span> <span class='ocrx_word' id='word_1_147' title='bbox 1299 1502 1395 1539; x_wconf 90' lang='lat' dir='ltr'><strong>inte1</strong></span> <span class='ocrx_word' id='word_1_148' title='bbox 1421 1504 1504 1540; x_wconf 87' lang='lat' dir='ltr'><strong>Ma-</strong></span> 
     </span>
     <span class='ocr_line' id='line_1_26' title="bbox 445 1555 1505 1615; baseline 0.001 -24"><span class='ocrx_word' id='word_1_149' title='bbox 445 1555 540 1592; x_wconf 88' lang='lat' dir='ltr'><strong>riam</strong></span> <span class='ocrx_word' id='word_1_150' title='bbox 569 1563 604 1592; x_wconf 91' lang='lat' dir='ltr'><strong>et</strong></span> <span class='ocrx_word' id='word_1_151' title='bbox 631 1557 780 1615; x_wconf 72' lang='lat' dir='ltr'><strong>loseph.</strong></span> <span class='ocrx_word' id='word_1_152' title='bbox 819 1557 867 1592; x_wconf 91' lang='lat' dir='ltr'><strong>Et</strong></span> <span class='ocrx_word' id='word_1_153' title='bbox 894 1555 944 1593; x_wconf 88' lang='lat' dir='ltr'><strong>ita</strong></span> <span class='ocrx_word' id='word_1_154' title='bbox 981 1555 1132 1593; x_wconf 89' lang='lat' dir='ltr'><strong>videtur</strong></span> <span class='ocrx_word' id='word_1_155' title='bbox 1168 1555 1275 1606; x_wconf 93' lang='lat' dir='ltr'><strong>quod</strong></span> <span class='ocrx_word' id='word_1_156' title='bbox 1311 1567 1392 1592; x_wconf 90' lang='lat' dir='ltr'><strong>non</strong></span> <span class='ocrx_word' id='word_1_157' title='bbox 1420 1568 1505 1604; x_wconf 90' lang='lat' dir='ltr'><strong>per-</strong></span> 
     </span>
     <span class='ocr_line' id='line_1_27' title="bbox 444 1608 1022 1658; baseline 0.002 -14"><span class='ocrx_word' id='word_1_158' title='bbox 444 1608 583 1645; x_wconf 83' lang='lat' dir='ltr'><strong>mansit</strong></span> <span class='ocrx_word' id='word_1_159' title='bbox 609 1608 716 1656; x_wconf 87' lang='lat' dir='ltr'><strong>virgo</strong></span> <span class='ocrx_word' id='word_1_160' title='bbox 744 1617 830 1657; x_wconf 93' lang='lat' dir='ltr'><strong>post</strong></span> <span class='ocrx_word' id='word_1_161' title='bbox 857 1616 1022 1658; x_wconf 88' lang='lat' dir='ltr'><strong>partum.</strong></span> 
     </span>
    </p>

    <p class='ocr_par' dir='ltr' id='par_1_15' title="bbox 444 1660 1507 1975">
     <span class='ocr_line' id='line_1_28' title="bbox 499 1660 1506 1711; baseline 0.001 -14"><span class='ocrx_word' id='word_1_162' title='bbox 499 1660 532 1697; x_wconf 87' lang='lat'><strong>3.</strong></span> <span class='ocrx_word' id='word_1_163' title='bbox 554 1662 785 1707; x_wconf 78' lang='lat' dir='ltr'><strong>PRAETEREA,</strong></span> <span class='ocrx_word' id='word_1_164' title='bbox 806 1661 949 1699; x_wconf 89' lang='lat' dir='ltr'><strong>ibidem</strong></span> <span class='ocrx_word' id='word_1_165' title='bbox 967 1669 1054 1711; x_wconf 89' lang='lat' dir='ltr'><strong>post</strong></span> <span class='ocrx_word' id='word_1_166' title='bbox 1072 1673 1196 1710; x_wconf 90' lang='lat' dir='ltr'><strong>pauca</strong></span> <span class='ocrx_word' id='word_1_167' title='bbox 1215 1661 1437 1698; x_wconf 84' lang='lat' dir='ltr'><strong>subditur*:</strong></span> <span class='ocrx_word' id='word_1_168' title='bbox 1458 1663 1506 1699; x_wconf 93' lang='lat' dir='ltr'><strong>Et</strong></span> 
     </span>
     <span class='ocr_line' id='line_1_29' title="bbox 444 1715 1504 1764; baseline 0.001 -14"><span class='ocrx_word' id='word_1_169' title='bbox 444 1716 583 1764; x_wconf 87' lang='lat' dir='ltr'><strong>accepit</strong></span> <span class='ocrx_word' id='word_1_170' title='bbox 607 1715 805 1764; x_wconf 84' lang='lat' dir='ltr'><strong>coniugem</strong></span> <span class='ocrx_word' id='word_1_171' title='bbox 829 1726 959 1751; x_wconf 82' lang='lat' dir='ltr'><strong>suam.-</strong></span> <span class='ocrx_word' id='word_1_172' title='bbox 986 1721 1020 1751; x_wconf 92' lang='lat' dir='ltr'><strong>et</strong></span> <span class='ocrx_word' id='word_1_173' title='bbox 1046 1727 1120 1751; x_wconf 89' lang='lat' dir='ltr'><strong>non</strong></span> <span class='ocrx_word' id='word_1_174' title='bbox 1147 1716 1394 1764; x_wconf 84' lang='lat' dir='ltr'><strong>cognoscebat</strong></span> <span class='ocrx_word' id='word_1_175' title='bbox 1421 1727 1504 1752; x_wconf 91' lang='lat' dir='ltr'><strong>eam</strong></span> 
     </span>
     <span class='ocr_line' id='line_1_30' title="bbox 445 1766 1505 1817; baseline 0.001 -14"><span class='ocrx_word' id='word_1_176' title='bbox 445 1766 561 1804; x_wconf 88' lang='lat' dir='ltr'><strong>donec</strong></span> <span class='ocrx_word' id='word_1_177' title='bbox 582 1769 726 1816; x_wconf 79' lang='lat' dir='ltr'><strong>peperit</strong></span> <span class='ocrx_word' id='word_1_178' title='bbox 741 1767 871 1815; x_wconf 85' lang='lat' dir='ltr'><strong>filium</strong></span> <span class='ocrx_word' id='word_1_179' title='bbox 898 1779 1006 1804; x_wconf 87' lang='lat' dir='ltr'><strong>suum</strong></span> <span class='ocrx_word' id='word_1_180' title='bbox 1028 1769 1335 1817; x_wconf 76' lang='lat' dir='ltr'><strong>primogenitum.</strong></span> <span class='ocrx_word' id='word_1_181' title='bbox 1377 1782 1396 1801; x_wconf 78' lang='lat'>«</span> <span class='ocrx_word' id='word_1_182' title='bbox 1418 1767 1505 1804; x_wconf 92' lang='lat' dir='ltr'><strong>Hoc</strong></span> 
     </span>
     <span class='ocr_line' id='line_1_31' title="bbox 445 1819 1507 1857; baseline 0 -1"><span class='ocrx_word' id='word_1_183' title='bbox 445 1827 574 1856; x_wconf 88' lang='lat' dir='ltr'><strong>autem</strong></span> <span class='ocrx_word' id='word_1_184' title='bbox 594 1819 822 1856; x_wconf 85' lang='lat' dir='ltr'><strong>adverbium</strong></span> <span class='ocrx_word' id='word_1_185' title='bbox 850 1820 967 1857; x_wconf 87' lang='lat' dir='ltr'><strong>donec</strong></span> <span class='ocrx_word' id='word_1_186' title='bbox 985 1819 1185 1857; x_wconf 91' lang='lat' dir='ltr'><strong>consuevit</strong></span> <span class='ocrx_word' id='word_1_187' title='bbox 1209 1819 1507 1857; x_wconf 88' lang='lat' dir='ltr'><strong>determinatum</strong></span> 
     </span>
     <span class='ocr_line' id='line_1_32' title="bbox 445 1871 1503 1922; baseline 0.001 -14"><span class='ocrx_word' id='word_1_188' title='bbox 445 1880 597 1920; x_wconf 89' lang='lat' dir='ltr'><strong>tempus</strong></span> <span class='ocrx_word' id='word_1_189' title='bbox 617 1871 774 1919; x_wconf 86' lang='lat' dir='ltr'><strong>signare,</strong></span> <span class='ocrx_word' id='word_1_190' title='bbox 793 1885 872 1921; x_wconf 89' lang='lat' dir='ltr'><strong>quo</strong></span> <span class='ocrx_word' id='word_1_191' title='bbox 892 1874 1095 1921; x_wconf 89' lang='lat' dir='ltr'><strong>completo,</strong></span> <span class='ocrx_word' id='word_1_192' title='bbox 1110 1872 1177 1909; x_wconf 91' lang='lat' dir='ltr'><strong>fiat</strong></span> <span class='ocrx_word' id='word_1_193' title='bbox 1196 1872 1235 1909; x_wconf 92' lang='lat' dir='ltr'><strong>id</strong></span> <span class='ocrx_word' id='word_1_194' title='bbox 1254 1872 1361 1921; x_wconf 93' lang='lat' dir='ltr'><strong>quod</strong></span> <span class='ocrx_word' id='word_1_195' title='bbox 1380 1885 1503 1922; x_wconf 91' lang='lat' dir='ltr'><strong>usque</strong></span> 
     </span>
     <span class='ocr_line' id='line_1_33' title="bbox 446 1925 1504 1975; baseline 0.001 -14"><span class='ocrx_word' id='word_1_196' title='bbox 446 1925 493 1961; x_wconf 91' lang='lat' dir='ltr'><strong>ad</strong></span> <span class='ocrx_word' id='word_1_197' title='bbox 514 1925 606 1961; x_wconf 91' lang='lat' dir='ltr'><strong>illud</strong></span> <span class='ocrx_word' id='word_1_198' title='bbox 620 1932 773 1974; x_wconf 89' lang='lat' dir='ltr'><strong>tempus</strong></span> <span class='ocrx_word' id='word_1_199' title='bbox 792 1937 872 1962; x_wconf 92' lang='lat' dir='ltr'><strong>non</strong></span> <span class='ocrx_word' id='word_1_200' title='bbox 891 1925 1018 1961; x_wconf 90' lang='lat' dir='ltr'><strong>fiebat.</strong></span> <span class='ocrx_word' id='word_1_201' title='bbox 1035 1925 1207 1962; x_wconf 89' lang='lat' dir='ltr'><strong>Verbum</strong></span> <span class='ocrx_word' id='word_1_202' title='bbox 1223 1933 1352 1962; x_wconf 89' lang='lat' dir='ltr'><strong>autem</strong></span> <span class='ocrx_word' id='word_1_203' title='bbox 1367 1937 1504 1975; x_wconf 83' lang='lat' dir='ltr'><strong>cogno-</strong></span> 
     </span>
    </p>
   </div>
   <div class='ocr_carea' id='block_1_14' title="bbox 412 1977 1504 2015">
    <p class='ocr_par' dir='ltr' id='par_1_16' title="bbox 412 1977 1504 2015">
     <span class='ocr_line' id='line_1_34' title="bbox 412 1977 1504 2015; baseline 0.001 -1"><span class='ocrx_word' id='word_1_204' title='bbox 412 2008 417 2013; x_wconf 92' lang='lat'><strong><em>.</em></strong></span> <span class='ocrx_word' id='word_1_205' title='bbox 444 1978 570 2014; x_wconf 83' lang='lat' dir='ltr'><strong>scendi</strong></span> <span class='ocrx_word' id='word_1_206' title='bbox 587 1977 637 2014; x_wconf 89' lang='lat' dir='ltr'><strong>ibi</strong></span> <span class='ocrx_word' id='word_1_207' title='bbox 657 1977 705 2014; x_wconf 90' lang='lat' dir='ltr'><strong>ad</strong></span> <span class='ocrx_word' id='word_1_208' title='bbox 725 1977 868 2014; x_wconf 88' lang='lat' dir='ltr'><strong>coitum</strong></span> <span class='ocrx_word' id='word_1_209' title='bbox 884 1978 1041 2014; x_wconf 87' lang='lat' dir='ltr'><strong>refertur</strong></span> <span class='ocrx_word' id='word_1_210' title='bbox 1057 1993 1076 2012; x_wconf 84' lang='lat'>»</span> <span class='ocrx_word' id='word_1_211' title='bbox 1093 1977 1129 2015; x_wconf 77' lang='grc' dir='ltr'><strong>*ε</strong></span> <span class='ocrx_word' id='word_1_212' title='bbox 1153 1977 1249 2015; x_wconf 91' lang='lat' dir='ltr'><strong>sicut</strong></span> <span class='ocrx_word' id='word_1_213' title='bbox 1268 1985 1304 2015; x_wconf 92' lang='lat' dir='ltr'><strong>et</strong></span> <span class='ocrx_word' id='word_1_214' title='bbox 1317 1979 1408 2015; x_wconf 89' lang='lat' dir='ltr'><strong>Gen.</strong></span> <span class='ocrx_word' id='word_1_215' title='bbox 1421 1978 1504 2015; x_wconf 47' lang='lat' dir='ltr'><strong>xva*</strong></span> 
     </span>
    </p>
   </div>
   <div class='ocr_carea' id='block_1_15' title="bbox 445 2030 1507 2502">
    <p class='ocr_par' dir='ltr' id='par_1_17' title="bbox 445 2030 1504 2238">
     <span class='ocr_line' id='line_1_35' title="bbox 445 2030 1503 2081; baseline 0 -13"><span class='ocrx_word' id='word_1_216' title='bbox 445 2030 581 2068; x_wconf 90' lang='lat' dir='ltr'><strong>dicitur</strong></span> <span class='ocrx_word' id='word_1_217' title='bbox 600 2030 705 2079; x_wconf 90' lang='lat' dir='ltr'><strong>quod</strong></span> <span class='ocrx_word' id='word_1_218' title='bbox 725 2031 847 2067; x_wconf 85' lang='lat' dir='ltr'><strong>Adam</strong></span> <span class='ocrx_word' id='word_1_219' title='bbox 876 2033 1050 2081; x_wconf 81' lang='lat' dir='ltr'><strong>cognovit</strong></span> <span class='ocrx_word' id='word_1_220' title='bbox 1068 2043 1227 2068; x_wconf 86' lang='lat' dir='ltr'><strong>uxorem</strong></span> <span class='ocrx_word' id='word_1_221' title='bbox 1252 2043 1371 2068; x_wconf 87' lang='lat' dir='ltr'><strong>suam.</strong></span> <span class='ocrx_word' id='word_1_222' title='bbox 1402 2032 1503 2079; x_wconf 87' lang='lat' dir='ltr'><strong>Ergo</strong></span> 
     </span>
     <span class='ocr_line' id='line_1_36' title="bbox 446 2083 1504 2132; baseline 0 -12"><span class='ocrx_word' id='word_1_223' title='bbox 446 2083 595 2120; x_wconf 89' lang='lat' dir='ltr'><strong>videtur</strong></span> <span class='ocrx_word' id='word_1_224' title='bbox 623 2084 728 2132; x_wconf 91' lang='lat' dir='ltr'><strong>quod</strong></span> <span class='ocrx_word' id='word_1_225' title='bbox 755 2091 842 2132; x_wconf 88' lang='lat' dir='ltr'><strong>post</strong></span> <span class='ocrx_word' id='word_1_226' title='bbox 869 2091 1022 2132; x_wconf 87' lang='lat' dir='ltr'><strong>partum</strong></span> <span class='ocrx_word' id='word_1_227' title='bbox 1057 2084 1173 2120; x_wconf 86' lang='lat' dir='ltr'><strong>Beata</strong></span> <span class='ocrx_word' id='word_1_228' title='bbox 1201 2083 1316 2131; x_wconf 86' lang='lat' dir='ltr'><strong>Virgo</strong></span> <span class='ocrx_word' id='word_1_229' title='bbox 1350 2083 1420 2120; x_wconf 87' lang='lat' dir='ltr'><strong>fuit</strong></span> <span class='ocrx_word' id='word_1_230' title='bbox 1438 2089 1454 2112; x_wconf 80' lang='grc' dir='ltr'><strong>Υ</strong></span> <span class='ocrx_word' id='word_1_231' title='bbox 1482 2097 1504 2120; x_wconf 85' lang='lat' dir='ltr'><strong>a</strong></span> 
     </span>
     <span class='ocr_line' id='line_1_37' title="bbox 445 2136 1504 2186; baseline 0.001 -14"><span class='ocrx_word' id='word_1_232' title='bbox 445 2137 582 2185; x_wconf 91' lang='lat' dir='ltr'><strong>Ioseph</strong></span> <span class='ocrx_word' id='word_1_233' title='bbox 612 2136 770 2184; x_wconf 83' lang='lat' dir='ltr'><strong>cognita.</strong></span> <span class='ocrx_word' id='word_1_234' title='bbox 801 2137 902 2184; x_wconf 85' lang='lat' dir='ltr'><strong>Ergo</strong></span> <span class='ocrx_word' id='word_1_235' title='bbox 922 2136 1074 2173; x_wconf 89' lang='lat' dir='ltr'><strong>videtur</strong></span> <span class='ocrx_word' id='word_1_236' title='bbox 1101 2137 1207 2185; x_wconf 91' lang='lat' dir='ltr'><strong>quod</strong></span> <span class='ocrx_word' id='word_1_237' title='bbox 1226 2148 1307 2173; x_wconf 91' lang='lat' dir='ltr'><strong>non</strong></span> <span class='ocrx_word' id='word_1_238' title='bbox 1325 2149 1504 2186; x_wconf 89' lang='lat' dir='ltr'><strong>perman-</strong></span> 
     </span>
     <span class='ocr_line' id='line_1_38' title="bbox 446 2189 970 2238; baseline 0 -13"><span class='ocrx_word' id='word_1_239' title='bbox 446 2189 532 2226; x_wconf 87' lang='lat' dir='ltr'><strong>serit</strong></span> <span class='ocrx_word' id='word_1_240' title='bbox 560 2189 666 2236; x_wconf 83' lang='lat' dir='ltr'><strong>virgo</strong></span> <span class='ocrx_word' id='word_1_241' title='bbox 693 2197 780 2238; x_wconf 89' lang='lat' dir='ltr'><strong>post</strong></span> <span class='ocrx_word' id='word_1_242' title='bbox 806 2197 970 2237; x_wconf 87' lang='lat' dir='ltr'><strong>partum.</strong></span> 
     </span>
    </p>

    <p class='ocr_par' dir='ltr' id='par_1_18' title="bbox 445 2241 1504 2502">
     <span class='ocr_line' id='line_1_39' title="bbox 497 2241 1504 2292; baseline 0.001 -14"><span class='ocrx_word' id='word_1_243' title='bbox 497 2255 533 2289; x_wconf 86' lang='lat'><strong>4.</strong></span> <span class='ocrx_word' id='word_1_244' title='bbox 562 2243 790 2289; x_wconf 79' lang='lat' dir='ltr'>PRAETEREA‚</span> <span class='ocrx_word' id='word_1_245' title='bbox 805 2244 1079 2292; x_wconf 79' lang='lat' dir='ltr'><strong>primogenitus</strong></span> <span class='ocrx_word' id='word_1_246' title='bbox 1097 2254 1177 2279; x_wconf 91' lang='lat' dir='ltr'><strong>non</strong></span> <span class='ocrx_word' id='word_1_247' title='bbox 1196 2249 1320 2291; x_wconf 86' lang='lat' dir='ltr'><strong>potest</strong></span> <span class='ocrx_word' id='word_1_248' title='bbox 1339 2241 1413 2279; x_wconf 91' lang='lat' dir='ltr'><strong>dici</strong></span> <span class='ocrx_word' id='word_1_249' title='bbox 1432 2241 1504 2278; x_wconf 86' lang='lat' dir='ltr'><strong>nisi</strong></span> 
     </span>
     <span class='ocr_line' id='line_1_40' title="bbox 445 2294 1502 2344; baseline 0.001 -13"><span class='ocrx_word' id='word_1_250' title='bbox 445 2295 511 2344; x_wconf 92' lang='lat' dir='ltr'><strong>qui</strong></span> <span class='ocrx_word' id='word_1_251' title='bbox 531 2295 668 2331; x_wconf 86' lang='lat' dir='ltr'><strong>habeat</strong></span> <span class='ocrx_word' id='word_1_252' title='bbox 686 2295 815 2331; x_wconf 86' lang='lat' dir='ltr'><strong>fratres</strong></span> <span class='ocrx_word' id='word_1_253' title='bbox 835 2295 1128 2344; x_wconf 87' lang='lat' dir='ltr'><strong>subsequentes:</strong></span> <span class='ocrx_word' id='word_1_254' title='bbox 1151 2295 1254 2332; x_wconf 92' lang='lat' dir='ltr'><strong>unde</strong></span> <span class='ocrx_word' id='word_1_255' title='bbox 1267 2297 1380 2333; x_wconf 90' lang='lat' dir='ltr'><strong>Rom.</strong></span> <span class='ocrx_word' id='word_1_256' title='bbox 1396 2294 1502 2332; x_wconf 80' lang='lat' dir='ltr'>V111*:</span> 
     </span>
     <span class='ocr_line' id='line_1_41' title="bbox 451 2324 1507 2398; baseline -0.001 -13"><span class='ocrx_word' id='word_1_257' title='bbox 451 2349 551 2391; x_wconf 82' lang='lat' dir='ltr'><strong>Quos</strong></span> <span class='ocrx_word' id='word_1_258' title='bbox 563 2349 771 2398; x_wconf 79' lang='lat' dir='ltr'><strong>praescivit,</strong></span> <span class='ocrx_word' id='word_1_259' title='bbox 792 2353 825 2384; x_wconf 90' lang='lat' dir='ltr'><strong>et</strong></span> <span class='ocrx_word' id='word_1_260' title='bbox 837 2349 1125 2398; x_wconf 79' lang='lat' dir='ltr'><strong>praedestinavit</strong></span> <span class='ocrx_word' id='word_1_261' title='bbox 1143 2346 1156 2370; x_wconf 66' lang='grc' dir='ltr'><strong>ὅ</strong></span> <span class='ocrx_word' id='word_1_262' title='bbox 1183 2349 1396 2397; x_wconf 84' lang='lat' dir='ltr'><strong>conformes</strong></span> <span class='ocrx_word' id='word_1_263' title='bbox 1411 2324 1507 2397; x_wconf 79' lang='lat' dir='ltr'><strong>fieri</strong></span> 
     </span>
     <span class='ocr_line' id='line_1_42' title="bbox 445 2401 1504 2451; baseline 0.001 -14"><span class='ocrx_word' id='word_1_264' title='bbox 445 2402 620 2450; x_wconf 80' lang='lat' dir='ltr'><strong>imaginis</strong></span> <span class='ocrx_word' id='word_1_265' title='bbox 645 2401 733 2438; x_wconf 86' lang='lat' dir='ltr'><strong>Filii</strong></span> <span class='ocrx_word' id='word_1_266' title='bbox 757 2403 825 2446; x_wconf 90' lang='lat' dir='ltr'><strong>sui,</strong></span> <span class='ocrx_word' id='word_1_267' title='bbox 846 2407 883 2438; x_wconf 87' lang='lat' dir='ltr'><strong>ut</strong></span> <span class='ocrx_word' id='word_1_268' title='bbox 900 2402 944 2438; x_wconf 92' lang='lat' dir='ltr'><strong>sit</strong></span> <span class='ocrx_word' id='word_1_269' title='bbox 963 2403 1039 2451; x_wconf 89' lang='lat' dir='ltr'><strong>ipse</strong></span> <span class='ocrx_word' id='word_1_270' title='bbox 1060 2403 1334 2451; x_wconf 82' lang='lat' dir='ltr'><strong>primogenitus</strong></span> <span class='ocrx_word' id='word_1_271' title='bbox 1353 2403 1390 2438; x_wconf 89' lang='lat' dir='ltr'><strong>in</strong></span> <span class='ocrx_word' id='word_1_272' title='bbox 1410 2401 1504 2438; x_wconf 89' lang='lat' dir='ltr'><strong>mul—</strong></span> 
     </span>
     <span class='ocr_line' id='line_1_43' title="bbox 445 2454 1504 2502; baseline -0.001 -11"><span class='ocrx_word' id='word_1_273' title='bbox 445 2456 488 2491; x_wconf 89' lang='lat' dir='ltr'><strong>tis</strong></span> <span class='ocrx_word' id='word_1_274' title='bbox 505 2455 701 2502; x_wconf 67' lang='lat' dir='ltr'><strong>fratribus</strong></span> <span class='ocrx_word' id='word_1_275' title='bbox 733 2454 808 2490; x_wconf 91' lang='lat' dir='ltr'><strong>Sed</strong></span> <span class='ocrx_word' id='word_1_276' title='bbox 837 2454 1077 2502; x_wconf 86' lang='lat' dir='ltr'><strong>Evangelista</strong></span> <span class='ocrx_word' id='word_1_277' title='bbox 1104 2454 1279 2491; x_wconf 89' lang='lat' dir='ltr'><strong>nominat</strong></span> <span class='ocrx_word' id='word_1_278' title='bbox 1307 2454 1504 2491; x_wconf 90' lang='lat' dir='ltr'><strong>Christum</strong></span> 
     </span>
    </p>
   </div>
   <div class='ocr_carea' id='block_1_16' title="bbox 211 2506 1504 2589">
    <p class='ocr_par' dir='ltr' id='par_1_19' title="bbox 211 2506 1504 2589">
     <span class='ocr_line' id='line_1_44' title="bbox 211 2506 1504 2589; baseline 0.001 -46.023"><span class='ocrx_word' id='word_1_279' title='bbox 211 2515 349 2589; x_wconf 59' lang='lat' dir='ltr'>’Mum-5550</span> <span class='ocrx_word' id='word_1_280' title='bbox 345 2521 418 2589; x_wconf 42' lang='grc' dir='ltr'><strong>μζ</strong></span> <span class='ocrx_word' id='word_1_281' title='bbox 413 2506 770 2557; x_wconf 79' lang='lat' dir='ltr'><strong>primogenitum*</strong></span> <span class='ocrx_word' id='word_1_282' title='bbox 797 2507 927 2544; x_wconf 86' lang='lat' dir='ltr'><strong>matris</strong></span> <span class='ocrx_word' id='word_1_283' title='bbox 955 2506 1048 2544; x_wconf 89' lang='lat' dir='ltr'><strong>eius.</strong></span> <span class='ocrx_word' id='word_1_284' title='bbox 1085 2508 1187 2556; x_wconf 89' lang='lat' dir='ltr'><strong>Ergo</strong></span> <span class='ocrx_word' id='word_1_285' title='bbox 1207 2506 1300 2544; x_wconf 84' lang='lat' dir='ltr'><strong>alios</strong></span> <span class='ocrx_word' id='word_1_286' title='bbox 1318 2506 1419 2544; x_wconf 87' lang='lat' dir='ltr'><strong>filios</strong></span> <span class='ocrx_word' id='word_1_287' title='bbox 1438 2507 1504 2544; x_wconf 86' lang='lat' dir='ltr'><strong>ha-</strong></span> 
     </span>
    </p>
   </div>
   <div class='ocr_carea' id='block_1_17' title="bbox 446 2558 1506 3351">
    <p class='ocr_par' dir='ltr' id='par_1_20' title="bbox 446 2558 1506 2663">
     <span class='ocr_line' id='line_1_45' title="bbox 446 2558 1506 2610; baseline 0.001 -14"><span class='ocrx_word' id='word_1_288' title='bbox 446 2559 527 2597; x_wconf 89' lang='lat' dir='ltr'><strong>buit</strong></span> <span class='ocrx_word' id='word_1_289' title='bbox 554 2567 641 2609; x_wconf 92' lang='lat' dir='ltr'><strong>post</strong></span> <span class='ocrx_word' id='word_1_290' title='bbox 669 2558 877 2596; x_wconf 88' lang='lat' dir='ltr'><strong>Christum.</strong></span> <span class='ocrx_word' id='word_1_291' title='bbox 917 2561 965 2597; x_wconf 89' lang='lat' dir='ltr'><strong>Et</strong></span> <span class='ocrx_word' id='word_1_292' title='bbox 992 2560 1042 2597; x_wconf 90' lang='lat' dir='ltr'><strong>ita</strong></span> <span class='ocrx_word' id='word_1_293' title='bbox 1069 2559 1221 2597; x_wconf 87' lang='lat' dir='ltr'><strong>videtur</strong></span> <span class='ocrx_word' id='word_1_294' title='bbox 1248 2560 1356 2610; x_wconf 91' lang='lat' dir='ltr'><strong>quod</strong></span> <span class='ocrx_word' id='word_1_295' title='bbox 1383 2567 1506 2597; x_wconf 88' lang='lat' dir='ltr'><strong>mater</strong></span> 
     </span>
     <span class='ocr_line' id='line_1_46' title="bbox 449 2612 1304 2663; baseline 0.001 -14"><span class='ocrx_word' id='word_1_296' title='bbox 449 2612 586 2650; x_wconf 88' lang='lat' dir='ltr'><strong>Christi</strong></span> <span class='ocrx_word' id='word_1_297' title='bbox 614 2625 693 2649; x_wconf 91' lang='lat' dir='ltr'><strong>non</strong></span> <span class='ocrx_word' id='word_1_298' title='bbox 721 2612 832 2650; x_wconf 87' lang='lat' dir='ltr'><strong>fuerit</strong></span> <span class='ocrx_word' id='word_1_299' title='bbox 850 2618 862 2634; x_wconf 71' lang='lat'>⁵</span> <span class='ocrx_word' id='word_1_300' title='bbox 889 2612 997 2661; x_wconf 84' lang='lat' dir='ltr'><strong>virgo</strong></span> <span class='ocrx_word' id='word_1_301' title='bbox 1025 2621 1111 2662; x_wconf 92' lang='lat' dir='ltr'><strong>post</strong></span> <span class='ocrx_word' id='word_1_302' title='bbox 1139 2621 1304 2663; x_wconf 87' lang='lat' dir='ltr'><strong>partum.</strong></span> 
     </span>
    </p>

    <p class='ocr_par' dir='ltr' id='par_1_21' title="bbox 446 2666 1506 2927">
     <span class='ocr_line' id='line_1_47' title="bbox 503 2666 1505 2712; baseline 0.002 -10"><span class='ocrx_word' id='word_1_303' title='bbox 503 2667 535 2702; x_wconf 86' lang='lat'><strong>5.</strong></span> <span class='ocrx_word' id='word_1_304' title='bbox 566 2667 796 2712; x_wconf 77' lang='lat' dir='ltr'><strong>PRAETEREA,</strong></span> <span class='ocrx_word' id='word_1_305' title='bbox 818 2667 920 2702; x_wconf 88' lang='lat' dir='ltr'><strong>Ioan.</strong></span> <span class='ocrx_word' id='word_1_306' title='bbox 942 2678 963 2703; x_wconf 94' lang='lat'><strong>11</strong></span> <span class='ocrx_word' id='word_1_307' title='bbox 981 2666 1001 2688; x_wconf 74' lang='lat'><strong>²¹⁶</strong></span> <span class='ocrx_word' id='word_1_308' title='bbox 1028 2666 1183 2703; x_wconf 89' lang='lat' dir='ltr'><strong>dicitur:</strong></span> <span class='ocrx_word' id='word_1_309' title='bbox 1215 2667 1302 2703; x_wconf 88' lang='lat' dir='ltr'><strong>Post</strong></span> <span class='ocrx_word' id='word_1_310' title='bbox 1328 2667 1420 2703; x_wconf 89' lang='lat' dir='ltr'><strong>haec</strong></span> <span class='ocrx_word' id='word_1_311' title='bbox 1445 2667 1505 2704; x_wconf 86' lang='lat' dir='ltr'><strong>de-</strong></span> 
     </span>
     <span class='ocr_line' id='line_1_48' title="bbox 446 2718 1504 2768; baseline 0.001 -13"><span class='ocrx_word' id='word_1_312' title='bbox 446 2719 582 2755; x_wconf 84' lang='lat' dir='ltr'><strong>scendit</strong></span> <span class='ocrx_word' id='word_1_313' title='bbox 613 2719 878 2768; x_wconf 84' lang='lat' dir='ltr'><strong>Capharnaum</strong></span> <span class='ocrx_word' id='word_1_314' title='bbox 899 2720 984 2768; x_wconf 87' lang='lat' dir='ltr'><strong>ipse,</strong></span> <span class='ocrx_word' id='word_1_315' title='bbox 1006 2718 1144 2756; x_wconf 91' lang='lat' dir='ltr'><strong>scilicet</strong></span> <span class='ocrx_word' id='word_1_316' title='bbox 1173 2719 1356 2766; x_wconf 88' lang='lat' dir='ltr'><strong>Christus,</strong></span> <span class='ocrx_word' id='word_1_317' title='bbox 1377 2725 1411 2756; x_wconf 92' lang='lat' dir='ltr'><strong>et</strong></span> <span class='ocrx_word' id='word_1_318' title='bbox 1429 2732 1504 2757; x_wconf 90' lang='lat' dir='ltr'><strong>ma-</strong></span> 
     </span>
     <span class='ocr_line' id='line_1_49' title="bbox 447 2772 1506 2822; baseline 0.001 -14"><span class='ocrx_word' id='word_1_319' title='bbox 447 2778 502 2808; x_wconf 85' lang='lat' dir='ltr'><strong>ter</strong></span> <span class='ocrx_word' id='word_1_320' title='bbox 529 2777 562 2808; x_wconf 93' lang='lat' dir='ltr'><strong>et</strong></span> <span class='ocrx_word' id='word_1_321' title='bbox 579 2772 724 2820; x_wconf 86' lang='lat' dir='ltr'><strong>fratres</strong></span> <span class='ocrx_word' id='word_1_322' title='bbox 757 2773 844 2808; x_wconf 88' lang='lat' dir='ltr'><strong>eius.</strong></span> <span class='ocrx_word' id='word_1_323' title='bbox 884 2772 959 2809; x_wconf 93' lang='lat' dir='ltr'><strong>Sed</strong></span> <span class='ocrx_word' id='word_1_324' title='bbox 994 2772 1124 2809; x_wconf 86' lang='lat' dir='ltr'><strong>fratres</strong></span> <span class='ocrx_word' id='word_1_325' title='bbox 1153 2772 1333 2809; x_wconf 84' lang='lat' dir='ltr'><strong>dicuntur</strong></span> <span class='ocrx_word' id='word_1_326' title='bbox 1364 2772 1431 2822; x_wconf 91' lang='lat' dir='ltr'><strong>qui</strong></span> <span class='ocrx_word' id='word_1_327' title='bbox 1459 2785 1506 2810; x_wconf 87' lang='lat' dir='ltr'><strong>ex</strong></span> 
     </span>
     <span class='ocr_line' id='line_1_50' title="bbox 448 2824 1505 2875; baseline 0.003 -15"><span class='ocrx_word' id='word_1_328' title='bbox 448 2824 586 2861; x_wconf 89' lang='lat' dir='ltr'><strong>eodem</strong></span> <span class='ocrx_word' id='word_1_329' title='bbox 614 2831 768 2873; x_wconf 85' lang='lat' dir='ltr'><strong>parente</strong></span> <span class='ocrx_word' id='word_1_330' title='bbox 796 2824 909 2873; x_wconf 87' lang='lat' dir='ltr'><strong>geniti</strong></span> <span class='ocrx_word' id='word_1_331' title='bbox 942 2833 1039 2862; x_wconf 87' lang='lat' dir='ltr'><strong>sunt.</strong></span> <span class='ocrx_word' id='word_1_332' title='bbox 1076 2826 1178 2874; x_wconf 82' lang='lat' dir='ltr'><strong>Ergo</strong></span> <span class='ocrx_word' id='word_1_333' title='bbox 1213 2825 1365 2862; x_wconf 85' lang='lat' dir='ltr'><strong>videtur</strong></span> <span class='ocrx_word' id='word_1_334' title='bbox 1398 2826 1505 2875; x_wconf 92' lang='lat' dir='ltr'><strong>quod</strong></span> 
     </span>
     <span class='ocr_line' id='line_1_51' title="bbox 449 2877 1503 2927; baseline 0.001 -13"><span class='ocrx_word' id='word_1_335' title='bbox 449 2877 564 2914; x_wconf 88' lang='lat' dir='ltr'><strong>Beata</strong></span> <span class='ocrx_word' id='word_1_336' title='bbox 591 2877 705 2925; x_wconf 86' lang='lat' dir='ltr'><strong>Virgo</strong></span> <span class='ocrx_word' id='word_1_337' title='bbox 734 2877 909 2914; x_wconf 84' lang='lat' dir='ltr'><strong>habuerit</strong></span> <span class='ocrx_word' id='word_1_338' title='bbox 936 2877 1029 2915; x_wconf 89' lang='lat' dir='ltr'><strong>alios</strong></span> <span class='ocrx_word' id='word_1_339' title='bbox 1056 2877 1156 2916; x_wconf 92' lang='lat' dir='ltr'><strong>filios</strong></span> <span class='ocrx_word' id='word_1_340' title='bbox 1183 2886 1270 2927; x_wconf 91' lang='lat' dir='ltr'><strong>post</strong></span> <span class='ocrx_word' id='word_1_341' title='bbox 1297 2878 1503 2916; x_wconf 89' lang='lat' dir='ltr'><strong>Christum.</strong></span> 
     </span>
    </p>

    <p class='ocr_par' dir='ltr' id='par_1_22' title="bbox 449 2931 1506 3351">
     <span class='ocr_line' id='line_1_52' title="bbox 501 2931 1504 2978; baseline 0.002 -12"><span class='ocrx_word' id='word_1_342' title='bbox 501 2931 536 2966; x_wconf 86' lang='lat'><strong>6.</strong></span> <span class='ocrx_word' id='word_1_343' title='bbox 566 2931 796 2976; x_wconf 74' lang='lat' dir='ltr'><strong>PRAETEREA,</strong></span> <span class='ocrx_word' id='word_1_344' title='bbox 816 2931 950 2967; x_wconf 88' lang='lat' dir='ltr'><strong>Matth.</strong></span> <span class='ocrx_word' id='word_1_345' title='bbox 971 2943 1065 2968; x_wconf 84' lang='lat' dir='ltr'><strong>xxvn</strong></span> <span class='ocrx_word' id='word_1_346' title='bbox 1083 2931 1103 2953; x_wconf 85' lang='grc'><em>*</em></span> <span class='ocrx_word' id='word_1_347' title='bbox 1122 2931 1275 2968; x_wconf 90' lang='lat' dir='ltr'><strong>dicitur:</strong></span> <span class='ocrx_word' id='word_1_348' title='bbox 1305 2933 1425 2968; x_wconf 87' lang='lat' dir='ltr'><strong>Erant</strong></span> <span class='ocrx_word' id='word_1_349' title='bbox 1444 2933 1504 2978; x_wconf 89' lang='lat' dir='ltr'><strong>ibi,</strong></span> 
     </span>
     <span class='ocr_line' id='line_1_53' title="bbox 449 2982 1506 3028; baseline 0.003 -9"><span class='ocrx_word' id='word_1_350' title='bbox 449 2982 585 3019; x_wconf 91' lang='lat' dir='ltr'><strong>scilicet</strong></span> <span class='ocrx_word' id='word_1_351' title='bbox 614 2983 715 3019; x_wconf 88' lang='lat' dir='ltr'><strong>iuxta</strong></span> <span class='ocrx_word' id='word_1_352' title='bbox 752 2994 903 3020; x_wconf 87' lang='lat' dir='ltr'><strong>crucem</strong></span> <span class='ocrx_word' id='word_1_353' title='bbox 935 2983 1085 3028; x_wconf 88' lang='lat' dir='ltr'><strong>Christi,</strong></span> <span class='ocrx_word' id='word_1_354' title='bbox 1110 2985 1283 3021; x_wconf 88' lang='lat' dir='ltr'><strong>mulieres</strong></span> <span class='ocrx_word' id='word_1_355' title='bbox 1314 2985 1451 3022; x_wconf 90' lang='lat' dir='ltr'><strong>multae</strong></span> <span class='ocrx_word' id='word_1_356' title='bbox 1482 2997 1506 3022; x_wconf 89' lang='lat' dir='ltr'><strong>a</strong></span> 
     </span>
     <span class='ocr_line' id='line_1_54' title="bbox 449 3036 1505 3085; baseline 0.003 -13"><span class='ocrx_word' id='word_1_357' title='bbox 449 3036 571 3085; x_wconf 85' lang='lat' dir='ltr'><strong>longe,</strong></span> <span class='ocrx_word' id='word_1_358' title='bbox 602 3048 695 3085; x_wconf 86' lang='lat' dir='ltr'><strong>quae</strong></span> <span class='ocrx_word' id='word_1_359' title='bbox 720 3042 865 3073; x_wconf 87' lang='lat' dir='ltr'><strong>secutae</strong></span> <span class='ocrx_word' id='word_1_360' title='bbox 892 3042 998 3073; x_wconf 88' lang='lat' dir='ltr'><strong>erant</strong></span> <span class='ocrx_word' id='word_1_361' title='bbox 1025 3039 1148 3074; x_wconf 88' lang='lat' dir='ltr'><strong>Iesum</strong></span> <span class='ocrx_word' id='word_1_362' title='bbox 1177 3050 1200 3074; x_wconf 92' lang='lat' dir='ltr'><strong>a</strong></span> <span class='ocrx_word' id='word_1_363' title='bbox 1228 3037 1409 3084; x_wconf 90' lang='lat' dir='ltr'><strong>Galilaea,</strong></span> <span class='ocrx_word' id='word_1_364' title='bbox 1437 3039 1505 3075; x_wconf 91' lang='lat' dir='ltr'><strong>mi-</strong></span> 
     </span>
     <span class='ocr_line' id='line_1_55' title="bbox 451 3089 1505 3140; baseline 0.004 -16"><span class='ocrx_word' id='word_1_365' title='bbox 451 3089 640 3125; x_wconf 84' lang='lat' dir='ltr'><strong>nistrantes</strong></span> <span class='ocrx_word' id='word_1_366' title='bbox 668 3090 719 3125; x_wconf 89' lang='lat' dir='ltr'><strong>ei:</strong></span> <span class='ocrx_word' id='word_1_367' title='bbox 752 3090 846 3126; x_wconf 84' lang='lat' dir='ltr'><strong>inter</strong></span> <span class='ocrx_word' id='word_1_368' title='bbox 873 3102 963 3138; x_wconf 87' lang='lat' dir='ltr'><strong>quas</strong></span> <span class='ocrx_word' id='word_1_369' title='bbox 991 3096 1070 3127; x_wconf 89' lang='lat' dir='ltr'><strong>erat</strong></span> <span class='ocrx_word' id='word_1_370' title='bbox 1095 3091 1227 3128; x_wconf 87' lang='lat' dir='ltr'><strong>Maria</strong></span> <span class='ocrx_word' id='word_1_371' title='bbox 1254 3090 1505 3140; x_wconf 81' lang='lat' dir='ltr'><strong>Magdalene,</strong></span> 
     </span>
     <span class='ocr_line' id='line_1_56' title="bbox 451 3142 1506 3192; baseline 0.004 -15"><span class='ocrx_word' id='word_1_372' title='bbox 451 3146 482 3177; x_wconf 87' lang='lat' dir='ltr'><strong>et</strong></span> <span class='ocrx_word' id='word_1_373' title='bbox 509 3142 640 3178; x_wconf 88' lang='lat' dir='ltr'><strong>Maria</strong></span> <span class='ocrx_word' id='word_1_374' title='bbox 668 3143 798 3178; x_wconf 89' lang='lat' dir='ltr'><strong>Iacobi</strong></span> <span class='ocrx_word' id='word_1_375' title='bbox 823 3148 856 3178; x_wconf 90' lang='lat' dir='ltr'><strong>et</strong></span> <span class='ocrx_word' id='word_1_376' title='bbox 882 3143 1015 3192; x_wconf 88' lang='lat' dir='ltr'><strong>Ioseph</strong></span> <span class='ocrx_word' id='word_1_377' title='bbox 1044 3149 1174 3189; x_wconf 90' lang='lat' dir='ltr'><strong>mater,</strong></span> <span class='ocrx_word' id='word_1_378' title='bbox 1203 3149 1236 3180; x_wconf 93' lang='lat' dir='ltr'><strong>et</strong></span> <span class='ocrx_word' id='word_1_379' title='bbox 1263 3149 1382 3181; x_wconf 90' lang='lat' dir='ltr'><strong>mater</strong></span> <span class='ocrx_word' id='word_1_380' title='bbox 1401 3144 1506 3192; x_wconf 88' lang='lat' dir='ltr'><strong>filio-</strong></span> 
     </span>
     <span class='ocr_line' id='line_1_57' title="bbox 452 3193 1506 3245; baseline 0.005 -16"><span class='ocrx_word' id='word_1_381' title='bbox 452 3205 534 3230; x_wconf 90' lang='lat' dir='ltr'><strong>rum</strong></span> <span class='ocrx_word' id='word_1_382' title='bbox 563 3193 751 3230; x_wconf 81' lang='lat' dir='ltr'><strong>Zebedaei.</strong></span> <span class='ocrx_word' id='word_1_383' title='bbox 787 3193 947 3231; x_wconf 88' lang='lat' dir='ltr'><strong>Videtur</strong></span> <span class='ocrx_word' id='word_1_384' title='bbox 973 3203 1102 3232; x_wconf 89' lang='lat' dir='ltr'><strong>autem</strong></span> <span class='ocrx_word' id='word_1_385' title='bbox 1131 3196 1226 3233; x_wconf 90' lang='lat' dir='ltr'><strong>haec</strong></span> <span class='ocrx_word' id='word_1_386' title='bbox 1253 3195 1376 3233; x_wconf 89' lang='lat' dir='ltr'><strong>Maria</strong></span> <span class='ocrx_word' id='word_1_387' title='bbox 1406 3208 1506 3245; x_wconf 85' lang='lat' dir='ltr'><strong>quae</strong></span> 
     </span>
     <span class='ocr_line' id='line_1_58' title="bbox 453 3245 1504 3296; baseline 0.005 -14"><span class='ocrx_word' id='word_1_388' title='bbox 453 3245 513 3282; x_wconf 89' lang='lat' dir='ltr'><strong>hic</strong></span> <span class='ocrx_word' id='word_1_389' title='bbox 550 3245 685 3282; x_wconf 89' lang='lat' dir='ltr'><strong>dicitur</strong></span> <span class='ocrx_word' id='word_1_390' title='bbox 719 3247 849 3282; x_wconf 89' lang='lat' dir='ltr'><strong>Iacobi</strong></span> <span class='ocrx_word' id='word_1_391' title='bbox 874 3253 906 3282; x_wconf 85' lang='lat' dir='ltr'><strong>et</strong></span> <span class='ocrx_word' id='word_1_392' title='bbox 934 3249 1065 3296; x_wconf 85' lang='lat' dir='ltr'><strong>Ioseph</strong></span> <span class='ocrx_word' id='word_1_393' title='bbox 1097 3254 1236 3294; x_wconf 86' lang='lat' dir='ltr'><strong>mater,</strong></span> <span class='ocrx_word' id='word_1_394' title='bbox 1272 3261 1354 3286; x_wconf 90' lang='lat' dir='ltr'><strong>esse</strong></span> <span class='ocrx_word' id='word_1_395' title='bbox 1392 3249 1504 3286; x_wconf 84' lang='lat' dir='ltr'><strong>etiam</strong></span> 
     </span>
     <span class='ocr_line' id='line_1_59' title="bbox 453 3297 1506 3351; baseline 0.006 -17"><span class='ocrx_word' id='word_1_396' title='bbox 453 3306 573 3334; x_wconf 82' lang='lat' dir='ltr'><strong>mater</strong></span> <span class='ocrx_word' id='word_1_397' title='bbox 610 3297 767 3335; x_wconf 84' lang='lat' dir='ltr'><strong>Christi:</strong></span> <span class='ocrx_word' id='word_1_398' title='bbox 806 3297 942 3335; x_wconf 86' lang='lat' dir='ltr'><strong>dicitur</strong></span> <span class='ocrx_word' id='word_1_399' title='bbox 983 3299 1085 3336; x_wconf 86' lang='lat' dir='ltr'><strong>enim</strong></span> <span class='ocrx_word' id='word_1_400' title='bbox 1123 3301 1225 3337; x_wconf 88' lang='lat' dir='ltr'><strong>Ioan.</strong></span> <span class='ocrx_word' id='word_1_401' title='bbox 1262 3314 1319 3338; x_wconf 77' lang='lat' dir='ltr'><strong>X1x</strong></span> <span class='ocrx_word' id='word_1_402' title='bbox 1347 3301 1366 3323; x_wconf 83' lang='lat'>*</span> <span class='ocrx_word' id='word_1_403' title='bbox 1399 3302 1506 3351; x_wconf 92' lang='lat' dir='ltr'><strong>quod</strong></span> 
     </span>
    </p>
   </div>
   <div class='ocr_carea' id='block_1_18' title="bbox 451 3352 1514 3403">
    <p class='ocr_par' dir='ltr' id='par_1_23' title="bbox 451 3352 1514 3403">
     <span class='ocr_line' id='line_1_60' title="bbox 451 3352 1514 3403; baseline 0.006 -17"><span class='ocrx_word' id='word_1_404' title='bbox 451 3352 566 3387; x_wconf 85' lang='lat' dir='ltr'><strong>stabat</strong></span> <span class='ocrx_word' id='word_1_405' title='bbox 589 3352 691 3387; x_wconf 84' lang='lat' dir='ltr'><strong>iuxta</strong></span> <span class='ocrx_word' id='word_1_406' title='bbox 710 3362 857 3387; x_wconf 87' lang='lat' dir='ltr'><strong>crucem</strong></span> <span class='ocrx_word' id='word_1_407' title='bbox 888 3352 969 3387; x_wconf 88' lang='lat' dir='ltr'><strong>Iesu</strong></span> <span class='ocrx_word' id='word_1_408' title='bbox 989 3353 1130 3398; x_wconf 86' lang='lat' dir='ltr'><strong>Maria,</strong></span> <span class='ocrx_word' id='word_1_409' title='bbox 1152 3359 1270 3390; x_wconf 89' lang='lat' dir='ltr'><strong>mater</strong></span> <span class='ocrx_word' id='word_1_410' title='bbox 1289 3356 1374 3391; x_wconf 90' lang='lat' dir='ltr'><strong>eius.</strong></span> <span class='ocrx_word' id='word_1_411' title='bbox 1404 3355 1514 3403; x_wconf 21' lang='lat' dir='ltr'><strong>Ergo]</strong></span> 
     </span>
    </p>
   </div>
   <div class='ocr_carea' id='block_1_19' title="bbox 506 3471 944 3538">
    <p class='ocr_par' dir='ltr' id='par_1_24' title="bbox 506 3471 936 3538">
     <span class='ocr_line' id='line_1_61' title="bbox 506 3471 831 3501; baseline 0.003 -6"><span class='ocrx_word' id='word_1_412' title='bbox 506 3472 533 3501; x_wconf 75' lang='grc' dir='ltr'><strong>οι)</strong></span> <span class='ocrx_word' id='word_1_413' title='bbox 553 3472 607 3497; x_wconf 86' lang='lat' dir='ltr'><strong>hoc.</strong></span> <span class='ocrx_word' id='word_1_414' title='bbox 626 3473 723 3498; x_wconf 86' lang='lat' dir='ltr'><strong>-.Om</strong></span> <span class='ocrx_word' id='word_1_415' title='bbox 741 3471 831 3497; x_wconf 73' lang='lat' dir='ltr'><strong>Pom.</strong></span> 
     </span>
     <span class='ocr_line' id='line_1_62' title="bbox 507 3506 944 3538; baseline 0.002 -7"><span class='ocrx_word' id='word_1_416' title='bbox 507 3506 532 3538; x_wconf 71' lang='grc' dir='ltr'><strong>β)</strong></span> <span class='ocrx_word' id='word_1_417' title='bbox 550 3514 594 3531; x_wconf 86' lang='lat' dir='ltr'><strong>cer</strong></span> <span class='ocrx_word' id='word_1_418' title='bbox 580 3511 637 3532; x_wconf 77' lang='lat' dir='ltr'><strong>reus</strong></span> <span class='ocrx_word' id='word_1_419' title='bbox 656 3511 729 3532; x_wconf 78' lang='lat' dir='ltr'><strong>esset.</strong></span> <span class='ocrx_word' id='word_1_420' title='bbox 747 3508 845 3532; x_wconf 88' lang='lat' dir='ltr'><strong>—Om.</strong></span> <span class='ocrx_word' id='word_1_421' title='bbox 864 3508 919 3532; x_wconf 81' lang='lat' dir='ltr'><strong>terti</strong></span> <span class='ocrx_word' id='word_1_422' title='bbox 915 3515 944 3532; x_wconf 79' lang='lat' dir='ltr'><strong>=.n</strong></span> 
     </span>
    </p>
   </div>
   <div class='ocr_carea' id='block_1_20' title="bbox 505 3542 1442 3610">
    <p class='ocr_par' dir='ltr' id='par_1_25' title="bbox 505 3542 1442 3610">
     <span class='ocr_line' id='line_1_63' title="bbox 505 3542 1442 3577; baseline 0.005 -11"><span class='ocrx_word' id='word_1_423' title='bbox 505 3546 532 3574; x_wconf 90' lang='grc' dir='ltr'><strong>γ)</strong></span> <span class='ocrx_word' id='word_1_424' title='bbox 544 3542 645 3574; x_wconf 57' lang='grc' dir='ltr'><strong><em>[υἱι-</em></strong></span> <span class='ocrx_word' id='word_1_425' title='bbox 658 3543 703 3575; x_wconf 85' lang='lat' dir='ltr'><strong>sui</strong></span> <span class='ocrx_word' id='word_1_426' title='bbox 695 3547 715 3567; x_wconf 79' lang='lat' dir='ltr'><strong>ut</strong></span> <span class='ocrx_word' id='word_1_427' title='bbox 734 3542 830 3576; x_wconf 85' lang='lat' dir='ltr'><strong>(suerit</strong></span> <span class='ocrx_word' id='word_1_428' title='bbox 850 3543 879 3574; x_wconf 78' lang='grc' dir='ltr'><strong>Ρ)</strong></span> <span class='ocrx_word' id='word_1_429' title='bbox 897 3542 1044 3567; x_wconf 76' lang='lat' dir='ltr'><strong>carnaliter</strong></span> <span class='ocrx_word' id='word_1_430' title='bbox 1061 3548 1098 3567; x_wconf 83' lang='lat' dir='ltr'><strong>ter</strong></span> <span class='ocrx_word' id='word_1_431' title='bbox 1101 3543 1141 3568; x_wconf 57' lang='lat' dir='ltr'><strong>tim</strong></span> <span class='ocrx_word' id='word_1_432' title='bbox 1160 3558 1177 3561; x_wconf 98' lang='lat'><em>-</em></span> <span class='ocrx_word' id='word_1_433' title='bbox 1195 3551 1211 3568; x_wconf 84' lang='lat' dir='ltr'><strong>a</strong></span> <span class='ocrx_word' id='word_1_434' title='bbox 1232 3544 1322 3577; x_wconf 82' lang='lat' dir='ltr'><strong>Ioseph</strong></span> <span class='ocrx_word' id='word_1_435' title='bbox 1341 3554 1394 3572; x_wconf 90' lang='lat' dir='ltr'><strong>om.</strong></span> <span class='ocrx_word' id='word_1_436' title='bbox 1413 3546 1442 3572; x_wconf 77' lang='lat' dir='ltr'><strong>F.</strong></span> 
     </span>
     <span class='ocr_line' id='line_1_64' title="bbox 506 3576 1024 3610; baseline 0.002 -9"><span class='ocrx_word' id='word_1_437' title='bbox 506 3576 530 3610; x_wconf 81' lang='grc' dir='ltr'><strong>δ)</strong></span> <span class='ocrx_word' id='word_1_438' title='bbox 549 3581 574 3602; x_wconf 87' lang='lat' dir='ltr'><strong>et</strong></span> <span class='ocrx_word' id='word_1_439' title='bbox 589 3578 778 3609; x_wconf 68' lang='lat' dir='ltr'><strong>praedestina»</strong></span> <span class='ocrx_word' id='word_1_440' title='bbox 765 3578 809 3603; x_wconf 81' lang='lat' dir='ltr'><strong>vit.</strong></span> <span class='ocrx_word' id='word_1_441' title='bbox 828 3579 925 3602; x_wconf 86' lang='lat' dir='ltr'><strong>-Om.</strong></span> <span class='ocrx_word' id='word_1_442' title='bbox 944 3577 999 3602; x_wconf 81' lang='lat' dir='ltr'><strong>terti</strong></span> <span class='ocrx_word' id='word_1_443' title='bbox 995 3585 1024 3603; x_wconf 82' lang='grc' dir='ltr'><strong><em>ιιι.</em></strong></span> 
     </span>
    </p>
   </div>
   <div class='ocr_carea' id='block_1_21' title="bbox 1111 273 1970 322">
    <p class='ocr_par' dir='ltr' id='par_1_26' title="bbox 1111 273 1970 322">
     <span class='ocr_line' id='line_1_65' title="bbox 1111 273 1970 322; baseline -0.003 -9"><span class='ocrx_word' id='word_1_444' title='bbox 1111 275 1373 322; x_wconf 81' lang='lat' dir='ltr'><strong>QUAEsT1o</strong></span> <span class='ocrx_word' id='word_1_445' title='bbox 1402 275 1574 321; x_wconf 82' lang='lat' dir='ltr'><strong>xxvlu,</strong></span> <span class='ocrx_word' id='word_1_446' title='bbox 1603 273 1896 312; x_wconf 86' lang='lat' dir='ltr'><strong>ARTICULUS</strong></span> <span class='ocrx_word' id='word_1_447' title='bbox 1924 274 1970 311; x_wconf 90' lang='lat'><strong>111</strong></span> 
     </span>
    </p>
   </div>
   <div class='ocr_carea' id='block_1_22' title="bbox 1554 1338 2723 1394">
    <p class='ocr_par' dir='ltr' id='par_1_27' title="bbox 1554 1327 2723 1394">
     <span class='ocr_line' id='line_1_66' title="bbox 1554 1338 2723 1394; baseline -0.009 -12"><span class='ocrx_word' id='word_1_448' title='bbox 1554 1345 1783 1394; x_wconf 85' lang='lat' dir='ltr'><strong>praegnabit</strong></span> <span class='ocrx_word' id='word_1_449' title='bbox 1810 1355 1906 1390; x_wconf 89' lang='lat' dir='ltr'><strong>eam,</strong></span> <span class='ocrx_word' id='word_1_450' title='bbox 1930 1349 1964 1380; x_wconf 90' lang='lat' dir='ltr'><strong>et</strong></span> <span class='ocrx_word' id='word_1_451' title='bbox 1990 1344 2214 1394; x_wconf 82' lang='lat' dir='ltr'><strong>angelorum</strong></span> <span class='ocrx_word' id='word_1_452' title='bbox 2239 1345 2426 1383; x_wconf 66' lang='lat' dir='ltr'><strong>Dominus</strong></span> <span class='ocrx_word' id='word_1_453' title='bbox 2444 1350 2626 1386; x_wconf 60' lang='lat' dir='ltr'><strong>„m</strong></span> <span class='ocrx_word' id='word_1_454' title='bbox 2666 1338 2723 1376; x_wconf 51' lang='lat'><strong>&gt;¹512</strong></span> 
     </span>
    </p>
   </div>
   <div class='ocr_carea' id='block_1_23' title="bbox 2633 682 2872 3970">
    <p class='ocr_par' dir='ltr' id='par_1_28' title="bbox 2633 682 2872 3970">
     <span class='ocr_line' id='line_1_67' title="bbox 2644 682 2868 944; baseline 0 -154"><span class='ocrx_word' id='word_1_455' title='bbox 2644 682 2868 944; x_wconf 95' lang='lat' dir='ltr'><strong>    </strong></span> 
     </span>
     <span class='ocr_line' id='line_1_68' title="bbox 2640 944 2868 1140; baseline 0 0"><span class='ocrx_word' id='word_1_456' title='bbox 2640 944 2868 1140; x_wconf 95' lang='lat' dir='ltr'><strong>    </strong></span> 
     </span>
     <span class='ocr_line' id='line_1_69' title="bbox 2640 1140 2868 1419; baseline 0 -101"><span class='ocrx_word' id='word_1_457' title='bbox 2640 1140 2868 1419; x_wconf 95' lang='lat' dir='ltr'><strong>     </strong></span> 
     </span>
     <span class='ocr_line' id='line_1_70' title="bbox 2652 1419 2868 1531; baseline 0 0"><span class='ocrx_word' id='word_1_458' title='bbox 2652 1419 2868 1531; x_wconf 95' lang='lat' dir='ltr'><strong>  </strong></span> 
     </span>
     <span class='ocr_line' id='line_1_71' title="bbox 2652 1531 2868 1631; baseline 0 2339"><span class='ocrx_word' id='word_1_459' title='bbox 2652 1531 2868 1631; x_wconf 95' lang='lat' dir='ltr'><strong> </strong></span> 
     </span>
     <span class='ocr_line' id='line_1_72' title="bbox 2636 1631 2868 1901; baseline 0 -58"><span class='ocrx_word' id='word_1_460' title='bbox 2636 1631 2868 1901; x_wconf 95' lang='lat' dir='ltr'><strong>     </strong></span> 
     </span>
     <span class='ocr_line' id='line_1_73' title="bbox 2636 1901 2868 2057; baseline 0 -4"><span class='ocrx_word' id='word_1_461' title='bbox 2636 1901 2868 2057; x_wconf 95' lang='lat' dir='ltr'><strong>    </strong></span> 
     </span>
     <span class='ocr_line' id='line_1_74' title="bbox 2638 2057 2868 2263; baseline 0 0"><span class='ocrx_word' id='word_1_462' title='bbox 2638 2057 2868 2263; x_wconf 95' lang='lat' dir='ltr'><strong>   </strong></span> 
     </span>
     <span class='ocr_line' id='line_1_75' title="bbox 2664 2263 2868 2481; baseline 0 -166"><span class='ocrx_word' id='word_1_463' title='bbox 2664 2263 2868 2481; x_wconf 95' lang='lat' dir='ltr'><strong>    </strong></span> 
     </span>
     <span class='ocr_line' id='line_1_76' title="bbox 2633 2481 2868 2689; baseline 0 -100"><span class='ocrx_word' id='word_1_464' title='bbox 2633 2481 2868 2689; x_wconf 95' lang='lat' dir='ltr'><strong>   </strong></span> 
     </span>
     <span class='ocr_line' id='line_1_77' title="bbox 2640 2689 2868 2902; baseline 0 -48"><span class='ocrx_word' id='word_1_465' title='bbox 2640 2689 2868 2902; x_wconf 95' lang='lat' dir='ltr'><strong>    </strong></span> 
     </span>
     <span class='ocr_line' id='line_1_78' title="bbox 2640 2902 2872 3970; baseline 0 -1065"><span class='ocrx_word' id='word_1_466' title='bbox 2640 2902 2872 3970; x_wconf 95' lang='lat' dir='ltr'><strong>     </strong></span> 
     </span>
    </p>
   </div>
   <div class='ocr_carea' id='block_1_24' title="bbox 1559 708 2740 1291">
    <p class='ocr_par' dir='ltr' id='par_1_29' title="bbox 1559 708 2747 1291">
     <span class='ocr_line' id='line_1_79' title="bbox 1562 708 2623 763; baseline 0.003 -17"><span class='ocrx_word' id='word_1_467' title='bbox 1562 708 1715 746; x_wconf 88' lang='lat' dir='ltr'><strong>videtur</strong></span> <span class='ocrx_word' id='word_1_468' title='bbox 1732 709 1840 758; x_wconf 91' lang='lat' dir='ltr'><strong>quod</strong></span> <span class='ocrx_word' id='word_1_469' title='bbox 1859 717 1981 747; x_wconf 84' lang='lat' dir='ltr'><strong>mater</strong></span> <span class='ocrx_word' id='word_1_470' title='bbox 1996 709 2135 747; x_wconf 88' lang='lat' dir='ltr'><strong>Christi</strong></span> <span class='ocrx_word' id='word_1_471' title='bbox 2152 722 2234 748; x_wconf 91' lang='lat' dir='ltr'><strong>non</strong></span> <span class='ocrx_word' id='word_1_472' title='bbox 2251 711 2504 760; x_wconf 78' lang='lat' dir='ltr'><strong>permanserit</strong></span> <span class='ocrx_word' id='word_1_473' title='bbox 2515 712 2623 763; x_wconf 73' lang='lat' dir='ltr'><strong>virgo</strong></span> 
     </span>
     <span class='ocr_line' id='line_1_80' title="bbox 1561 770 1841 811; baseline 0 -12"><span class='ocrx_word' id='word_1_474' title='bbox 1561 770 1648 811; x_wconf 93' lang='lat' dir='ltr'><strong>post</strong></span> <span class='ocrx_word' id='word_1_475' title='bbox 1675 770 1841 811; x_wconf 89' lang='lat' dir='ltr'><strong>partum.</strong></span> 
     </span>
     <span class='ocr_line' id='line_1_81' title="bbox 1617 815 2717 864; baseline 0.005 -12"><span class='ocrx_word' id='word_1_476' title='bbox 1617 815 1690 852; x_wconf 78' lang='lat' dir='ltr'><strong>SED</strong></span> <span class='ocrx_word' id='word_1_477' title='bbox 1729 827 1873 852; x_wconf 81' lang='lat' dir='ltr'>CONTRA</span> <span class='ocrx_word' id='word_1_478' title='bbox 1905 826 1971 852; x_wconf 82' lang='lat' dir='ltr'><strong>EST</strong></span> <span class='ocrx_word' id='word_1_479' title='bbox 2002 815 2111 864; x_wconf 90' lang='lat' dir='ltr'><strong>quod</strong></span> <span class='ocrx_word' id='word_1_480' title='bbox 2134 815 2281 853; x_wconf 18' lang='lat' dir='ltr'><strong>*dieitur</strong></span> <span class='ocrx_word' id='word_1_481' title='bbox 2316 817 2567 856; x_wconf 42' lang='lat' dir='ltr'><strong>Ezechsxuv</strong></span> <span class='ocrx_word' id='word_1_482' title='bbox 2583 818 2621 856; x_wconf 69' lang='grc' dir='ltr'><strong>*ι</strong></span> <span class='ocrx_word' id='word_1_483' title='bbox 2649 819 2661 831; x_wconf 81' lang='grc'><strong>”</strong></span> <span class='ocrx_word' id='word_1_484' title='bbox 2710 851 2717 858; x_wconf 89' lang='grc'><em>.</em></span> 
     </span>
     <span class='ocr_line' id='line_1_82' title="bbox 1560 868 2722 919; baseline 0.007 -15"><span class='ocrx_word' id='word_1_485' title='bbox 1560 869 1676 905; x_wconf 86' lang='lat' dir='ltr'><strong>Porta</strong></span> <span class='ocrx_word' id='word_1_486' title='bbox 1702 868 1795 905; x_wconf 86' lang='lat' dir='ltr'><strong>haec</strong></span> <span class='ocrx_word' id='word_1_487' title='bbox 1828 868 1955 905; x_wconf 89' lang='lat' dir='ltr'><strong>clausa</strong></span> <span class='ocrx_word' id='word_1_488' title='bbox 1983 870 2069 914; x_wconf 84' lang='lat' dir='ltr'><strong>erit,</strong></span> <span class='ocrx_word' id='word_1_489' title='bbox 2097 873 2131 906; x_wconf 89' lang='lat' dir='ltr'><strong>et</strong></span> <span class='ocrx_word' id='word_1_490' title='bbox 2158 881 2233 906; x_wconf 87' lang='lat' dir='ltr'><strong>non</strong></span> <span class='ocrx_word' id='word_1_491' title='bbox 2268 871 2472 919; x_wconf 86' lang='lat' dir='ltr'><strong>aperietur,</strong></span> <span class='ocrx_word' id='word_1_492' title='bbox 2500 877 2535 909; x_wconf 87' lang='lat' dir='ltr'><strong>et</strong></span> <span class='ocrx_word' id='word_1_493' title='bbox 2564 873 2624 910; x_wconf 75' lang='lat' dir='ltr'><strong>vir</strong></span> <span class='ocrx_word' id='word_1_494' title='bbox 2704 902 2722 919; x_wconf 64' lang='lat'><strong>,2</strong></span> 
     </span>
     <span class='ocr_line' id='line_1_83' title="bbox 1562 922 2701 973; baseline 0.005 -16"><span class='ocrx_word' id='word_1_495' title='bbox 1562 933 1636 958; x_wconf 85' lang='lat' dir='ltr'><strong>non</strong></span> <span class='ocrx_word' id='word_1_496' title='bbox 1672 922 1839 957; x_wconf 82' lang='lat' dir='ltr'><strong>transibit</strong></span> <span class='ocrx_word' id='word_1_497' title='bbox 1859 932 1933 970; x_wconf 89' lang='lat' dir='ltr'><strong>per</strong></span> <span class='ocrx_word' id='word_1_498' title='bbox 1959 932 2064 958; x_wconf 86' lang='lat' dir='ltr'><strong>eam:</strong></span> <span class='ocrx_word' id='word_1_499' title='bbox 2097 923 2274 970; x_wconf 87' lang='lat' dir='ltr'><strong>quoniam</strong></span> <span class='ocrx_word' id='word_1_500' title='bbox 2305 922 2490 961; x_wconf 83' lang='lat' dir='ltr'><strong>Dominus</strong></span> <span class='ocrx_word' id='word_1_501' title='bbox 2517 922 2624 963; x_wconf 68' lang='lat' dir='ltr'><strong>Deus</strong></span> <span class='ocrx_word' id='word_1_502' title='bbox 2659 967 2666 969; x_wconf 52' lang='grc'><strong>,</strong></span> <span class='ocrx_word' id='word_1_503' title='bbox 2687 929 2701 973; x_wconf 61' lang='lat' dir='ltr'><em>ss</em></span> 
     </span>
     <span class='ocr_line' id='line_1_84' title="bbox 1560 973 2626 1024; baseline 0.012 -15"><span class='ocrx_word' id='word_1_504' title='bbox 1560 973 1683 1010; x_wconf 89' lang='lat' dir='ltr'><strong>Israel</strong></span> <span class='ocrx_word' id='word_1_505' title='bbox 1699 975 1888 1023; x_wconf 88' lang='lat' dir='ltr'><strong>ingressus</strong></span> <span class='ocrx_word' id='word_1_506' title='bbox 1905 979 1956 1010; x_wconf 89' lang='lat' dir='ltr'><strong>est</strong></span> <span class='ocrx_word' id='word_1_507' title='bbox 1968 986 2042 1023; x_wconf 89' lang='lat' dir='ltr'><strong>per</strong></span> <span class='ocrx_word' id='word_1_508' title='bbox 2059 985 2155 1011; x_wconf 89' lang='lat' dir='ltr'><strong>eam.</strong></span> <span class='ocrx_word' id='word_1_509' title='bbox 2185 974 2304 1021; x_wconf 90' lang='lat' dir='ltr'><strong>Quod</strong></span> <span class='ocrx_word' id='word_1_510' title='bbox 2327 987 2527 1024; x_wconf 79' lang='lat' dir='ltr'><strong>exponens</strong></span> <span class='ocrx_word' id='word_1_511' title='bbox 2541 978 2626 1016; x_wconf 53' lang='lat' dir='ltr'><strong>Au*</strong></span> 
     </span>
     <span class='ocr_line' id='line_1_85' title="bbox 1560 1025 2664 1087; baseline 0.006 -25"><span class='ocrx_word' id='word_1_512' title='bbox 1560 1025 1745 1087; x_wconf 81' lang='lat' dir='ltr'><strong>gustinus,</strong></span> <span class='ocrx_word' id='word_1_513' title='bbox 1775 1025 1814 1062; x_wconf 92' lang='lat' dir='ltr'><strong>in</strong></span> <span class='ocrx_word' id='word_1_514' title='bbox 1842 1026 2025 1075; x_wconf 86' lang='lat' dir='ltr'><strong>quodam</strong></span> <span class='ocrx_word' id='word_1_515' title='bbox 2045 1026 2234 1064; x_wconf 90' lang='lat' dir='ltr'><strong>Sermone</strong></span> <span class='ocrx_word' id='word_1_516' title='bbox 2251 1026 2284 1075; x_wconf 65' lang='lat'><strong>¹²,</strong></span> <span class='ocrx_word' id='word_1_517' title='bbox 2312 1027 2430 1066; x_wconf 82' lang='lat' dir='ltr'><strong>dicit.</strong></span> <span class='ocrx_word' id='word_1_518' title='bbox 2453 1029 2563 1072; x_wconf 73' lang='lat' dir='ltr'><strong>Quid</strong></span> <span class='ocrx_word' id='word_1_519' title='bbox 2569 1034 2664 1076; x_wconf 58' lang='lat' dir='ltr'><strong>eds·</strong></span> 
     </span>
     <span class='ocr_line' id='line_1_86' title="bbox 1564 1079 2656 1131; baseline 0.006 -16"><span class='ocrx_word' id='word_1_520' title='bbox 1564 1085 1704 1128; x_wconf 78' lang='lat' dir='ltr'><strong>«porta</strong></span> <span class='ocrx_word' id='word_1_521' title='bbox 1723 1081 1760 1116; x_wconf 91' lang='lat' dir='ltr'><strong>in</strong></span> <span class='ocrx_word' id='word_1_522' title='bbox 1780 1079 1891 1116; x_wconf 84' lang='lat' dir='ltr'><strong>domo</strong></span> <span class='ocrx_word' id='word_1_523' title='bbox 1910 1079 2067 1116; x_wconf 86' lang='lat' dir='ltr'><strong>Domini</strong></span> <span class='ocrx_word' id='word_1_524' title='bbox 2095 1079 2223 1118; x_wconf 85' lang='lat' dir='ltr'><strong>clausa</strong></span> <span class='ocrx_word' id='word_1_525' title='bbox 2236 1094 2270 1126; x_wconf 71' lang='grc' dir='ltr'><strong>ι»,</strong></span> <span class='ocrx_word' id='word_1_526' title='bbox 2287 1082 2359 1118; x_wconf 87' lang='lat' dir='ltr'><strong>nisi</strong></span> <span class='ocrx_word' id='word_1_527' title='bbox 2373 1082 2475 1131; x_wconf 80' lang='lat' dir='ltr'><strong>quod</strong></span> <span class='ocrx_word' id='word_1_528' title='bbox 2484 1083 2656 1121; x_wconf 74' lang='lat' dir='ltr'><strong>Maria</strong></span> 
     </span>
     <span class='ocr_line' id='line_1_87' title="bbox 1559 1131 2730 1183; baseline 0.005 -15"><span class='ocrx_word' id='word_1_529' title='bbox 1559 1144 1705 1182; x_wconf 87' lang='lat' dir='ltr'><strong>semper</strong></span> <span class='ocrx_word' id='word_1_530' title='bbox 1723 1133 1791 1169; x_wconf 88' lang='lat' dir='ltr'><strong>erit</strong></span> <span class='ocrx_word' id='word_1_531' title='bbox 1809 1131 1974 1169; x_wconf 83' lang='lat' dir='ltr'><strong>intacta?</strong></span> <span class='ocrx_word' id='word_1_532' title='bbox 1990 1133 2039 1169; x_wconf 89' lang='lat' dir='ltr'><strong>Et</strong></span> <span class='ocrx_word' id='word_1_533' title='bbox 2053 1132 2142 1182; x_wconf 88' lang='lat' dir='ltr'><strong>quid</strong></span> <span class='ocrx_word' id='word_1_534' title='bbox 2157 1138 2219 1179; x_wconf 85' lang='lat' dir='ltr'><strong>est,</strong></span> <span class='ocrx_word' id='word_1_535' title='bbox 2243 1147 2262 1167; x_wconf 86' lang='lat'>«</span> <span class='ocrx_word' id='word_1_536' title='bbox 2278 1134 2391 1173; x_wconf 83' lang='lat' dir='ltr'><strong>homo</strong></span> <span class='ocrx_word' id='word_1_537' title='bbox 2410 1146 2487 1173; x_wconf 86' lang='lat' dir='ltr'><strong>non</strong></span> <span class='ocrx_word' id='word_1_538' title='bbox 2502 1139 2666 1183; x_wconf 57' lang='lat' dir='ltr'><strong>trmss-</strong></span> <span class='ocrx_word' id='word_1_539' title='bbox 2664 1134 2730 1183; x_wconf 30' lang='grc' dir='ltr'><strong><em>’Ἶρι-</em></strong></span> 
     </span>
     <span class='ocr_line' id='line_1_88' title="bbox 1561 1185 2740 1238; baseline 0.007 -17"><span class='ocrx_word' id='word_1_540' title='bbox 1561 1186 1624 1222; x_wconf 84' lang='lat' dir='ltr'><strong>ibit</strong></span> <span class='ocrx_word' id='word_1_541' title='bbox 1645 1197 1718 1234; x_wconf 87' lang='lat' dir='ltr'><strong>per</strong></span> <span class='ocrx_word' id='word_1_542' title='bbox 1745 1197 1828 1222; x_wconf 90' lang='lat' dir='ltr'><strong>eam</strong></span> <span class='ocrx_word' id='word_1_543' title='bbox 1851 1199 1891 1230; x_wconf 77' lang='lat'><strong>»,</strong></span> <span class='ocrx_word' id='word_1_544' title='bbox 1922 1186 1994 1222; x_wconf 88' lang='lat' dir='ltr'><strong>nisi</strong></span> <span class='ocrx_word' id='word_1_545' title='bbox 2019 1185 2119 1234; x_wconf 82' lang='lat' dir='ltr'><strong>quod</strong></span> <span class='ocrx_word' id='word_1_546' title='bbox 2142 1186 2276 1235; x_wconf 82' lang='lat' dir='ltr'><strong>Ioseph</strong></span> <span class='ocrx_word' id='word_1_547' title='bbox 2313 1198 2388 1225; x_wconf 90' lang='lat' dir='ltr'><strong>non</strong></span> <span class='ocrx_word' id='word_1_548' title='bbox 2424 1192 2625 1238; x_wconf 68' lang='lat' dir='ltr'><em>‹³03an</em></span> <span class='ocrx_word' id='word_1_549' title='bbox 2726 1223 2740 1236; x_wconf 74' lang='lat'><strong>‚,</strong></span> 
     </span>
     <span class='ocr_line' id='line_1_89' title="bbox 1561 1237 2719 1291; baseline 0.003 -16"><span class='ocrx_word' id='word_1_550' title='bbox 1561 1237 1675 1275; x_wconf 87' lang='lat' dir='ltr'><strong>eam?</strong></span> <span class='ocrx_word' id='word_1_551' title='bbox 1699 1239 1748 1275; x_wconf 91' lang='lat' dir='ltr'><strong>Et</strong></span> <span class='ocrx_word' id='word_1_552' title='bbox 1767 1237 1856 1287; x_wconf 85' lang='lat' dir='ltr'><strong>quid</strong></span> <span class='ocrx_word' id='word_1_553' title='bbox 1872 1243 1934 1284; x_wconf 88' lang='lat' dir='ltr'><strong>est,</strong></span> <span class='ocrx_word' id='word_1_554' title='bbox 1966 1253 1985 1272; x_wconf 80' lang='lat'>«</span> <span class='ocrx_word' id='word_1_555' title='bbox 2006 1238 2191 1276; x_wconf 89' lang='lat' dir='ltr'><strong>Dominus</strong></span> <span class='ocrx_word' id='word_1_556' title='bbox 2206 1238 2307 1276; x_wconf 86' lang='lat' dir='ltr'><strong>solus</strong></span> <span class='ocrx_word' id='word_1_557' title='bbox 2334 1241 2446 1278; x_wconf 79' lang='lat' dir='ltr'><strong>intrat</strong></span> <span class='ocrx_word' id='word_1_558' title='bbox 2459 1246 2498 1278; x_wconf 72' lang='lat' dir='ltr'><strong>et</strong></span> <span class='ocrx_word' id='word_1_559' title='bbox 2514 1247 2622 1291; x_wconf 65' lang='lat' dir='ltr'><strong>egre-</strong></span> <span class='ocrx_word' id='word_1_560' title='bbox 2711 1253 2719 1264; x_wconf 64' lang='lat'><strong>&lt;</strong></span> 
     </span>
    </p>
   </div>
   <div class='ocr_carea' id='block_1_25' title="bbox 1555 1291 2727 1458">
    <p class='ocr_par' dir='ltr' id='par_1_30' title="bbox 1555 1278 2735 1447">
     <span class='ocr_line' id='line_1_90' title="bbox 1561 1291 2628 1341; baseline 0.002 -13"><span class='ocrx_word' id='word_1_561' title='bbox 1561 1291 1658 1328; x_wconf 86' lang='lat' dir='ltr'><strong>ditur</strong></span> <span class='ocrx_word' id='word_1_562' title='bbox 1678 1303 1752 1341; x_wconf 89' lang='lat' dir='ltr'><strong>per</strong></span> <span class='ocrx_word' id='word_1_563' title='bbox 1779 1303 1862 1328; x_wconf 89' lang='lat' dir='ltr'><strong>eam</strong></span> <span class='ocrx_word' id='word_1_564' title='bbox 1885 1306 1904 1324; x_wconf 86' lang='lat'><strong>»</strong></span> <span class='ocrx_word' id='word_1_565' title='bbox 1916 1319 1927 1338; x_wconf 94' lang='lat'><strong>,</strong></span> <span class='ocrx_word' id='word_1_566' title='bbox 1957 1292 2028 1328; x_wconf 85' lang='lat' dir='ltr'><strong>nisi</strong></span> <span class='ocrx_word' id='word_1_567' title='bbox 2054 1291 2154 1340; x_wconf 82' lang='lat' dir='ltr'><strong>quod</strong></span> <span class='ocrx_word' id='word_1_568' title='bbox 2177 1293 2334 1341; x_wconf 84' lang='lat' dir='ltr'><strong>Spiritus</strong></span> <span class='ocrx_word' id='word_1_569' title='bbox 2369 1293 2526 1332; x_wconf 58' lang='lat' dir='ltr'><strong>Sanctus</strong></span> <span class='ocrx_word' id='word_1_570' title='bbox 2551 1295 2628 1333; x_wconf 63' lang='lat' dir='ltr'><strong>imi</strong></span> 
     </span>
     <span class='ocr_line' id='line_1_91' title="bbox 1555 1396 2727 1458; baseline 0.003 -24"><span class='ocrx_word' id='word_1_571' title='bbox 1555 1409 1632 1458; x_wconf 82' lang='lat' dir='ltr'><strong>per5</strong></span> <span class='ocrx_word' id='word_1_572' title='bbox 1645 1396 1761 1434; x_wconf 80' lang='lat' dir='ltr'><strong>eam?</strong></span> <span class='ocrx_word' id='word_1_573' title='bbox 1782 1398 1830 1434; x_wconf 91' lang='lat' dir='ltr'><strong>Et</strong></span> <span class='ocrx_word' id='word_1_574' title='bbox 1849 1397 1938 1446; x_wconf 84' lang='lat' dir='ltr'><strong>quid</strong></span> <span class='ocrx_word' id='word_1_575' title='bbox 1953 1402 2015 1443; x_wconf 88' lang='lat' dir='ltr'><strong>est,</strong></span> <span class='ocrx_word' id='word_1_576' title='bbox 2041 1410 2060 1431; x_wconf 82' lang='lat'><strong>«</strong></span> <span class='ocrx_word' id='word_1_577' title='bbox 2082 1397 2210 1435; x_wconf 86' lang='lat' dir='ltr'><strong>clausa</strong></span> <span class='ocrx_word' id='word_1_578' title='bbox 2227 1399 2296 1435; x_wconf 84' lang='lat' dir='ltr'><strong>erit</strong></span> <span class='ocrx_word' id='word_1_579' title='bbox 2310 1399 2351 1436; x_wconf 82' lang='lat' dir='ltr'><strong>in</strong></span> <span class='ocrx_word' id='word_1_580' title='bbox 2371 1403 2577 1437; x_wconf 54' lang='lat' dir='ltr'><strong>manum</strong></span> <span class='ocrx_word' id='word_1_581' title='bbox 2579 1407 2623 1448; x_wconf 53' lang='grc' dir='ltr'><strong>εἰς</strong></span> <span class='ocrx_word' id='word_1_582' title='bbox 2674 1413 2727 1429; x_wconf 49' lang='lat'><em>2</em></span> 
     </span>
    </p>
   </div>
   <div class='ocr_carea' id='block_1_26' title="bbox 1557 1503 2745 3408">
    <p class='ocr_par' dir='ltr' id='par_1_31' title="bbox 1557 1503 2755 3408">
     <span class='ocr_line' id='line_1_92' title="bbox 1560 1503 2627 1555; baseline 0.003 -16"><span class='ocrx_word' id='word_1_583' title='bbox 1560 1505 1598 1540; x_wconf 90' lang='lat' dir='ltr'><strong>in</strong></span> <span class='ocrx_word' id='word_1_584' title='bbox 1621 1509 1748 1552; x_wconf 85' lang='lat' dir='ltr'><strong>partu,</strong></span> <span class='ocrx_word' id='word_1_585' title='bbox 1778 1507 1810 1539; x_wconf 91' lang='lat' dir='ltr'><strong>et</strong></span> <span class='ocrx_word' id='word_1_586' title='bbox 1836 1503 1946 1552; x_wconf 80' lang='lat' dir='ltr'><strong>virgo</strong></span> <span class='ocrx_word' id='word_1_587' title='bbox 1968 1508 2054 1552; x_wconf 90' lang='lat' dir='ltr'><strong>post</strong></span> <span class='ocrx_word' id='word_1_588' title='bbox 2074 1503 2261 1552; x_wconf 83' lang='lat' dir='ltr'><strong>partum?</strong></span> <span class='ocrx_word' id='word_1_589' title='bbox 2490 1535 2495 1540; x_wconf 86' lang='lat'><em>.</em></span> <span class='ocrx_word' id='word_1_590' title='bbox 2534 1521 2627 1555; x_wconf 46' lang='lat' dir='ltr'><strong>itm„</strong></span> 
     </span>
     <span class='ocr_line' id='line_1_93' title="bbox 1612 1555 2627 1616; baseline 0.006 -24"><span class='ocrx_word' id='word_1_591' title='bbox 1612 1557 1836 1593; x_wconf 68' lang='lat' dir='ltr'><strong>REspommo</strong></span> <span class='ocrx_word' id='word_1_592' title='bbox 1864 1567 2047 1593; x_wconf 66' lang='lat' dir='ltr'><strong>memnon</strong></span> <span class='ocrx_word' id='word_1_593' title='bbox 2065 1556 2174 1605; x_wconf 91' lang='lat' dir='ltr'><strong>quod</strong></span> <span class='ocrx_word' id='word_1_594' title='bbox 2198 1555 2346 1616; x_wconf 81' lang='lat' dir='ltr'><strong>absque</strong></span> <span class='ocrx_word' id='word_1_595' title='bbox 2369 1556 2483 1595; x_wconf 87' lang='lat' dir='ltr'><strong>omni</strong></span> <span class='ocrx_word' id='word_1_596' title='bbox 2491 1557 2627 1606; x_wconf 68' lang='grc' dir='ltr'><strong><em>ὼὼὶιει</em></strong></span> 
     </span>
     <span class='ocr_line' id='line_1_94' title="bbox 1559 1608 2738 1675; baseline 0.004 -30"><span class='ocrx_word' id='word_1_597' title='bbox 1559 1609 1805 1646; x_wconf 89' lang='lat' dir='ltr'><strong>detestandus</strong></span> <span class='ocrx_word' id='word_1_598' title='bbox 1833 1616 1888 1646; x_wconf 87' lang='lat' dir='ltr'><strong>est</strong></span> <span class='ocrx_word' id='word_1_599' title='bbox 1915 1620 2022 1645; x_wconf 90' lang='lat' dir='ltr'><strong>error</strong></span> <span class='ocrx_word' id='word_1_600' title='bbox 2049 1608 2234 1656; x_wconf 88' lang='lat' dir='ltr'><strong>Helvidii,</strong></span> <span class='ocrx_word' id='word_1_601' title='bbox 2263 1609 2331 1659; x_wconf 89' lang='lat' dir='ltr'><strong>qui</strong></span> <span class='ocrx_word' id='word_1_602' title='bbox 2358 1609 2484 1648; x_wconf 87' lang='lat' dir='ltr'><strong>dicere</strong></span> <span class='ocrx_word' id='word_1_603' title='bbox 2510 1614 2676 1663; x_wconf 59' lang='lat' dir='ltr'><strong>prus</strong></span> <span class='ocrx_word' id='word_1_604' title='bbox 2711 1622 2738 1675; x_wconf 46' lang='grc' dir='ltr'><strong>ἐξ</strong></span> 
     </span>
     <span class='ocr_line' id='line_1_95' title="bbox 1560 1661 2626 1714; baseline 0.005 -16"><span class='ocrx_word' id='word_1_605' title='bbox 1560 1661 1723 1711; x_wconf 90' lang='lat' dir='ltr'><strong>sumpsit</strong></span> <span class='ocrx_word' id='word_1_606' title='bbox 1754 1669 1918 1698; x_wconf 88' lang='lat' dir='ltr'><strong>matrem</strong></span> <span class='ocrx_word' id='word_1_607' title='bbox 1953 1661 2091 1699; x_wconf 90' lang='lat' dir='ltr'><strong>Christi</strong></span> <span class='ocrx_word' id='word_1_608' title='bbox 2119 1674 2143 1700; x_wconf 85' lang='lat' dir='ltr'><strong>a</strong></span> <span class='ocrx_word' id='word_1_609' title='bbox 2169 1663 2309 1712; x_wconf 89' lang='lat' dir='ltr'><strong>Ioseph</strong></span> <span class='ocrx_word' id='word_1_610' title='bbox 2344 1670 2434 1712; x_wconf 79' lang='lat' dir='ltr'><strong>post</strong></span> <span class='ocrx_word' id='word_1_611' title='bbox 2466 1668 2626 1714; x_wconf 71' lang='lat' dir='ltr'><strong>pamm</strong></span> 
     </span>
     <span class='ocr_line' id='line_1_96' title="bbox 1559 1713 2736 1780; baseline 0.004 -29"><span class='ocrx_word' id='word_1_612' title='bbox 1559 1726 1641 1751; x_wconf 91' lang='lat' dir='ltr'><strong>esse</strong></span> <span class='ocrx_word' id='word_1_613' title='bbox 1668 1713 1866 1751; x_wconf 83' lang='lat' dir='ltr'><strong>carnaliter</strong></span> <span class='ocrx_word' id='word_1_614' title='bbox 1884 1714 2087 1762; x_wconf 84' lang='lat' dir='ltr'><strong>cognitam,</strong></span> <span class='ocrx_word' id='word_1_615' title='bbox 2108 1723 2145 1752; x_wconf 92' lang='lat' dir='ltr'><strong>et</strong></span> <span class='ocrx_word' id='word_1_616' title='bbox 2163 1714 2257 1753; x_wconf 81' lang='lat' dir='ltr'><strong>alios</strong></span> <span class='ocrx_word' id='word_1_617' title='bbox 2274 1715 2376 1753; x_wconf 83' lang='lat' dir='ltr'><strong>filios</strong></span> <span class='ocrx_word' id='word_1_618' title='bbox 2393 1715 2574 1764; x_wconf 60' lang='lat' dir='ltr'><strong>genuiwe&#39;</strong></span> <span class='ocrx_word' id='word_1_619' title='bbox 2583 1716 2657 1758; x_wconf 54' lang='grc' dir='ltr'><strong>ἤι’</strong></span> <span class='ocrx_word' id='word_1_620' title='bbox 2685 1727 2716 1780; x_wconf 92' lang='lat'>5</span> <span class='ocrx_word' id='word_1_621' title='bbox 2710 1715 2736 1750; x_wconf 44' lang='grc' dir='ltr'><strong>*θ’</strong></span> 
     </span>
     <span class='ocr_line' id='line_1_97' title="bbox 1559 1766 2678 1826; baseline 0.005 -22"><span class='ocrx_word' id='word_1_622' title='bbox 1559 1768 1645 1805; x_wconf 93' lang='lat' dir='ltr'><strong>Hoc</strong></span> <span class='ocrx_word' id='word_1_623' title='bbox 1680 1766 1804 1826; x_wconf 78' lang='lat' dir='ltr'><strong>enim,</strong></span> <span class='ocrx_word' id='word_1_624' title='bbox 1833 1766 1982 1816; x_wconf 87' lang='lat' dir='ltr'><strong>primo,</strong></span> <span class='ocrx_word' id='word_1_625' title='bbox 2012 1768 2169 1816; x_wconf 82' lang='lat' dir='ltr'><strong>derogat</strong></span> <span class='ocrx_word' id='word_1_626' title='bbox 2204 1767 2343 1806; x_wconf 85' lang='lat' dir='ltr'><strong>Christi</strong></span> <span class='ocrx_word' id='word_1_627' title='bbox 2380 1767 2678 1824; x_wconf 66' lang='lat' dir='ltr'><strong>perfectioni:</strong></span> 
     </span>
     <span class='ocr_line' id='line_1_98' title="bbox 1559 1799 2735 1883; baseline 0.006 -27"><span class='ocrx_word' id='word_1_628' title='bbox 1559 1819 1637 1869; x_wconf 82' lang='lat' dir='ltr'><strong>qui,</strong></span> <span class='ocrx_word' id='word_1_629' title='bbox 1666 1819 1763 1857; x_wconf 91' lang='lat' dir='ltr'><strong>sicut</strong></span> <span class='ocrx_word' id='word_1_630' title='bbox 1789 1820 2006 1857; x_wconf 91' lang='lat' dir='ltr'><strong>secundum</strong></span> <span class='ocrx_word' id='word_1_631' title='bbox 2033 1820 2206 1860; x_wconf 85' lang='lat' dir='ltr'><strong>divinam</strong></span> <span class='ocrx_word' id='word_1_632' title='bbox 2233 1829 2412 1859; x_wconf 81' lang='lat' dir='ltr'><strong>naturam</strong></span> <span class='ocrx_word' id='word_1_633' title='bbox 2435 1823 2625 1883; x_wconf 63' lang='lat' dir='ltr'><strong>Uagam</strong></span> <span class='ocrx_word' id='word_1_634' title='bbox 2670 1841 2673 1845; x_wconf 66' lang='lat'><strong><em>¹</em></strong></span> <span class='ocrx_word' id='word_1_635' title='bbox 2646 1799 2735 1866; x_wconf 61' lang='lat'><strong>³²1</strong></span> 
     </span>
     <span class='ocr_line' id='line_1_99' title="bbox 1558 1872 2710 1923; baseline 0.003 -13"><span class='ocrx_word' id='word_1_636' title='bbox 1558 1880 1614 1910; x_wconf 90' lang='lat' dir='ltr'><strong>tus</strong></span> <span class='ocrx_word' id='word_1_637' title='bbox 1641 1880 1696 1909; x_wconf 91' lang='lat' dir='ltr'><strong>est</strong></span> <span class='ocrx_word' id='word_1_638' title='bbox 1719 1874 1841 1910; x_wconf 85' lang='lat' dir='ltr'><strong>Patris</strong></span> <span class='ocrx_word' id='word_1_639' title='bbox 1857 1872 1878 1894; x_wconf 77' lang='lat'><strong>&#39;¹‘</strong></span> <span class='ocrx_word' id='word_1_640' title='bbox 1879 1880 2093 1922; x_wconf 87' lang='lat' dir='ltr'><strong>‚tanquam</strong></span> <span class='ocrx_word' id='word_1_641' title='bbox 2107 1875 2294 1923; x_wconf 88' lang='lat' dir='ltr'><strong>perfectus</strong></span> <span class='ocrx_word' id='word_1_642' title='bbox 2311 1887 2382 1923; x_wconf 90' lang='lat' dir='ltr'><strong>per</strong></span> <span class='ocrx_word' id='word_1_643' title='bbox 2408 1874 2541 1914; x_wconf 76' lang='lat' dir='ltr'><strong>omnia</strong></span> <span class='ocrx_word' id='word_1_644' title='bbox 2557 1877 2658 1914; x_wconf 83' lang='lat' dir='ltr'><strong>Fi-</strong></span> <span class='ocrx_word' id='word_1_645' title='bbox 2708 1872 2710 1874; x_wconf 62' lang='grc'><strong>’</strong></span> 
     </span>
     <span class='ocr_line' id='line_1_100' title="bbox 1558 1924 2674 2006; baseline 0.002 -43"><span class='ocrx_word' id='word_1_646' title='bbox 1558 1927 1627 1963; x_wconf 87' lang='lat' dir='ltr'><strong>lius</strong></span> <span class='ocrx_word' id='word_1_647' title='bbox 1659 1924 1740 1962; x_wconf 92' lang='lat' dir='ltr'><strong>eius</strong></span> <span class='ocrx_word' id='word_1_648' title='bbox 1758 1924 1794 1968; x_wconf 85' lang='lat'><strong>*,</strong></span> <span class='ocrx_word' id='word_1_649' title='bbox 1823 1924 1874 1962; x_wconf 87' lang='lat' dir='ltr'><strong>ita</strong></span> <span class='ocrx_word' id='word_1_650' title='bbox 1901 1925 2016 1962; x_wconf 89' lang='lat' dir='ltr'><strong>etiam</strong></span> <span class='ocrx_word' id='word_1_651' title='bbox 2044 1925 2171 1963; x_wconf 91' lang='lat' dir='ltr'><strong>decuit</strong></span> <span class='ocrx_word' id='word_1_652' title='bbox 2198 1934 2240 1963; x_wconf 91' lang='lat' dir='ltr'><strong>ut</strong></span> <span class='ocrx_word' id='word_1_653' title='bbox 2271 1935 2369 1964; x_wconf 91' lang='lat' dir='ltr'><strong>esset</strong></span> <span class='ocrx_word' id='word_1_654' title='bbox 2403 1927 2674 2006; x_wconf 50' lang='lat' dir='ltr'><strong>unigenitusg·</strong></span> 
     </span>
     <span class='ocr_line' id='line_1_101' title="bbox 1559 1977 2585 2038; baseline 0.003 -22"><span class='ocrx_word' id='word_1_655' title='bbox 1559 1977 1700 2021; x_wconf 90' lang='lat' dir='ltr'><strong>matris</strong></span> <span class='ocrx_word' id='word_1_656' title='bbox 1720 1985 1906 2027; x_wconf 87' lang='lat' dir='ltr'><strong>tanquam</strong></span> <span class='ocrx_word' id='word_1_657' title='bbox 1933 1978 2251 2038; x_wconf 72' lang='lat' dir='ltr'><strong>perfectissimum</strong></span> <span class='ocrx_word' id='word_1_658' title='bbox 2276 1991 2435 2028; x_wconf 87' lang='lat' dir='ltr'><strong>germen</strong></span> <span class='ocrx_word' id='word_1_659' title='bbox 2463 1978 2585 2020; x_wconf 70' lang='lat' dir='ltr'><strong>eius.</strong></span> 
     </span>
     <span class='ocr_line' id='line_1_102' title="bbox 1613 2023 2621 2093; baseline 0.005 -25"><span class='ocrx_word' id='word_1_660' title='bbox 1613 2023 1805 2078; x_wconf 85' lang='lat' dir='ltr'><strong>Secundo,</strong></span> <span class='ocrx_word' id='word_1_661' title='bbox 1826 2030 1888 2068; x_wconf 91' lang='lat' dir='ltr'><strong>hic</strong></span> <span class='ocrx_word' id='word_1_662' title='bbox 1907 2042 2015 2068; x_wconf 86' lang='lat' dir='ltr'><strong>error</strong></span> <span class='ocrx_word' id='word_1_663' title='bbox 2032 2031 2211 2069; x_wconf 89' lang='lat' dir='ltr'><strong>iniuriam</strong></span> <span class='ocrx_word' id='word_1_664' title='bbox 2238 2031 2325 2070; x_wconf 82' lang='lat' dir='ltr'><strong>facit</strong></span> <span class='ocrx_word' id='word_1_665' title='bbox 2349 2032 2513 2093; x_wconf 72' lang='lat' dir='ltr'><strong>Spiritui</strong></span> <span class='ocrx_word' id='word_1_666' title='bbox 2515 2034 2621 2083; x_wconf 84' lang='lat' dir='ltr'><strong>San·</strong></span> 
     </span>
     <span class='ocr_line' id='line_1_103' title="bbox 1558 2083 2659 2138; baseline 0.005 -18"><span class='ocrx_word' id='word_1_667' title='bbox 1558 2092 1631 2127; x_wconf 90' lang='lat' dir='ltr'><strong>cto,</strong></span> <span class='ocrx_word' id='word_1_668' title='bbox 1648 2083 1757 2121; x_wconf 91' lang='lat' dir='ltr'><strong>cuius</strong></span> <span class='ocrx_word' id='word_1_669' title='bbox 1775 2084 2015 2121; x_wconf 83' lang='lat' dir='ltr'><strong>sacrarium*</strong></span> <span class='ocrx_word' id='word_1_670' title='bbox 2028 2084 2098 2122; x_wconf 86' lang='lat' dir='ltr'><strong>fuit</strong></span> <span class='ocrx_word' id='word_1_671' title='bbox 2118 2092 2250 2122; x_wconf 91' lang='lat' dir='ltr'><strong>uterus</strong></span> <span class='ocrx_word' id='word_1_672' title='bbox 2263 2084 2490 2134; x_wconf 56' lang='lat' dir='ltr'><strong>virginaliss</strong></span> <span class='ocrx_word' id='word_1_673' title='bbox 2480 2098 2522 2124; x_wconf 76' lang='grc' dir='ltr'><strong>ιιι</strong></span> <span class='ocrx_word' id='word_1_674' title='bbox 2539 2094 2659 2138; x_wconf 79' lang='lat' dir='ltr'><strong>quo·</strong></span> 
     </span>
     <span class='ocr_line' id='line_1_104' title="bbox 1558 2135 2745 2181; baseline 0.006 -7"><span class='ocrx_word' id='word_1_675' title='bbox 1558 2149 1715 2174; x_wconf 90' lang='lat' dir='ltr'><strong>carnem</strong></span> <span class='ocrx_word' id='word_1_676' title='bbox 1744 2135 1883 2173; x_wconf 91' lang='lat' dir='ltr'><strong>Christi</strong></span> <span class='ocrx_word' id='word_1_677' title='bbox 1910 2137 2106 2174; x_wconf 86' lang='lat' dir='ltr'><strong>formavit:</strong></span> <span class='ocrx_word' id='word_1_678' title='bbox 2145 2138 2249 2175; x_wconf 90' lang='lat' dir='ltr'><strong>unde</strong></span> <span class='ocrx_word' id='word_1_679' title='bbox 2277 2150 2359 2175; x_wconf 90' lang='lat' dir='ltr'><strong>non</strong></span> <span class='ocrx_word' id='word_1_680' title='bbox 2392 2138 2555 2177; x_wconf 59' lang='lat' dir='ltr'><strong>decebat</strong></span> <span class='ocrx_word' id='word_1_681' title='bbox 2576 2144 2660 2178; x_wconf 59' lang='grc' dir='ltr'><strong><em>ιιι*</em></strong></span> <span class='ocrx_word' id='word_1_682' title='bbox 2743 2179 2745 2181; x_wconf 85' lang='grc'><em>,</em></span> 
     </span>
     <span class='ocr_line' id='line_1_105' title="bbox 1558 2144 2739 2241; baseline 0.002 -15"><span class='ocrx_word' id='word_1_683' title='bbox 1558 2190 1606 2227; x_wconf 90' lang='lat' dir='ltr'><strong>de</strong></span> <span class='ocrx_word' id='word_1_684' title='bbox 1635 2197 1760 2227; x_wconf 89' lang='lat' dir='ltr'><strong>cetero</strong></span> <span class='ocrx_word' id='word_1_685' title='bbox 1788 2189 1997 2226; x_wconf 82' lang='lat' dir='ltr'><strong>violaretur</strong></span> <span class='ocrx_word' id='word_1_686' title='bbox 2023 2202 2093 2239; x_wconf 92' lang='lat' dir='ltr'><strong>per</strong></span> <span class='ocrx_word' id='word_1_687' title='bbox 2114 2190 2431 2228; x_wconf 88' lang='lat' dir='ltr'><strong>commixtionem</strong></span> <span class='ocrx_word' id='word_1_688' title='bbox 2457 2191 2619 2231; x_wconf 86' lang='lat' dir='ltr'><strong>virilem.</strong></span> <span class='ocrx_word' id='word_1_689' title='bbox 2677 2144 2739 2241; x_wconf 20' lang='grc' dir='ltr'><strong>ἦ.</strong></span> 
     </span>
     <span class='ocr_line' id='line_1_106' title="bbox 1610 2241 2731 2302; baseline 0.005 -24"><span class='ocrx_word' id='word_1_690' title='bbox 1610 2241 1754 2286; x_wconf 88' lang='lat' dir='ltr'><strong>Tertio,</strong></span> <span class='ocrx_word' id='word_1_691' title='bbox 1779 2243 1855 2279; x_wconf 93' lang='lat' dir='ltr'><strong>hoc</strong></span> <span class='ocrx_word' id='word_1_692' title='bbox 1873 2242 2038 2302; x_wconf 88' lang='lat' dir='ltr'><strong>derogat</strong></span> <span class='ocrx_word' id='word_1_693' title='bbox 2066 2242 2235 2291; x_wconf 88' lang='lat' dir='ltr'><strong>dignitati</strong></span> <span class='ocrx_word' id='word_1_694' title='bbox 2263 2251 2300 2281; x_wconf 89' lang='lat' dir='ltr'><strong>et</strong></span> <span class='ocrx_word' id='word_1_695' title='bbox 2327 2244 2517 2282; x_wconf 79' lang='lat' dir='ltr'><strong>sanctitati</strong></span> <span class='ocrx_word' id='word_1_696' title='bbox 2536 2246 2621 2284; x_wconf 80' lang='lat' dir='ltr'><strong>Ma·</strong></span> <span class='ocrx_word' id='word_1_697' title='bbox 2688 2241 2731 2279; x_wconf 63' lang='lat'><strong>³?</strong></span> 
     </span>
     <span class='ocr_line' id='line_1_107' title="bbox 1557 2295 2706 2356; baseline 0.004 -24"><span class='ocrx_word' id='word_1_698' title='bbox 1557 2295 1622 2332; x_wconf 92' lang='lat' dir='ltr'><strong>tris</strong></span> <span class='ocrx_word' id='word_1_699' title='bbox 1641 2295 1730 2332; x_wconf 88' lang='lat' dir='ltr'><strong>Dei:</strong></span> <span class='ocrx_word' id='word_1_700' title='bbox 1752 2307 1852 2345; x_wconf 89' lang='lat' dir='ltr'><strong>quae</strong></span> <span class='ocrx_word' id='word_1_701' title='bbox 1872 2295 2123 2356; x_wconf 78' lang='lat' dir='ltr'><strong>ingratissima</strong></span> <span class='ocrx_word' id='word_1_702' title='bbox 2136 2296 2330 2351; x_wconf 80' lang='lat' dir='ltr'><strong>videretur</strong></span> <span class='ocrx_word' id='word_1_703' title='bbox 2347 2297 2379 2335; x_wconf 90' lang='lat' dir='ltr'><strong>si</strong></span> <span class='ocrx_word' id='word_1_704' title='bbox 2397 2305 2514 2336; x_wconf 82' lang='lat' dir='ltr'><strong>tanto</strong></span> <span class='ocrx_word' id='word_1_705' title='bbox 2520 2297 2592 2341; x_wconf 82' lang='lat' dir='ltr'><strong>-F&#39;&#39;</strong></span> <span class='ocrx_word' id='word_1_706' title='bbox 2620 2342 2638 2355; x_wconf 81' lang='lat'><strong>..</strong></span> <span class='ocrx_word' id='word_1_707' title='bbox 2701 2309 2706 2310; x_wconf 51' lang='lat'><em>⁷</em></span> 
     </span>
     <span class='ocr_line' id='line_1_108' title="bbox 1558 2344 2591 2410; baseline 0.005 -25"><span class='ocrx_word' id='word_1_708' title='bbox 1558 2356 1736 2386; x_wconf 89' lang='lat' dir='ltr'><strong>contenta</strong></span> <span class='ocrx_word' id='word_1_709' title='bbox 1763 2360 1844 2385; x_wconf 91' lang='lat' dir='ltr'><strong>non</strong></span> <span class='ocrx_word' id='word_1_710' title='bbox 1879 2356 1994 2395; x_wconf 81' lang='lat' dir='ltr'><strong>esset3</strong></span> <span class='ocrx_word' id='word_1_711' title='bbox 2023 2357 2060 2386; x_wconf 90' lang='lat' dir='ltr'><strong>et</strong></span> <span class='ocrx_word' id='word_1_712' title='bbox 2087 2349 2119 2387; x_wconf 90' lang='lat' dir='ltr'><strong>si</strong></span> <span class='ocrx_word' id='word_1_713' title='bbox 2145 2344 2426 2398; x_wconf 80' lang='lat' dir='ltr'><strong>virginitatem,</strong></span> <span class='ocrx_word' id='word_1_714' title='bbox 2445 2350 2591 2410; x_wconf 49' lang='lat' dir='ltr'><strong>quaes:</strong></span> 
     </span>
     <span class='ocr_line' id='line_1_109' title="bbox 1559 2401 2607 2453; baseline 0.004 -15"><span class='ocrx_word' id='word_1_715' title='bbox 1559 2414 1604 2439; x_wconf 87' lang='lat' dir='ltr'><strong>ea</strong></span> <span class='ocrx_word' id='word_1_716' title='bbox 1631 2401 1860 2438; x_wconf 89' lang='lat' dir='ltr'><strong>miraculose</strong></span> <span class='ocrx_word' id='word_1_717' title='bbox 1889 2409 2113 2439; x_wconf 85' lang='lat' dir='ltr'><strong>conservata</strong></span> <span class='ocrx_word' id='word_1_718' title='bbox 2139 2403 2277 2451; x_wconf 79' lang='lat' dir='ltr'><strong>fuerat,</strong></span> <span class='ocrx_word' id='word_1_719' title='bbox 2296 2410 2432 2453; x_wconf 86' lang='lat' dir='ltr'><strong>sponte</strong></span> <span class='ocrx_word' id='word_1_720' title='bbox 2606 2407 2607 2410; x_wconf 76' lang='grc'>’</span> 
     </span>
     <span class='ocr_line' id='line_1_110' title="bbox 1558 2454 2207 2503; baseline 0.003 -12"><span class='ocrx_word' id='word_1_721' title='bbox 1558 2455 1671 2491; x_wconf 90' lang='lat' dir='ltr'><strong>vellet</strong></span> <span class='ocrx_word' id='word_1_722' title='bbox 1697 2467 1767 2503; x_wconf 91' lang='lat' dir='ltr'><strong>per</strong></span> <span class='ocrx_word' id='word_1_723' title='bbox 1794 2454 1917 2492; x_wconf 87' lang='lat' dir='ltr'><strong>carnis</strong></span> <span class='ocrx_word' id='word_1_724' title='bbox 1945 2455 2551 2493; x_wconf 89' lang='lat' dir='ltr'><strong>concubitum.</strong></span> 
     </span>
     <span class='ocr_line' id='line_1_111' title="bbox 1613 2502 2737 2562; baseline 0.006 -19"><span class='ocrx_word' id='word_1_725' title='bbox 1613 2508 1772 2555; x_wconf 86' lang='lat' dir='ltr'><strong>Quarto,</strong></span> <span class='ocrx_word' id='word_1_726' title='bbox 1794 2507 1908 2545; x_wconf 89' lang='lat' dir='ltr'><strong>etiam</strong></span> <span class='ocrx_word' id='word_1_727' title='bbox 1936 2507 2007 2557; x_wconf 87' lang='lat' dir='ltr'><strong>ipsi</strong></span> <span class='ocrx_word' id='word_1_728' title='bbox 2035 2509 2174 2558; x_wconf 88' lang='lat' dir='ltr'><strong>Ioseph</strong></span> <span class='ocrx_word' id='word_1_729' title='bbox 2201 2517 2299 2552; x_wconf 87' lang='lat' dir='ltr'><strong>esset</strong></span> <span class='ocrx_word' id='word_1_730' title='bbox 2325 2509 2376 2548; x_wconf 92' lang='lat' dir='ltr'><strong>ad</strong></span> <span class='ocrx_word' id='word_1_731' title='bbox 2409 2502 2620 2562; x_wconf 59' lang='lat' dir='ltr'><strong>maxim</strong></span> <span class='ocrx_word' id='word_1_732' title='bbox 2721 2539 2737 2544; x_wconf 58' lang='lat'>„</span> 
     </span>
     <span class='ocr_line' id='line_1_112' title="bbox 1559 2560 2737 2618; baseline 0.004 -21"><span class='ocrx_word' id='word_1_733' title='bbox 1559 2560 1916 2610; x_wconf 90' lang='lat' dir='ltr'><strong>praesumptionem</strong></span> <span class='ocrx_word' id='word_1_734' title='bbox 1943 2560 2229 2611; x_wconf 88' lang='lat' dir='ltr'><strong>imputandum,</strong></span> <span class='ocrx_word' id='word_1_735' title='bbox 2249 2561 2280 2600; x_wconf 92' lang='lat' dir='ltr'><strong>si</strong></span> <span class='ocrx_word' id='word_1_736' title='bbox 2299 2571 2387 2600; x_wconf 83' lang='lat' dir='ltr'><strong>eam</strong></span> <span class='ocrx_word' id='word_1_737' title='bbox 2415 2574 2554 2613; x_wconf 78' lang='lat' dir='ltr'><strong>quam,</strong></span> <span class='ocrx_word' id='word_1_738' title='bbox 2563 2574 2631 2618; x_wconf 58' lang='grc' dir='ltr'><strong>ῃ-</strong></span> <span class='ocrx_word' id='word_1_739' title='bbox 2637 2602 2642 2607; x_wconf 74' lang='grc'>,</span> <span class='ocrx_word' id='word_1_740' title='bbox 2661 2582 2663 2585; x_wconf 92' lang='grc'><strong><em>·</em></strong></span> <span class='ocrx_word' id='word_1_741' title='bbox 2692 2562 2737 2605; x_wconf 49' lang='grc' dir='ltr'><strong>&gt;,ῖ””</strong></span> 
     </span>
     <span class='ocr_line' id='line_1_113' title="bbox 1559 2613 2633 2664; baseline 0.005 -14"><span class='ocrx_word' id='word_1_742' title='bbox 1559 2615 1709 2651; x_wconf 88' lang='lat' dir='ltr'><strong>velante</strong></span> <span class='ocrx_word' id='word_1_743' title='bbox 1728 2615 1887 2662; x_wconf 86' lang='lat' dir='ltr'><strong>Angelo,</strong></span> <span class='ocrx_word' id='word_1_744' title='bbox 1913 2613 1960 2651; x_wconf 92' lang='lat' dir='ltr'><strong>de</strong></span> <span class='ocrx_word' id='word_1_745' title='bbox 1990 2614 2133 2664; x_wconf 90' lang='lat' dir='ltr'><strong>Spiritu</strong></span> <span class='ocrx_word' id='word_1_746' title='bbox 2162 2615 2303 2653; x_wconf 88' lang='lat' dir='ltr'><strong>Sancto</strong></span> <span class='ocrx_word' id='word_1_747' title='bbox 2326 2616 2457 2654; x_wconf 86' lang='lat' dir='ltr'><strong>Deum</strong></span> <span class='ocrx_word' id='word_1_748' title='bbox 2483 2624 2633 2655; x_wconf 57' lang='lat' dir='ltr'><strong>conone</strong></span> 
     </span>
     <span class='ocr_line' id='line_1_114' title="bbox 1560 2666 2630 2716; baseline 0.005 -14"><span class='ocrx_word' id='word_1_749' title='bbox 1560 2666 1660 2716; x_wconf 88' lang='lat' dir='ltr'><strong>pisse</strong></span> <span class='ocrx_word' id='word_1_750' title='bbox 1689 2674 1932 2714; x_wconf 87' lang='lat' dir='ltr'><strong>cognoverat,</strong></span> <span class='ocrx_word' id='word_1_751' title='bbox 1961 2668 2134 2716; x_wconf 89' lang='lat' dir='ltr'><strong>polluere</strong></span> <span class='ocrx_word' id='word_1_752' title='bbox 2162 2675 2378 2706; x_wconf 82' lang='lat' dir='ltr'><strong>attentasset</strong></span> <span class='ocrx_word' id='word_1_753' title='bbox 2395 2668 2419 2706; x_wconf 58' lang='grc' dir='ltr'><strong>ἵ.</strong></span> <span class='ocrx_word' id='word_1_754' title='bbox 2534 2676 2539 2685; x_wconf 68' lang='lat'>²</span> <span class='ocrx_word' id='word_1_755' title='bbox 2567 2678 2581 2688; x_wconf 68' lang='lat'><strong>¹</strong></span> <span class='ocrx_word' id='word_1_756' title='bbox 2588 2672 2630 2695; x_wconf 69' lang='lat'><strong>³›</strong></span> 
     </span>
     <span class='ocr_line' id='line_1_115' title="bbox 1613 2716 2633 2783; baseline 0.005 -28"><span class='ocrx_word' id='word_1_757' title='bbox 1613 2720 1662 2756; x_wconf 92' lang='lat' dir='ltr'><strong>Et</strong></span> <span class='ocrx_word' id='word_1_758' title='bbox 1693 2719 1780 2756; x_wconf 90' lang='lat' dir='ltr'><strong>ideo</strong></span> <span class='ocrx_word' id='word_1_759' title='bbox 1810 2719 2030 2779; x_wconf 85' lang='lat' dir='ltr'><strong>simpliciter</strong></span> <span class='ocrx_word' id='word_1_760' title='bbox 2047 2728 2104 2758; x_wconf 89' lang='lat' dir='ltr'><strong>est</strong></span> <span class='ocrx_word' id='word_1_761' title='bbox 2130 2721 2381 2760; x_wconf 83' lang='lat' dir='ltr'><strong>asserendum</strong></span> <span class='ocrx_word' id='word_1_762' title='bbox 2407 2721 2526 2783; x_wconf 83' lang='lat' dir='ltr'><strong>quod</strong></span> <span class='ocrx_word' id='word_1_763' title='bbox 2535 2716 2633 2782; x_wconf 55' lang='grc' dir='ltr'><em>Μᾶ-’.ῑ</em></span> 
     </span>
     <span class='ocr_line' id='line_1_116' title="bbox 1559 2759 2630 2834; baseline 0.005 -26"><span class='ocrx_word' id='word_1_764' title='bbox 1559 2779 1615 2809; x_wconf 88' lang='lat' dir='ltr'><strong>ter</strong></span> <span class='ocrx_word' id='word_1_765' title='bbox 1634 2772 1716 2819; x_wconf 87' lang='lat' dir='ltr'><strong>Dei,</strong></span> <span class='ocrx_word' id='word_1_766' title='bbox 1737 2772 1834 2809; x_wconf 92' lang='lat' dir='ltr'><strong>sicut</strong></span> <span class='ocrx_word' id='word_1_767' title='bbox 1861 2772 1968 2821; x_wconf 84' lang='lat' dir='ltr'><strong>virgo</strong></span> <span class='ocrx_word' id='word_1_768' title='bbox 1997 2773 2181 2834; x_wconf 91' lang='lat' dir='ltr'><strong>concepit</strong></span> <span class='ocrx_word' id='word_1_769' title='bbox 2199 2781 2236 2812; x_wconf 88' lang='lat' dir='ltr'><strong>et</strong></span> <span class='ocrx_word' id='word_1_770' title='bbox 2257 2774 2366 2824; x_wconf 87' lang='lat' dir='ltr'><strong>virgo</strong></span> <span class='ocrx_word' id='word_1_771' title='bbox 2393 2764 2566 2825; x_wconf 75' lang='lat' dir='ltr'><strong>peperit,</strong></span> <span class='ocrx_word' id='word_1_772' title='bbox 2563 2759 2630 2827; x_wconf 52' lang='grc' dir='ltr'><strong>ῥίςῖ</strong></span> 
     </span>
     <span class='ocr_line' id='line_1_117' title="bbox 1560 2825 2632 2915; baseline 0.006 -53"><span class='ocrx_word' id='word_1_773' title='bbox 1560 2825 1675 2862; x_wconf 90' lang='lat' dir='ltr'><strong>etiam</strong></span> <span class='ocrx_word' id='word_1_774' title='bbox 1695 2831 1712 2852; x_wconf 78' lang='lat'>¹</span> <span class='ocrx_word' id='word_1_775' title='bbox 1740 2825 1848 2915; x_wconf 75' lang='lat' dir='ltr'><strong>virgo</strong></span> <span class='ocrx_word' id='word_1_776' title='bbox 1875 2834 1963 2875; x_wconf 92' lang='lat' dir='ltr'><strong>post</strong></span> <span class='ocrx_word' id='word_1_777' title='bbox 1989 2834 2145 2876; x_wconf 89' lang='lat' dir='ltr'><strong>partum</strong></span> <span class='ocrx_word' id='word_1_778' title='bbox 2172 2826 2212 2864; x_wconf 91' lang='lat' dir='ltr'><strong>in</strong></span> <span class='ocrx_word' id='word_1_779' title='bbox 2238 2827 2519 2878; x_wconf 85' lang='lat' dir='ltr'><strong>sempiternum</strong></span> <span class='ocrx_word' id='word_1_780' title='bbox 2534 2834 2632 2890; x_wconf 57' lang='lat' dir='ltr'><strong>peri-L-</strong></span> 
     </span>
     <span class='ocr_line' id='line_1_118' title="bbox 1560 2877 2726 2931; baseline 0.003 -16"><span class='ocrx_word' id='word_1_781' title='bbox 1560 2877 1779 2915; x_wconf 82' lang='lat' dir='ltr'><strong>manserit*</strong></span> <span class='ocrx_word' id='word_1_782' title='bbox 2618 2896 2645 2915; x_wconf 53' lang='grc' dir='ltr'>π</span> <span class='ocrx_word' id='word_1_783' title='bbox 2648 2882 2726 2931; x_wconf 54' lang='grc' dir='ltr'><strong>’ξὲζ</strong></span> 
     </span>
     <span class='ocr_line' id='line_1_119' title="bbox 1613 2903 2724 2983; baseline 0.005 -15"><span class='ocrx_word' id='word_1_784' title='bbox 1613 2932 1670 2968; x_wconf 85' lang='grc' dir='ltr'><strong>Αι)</strong></span> <span class='ocrx_word' id='word_1_785' title='bbox 1698 2943 1833 2969; x_wconf 76' lang='lat' dir='ltr'>PRIMUM</span> <span class='ocrx_word' id='word_1_786' title='bbox 1861 2944 1959 2969; x_wconf 80' lang='lat' dir='ltr'>ERGO</span> <span class='ocrx_word' id='word_1_787' title='bbox 1986 2944 2168 2971; x_wconf 64' lang='lat' dir='ltr'><strong>mensuum</strong></span> <span class='ocrx_word' id='word_1_788' title='bbox 2202 2933 2325 2983; x_wconf 91' lang='lat' dir='ltr'><strong>quod,</strong></span> <span class='ocrx_word' id='word_1_789' title='bbox 2354 2933 2451 2972; x_wconf 89' lang='lat' dir='ltr'><strong>sicut</strong></span> <span class='ocrx_word' id='word_1_790' title='bbox 2483 2903 2620 2973; x_wconf 70' lang='lat' dir='ltr'><strong>Hieffl-</strong></span> <span class='ocrx_word' id='word_1_791' title='bbox 2654 2930 2724 2982; x_wconf 46' lang='lat' dir='ltr'><strong>“fij’&#39;</strong></span> 
     </span>
     <span class='ocr_line' id='line_1_120' title="bbox 1559 2984 2627 3035; baseline 0.004 -15"><span class='ocrx_word' id='word_1_792' title='bbox 1559 2996 1702 3034; x_wconf 90' lang='lat' dir='ltr'><strong>nymus</strong></span> <span class='ocrx_word' id='word_1_793' title='bbox 1730 2984 1828 3032; x_wconf 91' lang='lat' dir='ltr'><strong>dicit,</strong></span> <span class='ocrx_word' id='word_1_794' title='bbox 1859 2984 1896 3022; x_wconf 91' lang='lat' dir='ltr'><strong>in</strong></span> <span class='ocrx_word' id='word_1_795' title='bbox 1925 2984 2021 3023; x_wconf 88' lang='lat' dir='ltr'><strong>libro</strong></span> <span class='ocrx_word' id='word_1_796' title='bbox 2049 2991 2181 3024; x_wconf 90' lang='lat' dir='ltr'><strong>contra</strong></span> <span class='ocrx_word' id='word_1_797' title='bbox 2198 2986 2455 3025; x_wconf 70' lang='lat' dir='ltr'><strong>Helvidium*</strong></span> <span class='ocrx_word' id='word_1_798' title='bbox 2453 3016 2464 3035; x_wconf 95' lang='lat'><strong>,</strong></span> <span class='ocrx_word' id='word_1_799' title='bbox 2494 2988 2510 3024; x_wconf 85' lang='lat' dir='ltr'><strong>i</strong></span> <span class='ocrx_word' id='word_1_800' title='bbox 2623 3000 2627 3002; x_wconf 82' lang='lat'>·</span> 
     </span>
     <span class='ocr_line' id='line_1_121' title="bbox 1559 3020 2704 3092; baseline 0.005 -18"><span class='ocrx_word' id='word_1_801' title='bbox 1559 3037 1724 3087; x_wconf 83' lang='lat' dir='ltr'><strong>gendum</strong></span> <span class='ocrx_word' id='word_1_802' title='bbox 1752 3043 1803 3074; x_wconf 92' lang='lat' dir='ltr'><strong>est</strong></span> <span class='ocrx_word' id='word_1_803' title='bbox 1830 3038 1930 3087; x_wconf 85' lang='lat' dir='ltr'><strong>quod</strong></span> <span class='ocrx_word' id='word_1_804' title='bbox 1953 3039 2046 3076; x_wconf 88' lang='lat' dir='ltr'><strong>haec</strong></span> <span class='ocrx_word' id='word_1_805' title='bbox 2066 3041 2294 3090; x_wconf 83' lang='lat' dir='ltr'><strong>praepositio</strong></span> <span class='ocrx_word' id='word_1_806' title='bbox 2325 3055 2344 3074; x_wconf 88' lang='lat'>«</span> <span class='ocrx_word' id='word_1_807' title='bbox 2366 3045 2451 3078; x_wconf 87' lang='lat' dir='ltr'><strong>ante</strong></span> <span class='ocrx_word' id='word_1_808' title='bbox 2471 3055 2511 3087; x_wconf 60' lang='grc' dir='ltr'><strong>ιι,</strong></span> <span class='ocrx_word' id='word_1_809' title='bbox 2538 3020 2666 3092; x_wconf 56' lang='lat' dir='ltr'><strong>hed</strong></span> <span class='ocrx_word' id='word_1_810' title='bbox 2688 3034 2722 3057; x_wconf 64' lang='grc'><strong>’“’</strong></span> 
     </span>
     <span class='ocr_line' id='line_1_122' title="bbox 1559 3083 2628 3144; baseline 0.007 -18"><span class='ocrx_word' id='word_1_811' title='bbox 1559 3102 1669 3140; x_wconf 83' lang='lat' dir='ltr'><strong>saepe</strong></span> <span class='ocrx_word' id='word_1_812' title='bbox 1686 3092 1944 3140; x_wconf 87' lang='lat' dir='ltr'><strong>consequentia</strong></span> <span class='ocrx_word' id='word_1_813' title='bbox 1971 3091 2116 3139; x_wconf 76' lang='lat' dir='ltr'><strong>indicet,</strong></span> <span class='ocrx_word' id='word_1_814' title='bbox 2135 3098 2259 3130; x_wconf 87' lang='lat' dir='ltr'><strong>tamen</strong></span> <span class='ocrx_word' id='word_1_815' title='bbox 2288 3105 2562 3144; x_wconf 83' lang='lat' dir='ltr'><strong>nonnunquam</strong></span> <span class='ocrx_word' id='word_1_816' title='bbox 2570 3083 2628 3137; x_wconf 56' lang='grc' dir='ltr'><strong>ἄδι</strong></span> 
     </span>
     <span class='ocr_line' id='line_1_123' title="bbox 1559 3146 2631 3195; baseline 0.006 -16"><span class='ocrx_word' id='word_1_817' title='bbox 1559 3149 1701 3180; x_wconf 84' lang='lat' dir='ltr'><strong>tantum</strong></span> <span class='ocrx_word' id='word_1_818' title='bbox 1731 3155 1825 3193; x_wconf 86' lang='lat' dir='ltr'><strong>quae</strong></span> <span class='ocrx_word' id='word_1_819' title='bbox 1845 3146 1954 3194; x_wconf 88' lang='lat' dir='ltr'><strong>prius</strong></span> <span class='ocrx_word' id='word_1_820' title='bbox 1981 3146 2254 3195; x_wconf 83' lang='lat' dir='ltr'><strong>cogitabantur,</strong></span> <span class='ocrx_word' id='word_1_821' title='bbox 2275 3146 2449 3188; x_wconf 77' lang='lat' dir='ltr'><strong>ostendit:</strong></span> <span class='ocrx_word' id='word_1_822' title='bbox 2475 3158 2544 3184; x_wconf 72' lang='grc' dir='ltr'><strong><em>ποι·</em></strong></span> <span class='ocrx_word' id='word_1_823' title='bbox 2566 3151 2631 3188; x_wconf 54' lang='lat' dir='ltr'><strong>a&amp;</strong></span> 
     </span>
     <span class='ocr_line' id='line_1_124' title="bbox 1562 3193 2738 3247; baseline 0.005 -15"><span class='ocrx_word' id='word_1_824' title='bbox 1562 3207 1706 3233; x_wconf 89' lang='lat' dir='ltr'><strong>necesse</strong></span> <span class='ocrx_word' id='word_1_825' title='bbox 1732 3202 1771 3233; x_wconf 89' lang='lat' dir='ltr'><strong>ut</strong></span> <span class='ocrx_word' id='word_1_826' title='bbox 1797 3198 1959 3247; x_wconf 85' lang='lat' dir='ltr'><strong>cogitata</strong></span> <span class='ocrx_word' id='word_1_827' title='bbox 1975 3199 2088 3246; x_wconf 88' lang='lat' dir='ltr'><strong>fiant,</strong></span> <span class='ocrx_word' id='word_1_828' title='bbox 2117 3210 2203 3236; x_wconf 87' lang='lat' dir='ltr'><strong>cum</strong></span> <span class='ocrx_word' id='word_1_829' title='bbox 2231 3199 2312 3237; x_wconf 82' lang='lat' dir='ltr'><strong>ideo</strong></span> <span class='ocrx_word' id='word_1_830' title='bbox 2340 3199 2443 3237; x_wconf 80' lang='lat' dir='ltr'><strong>atiud</strong></span> <span class='ocrx_word' id='word_1_831' title='bbox 2467 3193 2646 3242; x_wconf 52' lang='lat' dir='ltr'><strong>inter-veui?</strong></span> <span class='ocrx_word' id='word_1_832' title='bbox 2735 3226 2738 3227; x_wconf 28' lang='grc' dir='ltr'><em>ν</em></span> 
     </span>
     <span class='ocr_line' id='line_1_125' title="bbox 1562 3245 2627 3312; baseline 0.005 -27"><span class='ocrx_word' id='word_1_833' title='bbox 1562 3250 1666 3295; x_wconf 86' lang='lat' dir='ltr'><strong>nerit,</strong></span> <span class='ocrx_word' id='word_1_834' title='bbox 1697 3261 1744 3286; x_wconf 91' lang='lat' dir='ltr'><strong>ne</strong></span> <span class='ocrx_word' id='word_1_835' title='bbox 1769 3261 1814 3287; x_wconf 94' lang='lat' dir='ltr'><strong>ea</strong></span> <span class='ocrx_word' id='word_1_836' title='bbox 1843 3261 1937 3300; x_wconf 83' lang='lat' dir='ltr'><strong>quae</strong></span> <span class='ocrx_word' id='word_1_837' title='bbox 1963 3252 2131 3312; x_wconf 70' lang='lat' dir='ltr'><strong>cogitata</strong></span> <span class='ocrx_word' id='word_1_838' title='bbox 2152 3257 2246 3299; x_wconf 86' lang='lat' dir='ltr'><strong>sunt,</strong></span> <span class='ocrx_word' id='word_1_839' title='bbox 2264 3253 2415 3301; x_wconf 83' lang='lat' dir='ltr'><strong>fierent.</strong></span> <span class='ocrx_word' id='word_1_840' title='bbox 2451 3252 2562 3299; x_wconf 84' lang='lat' dir='ltr'><strong>Sicut,</strong></span> <span class='ocrx_word' id='word_1_841' title='bbox 2588 3245 2627 3290; x_wconf 52' lang='grc' dir='ltr'><strong>εἴ</strong></span> 
     </span>
     <span class='ocr_line' id='line_1_126' title="bbox 1560 3301 2618 3355; baseline 0.004 -16"><span class='ocrx_word' id='word_1_842' title='bbox 1560 3301 1691 3352; x_wconf 85' lang='lat' dir='ltr'><strong>aliquis</strong></span> <span class='ocrx_word' id='word_1_843' title='bbox 1709 3302 1816 3349; x_wconf 87' lang='lat' dir='ltr'><strong>dicat,</strong></span> <span class='ocrx_word' id='word_1_844' title='bbox 1847 3317 1865 3336; x_wconf 82' lang='lat'><strong>«</strong></span> <span class='ocrx_word' id='word_1_845' title='bbox 1886 3304 2096 3353; x_wconf 85' lang='lat' dir='ltr'><strong>Antequam</strong></span> <span class='ocrx_word' id='word_1_846' title='bbox 2117 3305 2153 3341; x_wconf 89' lang='lat' dir='ltr'><strong>in</strong></span> <span class='ocrx_word' id='word_1_847' title='bbox 2168 3310 2282 3354; x_wconf 82' lang='lat' dir='ltr'><strong>portu</strong></span> <span class='ocrx_word' id='word_1_848' title='bbox 2294 3305 2536 3355; x_wconf 85' lang='lat' dir='ltr'><strong>pranderem,</strong></span> <span class='ocrx_word' id='word_1_849' title='bbox 2556 3317 2618 3344; x_wconf 87' lang='lat' dir='ltr'><strong>na-</strong></span> 
     </span>
     <span class='ocr_line' id='line_1_127' title="bbox 1559 3355 2620 3408; baseline 0.003 -15"><span class='ocrx_word' id='word_1_850' title='bbox 1559 3356 1687 3405; x_wconf 83' lang='lat' dir='ltr'><strong>vigavi</strong></span> <span class='ocrx_word' id='word_1_851' title='bbox 1707 3371 1741 3401; x_wconf 87' lang='lat'><strong>»,</strong></span> <span class='ocrx_word' id='word_1_852' title='bbox 1772 3367 1845 3392; x_wconf 90' lang='lat' dir='ltr'><strong>non</strong></span> <span class='ocrx_word' id='word_1_853' title='bbox 1874 3355 2090 3406; x_wconf 71' lang='lat' dir='ltr'><strong>intelligitur</strong></span> <span class='ocrx_word' id='word_1_854' title='bbox 2117 3357 2217 3406; x_wconf 85' lang='lat' dir='ltr'><strong>quod</strong></span> <span class='ocrx_word' id='word_1_855' title='bbox 2241 3358 2278 3395; x_wconf 89' lang='lat' dir='ltr'><strong>in</strong></span> <span class='ocrx_word' id='word_1_856' title='bbox 2303 3363 2415 3408; x_wconf 87' lang='lat' dir='ltr'><strong>portu</strong></span> <span class='ocrx_word' id='word_1_857' title='bbox 2434 3357 2620 3408; x_wconf 79' lang='lat' dir='ltr'><strong>prandeat</strong></span> 
     </span>
    </p>
   </div>
   <div class='ocr_carea' id='block_1_27' title="bbox 2695 2490 2730 2515">
    <p class='ocr_par' dir='ltr' id='par_1_32' title="bbox 2695 2490 2730 2519">
     <span class='ocr_line' id='line_1_128' title="bbox 2695 2490 2730 2515; baseline 0 -24"><span class='ocrx_word' id='word_1_858' title='bbox 2695 2490 2730 2515; x_wconf 41' lang='lat' dir='ltr'><strong>s?</strong></span> 
     </span>
    </p>
   </div>
   <div class='ocr_carea' id='block_1_28' title="bbox 2703 3335 2753 3376">
    <p class='ocr_par' dir='ltr' id='par_1_33' title="bbox 2703 3333 2753 3376">
     <span class='ocr_line' id='line_1_129' title="bbox 2703 3335 2753 3376; baseline 0 -24"><span class='ocrx_word' id='word_1_859' title='bbox 2703 3335 2753 3376; x_wconf 68' lang='lat'>155·</span> 
     </span>
    </p>
   </div>
   <div class='ocr_carea' id='block_1_29' title="bbox 1557 3477 2620 3615">
    <p class='ocr_par' dir='ltr' id='par_1_34' title="bbox 1615 3477 2029 3511">
     <span class='ocr_line' id='line_1_130' title="bbox 1615 3477 2029 3511; baseline 0.007 -9"><span class='ocrx_word' id='word_1_860' title='bbox 1615 3477 1637 3507; x_wconf 71' lang='lat' dir='ltr'><strong>t)</strong></span> <span class='ocrx_word' id='word_1_861' title='bbox 1649 3478 1746 3511; x_wconf 81' lang='lat' dir='ltr'><strong>suerit.</strong></span> <span class='ocrx_word' id='word_1_862' title='bbox 1763 3492 1783 3497; x_wconf 89' lang='lat'>-</span> <span class='ocrx_word' id='word_1_863' title='bbox 1801 3479 2029 3505; x_wconf 60' lang='lat' dir='ltr'><strong>manseritsertia.</strong></span> 
     </span>
    </p>

    <p class='ocr_par' dir='ltr' id='par_1_35' title="bbox 1614 3512 2124 3541">
     <span class='ocr_line' id='line_1_131' title="bbox 1614 3512 2124 3541; baseline 0.006 -4"><span class='ocrx_word' id='word_1_864' title='bbox 1614 3512 1628 3541; x_wconf 87' lang='grc' dir='ltr'>ζ</span> <span class='ocrx_word' id='word_1_865' title='bbox 1658 3516 1824 3539; x_wconf 73' lang='lat' dir='ltr'><strong>attentasset.</strong></span> <span class='ocrx_word' id='word_1_866' title='bbox 1840 3527 1860 3533; x_wconf 90' lang='lat'><strong>-·</strong></span> <span class='ocrx_word' id='word_1_867' title='bbox 1876 3517 2024 3540; x_wconf 77' lang='lat' dir='ltr'><strong>attentaret</strong></span> <span class='ocrx_word' id='word_1_868' title='bbox 2041 3515 2124 3540; x_wconf 77' lang='lat' dir='ltr'><strong>tertia.</strong></span> 
     </span>
    </p>

    <p class='ocr_par' dir='ltr' id='par_1_36' title="bbox 1557 3515 2620 3615">
     <span class='ocr_line' id='line_1_132' title="bbox 1614 3515 2620 3583; baseline 0.004 -11"><span class='ocrx_word' id='word_1_869' title='bbox 1614 3515 1640 3581; x_wconf 56' lang='lat' dir='ltr'><strong>ni</strong></span> <span class='ocrx_word' id='word_1_870' title='bbox 1660 3547 1698 3573; x_wconf 80' lang='lat' dir='ltr'><strong>ita</strong></span> <span class='ocrx_word' id='word_1_871' title='bbox 1717 3548 1805 3574; x_wconf 75' lang='lat' dir='ltr'><strong>etiam.</strong></span> <span class='ocrx_word' id='word_1_872' title='bbox 1818 3563 1838 3567; x_wconf 98' lang='lat'><em>-</em></span> <span class='ocrx_word' id='word_1_873' title='bbox 1855 3549 1926 3579; x_wconf 75' lang='grc' dir='ltr'>ΡΗῙς</span> <span class='ocrx_word' id='word_1_874' title='bbox 1945 3553 1971 3574; x_wconf 92' lang='lat' dir='ltr'><strong>et</strong></span> <span class='ocrx_word' id='word_1_875' title='bbox 1990 3550 2019 3579; x_wconf 83' lang='grc' dir='ltr'><strong>Β,</strong></span> <span class='ocrx_word' id='word_1_876' title='bbox 2033 3550 2071 3574; x_wconf 79' lang='lat' dir='ltr'><strong>ita</strong></span> <span class='ocrx_word' id='word_1_877' title='bbox 2089 3550 2170 3575; x_wconf 75' lang='lat' dir='ltr'><strong>etlam</strong></span> <span class='ocrx_word' id='word_1_878' title='bbox 2189 3553 2216 3575; x_wconf 87' lang='lat' dir='ltr'><strong>et</strong></span> <span class='ocrx_word' id='word_1_879' title='bbox 2229 3549 2312 3579; x_wconf 68' lang='lat' dir='ltr'><strong>Pohe.</strong></span> <span class='ocrx_word' id='word_1_880' title='bbox 2325 3553 2351 3575; x_wconf 89' lang='lat' dir='ltr'><strong>et</strong></span> <span class='ocrx_word' id='word_1_881' title='bbox 2363 3551 2444 3575; x_wconf 79' lang='lat' dir='ltr'><strong>etiam</strong></span> <span class='ocrx_word' id='word_1_882' title='bbox 2463 3551 2554 3582; x_wconf 81' lang='lat' dir='ltr'><strong>ceteri3</strong></span> <span class='ocrx_word' id='word_1_883' title='bbox 2572 3556 2620 3583; x_wconf 82' lang='lat' dir='ltr'><strong>pro</strong></span> 
     </span>
     <span class='ocr_line' id='line_1_133' title="bbox 1557 3583 2115 3615; baseline 0.005 -8"><span class='ocrx_word' id='word_1_884' title='bbox 1557 3583 1747 3614; x_wconf 75' lang='lat' dir='ltr'><strong>permanserit,</strong></span> <span class='ocrx_word' id='word_1_885' title='bbox 1763 3585 1915 3615; x_wconf 79' lang='lat' dir='ltr'><strong>permansit</strong></span> <span class='ocrx_word' id='word_1_886' title='bbox 1933 3584 1972 3609; x_wconf 82' lang='lat' dir='ltr'><strong>Ea</strong></span> <span class='ocrx_word' id='word_1_887' title='bbox 1990 3589 2015 3609; x_wconf 78' lang='lat' dir='ltr'><strong>et</strong></span> <span class='ocrx_word' id='word_1_888' title='bbox 2034 3585 2115 3610; x_wconf 75' lang='lat' dir='ltr'><strong>tertia.</strong></span> 
     </span>
    </p>
   </div>
  </div>
 </body>
</html>
