2872 3970
977 231 1239 278 QUAESTIO
1268 232 1330 278 111,

1073 726 1106 751 ΙΝ

10 818 15 823 .
334 838 439 865 ΕΙΝΒΕ
467 823 790 863 considerandum
818 829 872 858 est
898 821 945 858 de
971 820 1115 857 unione
1144 831 1190 856 ex
1207 825 1313 868 parte
1339 820 1342 859 Ι

11 887 224 917 θῦῐ-ειυ-υβωτοᾱ-
254 838 522 930 Dpersonae
550 875 777 914 assumentis
796 874 826 911 ²¹⁸.

253 933 303 971 Et
328 932 428 970 circa
455 931 531 968 hoc
558 936 798 978 quaeruntur
825 935 924 964 octo.
1044 979 1051 986 ι

305 985 454 1022 Primo:
488 990 620 1020 utrum
656 992 852 1018 assumere
889 986 1092 1017 conveniat
1126 989 1314 1027 personae

359 1036 523 1074 divinae.

307 1089 506 1128 Secundo:
536 1095 668 1124 utrum
696 1085 900 1123 conveniat
918 1092 1075 1122 naturae
1095 1083 1259 1121 divinae.

306 1142 455 1180 Tertio:
476 1148 608 1178 utrum
627 1147 763 1176 natura
775 1137 894 1187 possit
909 1149 1115 1184 assumere,
1132 1137 1315 1174 abstracta

359 1193 636 1244 personalitate.
1059 1242 1066 1249 .

307 1248 473 1294 Quarto:
503 1253 634 1282 utrum
661 1256 740 1281 una
767 1255 932 1292 persona
965 1250 1084 1291 possa
1118 1254 1314 1280 assumere

360 1299 441 1336 sine
468 1297 551 1335 alia.

1365 231 1658 268 ARTICULUS
1686 232 1700 267 Ι
2372 227 2428 267 53

950 473 1362 550 QUAESTIO
1418 471 1730 526 TERTIA

601 605 685 646 DE
718 603 950 646 UNIONE
983 602 1063 643 EX
1095 601 1298 642 PARTE
1329 598 1654 639 PERSONAE
1686 598 2070 640 ASSUMENTIS

1136 725 1233 751 OCTO
1262 724 1462 749 ARTICULOS
1494 723 1607 748 DIVISA

1422 827 1585 874 Quinto:
1615 835 1746 864 utrum
1774 829 1964 877 quaelibet
1990 842 2156 878 persona
2183 829 2301 878 possit
2325 843 2430 868 assu-

1475 897 1591 921 mere.

1424 943 1555 980 Sexto:
1577 951 1708 980 utrum
1726 945 1854 993 plures
1873 957 2060 994 personae
2074 946 2220 994 possint
2235 959 2430 984 assumere

1476 1015 1596 1039 unam
1625 1011 1802 1040 naturam
1829 1016 2005 1041 numero.

1424 1061 1614 1110 Septimo:
1644 1070 1775 1099 utrum
1800 1075 1879 1099 una
1898 1076 2062 1111 persona
2089 1065 2207 1113 possit
2235 1077 2430 1102 assumere

1477 1121 1574 1156 duas
1602 1128 1756 1157 naturas
1784 1134 1960 1158 numero.

1424 1179 1591 1217 Octavo:
1631 1187 1761 1216 utrum
1802 1180 1922 1228 magis
1963 1181 2073 1218 fuerit
2113 1182 2346 1220 conveniens
2382 1185 2431 1222 de

1476 1250 1642 1287 persona
1663 1238 1746 1274 Filii
1765 1239 1872 1287 quod
1900 1240 2105 1288 assumpsit
2133 1242 2346 1278 humanam
2365 1255 2431 1280 na-

1477 1304 1616 1344 turam,
1645 1309 1764 1346 quam
1792 1297 1840 1333 de
1869 1297 1939 1334 alia
1966 1310 2132 1347 persona
2159 1299 2299 1336 divina.

1062 1422 1380 1465 ARTICULUS
1411 1423 1617 1465 PRIMUS

537 1517 694 1549 UTRUM
710 1516 943 1547 ‘PERSONAE
966 1515 1144 1546 DIVINAE
1168 1515 1423 1545 CONVENIAT
1447 1516 1675 1547 ASSUMERE
1698 1517 1915 1548 NATURAM
1939 1518 2152 1549 CREATAM

1102 1603 1134 1628 111
1153 1603 1240 1633 sent,
1260 1604 1318 1629 dist.
1338 1611 1362 1634 ν,
1383 1611 1427 1636 qu.
1445 1611 1472 1633 η,
1493 1609 1539 1628 art.
1560 1610 1583 1629 1.

296 1729 306 1739 ,
343 1716 349 1729 ι
375 1723 417 1742 .ss
464 1707 487 1731 D
516 1705 650 1731 PRIMUM
678 1705 730 1730 SIC
758 1703 993 1729 PROCEDITUR.
1022 1691 1183 1728 Videtur
1209 1691 1315 1739 quod

307 1759 327 1769 “
465 1758 651 1796 personae
687 1745 838 1782 divinae
874 1757 953 1781 non
982 1743 1184 1781 conveniat
1212 1755 1316 1802 assu-

442 1811 571 1838 mere
599 1805 777 1834 naturam
805 1805 982 1834 creatam.
1015 1798 1185 1833 Persona
1213 1807 1317 1832 emm

255 1905 407 1943 fectum.
437 1903 651 1941 Perfectum
679 1910 809 1939 autem
828 1909 883 1938 est
901 1901 963 1938 cui
981 1913 1062 1937 non
1089 1908 1212 1949 potest
1234 1899 1317 1936 fieri

0 1948 232 1995 '‘matrim-Phr·
257 1956 397 1995 additio
416 1956 447 1993 ³¹².
491 1956 593 1993 Cum
625 1955 737 2003 igitur
768 1966 963 1991 assumere
996 1953 1041 1990 sit
1068 1952 1179 2002 quasi
1205 1953 1261 2001 ad·
1280 1964 1319 1989 se

0 1990 230 2044 &wahan-9125:
255 2022 412 2055 sumere,
432 2009 483 2046 ita
501 2008 608 2058 quod
636 2014 879 2056 assumptum
908 2006 1070 2044 addatur
1097 2005 1317 2052 assumenti,

17 2045 117 2066 Μαι
256 2062 408 2100 videtur
443 2061 550 2111 quod
586 2072 773 2109 personae
810 2058 963 2096 divinae
999 2071 1080 2095 non
1115 2057 1319 2095 conveniat

257 2126 452 2152 assumere
480 2121 657 2150 naturam
685 2119 861 2149 creatam.

312 2167 608 2212 2JPRAETEREA,
629 2165 722 2203 illud
740 2165 790 2202 ad
809 2165 915 2213 quod
935 2163 1078 2213 aliquid
1100 2162 1317 2210 assumitur,

258 2218 568 2257 communicatur
599 2217 893 2267 quodammodo
926 2216 960 2253 ei
988 2217 1094 2265 quod
1123 2216 1162 2252 in
1190 2215 1319 2264 ipsum

259 2271 481 2310 assumitur:
511 2270 607 2308 sicut
626 2269 785 2318 dignitas
814 2269 1122 2306 communicatur
1141 2268 1175 2305 ei
1194 2267 1260 2317 qui
1279 2268 1319 2304 in

3 2358 7 2361 ⁴
259 2323 479 2373 dignitatem
512 2322 728 2360 assumitur.
767 2322 842 2359 Sed
877 2322 925 2358 de
953 2321 1097 2358 ratione
1131 2333 1319 2370 personae

22 2388 34 2397 ·
48 2375 96 2412 Qu·
111 2391 174 2410 ¹¹¹¹·
190 2387 233 2406 m.
259 2385 315 2415 est
329 2377 436 2426 quod
455 2376 500 2413 sit
514 2374 902 2413 incommunicabilis:
924 2382 966 2411 ut
980 2374 1019 2410 in
1034 2373 1163 2410 Prima
1177 2375 1287 2410 Parte
1300 2373 1320 2395 '¹‘

20 2411 232 2466 {hffdssssii-''ff'
259 2430 406 2467 dictum
432 2436 496 2466 est.
527 2429 628 2476 Ergo
656 2439 844 2477 personae
871 2426 1023 2463 divinae
1042 2439 1122 2463 non
1142 2425 1322 2463 convenit

261 2493 468 2528 assumere,
498 2481 605 2530 quod
634 2488 688 2516 est
715 2480 764 2516 ad
813 2492 833 2516 e
861 2491 1024 2516 sumere.

317 2534 350 2570 3.
372 2535 602 2579 Pmsmmm,
617 2493 1036 2586 personalizonstituitur
1048 2544 1117 2581 per
1130 2539 1318 2597 naturam.

263 2587 338 2624 Sed
366 2585 640 2623 inconveniens
668 2593 723 2622 est
742 2585 848 2634 quod
876 2584 1125 2621 constitutum
1153 2592 1322 2621 assumat

262 2638 379 2676 const'
399 2650 512 2675 uens:
543 2637 633 2687 quia
660 2638 816 2675 effectus
844 2650 925 2674 non
948 2637 1023 2685 agit
1039 2637 1079 2674 in
1099 2649 1115 2673 s
1146 2636 1321 2674 εῇῖῖᾱῦ-

262 2704 357 2728 sam.
386 2692 488 2739 Ergo
516 2692 703 2739 personae
730 2702 811 2727 non
838 2690 1019 2727 convenit
1041 2702 1236 2727 assumere
1255 2702 1321 2726 na-

261 2752 401 2781 turam.
961 2750 964 2754 ⁴

26 2803 37 2814 ·
50 2801 191 2829 Fumentius·
318 2797 391 2834 SED
421 2807 566 2832 CONTRA
592 2807 658 2832 Es‘r
685 2795 791 2844 quod
811 2795 1045 2843 Augustinus
1063 2794 1084 2816 '¹‘
1103 2794 1203 2842 dicit,
1223 2794 1262 2831 in
1282 2794 1322 2832 li-

0 2868 1 2891 3
26 2859 38 2870 ·
52 2858 109 2887 Car>-
125 2864 150 2880 ¹1-
263 2850 334 2886 bro
354 2849 399 2885 de
416 2849 508 2886 Fide
525 2847 576 2885 ad
591 2849 741 2884 Petrum
760 2847 794 2884 *z
821 2849 1013 2894 Formam,
1034 2847 1122 2884 idest
1148 2853 1321 2884 naturam

0 2893 7 2950 ξ’
262 2903 361 2940 servi
377 2903 415 2938 in
440 2913 547 2938 suam
571 2901 709 2949 accepit
726 2901 827 2936 Deus
846 2900 916 2946 ille,
937 2899 1075 2936 scilicet
1093 2899 1321 2947 unigenitus,

259 2966 473 3004 personam.
503 2952 579 2990 Sed
593 2953 699 2989 Deus
717 2951 932 2999 unigenitus
952 2960 1007 2989 est
1024 2964 1199 3000 persona.
1221 2954 1322 3000 Ergo

265 3018 452 3056 personae
484 3004 666 3054 competit
699 3003 869 3053 accipere
903 3012 1097 3052 naturam,
1134 3006 1241 3054 quod
1269 3013 1323 3042 est

267 3071 472 3097 assumere.

319 3113 542 3149 REsPONDEo
561 3122 741 3147 morannum
756 3109 862 3158 quod
876 3108 916 3145 in
929 3109 1049 3146 verbo
1068 3112 1324 3159 assumptionis

267 3164 347 3201 duo
380 3159 650 3213 importantur,
679 3161 852 3199 videlicet
883 3160 1115 3210 principium
1142 3170 1258 3210 actus,
1288 3171 1324 3200 et

267 3215 470 3254 terminus:
492 3215 635 3253 vdicitur
661 3214 765 3252 enim
793 3225 986 3251 assumere
1010 3213 1119 3262 quasi
1137 3215 1188 3251 ad
1202 3227 1242 3251 se
1259 3216 1322 3252 ali-

128 3277 145 3293 α
268 3269 355 3318 quid
369 3281 516 3306 sumere
530 3274 558 3305 ².
579 3268 705 3305 Huius
724 3275 853 3304 autem
871 3265 1140 3314 assumptionis
1159 3279 1323 3315 persona

269 3328 324 3359 est
337 3328 373 3358 et
385 3321 618 3371 principium
633 3328 668 3357 et
682 3319 877 3357 terminus.
899 3318 1134 3367 Principium
1153 3319 1321 3368 quidem,

323 3452 351 3486 α)
369 3453 407 3478 ad
423 3460 452 3478 se
468 3453 571 3486 aliquid
587 3460 699 3478 sumere.
716 3467 736 3472 -
753 3452 791 3477 ad
808 3459 835 3477 se
853 3458 955 3477 sumere
978 3451 1079 3484 aliquid
1097 3451 1150 3483 BD,
1169 3452 1271 3484 aliquid
1288 3452 1324 3477 ad

270 3495 298 3512 se
315 3494 418 3513 sumere
436 3489 469 3519 lb,
488 3489 525 3514 ad
543 3495 570 3514 se
587 3495 692 3514 sumere
711 3489 779 3513 PHc.

1369 1690 1460 1738 quia
1478 1702 1666 1738 personae
1685 1692 1839 1740 proprie
1859 1694 2041 1742 competit
2060 1707 2186 1742 agere:
2209 1696 2433 1735 huiusmodi

1370 1749 1500 1778 autem
1520 1742 1688 1791 sumptio
1708 1744 1831 1780 carnis
1849 1756 1919 1793 per
1937 1746 2126 1783 actionem
2148 1747 2319 1785 divinam
2338 1750 2434 1787 facta

1371 1802 1436 1830 est.
1468 1794 1646 1831 Similiter
1672 1795 1786 1832 etiam
1804 1808 1970 1845 persona
1989 1806 2043 1834 est
2062 1799 2177 1836 huius
2206 1802 2434 1849 sumptionis

1370 1846 1574 1883 terminus:
1611 1847 1719 1895 quia,
1750 1848 1845 1885 sicut
1880 1862 1996 1898 supra
2014 1851 2033 1872 ’¹‘
2061 1851 2207 1888 dictum
2241 1861 2310 1898 est,
2340 1855 2434 1891 unio

1370 1899 1466 1935 facta
1494 1907 1549 1936 est
1576 1899 1615 1935 in
1642 1911 1819 1948 persona,
1840 1914 1921 1938 non
1949 1902 1988 1939 in
2016 1911 2162 1940 natura.
2193 1906 2240 1941 Et
2263 1905 2315 1942 sic
2333 1915 2436 1955 patet

1371 1951 1479 2000 quod
1507 1952 1769 2000 propriissime
1801 1955 1984 2003 competit
2017 1968 2204 2004 personae
2239 1970 2435 1996 assumere

1371 2011 1561 2041 naturam.

1424 2058 1482 2093 AD
1511 2069 1646 2094 PithJM
1674 2070 1772 2095 ERGO
1800 2071 1981 2097 DICENDUM
2010 2062 2129 2110 quod,
2151 2074 2243 2099 cum
2269 2076 2436 2112 persona

1372 2107 1503 2145 divina
1522 2109 1567 2145 sit
1585 2109 1744 2157 infinita,
1760 2123 1841 2148 non
1859 2120 1984 2160 potest
1998 2113 2032 2150 ei
2045 2114 2129 2151 fieri
2148 2115 2302 2153 additio.
2323 2118 2435 2155 Unde

1374 2161 1536 2210 Cyrillus
1558 2161 1658 2209 dicit,
1678 2163 1718 2199 in
1737 2163 1907 2212 Epistola
1927 2166 2110 2214 Synodali
2130 2168 2314 2216 Ephesini
2334 2170 2435 2206 Con-

1372 2213 1490 2250 cilii*:
1518 2215 1608 2251 Non
1627 2216 1828 2253 secundum
1851 2220 2162 2267 coappositionem
2179 2219 2193 2249 β
2212 2223 2435 2260 coniunctio-

1373 2267 1429 2302 nis
1448 2267 1685 2317 intelligimus
1703 2269 1866 2306 modum.
1889 2269 1994 2306 Sicut
2012 2271 2127 2308 etiam
2145 2272 2184 2308 in
2203 2273 2348 2310 unione
2368 2276 2435 2312 ho-

1373 2318 1487 2355 minis
1506 2320 1554 2356 ad
1574 2321 1703 2357 Deum
1731 2333 1831 2369 quae
1851 2329 1906 2358 est
1923 2334 1993 2371 per
2019 2323 2178 2370 gratiam
2205 2325 2433 2375 adoptionis,

1373 2383 1454 2408 non
1482 2372 1634 2409 additur
1661 2372 1804 2421 aliquid
1831 2375 1933 2411 Deo:
1964 2375 2030 2411 sed
2059 2375 2097 2412 id
2124 2378 2230 2424 quod
2258 2378 2436 2416 divinum

1374 2431 1429 2460 est
1447 2425 1654 2473 apponitur
1673 2426 1833 2463 homini.
1862 2427 1973 2464 Unde
1993 2439 2073 2464 non
2092 2428 2209 2476 Deus,
2227 2430 2293 2466 sed
2312 2431 2434 2468 homo

1373 2477 1580 2525 perficitur.

1426 2530 1483 2566 AD
1516 2542 1704 2568 SECUNDUM
1741 2543 1920 2570 DICENDUM
1957 2533 2063 2582 quod
2099 2545 2263 2582 persona
2299 2535 2436 2572 dicitur

1374 2581 1748 2620 incommunicabilis
1774 2584 2005 2633 inquantum
2031 2598 2110 2622 non
2137 2594 2261 2635 potest
2283 2588 2331 2624 de
2350 2589 2433 2636 plu-

1373 2634 1479 2671 ribus
1498 2636 1704 2684 suppositis
1732 2637 1952 2685 praedicari.
1982 2638 2088 2675 Nihil
2111 2646 2239 2675 tamen
2258 2640 2436 2688 prohibet

1374 2688 1484 2736 plura
1503 2688 1551 2725 de
1570 2701 1735 2737 persona
1753 2690 1973 2737 praedicari.
2001 2691 2112 2727 Unde
2131 2703 2211 2729 non
2231 2699 2285 2728 est
2303 2700 2435 2729 contra

1375 2740 1563 2777 rationem
1590 2753 1777 2789 personae
1806 2742 1858 2778 sic
1886 2743 2163 2779 communicari
2190 2751 2232 2779 ut
2260 2744 2436 2782 subsistat

1375 2792 1414 2828 in
1427 2793 1602 2842 pluribus
1621 2794 1776 2830 naturis.
1799 2794 1901 2841 Quia
1921 2795 2034 2832 etiam
2053 2795 2092 2831 in
2106 2807 2312 2843 personam
2332 2809 2434 2834 crea-

1374 2852 1453 2882 tam
1481 2853 1643 2894 possunt
1670 2847 1797 2894 plures
1824 2855 1981 2884 naturae
2010 2859 2235 2884 concurrere
2262 2849 2434 2886 acciden-

1374 2897 1495 2934 taliter
1508 2903 1541 2934 Y:
1567 2898 1662 2935 sicut
1681 2898 1720 2934 in
1739 2911 1904 2946 persona
1922 2899 2036 2935 unius
2055 2900 2224 2936 hominis
2242 2901 2435 2939 invenitur

1376 2950 1564 2998 quantitas
1597 2958 1633 2986 et
1660 2951 1829 2999 qualitas
1869 2951 1954 2988 Hoc
1986 2959 2114 2988 autem
2147 2960 2202 2989 est
2232 2954 2434 3002 proprium

1376 3001 1527 3038 divinae
1555 3014 1754 3050 personae,
1774 3010 1929 3052 propter
1952 3003 2032 3040 eius
2051 3004 2288 3052 infinitatem,
2309 3014 2351 3043 ut
2368 3006 2435 3043 fiat

1375 3054 1415 3090 in
1449 3066 1493 3090 ea
1521 3066 1729 3091 concursus
1765 3062 2005 3104 naturarum,
2034 3069 2114 3093 non
2149 3057 2307 3106 quidem
2339 3059 2434 3096 acci-

1376 3105 1583 3152 dentaliter,
1613 3107 1679 3143 sed
1707 3108 1922 3145 secundum
1951 3108 2243 3147 subsistentiam.

1430 3159 1486 3194 AD
1501 3170 1658 3196 TERTmM
1677 3171 1855 3197 DrcENDUM
1875 3161 1994 3209 quod,
2010 3161 2104 3198 sicut
2122 3175 2238 3211 supra
2251 3163 2270 3184 ²¹⁵
2289 3163 2433 3201 dictum
2461 3170 2470 3180 ·

1377 3262 1509 3299 vinam
1537 3262 1770 3312 simpliciter:
1801 3265 1867 3302 sed
1887 3266 2077 3303 constituit
2104 3279 2190 3304 eam
2219 3269 2433 3306 secundum

1378 3315 1485 3363 quod
1513 3315 1783 3354 denominatur
1810 3330 1833 3354 a
1860 3318 1923 3355 tali
1949 3326 2094 3357 natura.
2130 3320 2223 3356 Non
2255 3319 2359 3358 enim
2386 3334 2434 3359 ex

1432 3451 1707 3512 [3)Fcoappositionem.
1725 3468 1745 3474 -
1762 3455 1926 3487 coaptionem
1946 3456 1983 3486 bc,
2007 3456 2198 3488 appositionem
2218 3457 2246 3488 P,
2265 3458 2434 3490 compositio—

1378 3495 1436 3513 nem
1478 3508 1483 3514 .

1429 3523 1456 3557 γ)
1475 3524 1682 3550 accidentaliter.
1695 3539 1714 3543 -
1726 3526 1824 3557 Tertia;
1843 3526 1985 3551 actualiter
1990 3535 1998 3556 ,·
2016 3526 2050 3551 ita
2062 3527 2087 3551 in
2100 3525 2151 3551 fine
2170 3527 2305 3552 solutionis
2318 3528 2433 3561 ABFpC.

2462 2235 2472 2243 ¹
2483 2234 2538 2255 Can.

1378 3218 1443 3256 est,
1468 3218 1603 3247 natura
1630 3212 1802 3249 humana
1829 3225 1909 3250 non
1937 3214 2127 3251 constituit
2153 3227 2359 3263 personam
2378 3216 2433 3253 di—
2461 3196 2483 3223 θ’

2461 1867 2472 1878 ⁸
2483 1867 2672 1894 Qu.11,art.1‚2.

2462 2292 2525 2308 XXVI-

2554 2240 2575 2255 v.
2583 2244 2592 2250 -
2608 2234 2673 2255 Con-

2463 2260 2508 2281 cilii
2520 2261 2579 2281 Part.
2591 2261 2609 2288 l,
2621 2267 2672 2288 cap.

2560 2914 2576 2938 Τ

2505 3170 2519 3191 f.
2535 3176 2574 3198 qu.
2585 3177 2610 3198 n,
2625 3174 2671 3192 art.

2497 3197 2534 3218 ad.
2548 3203 2568 3218 2.
