2872 3970
211 387 332 409 'Ariston
349 387 379 408 de
391 388 422 408 Λ-

209 414 321 435 m‘malib.
333 414 362 462 11
370 419 395 434 ca

211 428 421 466 vn,n.2.s.1.‘r

210 467 263 488 lect.
278 472 323 488 xiv.

213 2761 265 2783 ‘Cf
271 2761 325 2782 Aris
327 2765 342 2782 t.
347 2761 420 2782 Etln'c.

212 2788 226 2808 Ii
231 2789 251 2809 b
255 2788 285 2809 111
288 2794 346 2815 ,cap.
349 2794 363 2810 ι,
366 2794 388 2809 ιι.
391 2795 423 2816 3.-

212 2814 236 2836 S
252 2804 295 2835 Th.
311 2815 362 2836 lect.
374 2821 409 2836 ιιι.

214 2929 224 2938 ”
238 2927 308 2949 Num.
323 2933 385 2949 xxiv.

449 263 499 299 80

449 346 495 371 est
518 341 645 380 negatio
672 341 844 380 praesentis
867 340 1019 380 corporis.
1055 340 1095 369 Et
1125 339 1265 369 similiter
1295 338 1510 378 diaphaneitas

449 390 496 414 est
511 393 568 424 per
583 393 616 414 se
632 385 736 424 primo
754 383 793 414 ad
808 384 927 419 lumen,
941 393 1015 414 cum
1027 383 1136 414 lumen
1153 383 1192 412 sit
1207 387 1297 412 actus
1312 382 1466 422 diapham'
1475 383 1508 412 *ε

450 434 481 458 et
503 437 571 458 non
596 433 642 458 est
665 427 704 458 ad
726 429 930 467 negationem
954 427 1082 458 luminis
1105 427 1165 457 nisi
1182 435 1239 465 per
1254 425 1410 461 accidens,
1435 426 1511 465 quia

450 472 569 502 scilicet
592 470 679 501 deest
702 471 746 501 illi
773 472 900 511 propria
923 471 1093 510 perfectio,
1124 470 1243 500 scilicet
1270 470 1389 499 lumen.
1424 469 1510 499 Nihil

450 521 558 546 autem
581 516 698 546 horum
727 521 834 555 potest
856 515 918 545 dici
941 514 980 545 de
1003 514 1162 544 habilitate
1185 518 1316 543 naturae
1339 512 1379 543 ad
1400 521 1510 552 perso-

449 559 611 590 nalitatem
631 559 803 599 propriam,
823 559 849 588 si
863 558 994 598 ponitur
1009 558 1154 597 negatio:
1179 557 1255 596 quia
1276 566 1334 596 per
1347 565 1382 586 se
1404 557 1509 596 primo

449 603 580 642 ponitur
603 603 643 632 ad
665 603 884 642 negationem,
915 611 990 632 cum
1013 601 1052 631 ad
1075 601 1154 631 nihil
1177 599 1262 630 aliud
1285 601 1324 630 sit
1351 609 1448 640 quam
1472 599 1511 630 ad

449 647 654 686 negationem
677 655 759 686 quae
782 646 913 686 ponitur
935 645 1151 685 personalitas.

505 690 617 720 XXVI.
641 690 715 720 Alio
739 695 847 719 autem
870 689 970 719 modo
994 688 1210 719 consideratur
1233 693 1265 718 et
1280 687 1436 718 iudicatur
1451 687 1511 717 hu-

450 735 584 765 manitas
608 733 724 764 Christi
746 738 782 764 ιιι
806 738 867 763 est:
892 733 955 763 hoc
979 738 1035 767 est,
1059 738 1094 762 ut
1113 731 1152 762 de
1168 731 1252 762 facto
1272 737 1318 761 est
1332 732 1422 762 unita
1440 740 1511 770 per-

450 787 548 807 sonae
571 777 705 807 divinae.
740 777 781 807 Et
810 777 856 806 sic
884 776 1053 806 iudicanda
1083 781 1128 806 est
1158 775 1336 806 secundum
1363 775 1395 805 id
1422 774 1512 814 quod

450 822 558 852 sortita
582 826 628 851 est
651 830 689 851 ex
712 821 833 850 unione
856 819 895 850 ad
918 819 1058 850 divinam
1081 829 1261 859 personam.
1285 819 1326 849 Et
1345 819 1389 849 sic
1405 818 1512 849 dicen-

451 864 528 895 dum
551 870 598 894 est
621 863 710 904 quod
732 873 799 894 non
817 863 987 894 inclinatur
1009 863 1049 894 ad
1072 864 1234 903 propriam
1255 863 1512 902 personalitatem

450 908 638 938 habendam.
663 908 747 945 Quia
770 908 911 947 regulare
935 913 982 938 est
1004 913 1041 938 ut
1063 907 1207 946 potentia
1229 906 1379 937 naturalis
1402 906 1441 937 ad
1456 907 1511 938 ali-

450 952 538 992 quid,
563 952 588 981 si
611 951 792 991 perficiatur
814 960 870 990 per
886 951 971 981 aliud
994 950 1164 990 perfectius
1185 951 1230 981 sic
1245 950 1335 991 quod
1350 951 1513 981 contineat

450 995 607 1036 quidquid
630 1001 676 1026 est
705 996 738 1025 in
761 995 816 1025 illo
847 994 887 1025 ad
914 995 1004 1034 quod
1025 995 1207 1025 naturaliter
1230 994 1414 1031 inclinatur,
1444 1004 1511 1025 non

449 1040 619 1070 inclinetur
641 1039 777 1078 amplius
800 1039 832 1069 in
851 1038 941 1075 illud,
957 1045 1070 1079 utpote
1085 1039 1149 1069 iam
1165 1039 1276 1070 satiato
1293 1039 1436 1079 appetitu
1451 1049 1511 1069 suo

448 1083 583 1114 naturali
606 1093 644 1113 ex
667 1082 848 1122 perfectiori
871 1083 1055 1114 continente
1071 1084 1166 1114 etiam
1182 1082 1261 1114 illud
1283 1083 1323 1113 ad
1346 1082 1435 1123 quod
1457 1093 1512 1114 na-

449 1127 590 1158 turaliter
612 1127 770 1158 tendebat.
794 1126 908 1167 Neque
924 1127 1010 1158 enirn
1026 1128 1132 1158 minus
1149 1133 1195 1158 est
1210 1128 1338 1158 satiatus
1354 1128 1512 1167 appetitus

450 1181 487 1202 ex
511 1171 720 1210 acquisitione
743 1171 827 1201 illius
850 1170 1057 1210 perfectioris,
1082 1181 1180 1211 quam
1203 1170 1313 1202 fuisset
1331 1172 1458 1202 satiatus
1474 1181 1512 1202 ex

450 1215 660 1255 acquisitione
683 1215 766 1245 illius
785 1214 1027 1255 imperfectioris
1050 1215 1090 1245 ad
1113 1214 1203 1255 quod
1225 1214 1384 1246 tendebat.
1409 1214 1472 1246 Sed
1486 1216 1512 1246 si

450 1259 665 1299 acquisivisset
688 1258 766 1289 illud
787 1258 1020 1299 imperfectum,
1045 1260 1107 1290 iam
1131 1259 1241 1290 fuisset
1256 1259 1399 1299 expletus
1414 1269 1511 1300 appe-

449 1304 535 1339 titus,
559 1313 600 1333 ne
623 1303 759 1342 amplius
782 1308 954 1343 appeteret,
979 1303 1035 1334 sed
1058 1304 1236 1343 quiesceret
1257 1304 1290 1334 in
1312 1303 1368 1334 illo
1391 1304 1512 1344 absque

450 1347 576 1378 alterius
600 1347 753 1387 appetitu.
783 1347 884 1386 Ergo,
908 1348 934 1378 si
956 1348 1087 1387 ponitur
1110 1347 1199 1387 quod
1222 1348 1402 1387 acquisierit
1424 1347 1456 1378 id
1478 1348 1512 1378 in

451 1400 518 1431 quo
542 1392 724 1421 continetur
748 1390 906 1430 quidquid
927 1391 960 1421 in
984 1391 1046 1421 alio
1071 1397 1126 1427 est,
1151 1392 1294 1431 quiescet
1315 1392 1349 1422 in
1367 1391 1423 1422 illo
1443 1392 1512 1422 abs-

451 1444 515 1474 que
538 1435 664 1465 alterius
687 1435 840 1474 appetitu.
865 1434 916 1465 Sic
939 1440 1047 1465 autem
1071 1441 1117 1465 est
1139 1436 1171 1465 in
1188 1436 1366 1475 proposito,
1391 1435 1512 1466 utendo

449 1479 593 1518 potentia
615 1484 647 1509 et
669 1484 742 1509 actu
765 1483 862 1518 prout
884 1478 995 1509 locum
1017 1479 1132 1508 habere
1148 1484 1284 1518 possunt
1306 1479 1387 1509 inter
1405 1480 1512 1510 termi-

450 1523 554 1552 nabile
579 1527 609 1552 et
631 1523 814 1552 terminum.
839 1522 1004 1560 Quoniam
1027 1532 1164 1562 persona
1180 1522 1285 1552 divina
1301 1523 1445 1554 continet
1460 1532 1513 1554 ex-

451 1567 600 1597 cellenter
623 1567 722 1602 in·se‚
747 1567 841 1597 etiam
860 1567 893 1597 in
908 1566 1120 1602 terminando,
1145 1565 1303 1606 quidquid
1325 1567 1420 1597 habet
1442 1575 1512 1607 per-

450 1611 599 1641 sonalitas
623 1615 741 1641 creata:
766 1619 842 1641 curn
864 1611 903 1640 sit
925 1610 1049 1641 infinita
1073 1616 1103 1641 et
1126 1611 1159 1641 in
1183 1610 1318 1641 essendo
1342 1616 1374 1641 et
1395 1611 1429 1641 in
1451 1615 1513 1641 ter-

450 1654 613 1685 minando.
634 1654 674 1684 Et
690 1660 858 1694 propterea
874 1655 1052 1685 humanitas
1068 1654 1195 1691 Christi,
1212 1660 1372 1694 assumpta
1388 1653 1427 1685 ad
1442 1663 1514 1694 per-

450 1699 651 1728 sonalitatem
675 1698 830 1734 divinam,
858 1704 964 1728 totum
983 1699 1162 1739 appetitum
1184 1699 1415 1738 personalitatis
1441 1698 1514 1738 plus

451 1752 549 1782 quam
572 1743 719 1772 satiatum
742 1752 778 1773 ae
801 1748 1061 1773 consummatum
1084 1743 1195 1773 habet:
1227 1748 1258 1772 et
1281 1748 1514 1782 consequenter

451 1787 596 1826 quiescit,
610 1787 730 1826 absque
746 1787 889 1826 appetitu
905 1795 1114 1826 quocumque
1130 1786 1256 1816 alterius
1272 1786 1512 1826 personalitatis

451 1830 549 1866 Sicut,
573 1831 599 1860 si
614 1830 744 1860 materia
759 1830 892 1860 alicuius
907 1831 1094 1870 generabilis
1116 1830 1245 1860 haberet
1262 1839 1360 1860 unam
1377 1829 1513 1860 formam

452 1875 671 1904 continentem
693 1873 850 1914 quidquid
872 1875 905 1905 in
924 1875 1065 1913 qualibet
1081 1874 1183 1904 forma
1200 1874 1429 1914 generabilium
1445 1883 1513 1904 esse

450 1923 566 1958 potest,
592 1919 768 1958 quiesceret
790 1919 823 1948 in
838 1918 891 1948 illa
913 1918 956 1948 ita
972 1917 1061 1958 quod
1082 1918 1203 1948 nullam
1223 1918 1316 1948 aliam
1333 1923 1511 1957 appeteret:

452 1963 606 2002 quamvis,
630 1961 808 1992 secundum
832 1971 875 1998 se,
899 1963 962 1992 hoc
982 1967 1027 1993 est
1050 1961 1260 1992 abstrahendo
1277 1962 1315 1991 ab
1331 1962 1384 1992 illa
1399 1961 1511 1996 forma,

452 2006 664 2042 considerata,
695 2006 877 2037 naturaliter
899 2006 1101 2036 inclinaretur
1129 2005 1168 2036 ad
1191 2006 1353 2046 propriam
1376 2005 1513 2036 formam

451 2050 675 2090 generabilem.

506 2094 546 2124 Et
570 2095 723 2134 quoniam
746 2094 926 2125 humanitas
950 2094 1067 2125 Christi
1095 2092 1273 2124 differenter
1296 2092 1513 2124 consideratur

450 2139 484 2168 in
507 2138 743 2178 assumptione,
775 2143 805 2168 et
831 2138 894 2168 iarn
919 2143 1096 2177 assumpta;
1127 2138 1202 2177 quia
1231 2138 1265 2167 in
1294 2137 1512 2176 assumptione

451 2182 668 2212 consideratur
691 2181 869 2212 secundum
892 2192 941 2218 se,
967 2182 1042 2221 quia
1069 2181 1159 2221 quod
1188 2181 1358 2211 assumitur
1387 2181 1511 2220 praein-

450 2226 600 2265 telligitur
623 2227 849 2266 assumptioni;
874 2227 937 2256 iarn
958 2231 1066 2256 autem
1089 2230 1260 2265 assumpta,
1284 2224 1442 2255 iudicatur
1464 2234 1512 2254 se-

451 2270 594 2301 cundum
625 2269 714 2310 quod
743 2275 790 2300 est
819 2270 908 2300 unita
936 2279 1092 2310 personae
1124 2269 1264 2300 divinaez
1295 2268 1388 2304 ideo,
1420 2274 1511 2299 caute

450 2314 632 2353 loquendo,
663 2313 834 2344 dicendum
857 2320 904 2344 est
934 2313 1024 2354 quod
1053 2323 1190 2353 persona
1217 2312 1322 2344 divina
1351 2312 1514 2352 impedivit

449 2363 595 2388 naturam
618 2359 791 2388 humanam
815 2368 832 2388 a
854 2359 983 2398 propria
1000 2357 1242 2397 personalitate;
1267 2362 1298 2387 et
1312 2366 1380 2387 non
1396 2361 1443 2387 est
1466 2356 1512 2388 di-

450 2401 589 2432 cendum
613 2401 702 2442 quod
724 2411 861 2441 persona
877 2402 982 2433 divina
1005 2401 1135 2442 impedit
1156 2401 1386 2432 humanitatem
1401 2411 1419 2430 a
1437 2410 1512 2440 pro-

448 2446 516 2486 pria
539 2446 772 2486 personalitate.
804 2446 864 2476 Per
885 2445 1153 2486 impedimentum
1177 2445 1264 2475 enim
1286 2445 1320 2474 in
1342 2445 1511 2484 praeterito

449 2489 620 2520 denotatur
648 2490 798 2520 naturalis
826 2490 991 2520 inclinatio
1021 2489 1225 2520 humanitatis
1254 2488 1433 2519 secundum
1460 2498 1509 2519 se·

448 2543 506 2573 per
520 2535 724 2573 negationem
740 2539 847 2565 autem
862 2533 1084 2573 impedimenti
1106 2534 1140 2563 in
1163 2533 1320 2573 praesenti
1341 2532 1512 2563 denotatur

449 2578 685 2608 consummatio
710 2578 815 2608 omnis
837 2578 997 2617 appetitus
1019 2577 1250 2617 personalitatis
1272 2577 1306 2607 in
1321 2575 1374 2606 illa
1388 2582 1509 2607 natura.

449 2622 490 2652 Et
511 2627 682 2662 propterea
704 2627 791 2661 patet
815 2621 904 2661 quod
920 2621 1086 2661 impeditio
1105 2621 1282 2661 praeterita,
1300 2621 1375 2660 quia
1389 2630 1511 2651 annexa

450 2671 496 2696 est
512 2667 631 2696 actioni
647 2666 919 2696 consummativae
936 2665 1140 2696 excellentius
1156 2665 1239 2696 illius
1255 2665 1423 2704 appetitus,
1443 2674 1511 2695 non

448 2709 571 2740 inducit
594 2709 781 2740 violentiam
804 2710 837 2740 in
861 2710 987 2740 actione
1010 2714 1064 2739 aut
1086 2709 1245 2748 passione,
1269 2714 1324 2739 aut
1340 2709 1447 2748 quiete
1463 2718 1511 2739 se-

449 2759 585 2793 quente:
611 2763 686 2784 cum
710 2754 804 2784 etiam
814 2763 948 2794 passum
964 2753 1114 2794 conferat
1128 2753 1191 2783 vim
1203 2754 1219 2769 ’θ
1235 2752 1435 2782 obedientiae
1450 2753 1510 2783 hu-

449 2797 587 2828 iusmodi
610 2798 738 2833 actioni,
763 2807 860 2837 quam
883 2796 1039 2837 significat
1060 2797 1246 2836 assumptio.
1279 2797 1320 2826 Et
1342 2802 1511 2836 propterea

449 2842 482 2871 in
505 2842 606 2871 littera
630 2841 744 2872 dicitur
767 2842 799 2872 in
822 2842 992 2881 praeterito
1020 2840 1110 2880 quod
1130 2840 1312 2880 impedivit:
1334 2846 1366 2870 et
1380 2850 1448 2870 non
1464 2840 1510 2871 di—

450 2886 530 2915 citur
553 2885 642 2925 quod
666 2886 804 2926 impedit.

503 2929 630 2960 XXVII.
654 2930 704 2960 Ad
727 2930 865 2960 rationes
888 2935 995 2960 autern
1019 2929 1145 2959 alterius
1161 2928 1323 2968 opinionis
1338 2929 1355 2944 θ’
1377 2938 1510 2968 respon-

449 2972 565 3009 dendo,
590 2973 704 3004 dicitur
727 2973 816 3013 quod
838 2974 946 3013 magni
968 2973 1062 3004 refert
1084 2973 1176 3012 loqui
1191 2972 1231 3003 de
1246 2972 1442 3003 humanitate
1458 2982 1509 3002 so-

448 3017 617 3048 lummodo
648 3027 801 3057 suspensa
830 3027 887 3057 per
913 3017 1052 3047 divinam
1075 3017 1252 3056 potentiam
1276 3026 1294 3046 a
1321 3025 1378 3046 sua
1400 3025 1510 3055 perso-

448 3061 585 3096 nalitate,
610 3066 645 3091 ut
667 3062 694 3091 si
717 3061 804 3091 Deus
827 3061 1057 3091 humanitatem
1073 3061 1213 3100 aliquam
1235 3061 1303 3090 sine
1319 3060 1383 3091 ulla
1401 3069 1510 3099 perso-

448 3105 575 3135 nalitate
599 3105 730 3135 faceret:
757 3110 787 3134 et
805 3105 897 3144 loqui
913 3104 951 3134 de
967 3105 1163 3135 humanitate
1178 3105 1344 3135 terminata
1366 3113 1423 3143 per
1438 3113 1509 3143 per-

448 3149 646 3178 sonalitatem
670 3148 809 3178 divinam
832 3154 863 3178 et
886 3154 1045 3178 carentem
1067 3149 1205 3188 propria.
1228 3148 1312 3178 Nam
1335 3147 1374 3178 de
1397 3148 1508 3178 huma-

448 3193 545 3222 nitate
567 3193 671 3231 primo
695 3191 806 3227 modo,
829 3201 940 3221 verum
957 3197 1003 3221 est
1026 3192 1114 3231 quod
1137 3192 1319 3222 naturaliter
1341 3192 1509 3223 inclinatur

448 3236 487 3266 ad
511 3245 600 3266 suam
623 3235 889 3275 personalitatem.
914 3235 954 3264 Et
976 3236 1039 3265 hoc
1062 3241 1185 3266 tantum
1208 3236 1322 3276 probat
1341 3245 1508 3275 argumen—

448 3286 517 3309 tum
541 3279 677 3319 loquens
700 3284 823 3309 tantum
855 3278 894 3308 de
918 3284 1043 3308 carente
1066 3280 1123 3309 sibi
1147 3279 1254 3310 debito
1285 3289 1341 3319 per
1364 3279 1507 3311 divinum

448 3323 648 3353 miraculum.
683 3323 732 3352 De
755 3323 950 3352 humanitate
974 3332 1050 3352 vero
1080 3323 1221 3353 secundo
1244 3323 1362 3359 modo,
1394 3323 1508 3354 falsum

450 3373 495 3396 est
519 3366 608 3406 quod
630 3366 799 3397 inclinetur
821 3366 853 3396 in
877 3365 1038 3405 propriam
1058 3367 1331 3405 personalitatem:
1356 3368 1431 3406 quia
1453 3377 1508 3407 ap-

448 3411 565 3449 petitus
589 3411 656 3440 eius
680 3411 813 3450 quiescit
828 3410 861 3440 in
877 3409 1099 3449 personalitate
1115 3409 1229 3440 divina.
1253 3410 1293 3440 Et
1310 3411 1383 3450 quia
1399 3411 1508 3441 huius-

449 3453 536 3483 modi
561 3454 738 3484 humanitas
761 3463 827 3484 non
844 3459 891 3483 est
913 3458 1037 3483 tantum
1053 3462 1162 3483 carens
1185 3454 1312 3492 propria
1335 3455 1508 3493 personali·

449 3502 522 3533 tate,
546 3496 601 3527 sed
624 3498 787 3528 terminata
811 3507 846 3528 ac
863 3497 971 3527 satiata
985 3496 1087 3527 aliena
1109 3497 1172 3532 tali,
1189 3496 1262 3527 ideo
1285 3503 1507 3536 argumentum

448 3550 515 3571 non
541 3541 633 3570 habet
657 3541 688 3571 in
713 3551 749 3571 ea
772 3541 891 3572 locum.

504 3584 555 3614 Ad
578 3584 756 3615 secundum
780 3584 892 3616 dicitur
922 3583 1010 3624 quod
1033 3584 1211 3614 humanitas
1241 3583 1374 3620 Christi,
1399 3583 1507 3623 quoad

1165 260 1426 307 QUAESTIO
1456 260 1522 306 ιν,

1556 259 1848 297 ARTICULUS
1877 261 1906 297 II

1563 338 1720 368 naturales
1741 339 1900 378 potentias
1923 344 1954 369 et
1977 339 2152 369 habilitates
2175 339 2334 370 humanae
2355 346 2485 371 naturae
2509 345 2622 372 se'cun-

1564 381 1642 412 dum
1665 391 1715 417 se,
1740 387 1786 412 est
1808 381 1951 413 eiusdem
1973 383 2102 413 rationis
2127 393 2201 414 curn
2225 383 2302 414 aliis.
2337 383 2399 414 Sed
2428 385 2535 424 quoad
2561 391 2622 416 ter-

1563 425 1773 456 minationem
1795 431 1827 455 et
1848 426 2023 457 satietatem
2050 436 2127 457 suae
2149 427 2396 467 personalitatis,
2427 433 2474 458 est
2496 429 2624 459 alterius

1563 469 1692 499 rationis
1715 470 1754 499 ab
1777 469 1860 500 aliis:
1885 470 1960 510 quia
1982 471 2167 501 terminatur
2190 477 2221 501 et
2237 471 2365 501 satiatur
2387 471 2488 503 aliena
2503 471 2623 503 divina-

1564 521 1628 551 que
1650 512 1888 552 personalitate;
1918 523 2073 553 personae
2096 514 2237 555 reliquae
2259 515 2396 555 propriis
2418 516 2624 555 personalita—

1563 556 1648 586 tibus
1670 557 1880 587 terminantur
1902 563 1933 588 et
1955 558 2115 589 satiantur.

1618 599 1670 629 Ad
1684 600 1812 630 tertium
1828 600 1942 631 dicitur
1956 601 2045 642 quod
2061 603 2249 642 aequivocat
2264 602 2304 633 de
2314 611 2377 643 per
2387 612 2421 633 se
2436 612 2512 634 esse.
2532 603 2624 642 Quo—

1564 643 1650 673 niam
1669 653 1736 674 esse
1748 653 1812 683 per
1825 653 1859 675 se
1874 643 2042 685 dupliciter
2056 647 2200 676 sumitur.
2221 646 2356 683 Scilicet,
2372 652 2411 677 ut
2424 646 2626 687 distinguitur

1565 692 1675 717 contra
1698 696 1766 718 esse
1788 688 1820 718 in
1844 688 1911 719 alio
1935 693 1971 719 ut
1991 689 2140 721 accidens
2162 694 2210 721 est
2231 690 2264 721 in
2287 690 2447 721 subiecto.-
2469 697 2501 722 et
2516 690 2555 722 de
2570 691 2625 722 tali

1564 740 1676 761 verum
1700 737 1747 761 est
1769 731 1859 771 quod
1881 732 1924 762 ita
1946 733 2096 764 sehabet
2119 733 2158 764 ad
2181 735 2388 765 substantiam
2417 735 2502 766 sicut
2521 734 2625 765 inesse

1565 774 1604 804 ad
1627 774 1782 805 accidens.
1805 775 1880 806 Alio
1895 775 1996 807 modo
2011 778 2147 808 sumitur
2164 783 2202 808 ut
2215 777 2417 818 distinguitur
2431 784 2544 809 contra
2557 787 2626 810 esse

1565 818 1598 848 in
1621 819 1688 849 alio
1713 823 1749 849 ut
1771 819 1803 849 in
1827 819 1932 860 quod:
1962 826 1992 850 et
2015 821 2060 851 sic
2087 830 2155 852 non
2177 821 2289 852 definit
2310 823 2534 860 substantiam;
2563 831 2624 854 nec

1565 863 1716 893 convenit
1743 863 1934 894 substantiae
1964 865 2024 894 nisi
2053 865 2175 895 ratione
2204 866 2398 906 hypostasis,
2430 867 2483 897 cui
2511 875 2568 907 per
2591 875 2624 897 se

1564 907 1669 946 primo
1693 907 1852 937 convenit.
1875 907 1917 938 Et
1931 907 2005 938 ideo
2020 917 2089 938 non
2105 914 2151 939 est
2165 909 2283 940 mirum
2297 909 2324 940 si
2338 910 2518 940 humanitas
2533 909 2625 941 Ciu-i-

1564 951 1613 986 sti,
1634 960 1672 981 ex
1688 951 1808 981 unione
1825 950 1864 982 ad
1879 950 2018 982 divinam
2033 961 2204 992 personam
2227 958 2486 984 consummatum
2505 954 2625 985 habens

1565 995 1742 1034 appetitum
1764 995 2008 1035 personalitatis,
2031 1005 2092 1026 nec
2115 1002 2189 1027 actu
2209 1006 2271 1027 nec
2293 997 2468 1038 aptitudine
2490 998 2625 1029 namtali

1566 1039 1639 1077 (nisi
1661 1048 1736 1069 cum
1759 1039 1818 1069 ista
1835 1039 2024 1076 adiectione,
2038 1039 2213 1071 secundum
2235 1040 2282 1080 re)
2305 1041 2475 1072 inclinatur
2492 1041 2533 1072 ad
2550 1051 2626 1082 pro-

1565 1083 1665 1122 priam
1688 1083 1955 1122 personalitatem.
1989 1083 2079 1114 Patet
2093 1085 2180 1115 enim
2200 1085 2265 1116 iarn
2282 1093 2352 1115 non
2375 1094 2442 1116 esse
2465 1085 2567 1116 simile
2586 1085 2627 1116 de

1565 1127 1632 1166 ipsa
1655 1133 1686 1157 et
1709 1127 1749 1157 de
1772 1126 1935 1158 accidente
1957 1134 2118 1178 separato:
2141 1127 2198 1159 sed
2221 1134 2301 1160 esset
2323 1129 2426 1159 simile
2451 1128 2491 1160 de
2513 1129 2627 1160 huma·-

1564 1171 1662 1201 nitate
1684 1181 1838 1211 suspensa
1859 1172 1898 1202 ab
1921 1173 2011 1202 omni
2033 1173 2266 1212 personalitate,
2289 1173 2316 1203 si
2338 1172 2490 1213 suspendi
2510 1173 2626 1204 intelli„

1565 1221 1655 1255 gatur
1678 1224 1735 1255 per
1755 1215 1956 1252 miraculum,
1980 1222 2034 1246 aut
2056 1225 2114 1256 per
2136 1216 2394 1248 conditionalem.

1619 1259 1671 1290 Ad
1694 1265 1843 1299 quartum
1866 1259 1989 1296 dicitur,
2013 1261 2096 1291 sicut
2117 1259 2158 1291 ad
2179 1261 2334 1301 primum,
2358 1259 2448 1301 quod
2470 1260 2556 1292 aliud
2576 1267 2627 1292 est

1564 1304 1655 1354 loqui
1678 1303 1717 1334 de
1740 1304 1945 1334 inclinatione
1968 1304 2101 1334 naturali
2123 1305 2244 1344 privata
2266 1305 2316 1335 vel
2340 1310 2465 1337 carente
2481 1310 2554 1336 actu
2573 1305 2626 1336 vel

1564 1348 1718 1379 termino:
1749 1353 1781 1378 et
1807 1347 1892 1378 aliud
1914 1347 1954 1378 de
1977 1347 2088 1379 eadem
2111 1354 2332 1379 consummata
2358 1357 2417 1389 per
2445 1354 2553 1380 actum
2574 1349 2626 1380 vel

1564 1392 1736 1422 terminum
1752 1392 1928 1422 eminenter
1943 1393 2161 1422 continentem
2176 1398 2284 1423 actum
2298 1393 2349 1423 vel
2363 1393 2536 1423 terminum
2550 1402 2626 1433 pro-

1564 1437 1687 1476 prium,
1719 1441 1750 1466 et
1777 1434 1850 1466 ideo
1877 1436 1998 1475 privata
2018 1436 2070 1466 vel
2097 1442 2223 1467 carente
2252 1437 2383 1476 proprio
2414 1437 2551 1468 termino
2573 1436 2627 1467 vel

1565 1485 1648 1510 actu.
1681 1479 1844 1530 Quoniam
1867 1480 1900 1510 in
1923 1480 2025 1519 prima
2046 1489 2172 1520 semper
2193 1486 2288 1510 restat
2308 1481 2458 1511 naturalis
2481 1479 2627 1521 aptitudo

1565 1523 1605 1553 ad
1627 1524 1811 1573 proprium:
1835 1524 1868 1553 in
1891 1523 2031 1554 secunda
2052 1533 2136 1560 non,
2159 1529 2290 1564 propter
2312 1525 2470 1554 rationem
2499 1524 2625 1555 dictam.

1566 1567 1607 1597 Et
1629 1566 1714 1603 ideo,
1737 1567 1763 1597 si
1786 1567 1964 1597 intellectus
1987 1573 2160 1607 poneretur
2183 1568 2399 1598 consummari
2421 1573 2495 1598 actu
2517 1567 2626 1608 aliquo

1565 1610 1795 1650 supernaturali
1819 1611 1994 1641 eminenter
2017 1611 2202 1642 continente
2225 1617 2332 1642 actum
2354 1611 2536 1652 proprium,
2558 1620 2627 1642 non

1565 1655 1769 1685 inclinaretur
1791 1655 1928 1694 amplius
1951 1655 1985 1684 in
2006 1655 2184 1695 proprium.

1620 1699 1762 1729 XXVIII.
1784 1698 1836 1729 Ad
1851 1698 2029 1729 secundum
2041 1698 2175 1730 dubium
2185 1700 2202 1716 ⁴*
2217 1698 2331 1730 dicitur
2347 1698 2445 1739 quod,
2457 1704 2495 1730 ut
2505 1699 2629 1731 Auctor
2654 1702 2664 1713 ⁸

1566 1743 1712 1782 superius
1735 1742 1821 1778 dixit,
1844 1743 1879 1772 in
1901 1752 1956 1782 qu.
1972 1752 2004 1778 ιι,
2029 1749 2084 1773 art.
2105 1750 2132 1779 1,
2156 1742 2196 1773 ad
2217 1752 2246 1779 2,
2271 1753 2309 1774 ex
2324 1743 2430 1774 anima
2445 1748 2477 1774 et
2491 1751 2629 1784 corpore

1566 1787 1770 1816 constituitur
1785 1787 1817 1816 in
1834 1795 2036 1826 unoquoque
2058 1793 2204 1817 nostrum
2227 1786 2345 1827 duplex
2368 1788 2482 1822 unitas,
2497 1792 2629 1819 natutae

1566 1830 1685 1860 scilicet
1707 1836 1739 1860 et
1761 1839 1932 1870 personae:
1956 1836 2087 1861 naturae
2110 1830 2252 1870 quidem,
2275 1830 2454 1862 secundum
2477 1829 2567 1871 quod
2589 1840 2627 1861 ex

1564 1875 1696 1904 materia
1719 1880 1751 1904 et
1773 1873 1886 1910 forma,
1909 1879 1945 1904 ut
1968 1873 2141 1905 formaliter
2162 1874 2249 1905 illam
2264 1873 2398 1914 perficit,
2421 1874 2628 1915 componitur

2686 1701 2758 1725 Num.
2780 1707 2840 1725 nur
2848 1719 2858 1730 ,

2653 1753 2692 1778 ὼ.
2773 1734 2857 1752 mun·

1564 1923 1676 1948 natura
1692 1927 1756 1948 una
1771 1918 1967 1957 composita3
1990 1927 2147 1957 personae
2162 1927 2250 1955 vero,
2269 1919 2462 1958 inquantum
2477 1923 2525 1949 est
2541 1927 2627 1949 unm
2655 1938 2658 1940 ψ

1565 1962 1678 2001 aliquis
1702 1962 1874 1992 subsistens
1889 1962 1923 1992 in
1938 1971 2032 1992 carne
2048 1967 2079 1992 et
2094 1962 2209 1992 anima.
2233 1962 2296 1993 Ubi
2314 1963 2419 2002 primo
2434 1961 2508 1992 vide
2526 1961 2626 2002 quod,

1566 2006 1641 2045 quia
1663 2015 1720 2036 ens
1743 2011 1774 2036 et
1797 2015 1899 2036 unum
1923 2011 2162 2042 convertuntur,
2185 2015 2221 2036 ac
2244 2015 2301 2046 per
2322 2006 2396 2043 hoc,
2420 2006 2476 2036 ubi
2499 2011 2547 2037 est
2568 2005 2628 2037 du-

1564 2050 1637 2089 plex
1660 2050 1774 2085 unitas,
1798 2050 1842 2079 ibi
1866 2054 1913 2079 est
1934 2048 2053 2089 duplex
2075 2050 2198 2086 entitas,
2223 2059 2299 2080 cum
2322 2050 2425 2080 unitas
2453 2059 2550 2090 supra
2569 2059 2627 2081 en-

1565 2094 1686 2124 titatem
1702 2094 1804 2124 solam
1820 2092 2044 2124 indivisionem
2060 2092 2165 2124 addat:
2185 2099 2364 2134 propterea,
2385 2093 2521 2126 dicendo
2537 2092 2628 2134 quod

1566 2147 1603 2168 ex
1626 2138 1732 2167 anima
1763 2142 1794 2167 et
1823 2146 1959 2177 corpore
1982 2137 2185 2168 constituitur
2207 2137 2324 2188 duplex
2347 2137 2468 2174 unitas,
2495 2142 2628 2169 natusne
2669 2143 2673 2146 ”

1565 2187 1597 2212 et
1626 2191 1799 2221 personae,
1822 2181 1944 2212 dictum
1974 2186 2021 2211 est
2050 2180 2140 2221 quod
2165 2181 2368 2212 constituitur
2399 2180 2517 2221 duplex
2547 2181 2627 2213 enti-

1563 2231 1621 2262 tas,
1637 2231 1767 2256 naturae
1790 2225 1910 2256 scilicet
1932 2230 1964 2255 et
1986 2234 2151 2265 personae.
2172 2225 2213 2255 Et
2235 2225 2310 2256 hinc
2331 2225 2429 2256 habes
2452 2223 2541 2265 quod
2552 2225 2628 2266 opi-

1564 2270 1619 2300 nio
1643 2275 1715 2300 ante
1731 2270 1748 2286 ⁴
1770 2269 1854 2299 dicta
1883 2268 1923 2300 de
1945 2269 2168 2309 personalitate
2191 2274 2348 2300 consonat
2374 2268 2536 2300 doetrinae
2557 2269 2665 2303 ‹Au-⁶

1566 2314 1672 2344 ctoris.

1618 2356 1700 2388 Vide
1723 2356 1876 2393 secund0,
1900 2356 1990 2396 quod
2012 2357 2116 2389 unitas
2138 2365 2175 2387 ac
2191 2357 2304 2387 entitas
2318 2365 2474 2397 personae
2488 2365 2625 2388 nonex-

1564 2401 1702 2432 cluditur
1725 2411 1743 2431 a
1765 2401 1947 2432 causalitate
1968 2405 2110 2436 naturae,
2133 2399 2212 2431 dum
2229 2400 2344 2431 dicitur
2366 2399 2456 2440 quod
2478 2409 2517 2431 ex
2539 2401 2627 2441 pnn-

1565 2446 1654 2485 cipiis
1675 2451 1806 2476 naturae
1829 2445 2042 2480 constituitur,
2062 2454 2100 2474 ex
2123 2445 2229 2475 anima
2251 2450 2282 2474 et
2304 2453 2450 2485 corpore.
2485 2443 2526 2475 Et
2550 2442 2627 2476 ideo

1564 2489 1721 2520 utendum
1750 2487 1889 2520 occurrit
1916 2488 2025 2538 regula
2055 2489 2279 2519 communium
2305 2488 2377 2519 Deo
2404 2494 2436 2519 et
2459 2489 2626 2525 creaturis,

1563 2539 1641 2573 puta
1664 2543 1731 2564 esse
1755 2533 1936 2572 sapientiae,
1958 2532 2117 2568 scientiae,
2134 2537 2165 2562 et
2180 2532 2376 2568 huiusmodi,
2393 2541 2475 2572 quae
2491 2531 2627 2571 dicimus

1563 2576 1722 2608 transferri
1743 2578 1778 2607 in
1800 2577 1907 2607 Deum
1930 2575 2118 2612 formaliter,
2151 2576 2276 2606 sublato
2300 2585 2340 2606 eo
2364 2575 2454 2616 quod
2475 2574 2626 2616 imperfe-

1564 2622 1678 2652 ctionis
1701 2626 1748 2651 est
1771 2621 1804 2651 in
1828 2621 1986 2651 creaturis.
2011 2620 2056 2650 Ita
2079 2619 2178 2660 quod,
2201 2620 2277 2650 licet
2294 2621 2328 2650 in
2344 2620 2495 2650 creaturis
2514 2629 2626 2660 peno-

1562 2675 1638 2696 nare
1662 2671 1692 2695 et
1715 2665 1879 2705 personari
1906 2673 1975 2694 non
1996 2664 2076 2694 nihil
2099 2663 2288 2694 causalitatis
2309 2664 2424 2694 habeat
2445 2673 2624 2699 annuum,

1563 2709 1736 2740 formaliter
1758 2714 1865 2739 tamen
1896 2708 1945 2748 (ut
1967 2708 2113 2748 superius
2134 2708 2151 2724 ἕ
2174 2707 2214 2738 de
2243 2717 2283 2738 eo
2310 2707 2525 2739 communiter
2547 2706 2625 2739 dixi-

1563 2763 1634 2784 mus
1658 2753 1726 2783 sine
1748 2752 1930 2783 causalitate
1953 2752 2130 2792 comparari
2145 2751 2185 2782 ad
2199 2751 2370 2791 naturam),
2393 2751 2519 2782 sublate
2532 2751 2624 2782 omni

1563 2807 1603 2828 eo
1627 2796 1716 2837 quod
1739 2795 1989 2836 imperfectionis
2004 2801 2061 2831 est,
2085 2801 2121 2826 ut
2142 2795 2176 2825 in
2192 2794 2304 2826 divinis
2319 2796 2487 2831 invenitur,
2502 2794 2624 2828 nulum

1563 2841 1778 2872 causalitatem
1800 2839 1944 2870 includit.
1972 2839 2014 2870 Et
2037 2840 2081 2870 sic
2103 2840 2273 2870 intervenit
2293 2839 2328 2870 in
2349 2839 2502 2880 mysterio
2522 2838 2624 2871 inem

1562 2886 1710 2919 nationis,
1735 2883 1824 2924 quod
1845 2882 2025 2914 secundum
2042 2883 2165 2914 nullam
2181 2883 2396 2914 causalitatem
2410 2881 2534 2914 dictum
2548 2882 2623 2913 est*

1563 2939 1630 2959 esse
1653 2929 1734 2959 inter
1756 2937 1927 2968 personam
1950 2932 1981 2957 et
2000 2933 2146 2958 naturam
2162 2927 2351 2957 humanam:
2375 2926 2519 2966 alioquin
2533 2934 2623 2956 com÷=

1562 2973 1669 3003 munis
1691 2978 1774 3003 esset
1795 2972 1856 3002 toti
1879 2971 2035 3001 Trinitati.

1616 3017 1834 3047 Veruntamen
1856 3020 1978 3051 natura,
2002 3024 2059 3046 seu
2074 3021 2205 3046 naturae
2219 3014 2384 3055 principia,
2406 3013 2533 3044 nonita
2547 3022 2623 3044 cau-

1562 3066 1631 3091 sant
1661 3060 1918 3100 personalitatem
1940 3064 1976 3090 ut
1999 3059 2187 3090 interveniat
2214 3057 2320 3089 media
2345 3057 2445 3088 actio:
2478 3055 2536 3087 sed
2564 3065 2623 3097 per

1562 3104 1697 3135 modum
1712 3104 1861 3134 naturalis
1882 3103 2032 3143 sequelae
2048 3102 2254 3143 personalitas
2275 3100 2363 3132 adest
2378 3106 2526 3136 nanu-affl
2553 3109 2623 3131 non

1561 3149 1643 3179 sicut
1665 3148 1794 3187 propria
1815 3147 1920 3187 passio
1943 3147 2126 3178 naturaliter
2144 3145 2351 3185 consequitur
2364 3144 2566 3175 subiectum
2557 3153 2622 3175 iam

1563 3192 1790 3227 constitutum,
1821 3191 1976 3231 quoniam
2005 3199 2074 3221 non
2097 3199 2134 3220 ea
2155 3189 2277 3220 ratione
2305 3187 2511 3228 personalitas
2534 3187 2622 3218 adest

1563 3236 1652 3276 quasi
1676 3235 1774 3275 quod,
1798 3235 1870 3266 data
1891 3234 2004 3270 forma,
2028 3233 2143 3265 dentur
2160 3231 2390 3272 consequentia
2407 3230 2447 3262 ad
2465 3231 2620 3268 formam3

1562 3279 1617 3310 sed
1640 3280 1721 3310 sicut
1742 3278 1896 3319 perfectio
1919 3287 1976 3309 seu
1999 3276 2272 3318 complementum
2287 3274 2419 3306 effectus
2439 3275 2622 3306 naturaliter

1561 3324 1704 3363 sequitur
1727 3322 1876 3354 effectum
1899 3322 1990 3353 cuius
2013 3326 2060 3352 est
2076 3319 2363 3360 complementum.
2386 3318 2507 3350 Natura
2521 3319 2620 3359 siqui-

1562 3367 1646 3404 dem,
1670 3372 1705 3398 ut
1727 3367 1814 3407 prior
1837 3365 2030 3400 causalitate,
2053 3363 2248 3403 incompleta
2270 3369 2318 3393 est
2339 3362 2447 3403 quoad
2470 3362 2620 3394 ultimum

1561 3412 1610 3442 sui
1634 3410 1918 3450 complementum,
1941 3414 1976 3439 ut
1997 3408 2122 3439 Auctor
2142 3406 2219 3438 dixit
2234 3406 2266 3436 ’-
2298 3411 2342 3442 et,
2362 3412 2399 3437 ut
2420 3412 2619 3447 personatur,

1561 3454 1710 3485 ultimum
1734 3454 2007 3494 complementum
2030 3450 2215 3491 assequitur.
2240 3449 2316 3488 Quo
2331 3448 2369 3480 fit
2391 3455 2427 3480 ut
2449 3450 2531 3480 actio
2554 3459 2620 3490 qua

1562 3497 1597 3528 fit
1624 3498 1674 3528 hic
1702 3498 1820 3533 homo,
1849 3496 1998 3527 inchoata
2027 3500 2058 3525 et
2087 3493 2221 3525 deducta
2243 3503 2354 3533 usque
2380 3493 2420 3524 ad
2445 3494 2619 3525 terminum

1562 3541 1714 3572 inclusive
1737 3541 1776 3571 sit
1799 3539 1928 3581 quando
1950 3538 1987 3570 fit
2007 3543 2119 3569 natura
2138 3543 2320 3578 personata,
2345 3547 2441 3577 quam
2463 3537 2620 3578 significat

1562 3585 1612 3614 hic
1635 3585 1735 3615 homo
1759 3593 1816 3615 seu
1839 3583 1999 3614 Socrates:
2024 3580 2153 3622 quando
2168 3591 2244 3612 vero
2269 3581 2304 3612 fit
2325 3587 2379 3612 aut
2402 3581 2619 3612 consideratiu-

2677 2270 2748 2294 Νιιιι.
2762 2276 2784 2293 vi
2797 2276 2855 2300 sqq-

2651 2709 2662 2720 ⁸
2675 2708 2746 2731 Num.
2761 2714 2786 2730 x..

2650 2880 2661 2891 ·
2674 2878 2733 2901 ibid.

2647 3411 2702 3433 111
2716 3410 2790 3438 Sat„
2802 3410 2860 3434 diet.

2646 3443 2669 3464 v,
2684 3443 2723 3466 qu.
2733 3442 2769 3465 ιιι,
2783 3440 2825 3459 ιη.
2835 3443 2859 3466 3.
