2872 3970
350 261 398 298 28

348 349 433 375 nem,
459 334 569 370 allatae
592 343 676 368 sunt.
700 337 741 367 Et
764 336 843 366 ratio
867 334 958 364 realis
975 333 1123 363 altissima
1147 330 1185 361 ad
1202 330 1319 360 realem
1335 336 1413 376 con-

349 384 528 414 elusionem
551 382 643 412 allata
665 386 725 416 est,
749 379 953 410 manifestans
977 376 1066 416 quod
1090 376 1185 405 etiam
1209 383 1284 404 curn
1308 380 1413 402 omm-

348 427 446 458 moda
468 426 631 458 identitate
654 424 780 455 formali
808 429 939 453 naturae
963 427 994 451 et
1020 428 1175 460 personae
1199 417 1324 448 divinae
1355 420 1414 444 stat

349 471 438 512 quod
461 471 539 501 unio
564 475 611 500 est
633 468 714 499 facta
736 469 769 498 in
792 476 938 507 persona,
964 470 994 495 et
1016 473 1083 494 non
1106 464 1139 492 in
1163 466 1274 491 natura
1298 459 1368 489 Dei.

404 515 456 545 IX.
482 515 517 545 In
532 514 741 554 responsione
758 510 797 542 ad
813 509 1000 544 secundum,
1026 507 1161 538 dubium
1177 504 1316 535 occurrit
1331 503 1414 533 circa

349 558 589 589 similitudinem
613 558 646 587 in
668 557 769 587 littera
793 555 980 594 assignatam
1003 552 1085 581 inter
1101 549 1285 580 sensitivum
1306 547 1339 576 in
1354 546 1413 576 ho-

350 604 436 634 mine
461 609 491 633 et
514 603 626 637 bruto,
651 606 682 638 et
704 601 877 630 humanam
893 602 1037 627 naturam
1058 596 1091 625 in
1107 593 1235 634 propria
1258 597 1288 621 et
1313 590 1415 620 aliena

350 656 496 687 persona.
520 646 603 676 Nam
627 645 741 674 falsum
764 642 933 672 assumitur
956 639 1046 679 quod
1068 637 1254 668 sensitivum
1270 636 1302 665 in
1319 635 1413 664 bruto

351 697 398 721 est
421 691 524 720 forma
547 688 755 728 completiva:
780 692 827 716 est
850 685 936 715 enim
959 683 1047 713 velut
1062 682 1165 713 forma
1180 679 1327 720 generica
1349 683 1414 707 tam

350 736 384 765 in
407 735 539 765 homine
563 742 660 772 quam
681 732 713 760 in
730 731 834 765 bruto,
858 734 894 759 ut
916 733 1012 768 patet.
1037 727 1078 756 Et
1100 730 1270 765 propterea
1285 731 1352 752 non
1369 726 1415 751 est

351 779 469 809 mirum
499 778 525 807 si
548 783 594 807 est
621 775 760 806 nobilius
790 774 824 803 in
847 772 996 806 homine,
1020 769 1060 800 ad
1083 778 1181 809 quem
1204 767 1336 798 trahitur
1358 775 1416 805 per

351 822 581 853 nobilissimam
604 818 811 849 differentiam
835 817 883 846 sui
899 815 1032 855 generis,
1056 813 1175 843 scilicet
1199 809 1370 842 rationale.

408 865 458 895 Ad
481 865 544 895 hoc
568 863 682 894 dicitur
705 861 794 901 quod
818 858 992 890 similitudo
1016 858 1137 887 litterae
1161 855 1284 895 optima
1304 859 1361 889 est,
1385 859 1417 883 et

353 910 474 949 optime
498 907 634 938 declarat
656 905 877 945 propositum:
909 902 964 932 sed
987 900 1142 940 supponit
1168 900 1250 929 inter
1277 898 1416 928 animam

352 952 576 983 intellectivam
600 956 631 980 et
651 949 771 979 animas
787 948 923 977 aliorum
940 945 1125 975 animalium
1149 949 1269 974 tantam
1287 951 1354 972 esse
1370 941 1416 971 di-

352 997 531 1026 versitatem
562 993 651 1033 quod
674 993 750 1022 istae
780 996 854 1021 sunt
876 991 910 1020 in
932 998 1049 1029 genere
1073 988 1249 1018 formarum
1272 986 1417 1017 materia-

352 1041 447 1074 lium,
476 1039 529 1068 illa
552 1047 627 1067 vero
659 1041 704 1066 est
733 1036 766 1065 in
797 1043 914 1074 genere
944 1033 1119 1063 formarum
1149 1030 1416 1062 immaterialium.

352 1084 399 1113 Ac
422 1092 478 1122 per
494 1082 566 1117 hoc,
583 1080 769 1110 sensitivum
786 1078 825 1108 ad
841 1077 960 1108 formas
975 1077 1143 1107 brutorum
1160 1085 1193 1106 se
1209 1076 1304 1106 habet
1324 1079 1359 1104 ut
1378 1073 1418 1104 ad

351 1137 400 1157 res
422 1125 503 1156 infra
526 1123 724 1155 latitudinem
753 1123 802 1153 sui
825 1122 963 1162 generis:
995 1120 1035 1151 ad
1058 1121 1197 1151 animam
1221 1129 1296 1150 vero
1325 1118 1418 1148 intel-

351 1170 515 1205 lectivam,
541 1178 622 1209 quae
647 1173 693 1197 est
715 1167 855 1197 hominis
886 1165 1004 1201 forma,
1037 1170 1068 1195 et
1092 1174 1129 1195 ex
1153 1173 1217 1204 qua
1244 1162 1419 1193 radicaliter

352 1215 487 1245 sumitur
510 1212 638 1253 propria
667 1211 807 1241 hominis
831 1209 1022 1245 differentia,
1053 1218 1087 1239 se
1110 1208 1206 1239 habet
1233 1213 1269 1238 ut
1292 1207 1331 1237 ad
1354 1205 1419 1236 for-

352 1267 438 1289 mam
461 1256 625 1288 nobilioris
649 1255 778 1285 ordinis.
817 1255 891 1284 Hoc
915 1254 1001 1284 enim
1025 1253 1204 1293 supposito,
1229 1251 1318 1292 quod
1341 1259 1419 1281 con-

353 1308 412 1333 stat
435 1311 502 1332 esse
526 1309 646 1335 verum,
671 1305 758 1339 patet
781 1298 871 1339 quod
890 1298 1077 1328 sensitivum
1092 1298 1125 1327 in
1142 1297 1248 1332 bruto,
1273 1296 1348 1335 quia
1362 1304 1420 1335 per

354 1347 514 1386 propriam
537 1345 586 1374 sui
609 1344 732 1383 generis
756 1342 893 1373 formam
917 1347 977 1378 est,
1001 1341 1097 1372 habet
1119 1340 1201 1371 infra
1224 1340 1272 1370 sui
1295 1339 1420 1380 generis

353 1389 552 1420 latitudinem
582 1388 663 1418 hanc
695 1387 880 1427 dignitatem
910 1395 993 1426 quae
1017 1391 1064 1416 est
1090 1394 1158 1415 esse
1188 1384 1420 1424 completivum

354 1435 387 1464 in
410 1434 526 1473 specie.
562 1432 597 1462 In
620 1432 753 1462 homine
776 1440 870 1466 vero,
902 1431 977 1470 quia
1007 1439 1075 1460 non
1105 1438 1162 1469 per
1185 1428 1347 1468 propriam
1371 1427 1421 1457 sui

355 1477 473 1508 ordinis
497 1477 633 1507 formam
658 1480 720 1510 est,
752 1484 819 1505 non
843 1475 937 1504 habet
959 1473 1041 1504 infra
1063 1474 1112 1503 sui
1135 1473 1259 1512 generis
1282 1471 1420 1502 latitudi-

354 1531 428 1552 nem
451 1522 532 1551 hanc
557 1520 741 1559 dignitatem
761 1528 843 1559 quae
860 1524 906 1548 est
922 1527 990 1548 esse
1006 1517 1239 1557 completivum
1254 1516 1287 1546 in
1303 1515 1420 1555 specie.

354 1566 394 1596 Et
410 1565 552 1595 similiter
567 1569 679 1594 natura
698 1563 838 1593 humana
853 1563 886 1592 in
903 1562 1014 1592 ceteris
1030 1561 1215 1591 hominibus
1231 1560 1326 1590 habet
1340 1558 1421 1590 infra

354 1610 501 1650 propriae
524 1608 642 1648 speciei
665 1606 865 1637 latitudinem
890 1606 1076 1646 dignitatem
1099 1605 1247 1645 propriae
1270 1612 1421 1644 persona-

355 1654 464 1684 litatis:
497 1653 531 1682 in
555 1651 682 1682 Christo
706 1660 782 1682 vero
810 1660 878 1680 non
901 1651 996 1680 habet
1019 1649 1166 1690 propriae
1190 1647 1422 1688 personalitatis

356 1697 550 1737 dignitatem.
575 1695 638 1726 Sed
659 1696 740 1725 sicut
756 1695 906 1725 sensitivo
931 1693 1057 1734 dignius
1073 1698 1119 1724 est
1135 1693 1251 1723 habere
1267 1701 1335 1722 esse
1351 1700 1422 1731 spe-

356 1741 484 1772 cificum
508 1740 707 1780 completum
731 1748 788 1778 per
806 1738 944 1768 formam
966 1738 1133 1768 nobilioris
1149 1736 1278 1772 ordinis,
1303 1735 1424 1766 scilicet

356 1795 413 1825 per
436 1786 575 1815 animam
598 1783 842 1819 intellectivam
873 1783 915 1813 ita
939 1787 1051 1812 natura
1073 1782 1213 1811 humana
1236 1781 1270 1810 in
1294 1779 1422 1810 Christo

356 1830 469 1860 maiori
497 1828 614 1858 donata
641 1833 687 1857 est
714 1827 865 1866 dignitate
890 1836 927 1856 ex
950 1826 1014 1856 hoc
1043 1824 1132 1865 quod
1155 1824 1195 1855 ad
1217 1823 1424 1864 personalita-

357 1880 422 1904 tem
446 1873 585 1903 divinam
609 1876 771 1911 assumpta
795 1876 850 1901 est.
885 1871 934 1900 Ex
957 1870 1074 1909 quibus
1098 1869 1180 1900 clare
1204 1874 1291 1908 patet
1313 1877 1424 1898 sensus

358 1918 477 1948 litterae
502 1922 532 1947 et
555 1915 780 1951 similitudinis,
804 1915 873 1945 sine
897 1914 962 1944 ulla
985 1913 1189 1944 dissonantia.

413 1962 452 1991 X.
477 1961 512 1991 In
535 1960 745 1999 responsione
768 1958 808 1989 ad
830 1959 969 1994 tertium,
993 1963 1071 1988 nota
1094 1957 1127 1998 ly
1149 1956 1333 1996 separatim.
1358 1955 1425 1995 Ap-

359 2006 467 2045 posuit
489 2003 648 2044 siquidem
671 2003 795 2034 Auctor
818 2003 850 2043 ly
868 2002 1043 2043 separatim
1066 2007 1102 2031 ut
1118 2001 1218 2031 sciant
1233 2000 1347 2033 novitii
1363 1999 1425 2029 dis-

360 2059 488 2080 cernere
511 2049 593 2078 inter
610 2057 673 2087 per
687 2057 721 2077 se
742 2047 888 2082 existere,
914 2051 945 2076 et
961 2055 1025 2086 per
1039 2055 1073 2076 se
1087 2045 1262 2085 separatim
1278 2044 1424 2074 existere.

361 2093 501 2124 Cuilibet
524 2101 664 2131 namque
688 2091 894 2126 substantiae,
920 2091 986 2120 sive
1010 2089 1190 2130 completae
1213 2089 1278 2119 sive
1301 2089 1427 2119 incom—

360 2138 474 2177 pletae‚
499 2136 651 2166 convenit
673 2145 730 2175 per
746 2145 778 2166 se
803 2135 951 2165 existere:
975 2143 1051 2164 nam
1073 2143 1131 2174 per
1146 2134 1209 2163 hoc
1225 2132 1428 2172 distinguitur

362 2187 473 2212 contra
495 2179 652 2215 accidens,
676 2180 728 2210 cui
753 2179 904 2209 convenit
926 2188 995 2209 non
1013 2187 1070 2218 per
1086 2187 1129 2214 se,
1154 2176 1210 2207 sed
1231 2177 1265 2207 in
1282 2177 1427 2207 subiecto

363 2226 512 2261 existere;
536 2223 708 2255 accidentis
727 2224 814 2254 enim
837 2232 905 2253 esse
927 2227 974 2253 est
995 2222 1108 2258 inesse,
1132 2221 1306 2252 substantia
1321 2226 1429 2251 autem

364 2275 410 2300 est
433 2278 489 2299 ens
506 2278 569 2308 per
591 2277 634 2298 se.
670 2267 733 2298 Sed
755 2277 812 2307 per
835 2277 868 2297 se
896 2267 1065 2307 separatim
1089 2266 1221 2296 existere
1250 2264 1331 2295 nulli
1354 2264 1428 2294 sub-

364 2313 495 2344 stantiae
519 2322 602 2352 quae
625 2317 672 2342 est
694 2321 765 2351 pars
789 2311 926 2346 alterius,
951 2311 1120 2341 convenit:
1144 2310 1221 2350 quia
1242 2318 1311 2339 non
1326 2308 1430 2339 existit

365 2357 532 2396 separatim
556 2366 574 2386 a
596 2365 655 2386 suo
672 2360 752 2386 toto.
777 2355 818 2385 Et
833 2355 976 2385 similiter
990 2364 1059 2385 non
1075 2354 1227 2384 convenit
1241 2352 1431 2383 humanitati

366 2401 483 2431 Christi
507 2400 666 2440 (quamvis
688 2409 756 2429 non
780 2399 819 2429 sit
841 2398 944 2438 pars):
970 2399 1046 2438 quia
1060 2407 1128 2428 non
1145 2397 1248 2428 existit
1262 2397 1431 2437 separatim

366 2454 385 2475 a
404 2445 511 2475 Verbo
528 2445 598 2479 Dei,
620 2443 676 2474 sed
691 2444 725 2473 in
740 2443 848 2473 Verbo
864 2443 935 2473 Dei.
960 2442 1023 2473 Sed
1038 2442 1064 2472 si
1080 2446 1275 2481 separaretur
1291 2450 1308 2471 a
1323 2440 1430 2471 Verbo

367 2489 437 2524 Dei,
462 2498 519 2528 per
541 2498 575 2518 se
597 2488 766 2527 separatim
790 2487 951 2517 existeret:
976 2487 1068 2522 sicut,
1092 2486 1118 2516 si
1133 2495 1204 2525 pars
1220 2485 1326 2525 aliqua
1341 2494 1432 2525 sepa-

366 2538 486 2563 raretur
509 2542 526 2562 a
549 2542 608 2562 suo
633 2537 713 2567 toto,
738 2540 794 2571 per
817 2540 851 2560 se
874 2530 1043 2570 separatim
1067 2530 1221 2560 existeret.

411 2577 464 2607 XI.
490 2575 637 2606 Occurrit
659 2576 722 2605 hoc
739 2575 771 2604 in
787 2574 872 2610 loco,
897 2575 954 2604 ubi
976 2574 1081 2614 primo
1098 2573 1322 2613 distinguimus
1337 2573 1432 2603 unio-

338 2628 341 2629 ’
367 2630 443 2651 nem
466 2621 499 2650 in
522 2629 659 2659 persona
689 2619 727 2649 ab
755 2619 878 2648 unione
906 2618 941 2648 in
970 2623 1098 2654 natura,
1126 2616 1319 2647 transeundo
1357 2626 1433 2647 cum

136 2759 147 2769 ¹⁵
160 2756 218 2778 Dist.
234 2762 255 2782 v,
270 2762 301 2778 vr.

142 3105 151 3114 ⁸
161 3103 184 3125 S.
193 3103 301 3124 T1=.1eci.
311 3110 332 3123 v.
340 3114 349 3118 -

140 3130 192 3151 Did.
203 3130 241 3150 lib.
251 3129 290 3156 1V,
299 3136 348 3157 cap.

140 3162 189 3182 vm,
206 3162 228 3176 n.
243 3162 261 3183 5.

370 2664 536 2695 communi
567 2673 662 2694 cursu
694 2663 875 2692 Doctorum
907 2661 996 2701 quod
1022 2662 1101 2692 unio
1125 2661 1351 2691 incarnationis
1379 2666 1433 2691 aut

370 2714 416 2739 est
438 2709 472 2738 in
495 2713 606 2738 natura
637 2712 691 2737 aut
713 2707 747 2736 in
770 2715 908 2746 persona
937 2715 995 2736 seu
1017 2706 1197 2746 hypostasi,
1228 2710 1264 2735 ut
1291 2710 1378 2745 patet
1399 2705 1433 2735 in

371 2753 411 2782 III
428 2752 512 2782 Sent.
530 2753 560 2781 *2
585 2751 733 2786 occurrit,
757 2751 901 2790 inquam,
926 2750 1072 2790 quaestio
1095 2759 1163 2780 non
1186 2748 1287 2779 facilis
1310 2748 1350 2779 de
1368 2747 1434 2779 suf-

371 2796 497 2826 ficentia
520 2795 731 2826 distinctionis
755 2794 868 2830 dictae,
892 2794 1021 2829 scilicet,
1045 2799 1104 2824 aut
1122 2794 1155 2823 in
1173 2798 1292 2824 natura
1321 2798 1379 2823 aut
1401 2793 1433 2823 in

366 2849 510 2880 persona
518 2846 530 2876 ‚·
560 2845 591 2869 et
621 2844 857 2878 consequenter
887 2837 926 2868 de
954 2847 1108 2878 processu
1135 2838 1230 2868 huius
1253 2837 1376 2867 articuli
1404 2842 1436 2867 et

373 2884 518 2914 aliorum.
553 2883 608 2913 Est
639 2888 746 2913 autem
772 2883 852 2913 ratio
876 2881 965 2912 dubii
996 2882 1072 2922 quia
1094 2882 1182 2912 aliter
1210 2882 1245 2911 in
1268 2882 1435 2911 communi

373 2926 537 2967 loquendo
561 2927 600 2957 de
623 2933 735 2958 natura
758 2932 790 2957 et
811 2926 991 2967 supposito,
1017 2932 1048 2957 et
1071 2926 1160 2956 aliter
1181 2925 1215 2955 in
1235 2925 1365 2965 speciali
1387 2925 1435 2955 lo-

374 2970 504 3010 quendo
527 2972 560 3001 in
584 2971 697 3001 divinis
728 2970 907 3001 secundum
930 2969 1029 3001 fidem
1051 2970 1213 3005 revelatis,
1243 2970 1434 2999 invenimus.

373 3015 455 3045 Nam
475 3015 507 3044 in
524 3016 690 3045 communi
706 3014 882 3054 loquendo,
907 3015 1081 3045 substantia
1095 3023 1164 3044 non
1180 3013 1294 3044 dicitur
1315 3013 1377 3043 nisi
1396 3012 1436 3043 de

374 3059 516 3089 duobus:
534 3059 653 3088 scilicet
668 3064 794 3094 natura;
812 3064 843 3088 et
858 3059 995 3088 habente
1009 3064 1166 3094 naturam,
1182 3058 1246 3088 hoc
1262 3063 1318 3093 est,
1335 3057 1437 3097 prima

375 3103 562 3138 substantia3
586 3107 622 3132 ut
645 3107 731 3141 patet
754 3112 792 3132 ex
807 3102 836 3131 V
853 3102 1035 3143 Metaphys.
1048 3103 1075 3138 *‚
1100 3108 1131 3133 et
1153 3103 1187 3132 in
1210 3102 1274 3132 hoc
1292 3101 1436 3132 articulo.

376 3147 411 3176 ln
423 3146 536 3176 divinis
548 3151 656 3175 autem
670 3146 851 3175 invenimus
867 3146 938 3175 tria:
956 3146 1076 3176 scilicet
1090 3152 1250 3183 naturam3
1266 3146 1438 3176 habentem

375 3195 521 3220 naturam
544 3194 580 3219 ut
602 3188 804 3219 individuum
826 3195 973 3225 naturae;
998 3195 1029 3220 et
1051 3190 1222 3220 habentem
1237 3195 1383 3220 naturam
1403 3194 1439 3220 ut

377 3233 583 3274 hypostasim.
619 3232 663 3262 Ita
687 3232 776 3272 quod
805 3232 887 3262 inter
910 3233 1016 3263 Deum
1047 3239 1078 3264 et
1105 3239 1261 3264 creaturas
1290 3234 1369 3264 haec
1393 3238 1440 3263 est

378 3277 552 3307 differentia
575 3277 607 3306 in
631 3277 809 3315 proposito,
834 3275 923 3315 quod
947 3276 980 3306 in
997 3278 1107 3307 creatis
1122 3279 1304 3308 substantiis
1325 3276 1439 3308 indivi-

379 3321 479 3351 duum
495 3326 624 3350 naturae
648 3325 679 3350 et
702 3320 879 3360 hypostasis
900 3319 970 3349 solo
987 3321 1118 3351 nomine
1138 3321 1384 3362 distinguuntur,
1409 3327 1440 3352 et

379 3364 464 3394 idem
488 3370 534 3394 est
556 3364 691 3394 inveniri
714 3369 768 3394 aut
792 3363 900 3393 deesse
923 3363 1124 3394 individuum
1144 3370 1273 3396 naturae
1290 3371 1321 3396 et
1336 3366 1440 3406 hypo-

380 3408 502 3438 stasim:
527 3413 562 3437 ut
584 3413 671 3447 patet
693 3407 726 3437 in
747 3411 859 3437 natura
874 3407 1013 3437 humana
1037 3414 1196 3447 assumpta
1212 3418 1230 3438 a
1245 3409 1352 3439 Verbo
1368 3410 1439 3439 Dei.

381 3451 437 3481 Est
461 3452 545 3481 enim
569 3456 729 3490 assumpta
752 3456 863 3480 natura
886 3448 974 3486 haec,
999 3450 1117 3480 scilicet
1141 3452 1218 3481 haec
1242 3452 1439 3482 humanitas:

383 3500 413 3525 et
436 3495 511 3533 quia
539 3504 605 3525 non
630 3501 677 3525 est
699 3495 742 3524 ibi
772 3494 900 3534 propria
922 3494 1100 3534 hypostasis
1130 3495 1288 3525 humanae
1310 3501 1441 3526 naturae

383 3538 471 3577 (nam
494 3538 672 3568 humanitas
691 3538 742 3568 illa
766 3547 833 3568 non
857 3538 951 3568 habet
974 3538 1135 3577 propriam
1159 3539 1440 3578 personalitatem),

383 3581 489 3612 deficit
505 3591 636 3621 quoque
652 3582 695 3612 ibi
711 3582 877 3621 proprium
892 3580 1094 3612 individuum
1114 3587 1243 3612 naturae
1266 3582 1440 3619 humanae;

1079 249 1342 299 QUAESTIO
1371 248 1420 290 II,
1450 246 1742 284 ARTICULUS
1771 247 1800 284 11

1466 326 1573 356 nullus
1599 327 1686 356 enim
1708 326 1760 356 hic
1781 325 1877 355 homo
1901 325 1944 355 ibi
1966 325 2127 355 invenitur
2150 324 2210 354 nisi
2233 324 2332 355 Filius
2355 324 2425 360 Dei,
2449 324 2531 354 sicut

1466 370 1554 400 nulla
1569 379 1716 409 persona,
1740 369 1828 400 nulla
1850 369 2029 409 hypostasis
2051 369 2095 398 ibi
2114 369 2274 398 invenitur
2295 368 2356 398 nisi
2371 368 2444 398 Filii
2459 367 2529 398 Dei.

1467 413 1544 443 Solo
1568 413 1664 452 igitur
1686 413 1819 443 nomine
1840 411 2078 452 distinguuntur
2099 412 2152 442 hic
2175 412 2276 442 homo
2293 417 2324 442 et
2342 412 2530 452 hypostasis,

1466 456 1671 496 suppositum
1686 466 1744 487 seu
1763 465 1900 497 persona
1914 457 2065 492 humana,
2081 461 2159 496 puta
2174 456 2330 487 Socrates.
2347 455 2388 486 Et
2402 460 2532 496 propte-

1466 510 1520 530 rea
1542 501 1575 530 in
1600 500 1749 531 creaturis
1772 499 1838 531 duo
1861 505 1986 531 tantum
2009 501 2231 532 inveniuntur:
2263 505 2376 530 natura
2403 499 2531 535 scilicet,

1468 549 1499 574 et
1522 545 1738 583 suppositum.

1523 587 1559 618 In
1583 588 1654 618 Deo
1677 593 1786 619 autem
1807 597 1923 628 magna
1945 588 2106 619 invenitur
2121 587 2297 619 differentia
2318 588 2401 618 inter
2419 586 2533 617 indivi-

1468 630 1570 661 duum
1593 637 1724 662 naturae
1748 631 1883 668 divinae,
1906 632 1971 662 hoc
1995 637 2051 668 est,
2075 632 2162 662 hunc
2186 632 2304 668 Deum,
2329 637 2360 662 et
2382 632 2534 672 hyposta-

1467 675 1538 706 sim.
1574 675 1657 706 Nam
1680 675 1732 707 hic
1753 675 1843 707 Deus
1873 676 2056 720 communis
2079 681 2126 706 est
2155 675 2333 706 secundum
2356 685 2424 706 rem
2450 674 2534 705 Patri

1469 724 1500 749 et
1523 719 1605 749 Filio
1630 725 1661 750 et
1685 719 1815 760 Spiritui
1831 719 1966 750 Sancto:
1992 725 2023 750 et
2046 725 2281 760 consequenter
2295 729 2363 750 non
2378 718 2534 759 significat

1469 763 1684 803 hypostasim,
1709 763 1748 794 de
1772 763 1864 794 cuius
1887 764 2010 794 ratione
2040 769 2165 794 constat
2188 773 2256 794 esse
2278 764 2534 794 incommunica-

1469 807 1633 838 bilitatem.
1658 807 1741 838 Tam
1764 807 1856 838 Pater
1879 813 1997 844 autem,
2021 817 2119 848 quam
2142 807 2255 844 Filius,
2279 817 2377 848 quam
2400 807 2534 847 Spiritus

1470 851 1614 887 Sanctus,
1639 861 1809 892 personam
1833 861 1891 882 seu
1913 852 2110 892 hypostasim
2133 851 2273 882 divinam
2297 851 2461 892 significat.
2494 851 2535 882 Et

1469 901 1648 936 propterea,
1665 896 1723 926 tria
1739 904 1815 926 cum
1829 895 2031 926 inveniantur
2049 896 2083 926 in
2099 896 2181 932 Deo,
2197 895 2318 926 scilicet
2331 896 2411 926 haec
2427 894 2534 931 deitas,

1470 939 1522 970 hic
1549 939 1652 976 Deus,
1677 945 1708 970 et
1735 948 1886 980 persona,
1910 945 1988 979 puta
2013 939 2156 970 Verbum
2182 939 2260 976 Dei;
2282 938 2535 975 insufficientiae,

1470 983 1586 1023 prim0‚
1611 984 1752 1024 arguitur
1774 983 1935 1014 distinctio
1958 983 2050 1019 facta,
2075 984 2140 1014 Aut
2155 983 2233 1014 unio
2254 988 2302 1014 est
2315 983 2412 1025 facta
2429 983 2461 1014 in
2479 992 2536 1013 na-

1471 1032 1546 1058 tura
1566 1028 1672 1058 autin
1690 1036 1845 1068 persona.
1869 1027 1953 1058 Nam
1976 1033 2086 1067 posset
2104 1026 2166 1058 dici
2190 1026 2280 1067 quod
2303 1032 2350 1058 est
2372 1025 2454 1057 facta
2475 1035 2537 1058 nec

1470 1071 1504 1101 in
1528 1077 1639 1102 natura
1662 1081 1723 1102 nec
1745 1072 1778 1102 in
1803 1080 1954 1111 persona,
1978 1070 2035 1102 sed
2057 1071 2091 1101 in
2114 1070 2281 1102 individuo
2303 1075 2435 1101 naturae
2458 1069 2537 1101 divi·

1471 1125 1542 1151 nae,
1566 1115 1701 1152 scilicet,
1725 1116 1759 1146 in
1782 1115 1846 1146 hoc
1869 1115 1951 1146 Deo.
1975 1132 1997 1138 -
2019 1115 2098 1146 Ruit
2127 1124 2260 1155 quoque
2290 1123 2459 1155 processus
2487 1114 2538 1145 lit-

1472 1164 1556 1190 terae
1580 1159 1680 1200 quod,
1705 1159 1731 1190 si
1753 1160 1832 1190 unio
1849 1159 1947 1190 Verbi
1969 1159 2123 1189 incarnati
2146 1168 2213 1189 non
2237 1163 2285 1190 est
2306 1158 2388 1189 facta
2410 1158 2444 1189 in
2466 1167 2539 1198 per-

1472 1213 1566 1239 sona,
1590 1203 1681 1234 nullo
1704 1203 1806 1234 modo
1829 1208 1941 1234 natura
1963 1203 2104 1234 humana
2126 1203 2236 1234 unitur
2259 1203 2299 1234 ei.
2333 1203 2411 1233 Ruit
2433 1207 2465 1233 et
2486 1202 2539 1232 illa

1472 1248 1620 1284 maxima,
1648 1247 1750 1281 Omne
1772 1247 1859 1288 quod
1879 1247 1961 1278 inest
1983 1247 2083 1278 alicui
2098 1256 2270 1288 personae,
2293 1247 2361 1278 sive
2375 1246 2541 1287 pertineat

1473 1291 1516 1323 ad
1531 1297 1684 1323 naturam
1699 1291 1768 1322 eius
1790 1291 1857 1322 sive
1872 1301 1948 1327 non,
1973 1291 2086 1322 unitur
2100 1291 2130 1322 ei
2152 1291 2184 1322 in
2196 1299 2350 1332 persona.
2374 1290 2539 1329 Quoniam

1473 1336 1500 1366 si
1522 1341 1634 1367 natura
1657 1336 1798 1366 humana
1827 1340 1989 1376 assumpta
2012 1340 2094 1366 esset
2117 1335 2155 1365 ab
2178 1335 2242 1366 hoc
2265 1335 2353 1371 Deo,
2377 1343 2445 1365 non
2467 1334 2539 1365 uni-

1473 1385 1559 1411 retur
1581 1380 1615 1411 in
1637 1389 1785 1420 persona,
1810 1379 1866 1410 sed
1887 1380 1922 1410 in
1944 1378 2111 1410 individuo
2134 1384 2282 1410 naturae:
2308 1383 2339 1409 et
2361 1383 2469 1409 tamen
2490 1378 2539 1408 in-

1475 1429 1556 1455 esset
1578 1433 1735 1464 personae
1758 1423 1865 1459 Verbi,
1890 1424 1966 1464 quia
1987 1423 2132 1454 Verbum
2155 1429 2202 1454 est
2224 1423 2276 1453 hic
2299 1422 2397 1453 Deus.

1528 1468 1596 1498 XII.
1620 1467 1672 1498 Ad
1687 1468 1750 1498 hoc
1766 1467 1901 1498 dubium
1918 1466 2166 1508 quadrupliciter
2181 1466 2401 1507 respondetur.
2420 1466 2539 1502 Primo,

1474 1511 1622 1551 negando
1654 1511 1745 1552 quod
1766 1511 1946 1542 inveniatur
1968 1511 2002 1541 in
2025 1510 2156 1547 divinis,
2186 1516 2310 1551 praeter
2335 1511 2540 1551 hypostases,

1475 1555 1677 1586 individuum
1693 1561 1834 1591 naturae,
1850 1555 1971 1586 scilicet
1991 1555 2042 1585 hic
2056 1555 2155 1591 Deus,
2175 1555 2250 1585 lieet
2269 1554 2448 1585 inveniatur
2462 1554 2542 1585 haec

1475 1599 1590 1630 deitas:
1617 1599 1772 1640 quoniam
1786 1599 1851 1630 hoc
1867 1604 1948 1630 esset
1966 1608 2088 1639 ponere
2105 1599 2349 1639 quaternitatem
2366 1598 2401 1628 in
2416 1597 2540 1628 divinis.

1531 1643 1594 1675 Sed
1616 1644 1695 1674 haec
1710 1643 1878 1683 responsio
1893 1642 1971 1674 falsa
1987 1647 2042 1673 est.
2067 1642 2155 1673 Tum
2171 1642 2247 1683 quia
2261 1642 2295 1672 in
2311 1641 2425 1672 divinis
2444 1650 2542 1672 omne

1476 1687 1669 1719 abstractum
1692 1688 1787 1718 habet
1809 1696 1906 1718 suum
1928 1687 2096 1727 proprium
2115 1691 2320 1717 concretum:
2345 1695 2406 1716 nec
2420 1685 2543 1716 inveni-

1476 1737 1528 1762 tur
1550 1730 1726 1762 differentia
1750 1731 1794 1762 ibi
1823 1731 1906 1762 inter
1935 1731 2126 1762 abstractum
2154 1735 2185 1761 et
2209 1735 2395 1761 concretum
2425 1729 2486 1760 nisi
2509 1729 2544 1760 in

1476 1774 1578 1806 modo
1602 1774 1810 1815 significandi.
1836 1774 1971 1806 Constat
1994 1780 2102 1805 autem
2126 1773 2216 1814 quod
2233 1774 2279 1805 ibi
2293 1773 2454 1804 invenitur
2474 1782 2543 1804 non

1478 1819 1585 1850 solum
1609 1819 1717 1855 deitas,
1741 1818 1797 1850 sed
1820 1818 1918 1849 deitas
1941 1819 2031 1849 haec.
2055 1818 2154 1859 Igitur
2175 1827 2244 1849 non
2259 1818 2366 1848 solum
2383 1817 2544 1848 invenitur

1478 1863 1576 1899 Deus,
1600 1862 1656 1894 sed
1677 1863 1768 1894 Deus
1789 1862 1851 1893 hic.
1875 1862 1917 1893 Et
1939 1871 2016 1893 cum
2037 1862 2101 1892 hoc
2125 1861 2214 1902 quod
2236 1861 2382 1902 significo
2405 1860 2543 1892 dicendo

1478 1907 1568 1938 Deus
1590 1907 1658 1943 hic,
1687 1907 1728 1938 sit
1751 1915 1926 1937 commune
1949 1905 2128 1937 secundum
2150 1915 2219 1936 rem
2246 1905 2329 1936 Patri
2353 1910 2384 1936 et
2406 1905 2489 1936 Filio
2513 1910 2545 1935 et

1479 1951 1610 1992 Spiritui
1633 1951 1762 1987 Sancto,
1786 1951 1930 1991 sequitur
1953 1949 2053 1990 quod,
2075 1955 2200 1990 praeter
2221 1950 2425 1990 hypostases,
2456 1949 2545 1979 inve-

1479 1996 1584 2026 niatur
1606 1995 1651 2026 ibi
1673 1995 1725 2026 hic
1739 1994 1838 2031 Deus,
1860 1993 2041 2034 significans
2055 1993 2258 2024 individuum
2273 1999 2404 2024 naturae
2420 1992 2545 2023 divinae

1481 2048 1655 2070 commune
1678 2039 1778 2070 tribus
1800 2039 1956 2079 personis.

1536 2090 1624 2120 Tum
1647 2090 1803 2130 quoniam
1825 2090 1859 2120 in
1882 2089 1996 2120 divinis
2018 2089 2179 2119 invenitur
2194 2088 2282 2119 Deus
2297 2097 2382 2118 unus
2397 2095 2545 2123 numero,

1482 2134 1665 2165 communis
1687 2133 1771 2164 Patri
1787 2138 1818 2164 et
1833 2133 1916 2164 Filio
1940 2138 1972 2164 et
1987 2133 2118 2173 Spiritui
2133 2133 2262 2164 Sancto.
2286 2132 2372 2172 Ergo
2387 2131 2548 2162 invenitur

1481 2179 1571 2209 Deus
1593 2178 1644 2208 hic
1675 2178 1858 2209 communis
1887 2177 1971 2208 Patri
1999 2182 2031 2208 et
2052 2177 2135 2207 Filio
2165 2181 2197 2207 et
2219 2175 2351 2216 Spiritui
2373 2175 2502 2206 Sancto.
2525 2191 2547 2198 -

1483 2222 1726 2262 Consequentia
1740 2226 1841 2262 patet:
1861 2222 1938 2262 quia
1951 2220 2038 2252 idem
2054 2220 2140 2251 addit
2155 2220 2188 2262 ly
2204 2229 2288 2250 unus
2303 2229 2438 2250 numero
2453 2227 2549 2260 supra

1482 2267 1515 2307 ly
1530 2266 1629 2302 Deus,
1654 2265 1745 2306 quod
1767 2265 1854 2296 addit
1875 2265 1908 2306 ly
1929 2265 1982 2296 hic
2003 2274 2099 2305 supra
2122 2265 2155 2305 ly
2177 2264 2276 2295 Deus.
2300 2281 2322 2287 —
2343 2262 2547 2294 Antecedens

1483 2316 1570 2350 patet
1593 2320 1631 2340 ex
1654 2309 1730 2340 fidei
1752 2310 1917 2345 sententia,
1942 2318 2006 2349 qua
2028 2307 2221 2340 confitemur
2242 2308 2368 2338 Patrem
2385 2312 2416 2338 et
2430 2306 2549 2338 Filium

1484 2360 1516 2384 et
1538 2354 1692 2394 Spiritum
1715 2353 1869 2385 Sanctum
1892 2363 1960 2384 esse
1977 2362 2081 2384 unum
2103 2361 2240 2384 numero
2263 2351 2381 2388 Deum,
2405 2350 2484 2382 dum
2501 2349 2549 2381 di-

1485 2398 1587 2429 cimus
1602 2399 1629 2434 *,
1652 2398 1742 2429 Deus
1757 2398 1863 2434 Pater,
1886 2397 1977 2428 Deus
1990 2397 2104 2433 Filius,
2123 2396 2214 2427 Deus
2235 2395 2376 2436 Spiritus
2392 2394 2550 2426 Sanctus.-

1485 2447 1516 2473 et
1538 2447 1643 2472 tamen
1667 2452 1732 2472 non
1753 2447 1818 2472 tres
1833 2441 1888 2478 dii,
1909 2441 1966 2472 sed
1981 2450 2066 2472 unus
2079 2445 2128 2472 est
2139 2440 2249 2471 Deus:
2271 2444 2318 2470 est
2333 2439 2420 2470 enim
2435 2438 2551 2480 procul

1486 2486 1585 2517 dubio
1609 2495 1714 2516 sermo
1738 2485 1778 2516 de
1801 2486 1922 2516 unitate
1944 2484 2110 2515 numerali.

1540 2530 1610 2560 Nec
1631 2530 1695 2560 hoc
1719 2535 1766 2560 est
1787 2538 1909 2570 ponere
1932 2529 2191 2568 quaternitatem:
2217 2528 2299 2558 sicut
2317 2536 2378 2558 nec
2395 2525 2550 2567 ponendo

1486 2575 1550 2604 hoc
1573 2579 1761 2604 concretum
1783 2573 1873 2604 Deus
1894 2573 2026 2612 ponitur
2049 2573 2258 2612 quaternitas;
2288 2570 2444 2611 significat
2464 2570 2551 2601 enim

1486 2619 1657 2648 habentem
1681 2617 1840 2653 deitatem,
1864 2617 1946 2647 sicut
1967 2616 2020 2647 hic
2033 2617 2132 2647 Deus.
2155 2616 2302 2656 Utroque
2318 2614 2477 2655 siquidem
2491 2622 2552 2646 no-

1487 2662 1574 2692 mine
1602 2662 1734 2702 ponitur
1756 2670 1840 2691 unus
1862 2669 2000 2691 numero
2029 2660 2150 2691 habens
2172 2659 2339 2696 deitatem,
2369 2658 2552 2690 communis

1487 2706 1588 2736 tribus
1610 2705 1773 2736 Personis:
1806 2705 1951 2745 quamvis
1974 2704 2007 2745 ly
2029 2704 2118 2735 Deus
2147 2713 2215 2735 non
2239 2703 2376 2744 explicet
2397 2703 2552 2734 unitatem

1488 2749 1697 2785 numeralem,
1722 2758 1820 2789 quarn
1843 2748 1979 2789 explicat
2000 2748 2033 2789 ly
2055 2748 2107 2779 hic
2128 2747 2228 2779 Deus,

1542 2793 1625 2824 XIII.
1649 2793 1800 2824 Secundo
1823 2792 2035 2832 respondetur
2058 2792 2164 2832 quod,
2192 2792 2337 2832 quamvis
2358 2794 2498 2831 ponatur
2517 2789 2553 2820 in

1489 2837 1603 2868 divinis
1625 2836 1827 2868 individuum
1850 2841 1991 2872 naturae,
2015 2837 2135 2867 scilicet
2157 2836 2210 2866 hic
2223 2836 2334 2872 Deus,·
2355 2835 2431 2876 quia
2445 2839 2553 2865 tamen

1488 2881 1596 2912 nullus
1620 2886 1666 2911 est
1689 2881 1741 2911 hic
1764 2881 1853 2911 Deus
1876 2881 1936 2910 nisi
1951 2881 2043 2910 Pater
2063 2885 2118 2911 aut
2133 2880 2233 2911 Filius
2256 2885 2311 2910 aut
2325 2878 2460 2920 Spiritus
2474 2877 2552 2908 San-

1490 2931 1576 2961 ctus;
1601 2930 1633 2955 et
1655 2925 1831 2965 assumptio
1855 2930 1984 2965 oportet
2007 2924 2097 2965 quod
2119 2923 2175 2955 fiat
2197 2923 2237 2955 ad
2258 2924 2346 2954 hunc
2369 2922 2476 2953 Deum
2498 2920 2553 2952 de-
2571 2915 2573 2918 ’

1489 2970 1666 3005 terminate,
1685 2969 1806 2999 scilicet
1820 2969 1871 2999 vel
1886 2969 2012 2999 Patrem
2027 2969 2077 2999 vel
2101 2968 2219 2999 Filium
2240 2967 2292 2998 vel
2307 2966 2460 3007 Spiritum
2475 2964 2553 2996 San-

1491 3019 1595 3044 ctum:
1626 3012 1700 3043 ideo
1724 3013 1776 3043 hic
1799 3013 1888 3043 Deus
1914 3022 1981 3043 non
2004 3018 2114 3053 posset
2136 3020 2296 3043 assumere
2317 3009 2463 3041 naturam
2492 3008 2554 3039 nisi

1490 3063 1526 3088 ut
1550 3063 1596 3088 est
1618 3067 1764 3097 persona.
1800 3057 1841 3087 Et
1870 3056 1944 3087 ideo
1973 3057 2054 3087 unio
2085 3061 2140 3087 aut
2163 3061 2210 3087 est
2237 3055 2272 3087 in
2298 3058 2410 3086 natura
2439 3057 2494 3084 aut
2519 3052 2553 3083 in

1515 3111 1637 3133 ersona.

1491 3111 1512 3142 p
1547 3145 1610 3176 Sed
1632 3146 1710 3176 haec
1733 3145 1900 3186 responsio
1924 3145 2073 3185 ambigua
2087 3143 2139 3174 vel
2157 3142 2237 3177 falsa
2250 3146 2306 3173 est.
2330 3140 2371 3172 Et
2382 3140 2455 3171 'eius
2470 3139 2555 3171 dicta

1493 3189 1701 3220 examinanda
1723 3195 1797 3220 sunt
1819 3190 1853 3220 in
1876 3189 2064 3230 quaestione
2087 3187 2186 3223 tertia,
2210 3185 2343 3217 articulo
2365 3185 2475 3221 tertio,
2498 3184 2555 3215 ubi

1492 3234 1674 3264 tractabitur
1697 3243 1753 3270 an,
1782 3234 1935 3264 abstracta
1963 3242 2020 3274 per
2045 3230 2242 3262 intellectum
2269 3228 2490 3270 personalitate
2520 3228 2554 3258 in

1493 3278 1575 3314 Deo,
1598 3278 1700 3318 possit
1722 3277 1790 3308 fieri
1813 3277 1989 3317 assumptio
2011 3281 2142 3306 naturae
2163 3274 2333 3304 humanae.

1548 3322 1631 3352 XIV.
1656 3322 1766 3352 Tertio
1785 3320 1996 3361 respondetur
2010 3317 2234 3358 distinguendo
2257 3317 2290 3358 ly
2307 3315 2396 3352 univ,
2417 3315 2554 3347 dicendo

1494 3365 1584 3407 quod
1607 3366 1836 3406 aequivocatur
1858 3363 1898 3395 de
1919 3363 2052 3394 unione.
2087 3361 2252 3400 Quoniam
2274 3360 2401 3391 alterius
2423 3359 2555 3390 rationis

1495 3415 1542 3441 est
1564 3410 1642 3440 unio
1666 3409 1764 3440 Verbi
1786 3408 1938 3439 incarnati
1967 3407 2006 3437 ab
2028 3406 2151 3436 unione
2181 3413 2246 3445 qua
2274 3404 2327 3435 hic
2356 3403 2444 3434 Deus
2475 3409 2556 3434 esset

1493 3454 1684 3483 incarnatus.
1709 3453 1744 3483 In
1767 3453 1830 3483 hoc
1853 3456 1960 3482 autem
1983 3442 2117 3480 articul&
2140 3448 2284 3489 quaestio
2304 3452 2351 3479 est
2373 3446 2413 3478 de
2434 3448 2554 3478 unione

1494 3496 1591 3526 Verbi
1614 3497 1782 3527 incarnati:
1806 3501 1843 3526 ut
1864 3500 1951 3535 patet
1972 3494 2006 3524 in
2026 3493 2110 3524 illius
2125 3492 2229 3523 titulo.
2254 3491 2299 3522 Ita
2322 3490 2412 3532 quod
2434 3500 2555 3532 suppo-

1495 3540 1581 3570 nitur
1603 3540 1654 3570 hic
1677 3540 1756 3571 unio
1780 3539 1877 3570 Verbi
1894 3537 2064 3569 incarnati:
2090 3542 2121 3567 et
2136 3536 2297 3576 quaeritur
2313 3535 2446 3576 qualitas
2461 3535 2556 3566 unio-

1495 3583 1553 3613 nis.
1579 3583 1778 3623 Supponitur
1800 3591 1969 3623 personam
1993 3580 2064 3611 Filii
2088 3580 2158 3616 Dei,
2183 3589 2279 3620 quam
2304 3579 2437 3610 Verbum
2460 3579 2557 3619 signi-
2577 3623 2583 3627 ἱ
