2872 3970
369 218 438 242 XLII

495 287 616 336 Ibid.,
642 287 697 328 ad
723 299 760 328 2.
790 304 808 324 ‹
838 286 1113 340 Quicumque
1146 286 1276 326 habet
1309 298 1466 339 corpus
1498 284 1798 340 glorificatum,
1827 285 1870 326 in
1903 291 2116 340 potestate
2148 299 2229 327 sua
2261 286 2392 328 habet
2421 288 2557 330 videri

372 350 549 405 quando
590 349 693 398 vult,
730 355 771 390 et
805 348 981 403 quando
1023 361 1110 389 non
1150 348 1243 388 vult
1281 360 1370 388 non
1402 346 1539 387 videri
1569 363 1604 387 ».
1645 347 1778 395 Idem,
1812 347 1911 388 licet
1947 347 2041 389 aliis
2078 348 2236 405 verbis,
2272 349 2316 390 S.
2350 349 2558 398 Thomas,

371 414 432 453 IV
468 413 596 459 Sent„
633 411 727 452 dist.
762 422 879 459 xL1V,
915 423 985 464 qu.
1020 422 1061 458 11,
1097 416 1170 450 art.
1206 421 1246 460 4,
1281 414 1376 462 qu³.
1414 421 1451 456 2,
1487 408 1541 448 ad
1576 410 1615 449 3.

497 473 745 514 Alexander
778 472 993 520 Halensis,
1029 472 1148 512 Sum.
1181 470 1333 518 Theol„
1369 483 1409 524 p.
1433 470 1502 518 ΙΙΙ,
1538 482 1609 523 qu.
1633 482 1736 518 xxn,
1761 471 1918 512 memb.
1945 484 1984 520 2,
2008 471 2118 512 hanc
2152 472 2403 526 opinionem
2429 473 2559 514 Prae-

371 535 548 590 positini
583 548 679 576 esse
713 541 901 575 testatur.
938 535 1043 574 Item
1069 533 1308 574 Gulielmus
1332 531 1717 580 Autissiodorenis‚
1742 532 1948 574 Summae
1969 532 2038 574 lib.
2063 534 2136 581 IV,
2160 534 2212 574 a'e
2232 534 2562 576 Resurrectione

377 598 548 645 Christi,
585 611 675 651 cap.
709 609 734 637 1.

497 718 616 767 Ibid.,
665 718 720 758 ad
761 719 816 758 3:
857 734 874 754 ‹
914 716 1160 757 Dicendum
1208 716 1351 770 quod,
1399 715 1509 756 sicut
1555 715 1820 757 Severianus
1866 717 1968 758 dicit
2000 718 2042 759 in
2081 718 2294 760 Sermone
2335 720 2558 762 Paschali:

371 782 512 822 Nemo
537 783 665 835 putet
694 779 913 820 Christum
944 791 1028 819 sua
1060 779 1368 819 resurrectione
1398 778 1472 818 sui
1497 778 1644 818 vultus
1675 777 1860 832 effigiem
1893 783 2215 822 commutasse...
2249 781 2341 822 Sed
2366 785 2565 824 mutatur

373 842 536 897 effigies
569 841 671 882 dum
704 839 888 895 efficitur
921 853 977 880 ex
1009 839 1186 880 mortali
1214 839 1480 887 immortalis,
1505 842 1556 879 ut
1573 840 1653 881 hoc
1684 840 1744 880 sit
1772 841 2049 894 acquisivisse
2078 842 2223 883 vultus
2250 843 2450 897 gloriam,
2474 858 2559 886 non

371 905 517 945 vultus
547 903 835 944 substantiam
858 901 1103 956 perdidisse
1130 918 1166 942 ».

496 965 628 1013 Idem,
663 965 706 1005 in
745 964 924 1010 Catena,
967 963 1098 1004 Marc.
1133 976 1224 1018 cap.
1265 974 1351 1011 XVI,
1387 963 1422 1011 b,
1458 963 1540 1004 sub
1582 963 1811 1005 Seven‘am·
1847 965 2033 1006 nomine.
2069 965 2173 1015 Sed,
2207 972 2254 1007 ut
2286 967 2326 1007 in
2367 968 2560 1023 margi-ne

371 1027 541 1068 videbis
583 1026 828 1074 indicatum,
865 1032 930 1066 est
961 1025 1075 1066 Petri
1110 1025 1386 1081 Chrysologi‚
1421 1025 1536 1079 apud
1577 1038 1708 1079 quem
1748 1039 1827 1080 pro
1866 1026 2164 1076 substantiam,
2199 1028 2320 1084 leges
2352 1030 2559 1071 notitiam.

496 1151 616 1199 Ibid.,
642 1157 716 1191 art.
744 1163 782 1198 2,
807 1149 861 1190 ad
888 1163 939 1190 2:
969 1166 987 1187 ⁴<
1016 1149 1182 1190 Habuit
1214 1155 1356 1190 autem
1381 1149 1610 1203 (Christus)
1634 1149 1796 1203 aliquid
1829 1149 1944 1190 aliud
1978 1150 2099 1204 quod
2133 1150 2274 1205 ipsum
2307 1151 2560 1208 incorrupti-

373 1214 456 1254 bile
492 1212 688 1261 reddidit,
724 1225 811 1253 non
845 1211 1021 1266 quidem
1056 1217 1250 1252 naturam
1285 1211 1480 1252 caelestis
1515 1211 1721 1265 corporis,
1757 1217 1802 1252 ut
1834 1211 2011 1267 quidam
2045 1212 2193 1254 dicunt
2219 1229 2254 1254 ».

497 1274 712 1323 Halensis,
737 1275 943 1314 Summae
974 1274 1015 1314 T
1007 1273 1113 1315 heol.
1137 1279 1241 1328 part.
1265 1273 1335 1321 111,
1359 1286 1430 1327 qu.
1455 1285 1557 1321 xxn,
1582 1273 1739 1314 memb.
1762 1286 1804 1323 11,
1829 1279 1903 1314 art.
1930 1286 1970 1323 2,
1994 1274 2103 1316 hanc
2133 1275 2381 1330 opinionem
2415 1283 2561 1319 tenere

373 1337 554 1378 videtur.

498 1459 581 1511 Qu.
616 1470 717 1506 Lvn,
752 1464 827 1498 art.
854 1469 892 1506 2,
917 1470 1059 1511 corp.:
1099 1473 1118 1494 ‹
1147 1456 1276 1498 Unde
1310 1457 1583 1512 Augustinus
1617 1457 1719 1498 dicit
1751 1458 1793 1498 in
1827 1458 2040 1500 Sermone
2074 1459 2128 1500 de
2163 1460 2458 1503 Ascensione:
2492 1463 2564 1504 De

372 1525 515 1562 nostro
535 1520 641 1575 fitit,
677 1519 795 1573 quod
821 1519 965 1560 Filius
995 1519 1086 1559 Dei
1104 1518 1314 1573 pependit
1341 1519 1385 1559 in
1417 1532 1542 1560 cruce
1556 1535 1574 1567 ,·
1605 1519 1686 1560 sed
1712 1519 1765 1560 de
1795 1533 1874 1560 suo
1904 1521 2022 1574 quod
2049 1521 2244 1562 ascendit
2267 1538 2302 1563 ιι.

496 1584 543 1623 In
579 1583 791 1623 Sermone
827 1582 922 1630 isto,
958 1581 1030 1635 qui
1065 1586 1131 1621 est
1163 1580 1270 1621 inter
1304 1581 1450 1635 Opera
1483 1581 1730 1636 Augustini,
1766 1581 1826 1622 sic
1859 1582 2040 1638 legitur:
2078 1583 2148 1624 De
2179 1587 2323 1625 nostro
2355 1588 2421 1626 est
2449 1587 2568 1640 quod

373 1644 660 1700 apprehendit
690 1644 756 1698 (al.
791 1643 1041 1698 appendit);
1076 1642 1128 1683 de
1159 1656 1238 1683 suo
1270 1645 1336 1683 est
1363 1642 1481 1696 quod
1507 1643 1694 1684 donavit.

498 1707 714 1755 Halensis,
758 1706 964 1746 Summae
1003 1705 1144 1745 Theol.
1185 1710 1290 1759 part.
1325 1705 1394 1753 III,
1434 1717 1504 1759 qu.
1539 1718 1659 1754 xxm,
1693 1706 1851 1747 memb.
1886 1718 1959 1748 lv:
1998 1708 2164 1757 «Item,
2205 1708 2478 1764 Augustinus
2519 1710 2561 1752 in

374 1771 587 1812 Sermone
622 1768 676 1809 de
710 1767 1008 1809 Ascensione:
1058 1767 1128 1806 De
1169 1769 1314 1807 nostro
1348 1766 1448 1821 fuit
1483 1766 1601 1820 quod
1634 1767 1922 1822 apprehendit
1932 1784 1949 1815 ,·
1993 1768 2047 1809 de
2085 1782 2163 1810 suo
2203 1770 2322 1823 quod
2358 1771 2560 1813 ascendit.

375 1832 622 1874 Secundum
670 1843 776 1886 ergo
810 1829 1118 1870 humanitatem
1158 1828 1362 1883 pependit
1395 1828 1436 1868 in
1472 1841 1608 1877 cruce,
1644 1835 1686 1870 et
1717 1829 1956 1871 secundum
1996 1830 2262 1873 divinitatem
2304 1833 2560 1875 ascendit».

768 1958 1312 2011 COMMENTARIA
1352 1956 1790 2010 CARDINALIS
1830 1958 2176 2011 CAIETANI

499 2087 683 2141 Expleto
719 2085 787 2126 die
813 2087 870 2125 26
904 2084 1009 2125 Feb.
1042 2083 1154 2137 1517
1189 2083 1500 2124 commentario
1534 2084 1576 2124 in
1611 2083 1858 2125 Secundam
1893 2084 2132 2134 Secundae,
2156 2085 2299 2126 statim
2330 2086 2561 2129 Caietanus

375 2151 429 2191 ad
463 2149 653 2190 Tertiam
686 2148 856 2188 Partem
892 2159 1066 2186 manum
1100 2145 1308 2194 admovit,
1344 2151 1386 2186 et
1417 2145 1502 2186 iam
1536 2145 1591 2186 ad
1625 2145 1840 2187 decimum
1874 2146 2097 2188 articulum
2131 2148 2397 2201 quaestionis
2430 2149 2561 2204 septi-

374 2225 470 2253 mae
503 2215 758 2266 pervenerat
791 2208 979 2263 quando,
1005 2207 1074 2248 die
1105 2221 1118 2248 1
1149 2207 1241 2248 Iulii
1275 2207 1469 2248 eiusdem
1503 2207 1614 2256 anni,
1638 2221 1663 2248 a
1695 2208 1847 2255 Leone
1879 2209 1920 2250 X
1954 2208 2008 2249 ad
2042 2209 2362 2251 Cardinalatum
2386 2217 2561 2253 evectus

375 2281 450 2315 est.
485 2274 615 2314 Nova
648 2271 855 2326 dignitate
878 2285 903 2310 a
924 2270 1155 2310 scribendo
1189 2269 1499 2324 aliquantulum
1534 2269 1738 2311 desistere
1773 2276 1960 2318 coactus
1995 2276 2096 2325 post
2127 2284 2291 2326 paucos
2325 2271 2416 2313 dies
2450 2280 2562 2328 opus

375 2334 614 2389 resumpsit.
654 2350 672 2370 ‹
700 2333 887 2373 Divinae
915 2349 957 2380 ›‚
994 2332 1141 2386 inquit,
1182 2348 1200 2369 ‹
1228 2337 1275 2372 ut
1308 2344 1396 2371 non
1431 2331 1568 2372 desim
1601 2332 1776 2387 gratiae,
1800 2346 1877 2386 par
1909 2338 1975 2373 est
2006 2338 2053 2373 ut
2086 2339 2287 2387 coeptum
2321 2345 2434 2388 opus
2466 2346 2560 2389 pro-

375 2409 633 2452 sequamur:
669 2402 711 2436 et
743 2401 906 2449 quanto
939 2394 1122 2448 amplius
1155 2393 1251 2442 Dei,
1287 2393 1631 2447 sanctissimique
1665 2393 1844 2434 Domini
1878 2394 2011 2435 nostri
2046 2394 2208 2435 Leonis
2242 2395 2409 2436 Decimi
2443 2397 2560 2438 Pon-

375 2459 498 2500 tificis
532 2457 710 2499 Maximi
744 2456 897 2512 gratia,
934 2455 1147 2496 Cardinea
1180 2468 1248 2496 me
1291 2455 1497 2510 dignitate
1540 2455 1754 2504 attollens,
1788 2455 2042 2504 abundavit,
2077 2462 2196 2497 tanto
2238 2457 2378 2513 magis
2419 2457 2560 2500 debeo

374 2523 471 2562 Iesu
513 2519 669 2561 Christi
713 2518 934 2572 mysteria,
977 2517 1284 2571 Ecclesiaeque
1327 2523 1611 2565 sacramenta,
1646 2517 1822 2558 scrutari
1863 2517 1905 2557 in
1945 2519 2172 2572 lucemque
2212 2519 2413 2573 proferre.
2462 2521 2561 2562 Hoc

375 2584 504 2639 igitur
537 2581 692 2622 eodem
726 2594 852 2628 anno,
878 2580 1026 2620 salutis
1060 2579 1235 2633 quidem
1270 2579 1496 2620 millesimo
1532 2579 1880 2634 quingentesimo
1915 2579 2283 2634 decimoseptimo,
2308 2581 2458 2622 aetatis
2491 2595 2560 2623 au-

375 2653 462 2686 tem
496 2643 693 2699 propriae
727 2655 844 2683 nono
879 2655 1007 2696 supra
1041 2641 1433 2696 quadragesimum,
1457 2641 1704 2682 inchoatum
1739 2654 1848 2695 opus
1884 2641 1952 2682 die
1982 2641 2240 2683 duodecima
2263 2643 2562 2685 Cardinalatus

377 2707 502 2747 simul
525 2712 567 2746 et
589 2705 748 2746 mensis
781 2703 873 2744 Iulii
908 2703 1228 2758 prosequendo,
1259 2703 1427 2743 titulum
1460 2703 1587 2743 huius
1619 2702 1834 2743 undecimi
1867 2703 2029 2744 articuli
2054 2704 2320 2758 quaestionis
2353 2705 2562 2760 septimae

378 2767 701 2823 intelligendum
735 2772 781 2807 ut
813 2772 940 2806 sonat
973 2765 1154 2806 dicimus
1189 2765 1287 2818 (Qu.
1312 2777 1383 2813 v11,
1408 2770 1482 2805 art.
1511 2778 1547 2813 ι,
1583 2778 1621 2805 n.
1653 2766 1689 2818 1)
1719 2781 1754 2805 ιι.
1789 2765 1981 2820 Legatus
2015 2766 2057 2806 in
2093 2766 2370 2808 Germaniam
2404 2767 2561 2809 missus

379 2838 419 2871 et
451 2829 717 2885 gravissimis
752 2827 937 2884 negotiis
973 2833 1219 2882 occupatus,
1245 2827 1596 2867 commentationi
1625 2827 1899 2867 nihilominus
1933 2827 2226 2869 incumbebat:
2261 2835 2388 2883 prout
2419 2829 2559 2884 ipsum

377 2899 530 2932 testem
552 2892 774 2939 habemus,
800 2891 841 2930 in
865 2889 1130 2944 quaestionis
1164 2889 1704 2944 quadragesimaeoctavae
1738 2889 1914 2930 articulo
1950 2890 2122 2943 quinto:
2163 2906 2181 2927 α
2210 2890 2282 2931 Ad
2305 2890 2388 2931 hoc
2410 2890 2561 2932 dicitur

379 2953 498 3008 quod
531 2953 741 2994 sententia
773 2953 899 2992 huius
932 2952 1094 2992 litterae
1128 2964 1215 2992 non
1250 2957 1315 2991 est
1348 2957 1495 2991 contra
1528 2950 1766 2991 doctrinam
1799 2950 1854 2991 de
1888 2951 2075 2992 efficacia
2115 2951 2474 3008 indulgentiarum
2507 2965 2561 2993 ex

378 3016 579 3056 thesauro
620 3015 868 3055 meritorum
908 3014 1064 3054 Christi
1099 3020 1141 3054 et
1174 3013 1444 3054 Sanctorum.
1495 3012 1638 3065 Quam
1672 3025 1767 3053 esse
1799 3013 2024 3054 Romanae
2058 3014 2276 3055 Ecclesiae
2309 3013 2559 3063 doctrinam,

380 3084 421 3118 et
454 3078 508 3117 ab
543 3076 744 3117 omnibus
785 3075 1136 3129 amplectendam,
1173 3075 1414 3130 nuperrime
1457 3074 1750 3115 sanctissimus
1784 3075 2001 3116 Dominus
2035 3081 2182 3116 noster
2212 3076 2305 3116 Leo
2338 3074 2559 3124 Decimus,

379 3153 455 3193 per
487 3151 609 3178 suam
645 3137 900 3177 decretalem
934 3137 988 3176 ad
1023 3150 1103 3185 me,
1139 3151 1251 3178 nunc
1283 3137 1592 3187 in Germania
1633 3137 1836 3192 legatum,
1870 3137 2190 3193 significavit».
2235 3137 2559 3178 Commentario

380 3200 550 3255 proprie
585 3199 698 3239 dicto
733 3198 862 3238 finem
895 3198 1134 3251 imponens,
1161 3213 1247 3239 non
1271 3204 1391 3240 notat
1415 3199 1529 3239 diem
1553 3204 1594 3239 et
1616 3212 1788 3247 annum,
1812 3199 2026 3253 siquidem
2060 3198 2302 3239 ulteriorem
2335 3203 2558 3239 tractatum

381 3262 434 3302 ad
459 3261 820 3315 complementum
855 3259 997 3313 operis
1031 3260 1333 3301 meditabatur:
1373 3278 1391 3298 ‹
1416 3261 1471 3301 Et
1503 3261 1607 3301 haec
1641 3267 1727 3302 tam
1751 3261 1806 3302 de
1828 3261 1906 3302 hac
1929 3259 2181 3314 quaestione
2214 3272 2344 3313 quam
2377 3259 2431 3300 de
2465 3266 2558 3300 toto

381 3323 463 3363 hoc
486 3335 616 3377 opere
639 3322 694 3362 ab
719 3322 910 3361 Auctore
933 3320 1048 3361 edito
1073 3321 1184 3362 dicta
1207 3323 1427 3363 sufficiant.
1463 3323 1545 3363 Hic
1569 3323 1693 3371 enim,
1718 3322 1825 3364 felici
1848 3321 2025 3363 transitu
2047 3321 2102 3362 ad
2126 3321 2352 3362 caelestem
2379 3321 2558 3376 patriam

382 3391 650 3438 praeventus,
676 3383 802 3423 divus
825 3383 1018 3423 Thomas
1052 3382 1264 3423 scribendi
1298 3384 1428 3424 finem
1461 3384 1569 3425 fecit.
1603 3383 1731 3425 Unde
1754 3383 1923 3425 residua
1944 3382 2028 3424 alio
2052 3382 2185 3423 modo
2219 3381 2438 3423 tractanda
2460 3389 2560 3423 sunt

384 3446 481 3498 (Qu.
506 3458 575 3494 xc,
600 3451 674 3486 art.
699 3445 742 3499 3)
772 3462 806 3485 ».
842 3445 933 3484 Nec
967 3456 1098 3491 mora,
1122 3443 1191 3484 illa
1216 3445 1387 3485 residua
1418 3451 1596 3485 tractare
1630 3446 1782 3500 coepit,
1806 3450 1977 3486 servato
2012 3443 2162 3485 ordine
2194 3450 2558 3485 sacramentorum

383 3507 658 3561 quaestiones
701 3512 966 3560 opportunas
1010 3505 1262 3560 adiungens,
1297 3511 1343 3546 ut
1376 3518 1428 3546 ex
1461 3506 1539 3554 his,
1574 3519 1659 3546 una
1692 3520 1789 3548 cum
1829 3505 2155 3554 commentariis,
2190 3505 2403 3562 integrum
2447 3519 2559 3561 opus

381 3569 689 3609 absolveretur.
731 3569 776 3609 In
813 3581 993 3622 quarum
1027 3567 1212 3622 prologo
1248 3567 1526 3608 intentionem
1561 3581 1682 3608 suam
1717 3569 1774 3609 ita
1807 3568 2089 3609 demonstrat:
2129 3584 2147 3605 «ι
2175 3567 2357 3608 Intentio
2389 3580 2484 3609 mea
2516 3568 2557 3608 in
