2872 3970
189 983 198 993 ¹⁸
209 981 244 1003 Cf.
259 985 300 1002 art.
315 986 399 1008 praec..

189 1008 321 1029 Comment.
335 1013 398 1028 num.

190 1040 205 1061 ι,
221 1035 271 1055 init.

190 1113 200 1124 ⁶
214 1112 248 1134 Cf.
264 1118 326 1133 num.
341 1118 389 1139 seq.

192 1902 201 1911 '⁸
211 1900 334 1921 membrum
345 1899 399 1920 ΡΛΒ,

432 235 478 269 52

428 323 522 355 ram,
540 309 649 359 quasi
665 321 710 345 ex
725 307 918 356 principiis
938 308 1132 344 humanae
1153 314 1311 342 naturae
1326 312 1491 341 causata.

429 365 476 401 Et
508 363 594 399 ideo
630 373 710 398 non
746 367 895 409 oportet
930 360 1037 408 quod
1073 358 1276 396 conveniat
1311 357 1493 394 omnibus

428 415 663 452 hominibus.
686 414 752 450 Est
770 421 899 450 tamen
918 411 1098 449 naturalis
1126 410 1160 448 ei
1187 410 1400 447 secundum
1422 411 1493 446 hu-

428 480 585 505 manam
614 474 803 513 naturam,
824 472 980 514 propter
997 463 1270 513 proprietatem
1293 461 1494 499 nativitatis

429 520 564 570 ipsius:
592 526 708 568 prout
734 518 786 555 sic
812 524 1021 566 conceptus
1041 524 1095 553 est
1124 528 1170 552 ex
1191 515 1332 564 Spiritu
1353 515 1493 552 Sancto

1141 228 1404 275 QUAESTIO
1433 228 1480 274 II,
1511 228 1804 266 ARTICULUS
1832 229 1898 266 XII

1549 313 1590 341 ut
1610 313 1707 342 esset
1725 305 1829 342 idem
1848 305 2028 343 naturalis
2048 305 2165 341 Filius
2185 305 2255 342 Dei
2277 313 2312 341 et
2335 305 2515 344 hominis.
2547 307 2612 344 Se·-

1549 358 1723 394 cundum
1750 370 1848 397 vero
1874 358 2046 395 divinam
2074 365 2249 394 naturam
2280 366 2335 395 est
2363 358 2398 395 ei
2419 359 2611 407 naturalis,

1549 410 1779 459 inquantum
1805 410 1936 447 divina
1961 417 2096 447 natura
2122 418 2176 447 est
2192 410 2426 460 principium
2445 410 2613 455 activum

1551 462 1666 516 huius
1684 462 1835 510 gratiae.
1864 462 1912 500 Et
1931 463 2007 500 hoc
2024 462 2206 500 convenit
2228 462 2296 500 toti
2315 462 2507 501 Trinitati:
2544 463 2613 502 sci—

1550 514 1634 552 licet
1661 514 1776 551 huius
1804 514 1943 563 gratiae
1971 527 2054 552 esse
2082 515 2250 552 activum
2278 515 2523 565 principium.

1105 620 1437 664 Commentaria.
1459 619 1712 652 cardinalis
1734 620 1936 653 Caietam

458 725 478 745 N
508 714 602 744 titulo
632 712 754 743 articuli
786 710 986 746 duodecimi,
1017 714 1094 739 nota
1117 708 1207 748 quod
1236 707 1310 738 ideo
1338 708 1371 737 in
1398 706 1492 737 titulo

459 758 631 798 apponitur
649 757 680 797 ly
696 755 828 790 homini,
845 755 888 784 ita
904 753 993 794 quod
1009 763 1076 783 non
1093 753 1255 792 quaeritur
1270 756 1379 781 utrum
1394 751 1492 790 gratia

427 802 555 832 unionis
579 801 618 831 sit
641 800 768 830 Christo
793 798 959 833 naturalis,
984 797 1039 827 sed
1063 806 1102 827 an
1126 797 1166 826 sit
1188 795 1337 826 naturalis
1364 794 1492 824 Christo

426 846 557 881 homini,
577 850 612 875 ut
628 844 832 878 denotaretur
847 841 936 882 quod
952 840 1119 871 difficultas
1134 840 1230 870 huius
1246 839 1334 869 dubii
1351 848 1388 868 ex
1404 843 1492 877 parte

427 890 495 919 eius
519 887 609 929 quod
625 893 671 918 est
687 896 754 917 esse
770 886 946 921 hominem,
968 894 1002 914 se
1017 890 1113 914 tenet.
1138 884 1214 914 Non
1230 883 1316 913 enim
1333 887 1379 912 est
1395 891 1493 922 quae-

426 934 486 963 stio
509 933 547 962 de
564 931 691 962 Christo
715 929 893 960 secundum
910 928 999 968 quod
1014 929 1112 963 Deus,
1138 926 1192 958 sed
1209 926 1387 958 secundum
1404 925 1493 966 quod

427 982 473 1007 est
496 977 607 1011 homo,
631 985 671 1005 an
695 974 792 1013 gratia
816 974 946 1003 unionis
969 973 1009 1002 sit
1031 972 1077 1002 illi
1099 971 1250 1001 naturalis
1266 972 1293 1001 θ.

481 1021 516 1050 In
540 1028 676 1059 corpore
699 1018 821 1048 articuli
845 1016 910 1047 duo
934 1016 1032 1046 fiunt:
1057 1016 1173 1056 primo,
1198 1015 1330 1055 ponitur
1350 1023 1415 1045 una
1431 1013 1492 1044 dis-

425 1065 537 1094 tinctio
561 1063 600 1093 de
620 1063 653 1103 ly
676 1061 838 1092 naturalis
845 1067 857 1097 ,⁶
880 1059 1034 1096 secundo,
1050 1059 1262 1099 respondetur
1278 1059 1423 1099 quaesito
1440 1058 1493 1087 tri-

425 1108 548 1148 pliciter
556 1108 582 1137 st.
603 1106 772 1136 Distinctio
789 1110 845 1135 est.
865 1105 1026 1135 Naturale
1042 1103 1225 1144 dupliciter:
1250 1103 1301 1133 vel
1314 1101 1403 1143 quod
1419 1107 1493 1132 cau-

425 1157 510 1182 satur
534 1161 571 1181 ex
594 1150 757 1191 principiis
781 1149 998 1179 essentialibus
1021 1148 1083 1184 rei,
1113 1148 1194 1178 sicut
1216 1147 1322 1187 passio
1347 1156 1384 1177 ex
1406 1146 1493 1186 prin-

427 1196 516 1236 cipiis
540 1195 683 1230 subiecti,
707 1194 788 1224 sicut
810 1193 934 1223 moveri
950 1192 1100 1222 deorsum
1117 1201 1154 1222 ex
1170 1191 1334 1231 principiis
1350 1190 1493 1230 corporis

426 1241 544 1280 gravis;
565 1239 616 1269 vel
629 1237 719 1278 quod
731 1238 769 1267 ab
782 1237 849 1277 ipsa
861 1237 1023 1267 nativitate
1034 1236 1178 1266 habetur.
1198 1235 1364 1270 Probatur,
1377 1235 1493 1274 primo,

427 1284 597 1314 distinctio.
631 1282 716 1320 Quia
746 1286 865 1311 natura
898 1280 1012 1311 dicitur
1035 1279 1218 1320 dupliciter,
1235 1279 1264 1309 V
1289 1278 1494 1319 Metaphys.:

427 1328 546 1358 scilicet
565 1327 604 1358 de
628 1325 774 1361 essentia,
791 1330 822 1355 et
846 1324 885 1355 de
905 1324 1081 1355 nativitate.
1104 1342 1127 1345 —
1149 1323 1315 1359 Probatur,
1339 1322 1493 1358 secundo,

427 1371 605 1402 secundum
624 1370 816 1405 membrum,
841 1369 1028 1398 auctoritate
1044 1367 1165 1407 duplici
1181 1376 1286 1397 sacrae
1302 1366 1493 1406 Scripturae.

482 1416 567 1446 Nota
589 1415 641 1444 hic
665 1413 754 1453 quod
778 1411 956 1443 secundum
979 1412 1176 1446 membrum,
1200 1410 1321 1441 scilicet
1344 1410 1495 1440 naturale

427 1469 447 1490 a
472 1459 647 1494 nativitate,
672 1457 840 1497 dupliciter
862 1456 995 1495 intelligi
1018 1460 1133 1495 potest.
1158 1455 1233 1486 Uno
1257 1453 1368 1490 modo,
1385 1459 1421 1484 ut
1441 1453 1495 1484 de-

427 1508 556 1534 notetur
571 1502 639 1532 sola
655 1501 823 1536 coaevitas,
849 1501 924 1540 quia
939 1499 1060 1530 scilicet
1074 1500 1289 1538 incoeperunt
1304 1497 1399 1528 simul
1415 1503 1495 1528 tem-

427 1557 522 1587 pore:
554 1547 636 1577 sicut
666 1545 705 1576 de
735 1554 832 1575 caeco
862 1554 879 1574 a
902 1544 1064 1574 nativitate
1088 1543 1237 1578 dicimus,
1262 1542 1338 1581 quia
1361 1542 1494 1572 caecitas

427 1591 522 1621 simul
544 1591 688 1630 incoepit
712 1598 787 1619 cum
809 1589 942 1618 homine
967 1588 1023 1627 qui
1047 1592 1094 1617 est
1117 1596 1240 1617 caecus.
1277 1586 1351 1616 Alio
1375 1585 1493 1621 modo,

429 1641 463 1665 ut
491 1635 660 1665 denotetur
682 1643 750 1663 non
773 1633 841 1662 sola
871 1631 1089 1667 con-duratio,
1114 1630 1169 1661 sed
1193 1631 1288 1660 etiam
1312 1630 1494 1665 causalitas,

427 1680 471 1709 ita
494 1678 583 1718 quod
607 1688 644 1708 ex
660 1679 691 1707 vi
714 1677 882 1707 nativitatis
905 1676 1019 1705 habeat
1034 1674 1129 1705 illud:
1155 1675 1237 1704 sicut
1252 1673 1388 1704 dicimus
1405 1673 1495 1714 quod

428 1728 534 1752 sextus
558 1722 673 1761 digitus
697 1726 743 1751 est
766 1720 916 1750 naturalis
934 1729 971 1749 ex
986 1719 1197 1760 nativitatevin
1213 1723 1317 1753 utero,
1342 1718 1418 1757 quia
1435 1717 1496 1747 sci·

428 1767 502 1796 licet
525 1775 562 1796 ex
586 1767 616 1795 vi
639 1765 708 1794 talis
724 1764 903 1798 nativitatis,
928 1762 1117 1792 abundantis
1133 1763 1166 1791 in
1182 1762 1323 1795 materia,
1341 1767 1412 1797 etc.‚
1436 1761 1496 1791 iste

429 1811 557 1840 sortitus
581 1815 628 1839 est
651 1814 775 1838 sextum
799 1807 943 1847 digitum.
979 1806 1014 1836 In
1038 1806 1206 1846 proposito
1235 1805 1421 1845 intelligitur
1447 1815 1496 1835 se—

430 1853 572 1884 cundum
593 1853 775 1882 membrum
798 1857 936 1890 utroque
960 1849 1070 1880 modo.
1094 1850 1135 1879 Et
1158 1849 1197 1879 ad
1222 1848 1399 1879 secundum
1425 1858 1496 1878 mo-

429 1898 507 1928 dum
519 1898 535 1914 ἦ
551 1902 671 1937 spectat
686 1896 855 1926 auctoritas
867 1895 1026 1935 Apostoli,
1038 1894 1181 1924 Eramus
1197 1899 1316 1923 natura
1322 1893 1392 1934 filii
1407 1892 1497 1923 irae:

429 1942 584 1981 quoniam
616 1951 653 1970 ex
675 1941 706 1969 vi
730 1939 900 1969 nativitatis
924 1943 1050 1968 nostrae
1081 1947 1138 1977 per
1165 1937 1430 1977 propagationem
1458 1946 1496 1966 ex

428 1985 533 2016 Adam
562 1994 674 2014 sumus
697 1983 753 2013 filii
776 1984 857 2019 irae,
889 1982 967 2013 dum
997 1991 1035 2012 ex
1058 1983 1089 2012 vi
1112 1981 1282 2012 nativitatis
1305 1986 1432 2010 nostrae
1461 1981 1495 2010 in

428 2035 520 2059 utero
544 2028 704 2058 inficimur
726 2032 859 2067 peccato
884 2026 1038 2066 originali.
1064 2025 1114 2055 Ad
1137 2026 1277 2064 primurn
1301 2030 1408 2054 autem
1424 2034 1495 2054 mo-

430 2073 507 2103 dum
531 2078 651 2112 spectat
674 2071 843 2101 auctoritas
875 2070 1078 2110 Sapientiae:
1107 2069 1262 2109 quoniam
1293 2068 1493 2104 chananaei,

429 2117 469 2147 de
485 2117 602 2157 quibus
625 2116 777 2155 loquitur,
798 2124 866 2144 non
883 2124 920 2144 ex
935 2114 966 2143 vi
982 2113 1151 2143 nativitatis
1168 2112 1397 2142 contrahebant
1419 2122 1495 2152 pec-

430 2166 498 2191 cata
521 2165 706 2200 parentum,
739 2158 794 2188 sed
816 2158 935 2188 malitia
958 2158 1087 2187 illorum
1110 2158 1153 2187 ita
1177 2157 1241 2186 cito
1265 2156 1437 2196 incipiebat
1459 2162 1496 2186 ut

429 2205 551 2235 dicatur
573 2205 606 2234 in
629 2209 721 2233 utero
744 2203 938 2242 incoepisse,
962 2202 1050 2231 iuxta
1073 2206 1265 2231 consuetum
1288 2199 1424 2230 modum
1446 2200 1495 2230 lo—

429 2248 550 2289 quendi
573 2256 721 2278 sermone
745 2246 936 2286 emphatico.

484 2292 520 2322 11.
545 2292 649 2321 Prima
673 2290 838 2320 conclusio
863 2295 924 2320 est:
952 2289 1082 2324 Gratia,
1107 2289 1174 2319 sive
1197 2288 1327 2319 unionis
1349 2287 1416 2319 sive
1438 2288 1495 2317 ha-

428 2336 573 2371 bitualis,
602 2345 665 2365 non
690 2339 737 2365 est
760 2334 920 2364 naturalis
945 2333 1073 2363 Christo
1098 2338 1133 2363 ut
1155 2337 1289 2363 causata
1312 2341 1354 2362 ex
1369 2332 1495 2372 princi-

422 2380 489 2420 piis
511 2380 672 2410 humanae
695 2383 843 2408 naturae.

484 2423 631 2454 Secunda
654 2423 820 2452 conclusio
846 2426 909 2452 est:
936 2421 1052 2451 Gratia
1076 2425 1213 2461 utraque
1230 2425 1340 2461 potest
1358 2420 1422 2450 dici
1438 2430 1495 2450 na—

429 2468 545 2498 turalis
571 2467 698 2497 Christo
722 2467 815 2507 quasi
831 2466 1028 2506 proveniens
1051 2475 1093 2495 ex
1109 2470 1228 2495 natura
1248 2465 1357 2495 divina
1376 2464 1496 2495 Christi

430 2513 461 2542 in
487 2517 638 2542 naturam
660 2511 835 2540 humanam
858 2509 1008 2540 eiusdem.

484 2555 592 2585 Tertia
607 2555 773 2585 conclusio
791 2559 852 2584 est:
877 2554 992 2584 Gratia
1010 2559 1145 2594 utraque
1161 2558 1208 2583 est
1223 2553 1384 2584 naturalis
1402 2552 1494 2583 Chri-

429 2605 495 2635 sto,
526 2598 680 2630 sumendo
711 2598 861 2628 naturale
891 2607 911 2627 a
940 2598 1116 2628 nativitate.
1151 2597 1307 2628 Probatur
1332 2598 1367 2627 in
1389 2597 1494 2636 primo

429 2653 534 2679 sensu,
558 2643 621 2673 hoc
645 2648 691 2672 est
714 2642 892 2672 secundum
911 2642 1129 2672 coaevitatem.
1154 2641 1239 2679 Quia
1255 2642 1292 2671 ab
1309 2641 1400 2671 initio
1418 2650 1495 2670 con-

431 2688 586 2727 ceptionis
617 2686 677 2717 fuit
699 2692 811 2716 natura
833 2687 974 2716 humana
1005 2685 1129 2716 divinae
1151 2695 1308 2725 personae
1330 2685 1435 2721 unita,
1465 2690 1496 2714 et

430 2733 493 2761 hoc
522 2730 630 2771 quoad
659 2731 791 2771 gratiam
820 2731 966 2760 unionis:
998 2735 1029 2759 et
1052 2730 1158 2759 anima
1181 2730 1249 2760 eius
1279 2729 1340 2760 fuit
1361 2738 1495 2759 munere

430 2776 546 2815 gratiae
566 2775 695 2815 repleta,
720 2780 751 2804 et
766 2775 829 2804 hoc
846 2773 954 2814 quoad
969 2774 1101 2813 gratiam
1116 2773 1320 2804 habitualem.
1343 2790 1366 2796 —
1389 2773 1424 2803 In
1447 2782 1495 2803 se-

432 2818 538 2849 cundo
562 2825 668 2849 autem
692 2828 796 2854 sensu,
814 2819 877 2848 hoc
901 2823 947 2848 est
971 2827 1009 2847 ex
1031 2818 1063 2847 vi
1086 2818 1264 2853 nativitatis,
1286 2818 1439 2857 probatur
1461 2817 1495 2847 in

432 2864 639 2902 responsione
662 2863 702 2892 ad
724 2863 869 2898 tertium,
896 2872 933 2892 ex
956 2862 1150 2901 proprietate
1173 2862 1341 2891 nativitatis
1366 2859 1493 2891 Christi.

432 2907 517 2944 Quia
539 2907 584 2937 sic
613 2912 788 2947 conceptus
819 2912 865 2936 est
895 2916 932 2936 ex
956 2906 1074 2946 Spiritu
1099 2905 1216 2936 Sancto
1246 2910 1281 2935 ut
1305 2910 1386 2935 esset
1407 2904 1493 2935 idem

1545 707 1697 737 naturalis
1725 707 1824 737 Filius
1848 707 1908 738 Dei
1932 713 1963 738 et
1986 708 2144 738 hominis:
2176 713 2310 739 testante
2339 709 2422 740 hanc
2444 709 2614 740 nativitatis

1545 751 1611 780 vim
1634 751 1760 790 Angelo
1785 751 1910 782 dicente
1933 753 1959 787 ²⁸,
1982 751 2123 792 Spiritus
2146 752 2283 783 Sanctus
2305 753 2507 793 superveniet
2527 753 2560 784 in
2585 756 2614 784 'te

1546 799 1577 825 et
1597 795 1699 825 virtus
1714 795 1871 825 Altissimi
1886 795 2085 826 obumbrabit
2100 796 2164 832 tibi,
2189 796 2267 827 dum
2290 797 2406 834 subdit,
2422 796 2563 838 Ideoque
2585 802 2616 828 et

1545 838 1632 879 quod
1655 843 1805 869 nascetur
1827 848 1869 869 ex
1892 843 1922 870 te
1943 844 2106 876 sanctum,
2131 841 2298 871 vocabitur
2323 841 2429 872 Filius
2449 841 2513 871 Dei
2519 848 2532 878 ;
2561 841 2614 872 illa

1546 883 1632 913 enim
1657 883 1799 918 causalis,
1825 882 1964 924 Ideoque
1986 888 2018 914 et
2039 883 2126 924 quod
2148 889 2299 915 nascetur
2313 894 2355 915 ex
2371 890 2409 921 te,
2434 885 2498 915 erit
2510 880 2615 916 Filius

1545 927 1623 963 Dei,
1648 926 1829 957 manifestat
1852 926 1891 957 ad
1914 927 1978 957 hoc
2001 937 2069 958 esse
2093 927 2271 958 ordinatam
2295 929 2456 959 actionem
2479 928 2614 969 Spiritus

1547 971 1654 1001 Sancti
1684 976 1720 1000 ut
1743 980 1781 1000 ex
1804 971 1835 1000 vi
1864 971 1933 1000 talis
1962 971 2133 1002 nativitatis
2162 977 2274 1002 natum
2304 977 2386 1002 esset
2412 972 2512 1003 Filius
2534 973 2614 1010 Dei,

1547 1014 1636 1054 quod
1652 1015 1685 1045 in
1701 1015 1769 1054 ipsa
1784 1015 1883 1055 gratia
1905 1014 2035 1045 unionis
2051 1015 2204 1046 consistit.
2225 1015 2333 1046 Gratia
2348 1020 2456 1046 autem
2470 1016 2615 1047 habitua—

1546 1059 1593 1094 lis,
1615 1064 1651 1089 ut
1681 1059 1715 1089 in
1746 1059 1877 1098 proprio
1907 1063 2041 1089 tractatu
2056 1060 2073 1076 ⁴*
2096 1059 2226 1099 patebit,
2244 1064 2290 1090 est
2319 1060 2351 1090 in
2384 1059 2512 1090 Christo
2527 1060 2617 1091 velut

1546 1103 1724 1143 proprietas
1737 1111 1939 1143 consequens
1950 1103 2083 1142 gratiam
2095 1103 2235 1140 unionis,
2246 1103 2328 1134 sicut
2339 1103 2492 1144 splendor
2502 1104 2614 1135 solem.

1602 1147 1653 1177 111.
1677 1147 1763 1177 Nota
1785 1147 1836 1177 hic
1860 1147 1928 1177 tria.
1956 1147 2064 1177 Primo
2089 1146 2192 1187 quod,
2218 1147 2363 1188 quamvis
2386 1147 2420 1178 in
2443 1147 2546 1179 littera
2569 1146 2616 1179 di-

1546 1191 1632 1221 visae
1651 1191 1713 1221 sint
1736 1191 1974 1231 explanationes
1994 1195 2025 1221 et
2040 1191 2246 1231 probationes
2261 1191 2372 1222 tertiae
2386 1191 2615 1229 conclusionis,

1548 1235 1726 1266 secundum
1744 1235 1825 1265 duos
1842 1235 2016 1275 assignatos
2032 1235 2065 1265 in
2077 1234 2219 1266 secundo
2232 1235 2379 1265 membro
2395 1244 2524 1272 sensus;
2540 1236 2617 1276 ‘quia

1546 1285 1655 1310 tamen
1678 1279 1744 1309 veri
1767 1284 1850 1314 sunt,
1874 1279 1908 1308 in
1930 1279 2033 1309 littera
2055 1285 2231 1319 ponuntur,
2256 1284 2287 1309 et
2307 1279 2432 1309 brevius
2447 1279 2529 1310 uniti
2550 1279 2616 1310 cla-

1547 1329 1617 1354 rent
1638 1323 1784 1359 novitiis‚
1814 1322 1889 1353 ideo
1920 1322 2057 1353 adunavi
2087 1322 2170 1353 dicta
2197 1323 2231 1353 in
2254 1323 2464 1363 responsione
2492 1323 2539 1354 ad*
2552 1329 2616 1354 ter-

1547 1368 1639 1403 tium,
1665 1372 1696 1397 et
1718 1367 1807 1397 iunxi
1831 1365 1960 1406 corpori
1983 1366 2117 1397 articuli.

1603 1410 1771 1447 Secundo,
1802 1410 1892 1451 quod
1915 1410 2039 1441 Auctor
2069 1411 2141 1451 plus
2166 1410 2296 1441 donavit
2327 1420 2425 1451 quam
2451 1411 2614 1451 promisit:

1547 1455 1626 1485 dum
1643 1455 1799 1495 quaesivit
1814 1454 1853 1484 de
1869 1455 1967 1494 gratia
1982 1455 2122 1491 unionis,
2134 1460 2165 1485 et
2176 1454 2341 1494 respondit
2357 1454 2395 1485 de
2411 1455 2509 1495 gratia
2520 1455 2616 1486 unio·

1547 1499 1596 1529 nis
1620 1504 1651 1529 et
1674 1498 1836 1528 habituali.
2584 1535 2586 1538 r
2607 1505 2609 1508 “

1602 1543 1713 1573 Tertio
1739 1541 1838 1582 quod,
1855 1541 1932 1572 dum
1951 1542 1985 1572 in
2008 1541 2148 1572 secunda
2171 1542 2380 1572 conclusione
2396 1541 2511 1573 dicitur
2526 1540 2617 1583 quod

1546 1587 1645 1627 gratia
1668 1586 1786 1628 Christi
1808 1591 1914 1626 potest
1935 1585 1997 1616 dici
2012 1586 2163 1616 naturalis
2179 1595 2217 1615 ex
2233 1585 2339 1616 divina
2353 1591 2476 1622 natura,
2492 1586 2618 1618 Auctor

1548 1636 1640 1661 caute
1657 1631 1807 1670 apposuit
1824 1629 1889 1660 duo
1905 1630 2080 1660 vocabula:
2104 1630 2220 1669 primo,
2231 1635 2341 1670 potest
2355 1630 2438 1667 dici;
2460 1630 2615 1667 secundo,

1547 1675 1641 1716 quasi
1657 1674 1864 1715 proveniens.
1900 1674 1956 1704 Est
1983 1673 2142 1714 siquidem
2173 1673 2441 1704 considerandum
2465 1674 2556 1714 quod
2577 1673 2618 1705 ad

1547 1720 1611 1749 hoc
1640 1724 1677 1748 ut
1699 1717 1820 1758 aliquid
1847 1717 1968 1748 dicatur
1990 1718 2119 1758 proprie
2142 1718 2285 1748 naturale
2307 1728 2326 1748 a
2348 1723 2460 1748 natura
2484 1727 2544 1758 pro
2568 1727 2617 1749 es·

1547 1763 1657 1798 sentia,
1682 1762 1747 1792 duo
1773 1767 1984 1792 concurrunt:
2009 1762 2150 1801 primum
2167 1767 2213 1792 est
2232 1762 2412 1798 causalitas;
2437 1761 2616 1794 secundum

1546 1806 1664 1836 modus
1688 1805 1849 1836 causandi.
1885 1805 2023 1845 Oportet
2045 1806 2132 1836 enim
2158 1811 2194 1836 ut
2218 1811 2365 1836 causetur
2388 1815 2406 1836 a
2428 1807 2556 1846 natura,
2585 1811 2618 1837 et

1548 1850 1638 1890 quod
1661 1849 1796 1880 naturali
1818 1849 1935 1884 modo,
1966 1858 2034 1879 non
2056 1849 2170 1885 libere,
2202 1855 2348 1880 causetur
2371 1859 2389 1879 a
2411 1855 2539 1880 natura:
2570 1850 2616 1880 sic

1548 1895 1634 1924 enim
1657 1894 1762 1933 passio
1787 1903 1805 1923 a
1827 1893 1991 1933 principiis
2014 1898 2158 1929 naturae,
2183 1894 2228 1923 sic
2251 1893 2324 1923 ferri
2348 1902 2474 1924 sursum
2498 1903 2517 1924 a
2538 1893 2616 1924 levi-

1545 1944 1610 1968 tate
1634 1943 1790 1973 causatur,
1815 1938 1859 1967 sic
1882 1937 2024 1967 naturale
2049 1936 2252 1977 distinguitur
2275 1942 2387 1967 contra
2408 1937 2555 1968 liberum.
2579 1937 2616 1968 In

1547 1982 1716 2022 proposito
1740 1987 1864 2017 autem,
1896 1981 1972 2021 quia
1996 1981 2101 2011 omnis
2125 1981 2290 2011 causalitas
2313 1981 2375 2012 Dei
2397 1979 2436 2011 ad
2459 1986 2549 2017 exn-a
2564 1986 2617 2012 est

1546 2026 1644 2056 libera
1668 2031 1699 2055 et
1721 2025 1809 2056 nulla
1833 2030 1879 2055 est
1901 2024 2062 2061 naturalis,
2086 2024 2159 2055 ideo
2183 2025 2281 2065 gratia
2303 2025 2337 2055 in
2362 2024 2490 2056 Christo
2514 2034 2554 2057 ex
2568 2024 2616 2063 di-

1546 2070 1619 2099 vina
1642 2075 1754 2099 natura
1777 2074 1903 2099 causata
1919 2067 2026 2099 deficit
2049 2079 2068 2099 a
2090 2069 2224 2099 naturali
2246 2069 2280 2099 in
2296 2067 2396 2099 modo
2421 2076 2488 2109 quo
2507 2068 2617 2101 fits‘et

1547 2118 1654 2153 potest
1677 2113 1739 2143 dici
1762 2113 1912 2143 naturalis
1937 2111 2046 2152 quoad
2068 2113 2226 2152 primum,
2251 2113 2327 2152 quia
2350 2122 2387 2143 ex
2411 2112 2616 2150 divinaeou-

1547 2162 1632 2187 satur
1654 2163 1783 2193 natura;
1809 2156 1918 2197 quoad
1940 2156 2119 2187 secundum
2139 2166 2226 2193 vero,
2250 2162 2358 2196 potest
2380 2156 2443 2188 dici
2464 2154 2616 2188 naffli's

1546 2211 1614 2231 non
1638 2200 1821 2237 formaliter,
1846 2201 1922 2240 quia
1943 2201 1978 2231 in
2000 2201 2130 2231 veritate
2145 2210 2213 2231 non
2229 2201 2422 2237 naturaliter,
2446 2200 2503 2232 sed
2516 2201 2616 2239 libare

1548 2251 1710 2281 causatum
1735 2244 1791 2275 sed
1807 2245 1898 2284 quasi
1919 2244 2102 2281 virtualiter,
2118 2254 2175 2275 seu
2194 2244 2466 2281 conditionaliter;
2488 2245 2617 2285 host&

1548 2290 1633 2329 quia,
1651 2290 1677 2319 si
1693 2289 1818 2319 divinae
1829 2293 1960 2319 naturae
1976 2294 2174 2329 competeret
2189 2288 2229 2319 ad
2245 2294 2331 2319 extra
2345 2294 2482 2329 uterque
2497 2287 2616 2321 modus

1548 2332 1714 2369 causandi,
1739 2333 1859 2363 scilicet
1882 2333 2064 2363 naturaliter
2086 2332 2137 2363 vel
2159 2333 2274 2368 libere,
2303 2338 2439 2372 utraque
2460 2328 2559 2374 gratia
2581 2332 2616 2364 in

1549 2377 1676 2408 Christo
1699 2377 1882 2407 naturaliter
1905 2381 2102 2412 causaretur;
2126 2377 2202 2417 quia
2224 2377 2322 2416 gratia
2340 2376 2471 2407 unionis
2493 2382 2616 2419 spectat

1549 2421 1588 2451 ad
1611 2431 1678 2451 esse
1701 2420 1869 2461 personale
1898 2421 1997 2460 ipsius
2020 2420 2144 2452 divinae
2166 2425 2314 2457 naturae,
2343 2429 2380 2451 ac
2402 2429 2461 2460 per
2481 2420 2547 2451 hoc
2575 2420 2616 2452 ad

1549 2466 1764 2495 causalitatem
1786 2463 1963 2495 naturalem
1985 2465 2156 2505 pertineret
2181 2465 2208 2494 si
2222 2464 2267 2494 ibi
2282 2465 2493 2502 hiveniretur3
2516 2465 2616 2505 gratia

1547 2519 1624 2540 vero
1648 2509 1815 2539 habitualis
1837 2509 1871 2539 in
1895 2508 2022 2539 Christo
2052 2513 2208 2548 spectaret
2235 2508 2274 2538 ad
2295 2509 2524 2548 proprietatem
2553 2509 2615 2545 hu-

1547 2562 1661 2583 manae
1676 2559 1807 2583 naturae
1829 2553 1958 2583 iunctae
1972 2553 2037 2582 iam
2053 2552 2231 2593 secundum
2248 2562 2315 2582 esse
2331 2552 2457 2583 divinae
2472 2558 2614 2589 natutae.

1548 2597 1589 2627 Et
1611 2602 1780 2636 propterea
1800 2596 1923 2626 Auctor
1938 2595 2024 2632 dixit,
2047 2596 2123 2626 Dici
2132 2601 2240 2636 potest
2255 2596 2416 2627 naturalis
2431 2596 2525 2638 quasi
2532 2605 2615 2638 pro-

1548 2641 1685 2676 veniens,
1710 2640 1890 2680 significans
1913 2649 1970 2680 per
1993 2641 2057 2670 hoc
2081 2641 2171 2680 quasi
2193 2640 2371 2671 naturalem
2386 2640 2523 2672 modum
2545 2649 2613 2681 quo

1548 2685 1645 2724 gratia
1667 2685 1701 2714 in
1725 2684 1852 2715 Christo
1874 2683 1944 2714 fieri
1967 2683 2030 2714 dici
2050 2689 2166 2724 potest,
2191 2685 2337 2725 quamvis
2352 2684 2385 2715 in
2399 2684 2531 2715 veritate
2545 2694 2614 2716 non

1548 2729 1588 2758 sit
1602 2728 1719 2759 modus
1734 2728 1894 2758 naturalis.
1911 2728 1985 2758 Hoc
1997 2733 2105 2758 autem
2121 2729 2320 2768 singulariter
2335 2728 2375 2759 de
2386 2729 2484 2768 gratia
2496 2728 2614 2759 Christ·

1549 2772 1611 2803 dici
1633 2778 1749 2812 potest.
1773 2771 1858 2810 Quia
1873 2772 2002 2812 reliquis
2017 2772 2212 2809 hominibus,
2233 2778 2263 2803 et
2279 2773 2374 2804 etiam
2389 2772 2518 2812 angelis,
2533 2776 2613 2809 eon-

1548 2822 1608 2846 stat
1638 2815 1728 2856 quod
1750 2825 1818 2846 non
1841 2816 1947 2846 solum
1971 2815 2040 2853 dat,
2064 2816 2120 2847 sed
2147 2816 2234 2847 daret
2257 2817 2344 2847 Deus
2366 2817 2500 2857 gratiam
2521 2824 2612 2853 suam

1547 2866 1644 2900 prout
1666 2860 1744 2896 vult,
1768 2865 1881 2899 utpote
1897 2869 1964 2890 non
1981 2861 2224 2891 communicans
2239 2870 2335 2891 suum
2351 2869 2418 2891 esse
2433 2858 2611 2901 personale,

1547 2913 1608 2935 nec
1630 2904 1746 2934 iunctis
1770 2904 1828 2934 sibi
1852 2903 2030 2934 secundum
2054 2913 2122 2935 esse
2143 2903 2292 2935 influens.

2641 759 2769 814 {simoenta
2775 750 2872 791 merus}

2859 960 2872 992 Zj

2643 1067 2652 1077 ⁸
2664 1055 2872 1105 Quarum-135]
