2872 3970
257 488 266 497 ”
273 487 327 508 Luc.
334 491 465 513 cap.1,vers.

258 1851 266 1860 ·
282 1848 459 1875 Apostolorum.

495 298 569 345 334

493 382 646 417 Sanctus
676 380 905 429 superveniet
938 380 974 415 in
1003 384 1054 423 te,
1085 376 1292 414 concludit:
1331 376 1493 424 Ideoque
1520 380 1552 410 et

494 433 592 482 quod
628 438 797 469 nascetur
833 443 882 468 ex
916 437 950 467 te
985 436 1174 475 sanctum,
1211 430 1402 467 vocabitur
1438 427 1553 464 Filius

493 486 566 521 Dei
582 484 613 521 ²⁸.

546 538 602 573 Ao
623 549 757 575 ramum
777 548 875 574 ERGO
894 547 1075 573 mcENDuM
1094 534 1200 584 quod
1220 545 1319 583 opus
1338 531 1553 582 conceptio-

493 589 551 626 nis
570 601 780 626 commune
799 589 957 638 quidem
977 595 1031 624 est
1049 587 1116 624 toti
1135 584 1321 630 Trinitati,
1337 585 1553 621 secundum

493 650 623 679 tamen
651 642 815 679 modum
844 641 1012 690 aliquem
1048 638 1262 677 attribuitur
1289 637 1444 685 singulis
1467 638 1553 674 Per-

494 694 607 732 sonis.
644 695 748 731 Nam
777 693 877 731 Patri
905 692 1119 730 attribuitur
1146 690 1347 728 auctoritas
1380 697 1554 738 respectu

493 759 680 796 personae
708 746 802 792 Filii,
832 745 899 795 qui
926 758 995 795 per
1017 743 1241 782 huiusmodi
1261 742 1555 791 conceptionem

494 799 564 836 sibi
592 798 797 848 assumpsit
816 796 849 844 β;
879 797 975 834 Filio
995 805 1124 834 autem
1144 795 1358 834 attribuitur
1377 794 1459 844 ipsa
1478 794 1554 831 car-

494 851 552 888 nis
589 851 822 900 assumpti03
865 851 931 887 sed
970 849 1125 899 Spiritui
1164 850 1304 886 Sancto
1342 847 1556 885 attribuitur

494 904 670 941 formatio
699 902 870 952 corporis
897 903 1004 952 quod
1033 901 1238 940 assumitur
1266 913 1288 938 a
1310 899 1420 937 Filio.
1451 901 1555 937 Nam

496 956 656 1006 Spiritus
671 957 832 993 Sanctus
851 963 907 992 est
926 955 1087 1004 Spiritus
1106 953 1207 991 Filii:
1228 953 1443 990 secundum
1463 952 1556 990 illud

498 1009 617 1046 Galat.
634 1021 668 1045 1v
686 1008 723 1045 *ε
752 1009 858 1046 Misit
885 1009 985 1044 Deus
1019 1009 1195 1057 Spiritum
1226 1006 1315 1044 Filii
1339 1008 1407 1043 sui.
1451 1005 1556 1043 Sicut

494 1069 624 1099 autem
651 1060 771 1098 virtus
805 1060 956 1098 animae
991 1072 1091 1109 quae
1126 1067 1181 1097 est
1215 1059 1255 1096 in
1290 1058 1454 1105 semine,
1488 1070 1557 1108 per

494 1113 669 1163 spiritum
689 1113 755 1162 qui
774 1113 813 1150 in
833 1112 980 1150 semine
1006 1112 1247 1150 concluditur
1264 1117 1292 1158 Υ,
1311 1112 1451 1149 format
1474 1123 1556 1149 cor-

493 1179 567 1216 pus
595 1166 634 1203 in
656 1165 900 1214 generatione
920 1165 1084 1204 aliorum
1103 1164 1330 1211 hominum3
1359 1164 1409 1202 ita
1427 1164 1556 1201 Virtus

494 1219 583 1266 Dei,
613 1231 713 1268 quae
741 1226 797 1255 est
824 1218 904 1268 ipse
933 1218 1067 1265 Filius,
1102 1218 1318 1255 secundum
1346 1217 1439 1255 illud
1466 1218 1480 1254 I
1509 1218 1560 1254 ad

497 1273 614 1309 Cor.1
640 1271 677 1318 ³¹²,
709 1273 894 1309 Christum
930 1273 1002 1308 Dei
1035 1273 1210 1309 Virtutem
1223 1300 1233 1318 ‚
1267 1282 1338 1320 per
1372 1269 1557 1320 Spiritum

496 1325 681 1362 Sanctum
719 1336 859 1374 corpus
896 1323 1074 1362 formavit
1111 1324 1218 1373 quod
1254 1323 1471 1373 assumpsit.
1510 1323 1558 1360 Et

292 1387 306 1401 ¹¹
335 1386 360 1401 ε*
387 1386 467 1406 ῌΗ-
495 1378 570 1414 hoc
603 1377 716 1414 etiarn
743 1377 862 1414 verba
893 1377 1025 1425 Angeli
1051 1377 1315 1414 demonstrant
1341 1375 1499 1413 dicentis
1517 1375 1555 1412 *ε

495 1431 649 1479 Spiritus
677 1431 832 1467 Sanctus
857 1431 1087 1479 superveniet
1115 1431 1152 1466 in
1172 1435 1217 1476 te,
1246 1428 1357 1478 quasi
1377 1429 1425 1466 ad
1448 1440 1557 1478 prae-

495 1483 706 1531 parandam
726 1490 762 1519 et
780 1482 1023 1519 formandam
1043 1481 1242 1519 materiam
1262 1480 1433 1531 corporis
1449 1481 1558 1519 Chri-

548 1595 572 1629 β)
592 1595 642 1620 sibi
658 1595 810 1628 assumpsit.
827 1609 847 1614 -
864 1601 971 1619 carnem
994 1594 1045 1619 sibi
1067 1595 1213 1627 assumpsit
1232 1594 1260 1626 E,
1280 1594 1330 1620 sibi
1348 1594 1493 1627 assumpsit
1511 1594 1559 1619 hu-

497 1638 602 1656 manam
622 1633 748 1655 naturam
766 1630 840 1655 tertia
859 1635 960 1662 praeter
979 1629 997 1655 Ι.

548 1670 575 1701 γ)
593 1666 770 1692 concluditur.
788 1680 807 1685 —
825 1666 972 1691 includitur
990 1666 1064 1690 tertia
1082 1670 1107 1689 et
1125 1673 1151 1690 a.

1170 1754 1508 1787 Commentario
1529 1753 1782 1786 cardinalis
1803 1753 2007 1787 Caietam

555 1852 662 1873 rrunus
690 1843 792 1872 clarus
823 1847 887 1878 est,
911 1850 1040 1871 sumens
1064 1841 1268 1871 occasionem
1291 1851 1329 1871 ex
1350 1841 1506 1882 Symbolo
1522 1842 1555 1871 *t

498 1854 623 1923 TQui
646 1891 815 1926 conceptus
837 1890 885 1916 est
906 1885 945 1915 de
968 1885 1090 1925 Spiritu
1113 1885 1242 1916 Sancto.

551 1931 588 1961 In
611 1939 747 1970 corpore
769 1930 864 1960 unica
887 1929 1071 1960 conclusio:
1098 1929 1271 1969 Conceptio
1295 1929 1443 1970 corporis
1467 1928 1559 1959 Chri-

497 1975 554 2011 sti,
583 1975 656 2006 licet
678 1983 698 2005 a
722 1979 789 2004 tota
811 1974 854 2004 sit
879 1973 1052 2009 Trinitate,
1084 1973 1272 2004 attribuitur
1295 1978 1400 2004 tamen
1423 1973 1560 2014 Spiritui

498 2019 627 2050 Sancto.
651 2019 806 2049 Probatur
829 2017 968 2048 secunda
991 2027 1081 2057 pam,
1106 2017 1145 2048 de
1169 2027 1233 2057 qua
1256 2022 1303 2048 est
1327 2018 1481 2057 quaestio,
1506 2018 1559 2048 tri-

497 2063 573 2103 plici
596 2063 728 2093 ratione.
753 2062 793 2092 Et
815 2062 954 2092 rationes
975 2061 1009 2091 in
1033 2061 1134 2091 littera
1157 2061 1238 2091 clare
1262 2067 1381 2101 patent.

554 2106 589 2136 II.
615 2106 689 2137 Duo
705 2112 813 2136 tamen
828 2115 887 2146 pro
903 2105 1031 2135 novitiis
1047 2111 1228 2135 occurrunt.
1249 2105 1392 2135 Primum
1409 2110 1455 2135 est
1471 2105 1560 2145 quod

498 2151 587 2181 aliter
613 2151 791 2181 attn'buitur
814 2159 970 2190 personae
993 2149 1127 2189 Spiritus
1150 2149 1256 2180 Sancti
1284 2148 1408 2180 efficere
1432 2158 1560 2179 carnem

500 2195 632 2225 Christi:
665 2200 695 2224 et
725 2194 813 2224 aliter
840 2194 922 2224 Filio
953 2203 1113 2224 assumere
1144 2193 1288 2224 eandem.
1323 2193 1406 2224 Nam
1429 2193 1561 2233 Spiritui

499 2239 615 2270 Sancto
639 2239 817 2269 attribuitur
841 2238 1061 2278 conceptionis
1077 2237 1241 2267 causalitas
1258 2243 1293 2268 ut
1308 2237 1559 2278 appropriatum,

499 2283 580 2313 sicut
603 2283 727 2313 bonitas
751 2288 782 2312 et
804 2291 910 2312 amor:
945 2282 1026 2312 Filio
1057 2287 1164 2312 autem
1193 2282 1371 2312 attribuitur
1401 2291 1561 2312 assumere

499 2336 627 2357 carnem
650 2332 686 2357 ut
707 2326 884 2367 proprium.
916 2325 960 2356 Ita
984 2325 1073 2366 quod
1097 2335 1214 2366 corpus
1239 2325 1356 2356 Christi
1379 2326 1422 2356 ita
1445 2335 1561 2356 conce-

498 2377 590 2411 ptum
614 2376 660 2401 est
684 2370 722 2401 de
747 2370 865 2411 Spiritu
885 2369 1003 2400 Sancto
1027 2370 1228 2410 appropriate
1253 2369 1342 2410 quod
1365 2369 1460 2400 etiam
1484 2379 1562 2400 con-

499 2421 628 2455 ceptum
652 2420 699 2445 est
726 2414 766 2444 de
788 2415 879 2444 Patre
903 2420 933 2445 et
956 2414 1055 2450 Filio,
1087 2414 1225 2444 indivisa
1252 2415 1339 2444 enim
1364 2418 1440 2444 sunt
1463 2423 1562 2454 opera

503 2459 670 2490 Trinitatis
685 2459 728 2489 ad
751 2463 843 2489 extra
860 2459 893 2488 *2
924 2459 1006 2489 sicut
1026 2458 1160 2498 Spiritus
1176 2458 1310 2489 Sanctus
1333 2458 1376 2488 ita
1403 2462 1449 2488 est
1472 2467 1562 2488 amor

499 2504 700 2543 appropriate
724 2502 813 2544 quod
836 2508 901 2533 tam
923 2502 1015 2533 Pater
1038 2512 1135 2542 quam
1151 2502 1251 2533 Filius
1274 2508 1322 2533 est
1344 2503 1440 2533 etiam
1461 2511 1561 2533 amor.

500 2547 562 2577 Sed
585 2557 702 2588 corpus
726 2547 843 2578 Christi
872 2547 915 2576 ita
939 2552 985 2577 est
1008 2552 1208 2586 assumptum
1236 2556 1254 2576 a
1277 2546 1359 2577 Filio
1390 2546 1480 2586 quod
1502 2556 1562 2577 nec

500 2601 517 2620 a
539 2591 630 2622 Patre
653 2601 712 2622 nec
732 2601 750 2621 a
765 2591 884 2632 Spiritu
901 2590 1018 2621 Sancto
1035 2596 1081 2621 est
1096 2596 1306 2631 assumptum.
1331 2591 1372 2621 Et
1394 2596 1563 2631 propterea

1261 2742 1581 2785 ARTICULUS
1611 2743 1911 2787 SECUNDUS

859 2833 1015 2864 UTRUM
1039 2834 1253 2866 cums‘rus
1276 2835 1452 2865 DEBEAT
1476 2835 1563 2866 mcr
1588 2835 1850 2868 CONCEPTUS
1872 2837 1931 2868 DE
1954 2837 2120 2870 spnu‘ru
2144 2836 2319 2870 SANCTO

1148 2913 1179 2938 111
1200 2912 1282 2942 Sene„
1302 2913 1360 2939 dist.
1379 2921 1414 2944 iv,
1433 2921 1477 2946 qu.
1497 2921 1514 2943 ι,
1533 2918 1579 2938 art.
1601 2920 1624 2944 1,
1643 2914 1693 2947 qu*
1711 2923 1729 2947 4
1736 2922 1743 2946 ς
1764 2915 1794 2940 In
1814 2915 1921 2945 Manli„
1940 2923 1996 2949 cap.
2015 2923 2033 2942 1.

641 3054 693 3114 ¹5³⁶
716 3053 887 3091 Christus
915 3066 994 3091 non
1023 3054 1159 3092 debeat
1187 3054 1259 3092 dici
1286 3063 1494 3105 conceptus
1513 3056 1561 3092 de

562 3099 857 3184 CrsSpiritu
883 3107 1033 3144 Sancto.
1064 3107 1167 3154 Quia
1186 3120 1302 3157 super
1329 3107 1421 3145 illud
1448 3109 1559 3146 Rom.

562 3172 573 3185 κ
595 3151 803 3205 Ἦῧᾪχιῆ
839 3160 902 3196 Ex
929 3161 1006 3208 ipso
1041 3165 1074 3196 et
1101 3173 1174 3210 per
1201 3162 1319 3210 ipsum
1353 3167 1386 3198 et
1417 3163 1454 3198 in
1483 3163 1560 3211 ipso

414 3223 427 3237 ο
471 3233 475 3237 -
502 3215 584 3245 sunt
612 3211 755 3256 omnia,
792 3210 879 3247 dicit
907 3211 1042 3249 Glossa
1065 3212 1085 3234 '¹‘
1113 3213 1332 3261 Augustini:
1367 3214 1561 3252 Attenden-

504 3262 600 3297 dum'
627 3262 725 3310 quod
755 3275 828 3299 non
858 3264 908 3299 ait
938 3279 956 3296 «
979 3264 1023 3300 de
1051 3266 1127 3314 ipso
1151 3281 1188 3312 »,
1216 3266 1281 3303 sed
1310 3281 1328 3299 «
1351 3279 1400 3304 ex
1426 3269 1504 3318 ipso
1526 3282 1559 3304 ».

504 3315 567 3350 Ex
593 3315 670 3363 ipso
699 3316 795 3351 enim
824 3315 966 3352 caelum
994 3322 1077 3353 sunt
1095 3323 1127 3353 et
1146 3323 1265 3355 terra:
1294 3321 1379 3368 quia
1392 3320 1487 3367 fecit
1505 3332 1560 3358 ea.

507 3367 593 3402 Non
623 3373 744 3403 autem
773 3367 818 3403 de
845 3368 942 3416 ipso:
969 3369 1054 3416 quia
1082 3381 1155 3406 non
1185 3371 1230 3406 de
1255 3373 1455 3410 substantia
1482 3385 1560 3411 sua.

509 3418 582 3454 Sed
604 3418 764 3466 Spiritus
784 3420 945 3456 Sanctus
969 3431 1047 3456 non
1068 3421 1245 3459 formavit
1264 3435 1404 3473 corpus
1425 3425 1562 3463 Christi

508 3469 554 3505 de
584 3470 789 3508 substantia
818 3483 897 3508 sua.
928 3472 1028 3519 Ergo
1059 3473 1230 3510 Christus
1259 3487 1337 3511 non
1357 3477 1470 3514 debet
1490 3478 1562 3515 dici

508 3530 713 3570 conceptus
742 3523 788 3559 de
818 3523 958 3572 Spiritu
988 3524 1139 3561 Sancto.

564 3585 597 3609 2.
629 3575 855 3622 PRAETEREA,
885 3575 1113 3624 principium
1134 3577 1300 3615 activum
1329 3579 1377 3616 de
1396 3592 1475 3629 quo
1500 3582 1563 3618 ali-

1166 295 1429 344 QUAESTIO
1458 295 1616 340 XXXII,
1650 293 1942 332 ARTICULUS
1969 293 1999 330 11

1605 427 1680 472 tibi,
1703 441 1722 459 «
1739 426 1839 472 idest,
1859 437 1994 475 corpus
2012 426 2248 462 humanitatis
2267 426 2303 461 in
2323 431 2358 462 te
2375 425 2527 474 accipiet
2545 426 2667 462 incor-

1601 490 1761 528 poreum
1789 479 1913 516 lumen
1941 478 2155 524 divinitatis,
2192 479 2326 514 umbra
2353 479 2451 514 enim
2479 489 2503 514 a
2527 477 2668 516 lumine

1596 531 1794 579 formatur
1820 536 1854 568 et
1880 542 2040 580 corpore
2060 545 2094 578 »,
2122 537 2165 568 ut
2193 529 2401 578 Gregorius
2422 528 2522 575 dicit,
2550 530 2668 567 XVIII

1606 583 1750 621 Moral.
1770 583 1800 620 ²⁸.
1829 583 2036 620 Altissimus
2063 590 2193 620 autem
2221 581 2436 631 intelligitur
2460 583 2584 630 Pater,
2603 593 2668 620 cu·
2694 594 2704 606 ·

652 3023 690 3065 ἐκ
714 3013 939 3038 DSECUNDUM
954 3013 1006 3038 sm
1020 3014 1255 3040 PROCEDrrUR.
1276 3002 1438 3040 Videtur
1454 3003 1561 3052 quod
1616 3003 1710 3052 quid
1739 3004 1967 3054 concipitur,
2005 3017 2045 3042 se
2073 3005 2189 3044 habet
2216 3005 2312 3044 sicut
2339 3018 2472 3044 semen
2498 2992 2540 3047 in
2562 3016 2679 3068 3⁸39*

1606 373 1669 418 sti;
1699 380 1732 410 et
1758 375 1879 411 Virtus
1896 373 2085 419 Altissimi,
2106 372 2202 409 idest
2221 371 2406 418 Christus,
2435 373 2667 410 obumbrabit

1608 636 1668 673 ius
1694 636 1823 673 Virtus
1851 643 1907 672 est
1933 635 2063 673 Filius.

1661 690 1718 725 AD
1746 700 1936 726 SECUNDUM
1958 700 2140 726 memnon
2168 687 2276 737 quod
2294 687 2425 725 missio
2445 687 2604 725 refertur
2620 687 2670 726 ad

1607 753 1816 790 personam
1850 749 2132 787 assumentem,
2169 752 2269 790 quae
2303 753 2327 778 a
2353 741 2464 778 Patre
2490 739 2668 778 mittitur:

1609 794 1676 831 sed
1714 793 1914 843 conceptio
1953 794 2112 830 refertur
2147 793 2196 830 ad
2233 805 2375 842 corpus
2407 800 2669 843 assumptum,

1609 847 1716 896 quod
1757 846 1979 896 operatione
2018 845 2179 895 Spiritus
2217 845 2344 884 Sancti
2383 846 2581 884 formatur.
2694 854 2752 876 1

1610 898 1715 946 ideo,
1749 899 1834 936 licet
1860 898 1992 936 missio
2021 906 2058 936 et
2085 898 2286 948 conceptio
2315 897 2388 936 sint
2414 898 2518 936 idem
2546 846 2672 1045 suriz}

1609 960 1682 998 cto,
1711 951 1802 1001 quia
1825 959 1955 989 tamen
1974 950 2156 988 differunt
2175 950 2332 998 ratione,
2352 950 2485 989 missio
2504 947 2618 989 attrilS
2649 996 2653 998 ,

1609 1013 1671 1042 tur
1698 1004 1816 1052 Patri,
1853 1004 2003 1042 efficere
2032 1011 2162 1042 autem
2190 1004 2483 1054 conceptionem
2515 1003 2583 1055 spi
2602 1003 2613 1050 ν’,

1611 1058 1769 1095 Sancto:
1806 1057 1874 1094 sed
1905 1068 2062 1095 carnem
2097 1069 2292 1095 assumere
2320 1056 2418 1095 Filio
2445 1056 2671 1096 attribuitur.

1663 1111 1720 1147 An
1747 1121 1906 1148 τεκτιυΜ
1937 1119 2119 1148 monimum
2151 1110 2276 1160 quod,
2314 1109 2410 1148 sicut
2436 1109 2673 1161 Augustinus
2737 1117 2762 1157 ,⁶1³³

1611 1162 1710 1210 dicit,
1731 1162 1770 1200 in
1789 1162 1886 1200 libro
1905 1163 1951 1200 de
1974 1164 2120 1206 Quaest.
2145 1164 2218 1201 Vet.
2240 1168 2274 1200 et
2286 1163 2386 1201 Nou.
2406 1164 2442 1201 T
2438 1169 2499 1200 est.
2512 1161 2544 1210 ³⁸²,
2565 1168 2672 1214 q'u'ae-
2704 1186 2712 1211 '.

1609 1218 1677 1254 stio
1712 1217 1779 1253 ista
1805 1217 1959 1266 gemina
1987 1217 2131 1253 ratione
2151 1221 2270 1266 potest
2295 1213 2309 1238 δ
2343 1215 2508 1266 intelligi.
2542 1217 2675 1255 Prinw

1611 1270 1710 1306 enim
1738 1269 1869 1306 domus
1905 1269 2041 1306 Christi
2064 1270 2232 1306 Ecclesia
2259 1274 2329 1315 est,
2358 1280 2470 1318 quam
2501 1268 2674 1318 aedifico-
2731 1298 2742 1318 r.

1610 1324 1660 1361 vit
1686 1323 1757 1359 sibi
1771 1323 1958 1372 sanguine
1982 1333 2061 1359 suo.
2096 1321 2242 1359 Deinde
2253 1327 2372 1371 potest
2389 1327 2424 1359 et
2445 1333 2581 1372 corpus
2596 1319 2676 1361 εἰὶσε

1612 1375 1686 1412 dici
1711 1375 1842 1412 domus
1869 1376 1967 1412 eius.-
1999 1375 2091 1412 sicut
2106 1375 2251 1412 *dicitur
2281 1375 2457 1424 templum
2485 1376 2573 1412 eius.
2600 1375 2674 1414 Γο-

1612 1434 1710 1465 ctum
1734 1433 1856 1465 autem
1882 1429 2038 1477 Spiritus
2062 1429 2189 1466 Sancti
2205 1427 2293 1465 Filii
2309 1432 2321 1449 ⁸
2343 1428 2418 1464 Dei
2443 1433 2505 1475 est,
2519 1433 2677 1479 propter

1614 1486 1770 1518 naturae
1797 1486 1830 1517 et
1855 1481 2051 1518 voluntatis
2078 1482 2264 1518 unitatem.
2723 1478 2767 1502 ‘'²³“

1666 1593 1691 1628 ὃ)
1707 1597 1805 1627 potest.
1822 1608 1842 1613 -
1860 1595 1896 1626 1³3
1914 1594 1999 1620 debet.

1666 1630 1689 1665 ε)
1708 1630 1780 1655 Filii.
1797 1630 1935 1664 —sactum
1955 1630 2019 1655 Filii
2035 1629 2056 1655 F
2075 1635 2101 1655 et
2118 1629 2199 1655 tertia.

1610 1841 1810 1872 incarnatum
1825 1850 1893 1872 esse
1915 1850 1983 1872 non
1999 1842 2250 1882 appropriatum,
2266 1841 2323 1872 sed
2336 1842 2505 1884 proprium
2519 1816 2667 1885 e'z‘iFiligi

1610 1885 1704 1915 Ratio
1729 1891 1836 1916 autem
1859 1885 2005 1926 superius
2020 1886 2037 1902 ⁶
2060 1885 2144 1916 dicta
2167 1891 2222 1916 est.
2564 1892 2565 1896 ’
2599 1879 2664 1913 “““-ἷ
2725 1882 2771 1928 3⁴3,

1667 1929 1719 1959 111.
1743 1929 1910 1966 Secundo,
1939 1929 2074 1960 dubium
2101 1930 2239 1960 occurrit
2268 1930 2302 1960 in
2327 1930 2418 1961 tertia
2438 1929 2677 1965 ratione-&ed
2724 1939 2769 1956 *⁷³

1611 1973 1836 2013 probationem
1859 1982 1897 2004 ex
1920 1973 2080 2014 Apostolo
2104 1973 2148 2004 ad
2171 1974 2279 2005 Galat.
2298 1984 2340 2005 xv.
2373 1974 2451 2006 Non
2472 1972 2677 2008 emrfiinfe'rt

1611 2018 1781 2054 intentum,
1805 2017 1925 2048 scilicet
1948 2017 2038 2058 quod
2061 2017 2194 2059 Spiritus
2211 2018 2345 2050 Sanctus
2368 2017 2674 2058 efficiatfflffluspei:

1612 2060 1667 2091 sed
1691 2061 1781 2102 quod
1804 2061 1898 2092 faciat
1921 2071 1978 2092 eos
2001 2061 2136 2092 clamare
2158 2062 2256 2099 Abba,
2279 2062 2387 2094 Pater.
2600 2093 2602 2095 ,
2626 2093 2627 2097 ,

1667 2104 1718 2135 Ad
1741 2106 1804 2136 hoc
1828 2105 1942 2136 dicitur
1964 2105 2070 2146 quod,
2101 2106 2175 2137 licet
2202 2107 2235 2137 in
2258 2106 2453 2138 naturalibus
2476 2104 2549 2138 filiis
2570 2102 2676 2146 hq‘m‘u

1612 2158 1692 2179 num
1716 2149 1802 2179 aliud
1817 2150 1856 2180 sit
1871 2149 2065 2190 principium
2081 2156 2211 2181 naturae
2235 2155 2267 2181 et
2281 2150 2367 2182 aliud
2387 2148 2583 2192 principium
2596 2143 2630 2183 ’ὅ
2666 2140 2674 2151 ”

1612 2193 1763 2230 rationis,
1793 2194 1827 2224 in
1850 2193 1918 2224 filio
1941 2199 2050 2224 tamen
2070 2194 2224 2235 adoptivo
2254 2203 2314 2235 per
2334 2195 2471 2226 liberum
2488 2195 2561 2227 8ὼί
2639 2196 2643 2201 ”
2742 2219 2745 2226 2

1614 2247 1681 2277 quo
1704 2237 1835 2268 ferimur
1857 2238 1890 2268 in
1914 2237 2038 2275 Deum,
2066 2238 2152 2270 idem
2176 2245 2223 2270 est
2245 2239 2441 2280 principium
2461 2237 2680 2273 filiationi-uu

1614 2282 1809 2322 operationis
1830 2282 1980 2322 propriae
2002 2281 2154 2324 filiorum.
2178 2283 2264 2322 Quia
2284 2283 2325 2315 ad
2343 2292 2476 2317 suavem
2487 2283 2572 2325 *Dei*
2592 2284 2600 2292 ‘
2736 2278 2760 2287 ”

1614 2326 1763 2356 sitionern
1786 2331 1908 2367 spectat
1930 2331 1967 2357 ut
1989 2326 2158 2359 rationales
2181 2333 2339 2359 creamras
2361 2337 2418 2369 per
2433 2326 2598 2404 mflffl'
2619 2330 2621 2332 ’

1615 2369 1654 2400 ad
1677 2379 1710 2400 se
1734 2370 1844 2402 trahat.
1868 2370 1910 2401 Et
1931 2376 2101 2411 propterea
2122 2381 2160 2402 ex
2176 2381 2216 2402 eo
2237 2371 2327 2413 quod
2342 2364 2498 2413 Spirims‘'
2531 2408 2534 2412 ,
2564 2371 2593 2380 “”

1614 2415 1716 2454 priam
1739 2415 1962 2455 operationem
1985 2414 2127 2446 filiorum
2149 2415 2220 2452 Dei,
2245 2425 2329 2458 quae
2351 2422 2399 2447 est
2421 2415 2450 2447 cl
2522 2407 2583 2438 ³³
2627 2452 2634 2456 2

1615 2459 1722 2494 Pater,
1747 2459 1869 2499 optime
1889 2458 2032 2497 infertur,
2056 2469 2074 2490 a
2095 2460 2265 2501 posteriori
2287 2466 2405 2497 tamen,
2428 2459 2529 2501 quo&
2614 2463 2680 2492 &t
2739 2461 2761 2495 ,ἶ-
2834 2483 2840 2501 2

1617 2502 1747 2533 effector
1769 2502 1911 2534 filiorum
1934 2503 2011 2535 Dei:
2035 2513 2119 2545 quos
2142 2513 2218 2536 cum
2232 2503 2339 2542 efficit,
2363 2498 2680 2543 faciat-undamn
2738 2507 2764 2543 ³5ss
2835 2509 2839 2520 ¹

1617 2547 1734 2584 Deum,
1757 2547 1865 2584 Pater,
1888 2548 1995 2579 Pater.
2494 2567 2497 2570 ·
2516 2555 2545 2588 ἐξ
2558 2556 2575 2590 [γ
2597 2542 2678 2599 “gae-43
2723 2550 2767 2589 ,kf
2830 2540 2836 2562 ³

2523 2638 2526 2642 ,
2550 2611 2554 2619 ”
2590 2612 2683 2662 ζ’,κὶξξῇ
2719 2610 2763 2663 24⁸¹]

2507 2684 2510 2694 l
2532 2676 2551 2695 Z*
2563 2680 2571 2690 ⁷·
2607 2668 2682 2696 [1-ώηῖ
2742 2672 2765 2696 ..κ

2522 2726 2537 2738 ⁸
2570 2715 2680 2749 ‘stralo
2724 2710 2757 2751 ’3ᾳὲ

2530 2783 2534 2785 >
2558 2779 2562 2782 ·
2583 2781 2599 2792 z>
2624 2778 2682 2801 *2⁴⁷5ss
2709 2757 2754 2793 23.

1617 3056 1773 3094 ratione.
1805 3058 1881 3095 Sed
1910 3057 2072 3108 Spiritus
2091 3059 2254 3096 Sanctus
2273 3070 2353 3096 non
2372 3071 2412 3096 se
2431 3058 2566 3099 habuit
2582 3047 2687 3102 stci'i‘l
2703 3099 2714 3109 .,
2727 3098 2742 3099 γε

1616 3121 1749 3146 semen
1778 3110 1816 3147 in
1845 3110 2096 3161 conceptione
2121 3111 2271 3149 Christi.
2301 3111 2400 3150 Dicit
2418 3110 2523 3151 enim
2541 3109 2679 3163 Hiem-

1616 3173 1768 3211 nymus,
1789 3162 1828 3200 in
1846 3165 2011 3214 Exposit.
2045 3165 2256 3202 Catholicae
2272 3165 2379 3203 Fidei
2393 3165 2432 3202 *ι
2460 3164 2566 3212 Non,
2604 3160 2627 3175 ‘⁶
2642 3157 2654 3175 ‘¹

1616 3215 1764 3264 quidam
1789 3217 2060 3254 sceleratissimi
2075 3219 2286 3268 opinantur,
2307 3218 2482 3269 Spiritum
2501 3219 2577 3257 San
2680 3225 2716 3259 :f

1616 3267 1770 3306 dicimus
1787 3269 1909 3317 finisse
1924 3281 1999 3319 pro
2024 3272 2185 3308 semine.-
2210 3271 2276 3308 sed
2294 3271 2461 3321 potentia
2487 3276 2521 3309 et
2546 3270 2586 3310 vi
2715 3300 2746 3315 --;

1620 3321 1807 3359 Creatoris
1834 3322 1989 3360 dicimus
2016 3334 2093 3360 esse
2120 3329 2324 3374 operatum,
2343 3322 2439 3362 idest
2456 3312 2693 3385 formatutffi}

1617 3385 1751 3423 corpus
1783 3375 1926 3412 Christi.
1963 3375 2056 3413 Non
2084 3388 2174 3425 ergo
2202 3376 2315 3414 debet
2342 3375 2416 3414 dici
2443 3377 2551 3427 quod
2570 3370 2684 3431 Chri-J
2715 3394 2750 3418 ς

1617 3434 1696 3463 stus
1731 3426 1776 3463 sit
1804 3435 2013 3478 conceptus
2040 3428 2088 3466 de
2118 3427 2260 3478 Spiritu
2289 3429 2440 3468 Sancto.
2727 3443 2763 3470 1„

1673 3479 1706 3515 3.
1737 3480 1967 3527 PRAETEREA,
1987 3479 2082 3518 nihil
2101 3493 2225 3518 unum
2244 3482 2293 3519 de
2313 3481 2467 3520 duobus
2493 3482 2680 3526 formatur

1619 3530 1689 3567 nisi
1718 3531 1848 3581 aliquo
1876 3533 1996 3570 modo
2025 3533 2252 3571 commixtis.
2283 3535 2360 3572 Sed
2379 3546 2520 3585 corpus
2540 3533 2678 3576 Christi

1617 3583 1825 3620 formatum
1850 3593 1905 3621 est
1933 3585 1980 3622 de
2000 3585 2152 3634 Virgine
2171 3586 2305 3624 Maria.
2336 3586 2375 3624 Si
2395 3599 2485 3636 ergo
2506 3586 2678 3627 Christus
