2872 3970
257 392 271 425 β

156 448 167 459 '
183 447 234 469 Art.
251 446 354 474 praeced

163 1175 173 1184 ·
183 1174 219 1195 De
233 1173 291 1194 Fide
303 1172 372 1194 Orth.

163 1200 203 1222 lib.
217 1200 258 1225 111,
275 1205 325 1226 cap.
340 1205 371 1221 vi.

167 2010 179 2020 ⁶
192 2009 262 2031 Num.
278 2015 307 2029 lv.

174 2452 185 2461 '⁵
198 2451 248 2472 Art.
264 2450 367 2478 praeced.

398 255 444 290 56
1117 249 1380 297 QUAESTIO
1409 230 1473 296 in,
1503 248 1795 286 ARTICULUS
1822 249 1853 285 11

396 333 541 370 tionem
570 340 764 369 aeternam
802 339 956 380 accepta
983 343 1005 367 a
1033 332 1163 376 Patre,
1193 336 1366 366 naturam
1396 341 1459 366 no-

396 391 511 422 stram
531 385 546 415 β
572 387 652 422 sine
673 391 827 435 peccato
855 385 1018 433 suscepit.

451 439 674 475 Rssspounao
703 449 883 474 morannum
913 436 1032 485 quod,
1058 435 1153 472 sicut
1180 433 1326 471 dictum
1354 441 1409 471 est
1426 433 1458 479 ³¹²,

397 490 437 527 in
465 489 584 528 verbo
613 491 869 549 assumptionis
903 489 982 526 duo
1012 487 1288 536 significantur:
1323 485 1461 523 scilicet

397 542 630 602 principium
650 542 819 588 actionis,
841 549 875 578 et
894 540 1078 578 terminus
1099 539 1190 576 eius.
1218 540 1312 576 Esse
1331 546 1461 575 autem

398 595 671 644 assumptionis
698 594 931 654 principium
968 592 1148 630 convenit
1175 599 1332 628 naturae
1369 590 1461 627 divi-

398 659 471 684 nae
491 648 707 685 secundum
727 647 911 696 seipsam:
942 645 1033 694 quia
1061 644 1142 681 eius
1161 644 1298 681 virtute
1317 655 1461 680 assum-

398 700 477 750 ptio
506 700 602 737 facta
630 708 694 736 est.
726 699 802 737 Sed
831 711 912 736 esse
947 696 1155 735 terminum
1192 694 1463 755 assumptionis

399 765 481 790 non
500 752 680 790 convenit
698 759 855 788 naturae
875 749 1027 787 divinae
1047 749 1263 786 secundum
1278 747 1461 796 seipsam:

400 805 467 842 sed
487 805 632 842 ratione
650 815 838 854 personae
857 803 897 839 in
908 815 994 861 qua
1013 802 1286 839 consideratur.
1308 801 1356 838 Et
1375 800 1463 837 ideo

399 857 525 906 primo
546 857 702 906 quidem
733 864 769 893 et
786 854 1046 905 propriissime
1065 865 1231 903 persona
1253 852 1391 890 dicitur
1409 865 1463 890 as-

400 921 570 946 sumere:
594 908 821 946 secundario
841 915 968 945 autern
989 913 1112 956 potest
1130 905 1205 943 dici
1223 906 1330 955 quod
1350 905 1464 942 etiam

399 970 536 999 natura
564 961 723 998 assumit
741 966 756 989 Υ
778 968 954 997 naturam
983 959 1032 996 ad
1061 958 1119 996 sui
1147 970 1365 1008 personam.

454 1015 502 1051 Et
529 1014 746 1051 secundum
774 1013 888 1050 etiam
917 1012 1023 1049 hunc
1043 1011 1208 1048 modum
1236 1010 1374 1048 dicitur
1400 1022 1464 1048 na-

400 1075 485 1104 tura
503 1066 712 1104 incarnata:
734 1078 815 1103 non
832 1064 943 1114 quasi
961 1064 1007 1102 sit
1025 1064 1065 1101 in
1084 1076 1239 1102 carnem
1259 1075 1464 1109 conversa3

401 1119 468 1156 sed
497 1119 587 1168 quia
615 1127 793 1155 naturam
829 1117 954 1155 carnis
982 1116 1198 1166 assumpsit.
1237 1116 1350 1154 Unde
1377 1115 1466 1153 dicit

401 1173 665 1209 Damascenus
684 1171 723 1208 *ι
753 1172 921 1208 Dicimus
940 1176 1114 1208 naturam
1134 1171 1208 1206 Dei
1231 1171 1465 1206 incarnatam

401 1237 488 1271 esse,
508 1224 709 1261 secundum
738 1225 862 1261 beatos
879 1224 1124 1260 Athanasium
1152 1228 1186 1259 et
1214 1221 1411 1271 Cyrillum.

454 1278 511 1314 An
541 1289 675 1314 Paruum
703 1289 801 1314 ERGO
820 1287 1003 1314 mcENDUM
1032 1275 1138 1324 quod
1166 1275 1204 1324 ly
1228 1286 1268 1311 se
1295 1282 1349 1311 est
1377 1273 1466 1311 reci-

401 1342 578 1379 procum,
599 1337 635 1367 et
662 1329 773 1366 refert
800 1329 902 1366 idem
933 1327 1190 1377 suppositum.
1226 1327 1375 1364 Natura
1402 1339 1467 1364 au-

1513 336 1590 365 tem
1610 328 1739 365 divina
1758 339 1838 365 non
1857 327 1982 364 differt
2003 327 2202 376 supposito
2222 338 2244 364 a
2262 337 2428 376 persona
2445 326 2573 364 Verbi.

1514 381 1562 417 Et
1580 380 1681 427 ideo,
1701 380 1932 429 inquantum
1950 386 2086 417 natura
2113 379 2244 417 divina
2264 379 2380 416 sumit
2397 386 2575 417 naturam

1514 434 1729 470 humanam
1747 433 1796 470 ad
1815 444 2022 482 personam
2049 431 2178 480 Verbi,
2199 431 2336 470 dicitur
2362 443 2447 469 eam
2466 431 2515 468 ad
2534 442 2575 469 se

1515 497 1679 524 sumere.
1720 485 1796 522 Sed
1833 484 2012 534 quamvis
2047 485 2159 522 Pater
2193 491 2362 522 assumat
2397 491 2573 521 naturam

1515 539 1730 574 humanam
1757 537 1807 574 ad
1834 549 2042 586 personam
2068 537 2197 583 Verbi,
2226 549 2305 574 non
2333 544 2463 574 tamen
2490 547 2576 584 pro-

1515 598 1598 639 pter
1625 591 1701 626 hoc
1728 589 1844 627 sumit
1874 602 1962 627 eam
1989 590 2037 627 ad
2066 601 2125 627 se:
2165 589 2255 638 quia
2282 600 2363 626 non
2392 596 2447 626 est
2472 588 2576 626 idem

1516 642 1760 701 suppositum
1788 641 1908 679 Patris
1935 649 1972 679 et
1997 641 2126 679 Verbi
2155 642 2204 679 Et
2230 641 2318 679 ideo
2346 652 2427 678 non
2454 647 2579 690 potest

1516 694 1590 732 dici
1627 694 1781 744 proprie
1818 695 1925 744 quod
1952 695 2064 732 Pater
2091 701 2260 732 assumat
2294 701 2469 732 naturam
2507 693 2577 730 hu-

1517 759 1686 784 manam.

1570 801 1627 836 An
1656 811 1844 837 SECUNDUM
1863 811 2043 837 mcrmnum
2072 799 2179 848 quod
2197 798 2237 836 id
2264 799 2372 848 quod
2398 796 2580 837 convenit

1517 851 1670 889 divinae
1689 859 1848 889 naturae
1863 852 2078 889 secundum
2097 864 2148 898 se,
2165 851 2345 889 convenit
2364 850 2484 888 tribus
2497 862 2579 900 per-

1518 904 1641 942 sonis:
1673 904 1769 941 sicut
1787 904 1948 951 bonitas,
1969 904 2153 954 sapientia
2181 911 2223 941 et·
2236 902 2472 941 huiusmodi.
2503 903 2579 941 Sed

1518 969 1714 994 assumere
1756 956 1936 994 convenit
1972 956 2006 994 ei
2043 956 2187 994 ratione
2227 968 2414 1006 personae
2445 955 2580 1002 Verbi,

1519 1009 1616 1047 sicut
1656 1009 1803 1047 dictum
1838 1017 1894 1046 est
1920 1009 1951 1046 ³¹³.
1994 1009 2043 1046 Et
2079 1009 2166 1047 ideo
2202 1007 2273 1047 soli
2306 1008 2356 1046 illi
2392 1020 2580 1058 personae

1520 1070 1709 1100 convenit.

1573 1117 1630 1152 Αι)
1657 1127 1816 1152 'reanum
1843 1126 2025 1152 monimum
2053 1114 2172 1164 quod,
2193 1113 2290 1151 sicut
2307 1113 2346 1151 in
2365 1114 2450 1151 Deo
2477 1112 2582 1151 idem

1521 1176 1576 1206 est
1603 1168 1711 1218 quod
1730 1175 1785 1204 est
1813 1175 1849 1205 et
1868 1179 1946 1217 quo
1975 1174 2030 1204 est
2047 1166 2087 1214 ⁸,
2116 1166 2166 1204 ita
2194 1166 2308 1204 etiam
2336 1166 2375 1204 in
2403 1178 2450 1204 eo
2479 1165 2582 1206 idem

1521 1229 1576 1258 est
1603 1221 1710 1270 quod
1739 1220 1812 1269 agit
1840 1228 1875 1257 et
1912 1231 1992 1269 quo
2021 1219 2113 1268 agit:
2152 1219 2244 1269 quia
2270 1218 2583 1268 unumquodque

1521 1273 1595 1322 agit
1621 1273 1853 1323 inquantum
1881 1280 1936 1310 est
1964 1284 2042 1310 ens.
2081 1271 2192 1310 Unde
2229 1279 2364 1310 natura
2391 1270 2521 1310 divina
2548 1278 2589 1309 et.

1521 1334 1577 1364 est
1603 1325 1643 1364 id
1671 1338 1750 1375 quo
1778 1327 1884 1363 Deus
1912 1325 1998 1374 agit,
2019 1332 2055 1362 et
2081 1331 2137 1362 est
2160 1323 2241 1374 ipse
2268 1324 2375 1362 Deus
2402 1335 2529 1373 agens.

455 1459 480 1495 β)
500 1463 624 1485 naturam
640 1463 767 1485 nostram.
779 1473 799 1478 —-
812 1459 878 1492 11203
893 1462 1013 1484 nostram
1029 1462 1153 1484 naturam
1167 1459 1196 1489 F,
1210 1461 1336 1483 naturam
1350 1465 1368 1483 a
1382 1460 1468 1483 matre
1755 1472 1774 1477 —

401 1503 483 1535 prima
503 1507 527 1527 et
546 1502 574 1531 E,
594 1505 721 1526 naturam
745 1504 865 1526 nostram
885 1508 902 1525 a
922 1504 1008 1526 matre
1028 1500 1091 1525 HsG
1111 1506 1136 1525 et
1155 1501 1290 1525 editiones.

1577 1456 1604 1492 γ)
1623 1458 1743 1484 assumit.
1792 1458 1937 1491 assumpsit
1955 1459 1983 1484 P.

1079 1570 1416 1604 commentaria
1438 1569 1691 1603 cardinalis
1712 1569 1915 1603 Caietani

433 1669 453 1689 n
476 1659 569 1689 titulo
594 1658 717 1689 articuli
733 1657 874 1694 secundi,
899 1663 975 1688 nota
992 1667 1104 1688 omnes
1120 1663 1181 1688 tres
1197 1658 1360 1687 terminos.
1385 1655 1468 1686 Nam

406 1671 467 1744 lly
491 1708 628 1733 naturae
651 1702 780 1733 divinae
802 1702 835 1732 in
858 1702 922 1732 hoc
946 1702 1079 1732 articulo
1103 1702 1248 1736 sumitur,
1272 1710 1339 1731 non
1363 1705 1399 1730 ut
1417 1709 1470 1730 su-

403 1748 501 1778 mitur
524 1756 581 1787 per
603 1746 738 1776 modum
762 1751 892 1776 naturae
915 1751 1050 1781 tantum,
1074 1751 1110 1775 ut
1125 1744 1320 1784 significatur
1337 1744 1470 1774 nomine

404 1791 551 1821 deitatis:
573 1790 629 1820 sed
651 1791 747 1820 etiam
771 1794 806 1819 ut
829 1789 965 1819 sumitur
987 1799 1044 1829 per
1067 1788 1202 1819 modum
1225 1788 1422 1819 subsistentis
1437 1787 1470 1817 in

404 1840 516 1865 natura
538 1840 574 1864 ut
597 1835 657 1869 sic,
682 1839 718 1864 ut
739 1833 934 1873 significatur
956 1833 1088 1863 nomine
1111 1833 1188 1868 Dei,
1213 1842 1270 1863 seu
1285 1832 1348 1862 Dei
1365 1831 1471 1862 huius.

405 1879 451 1909 Ita
482 1878 571 1918 quod
597 1878 812 1917 appellatione
834 1883 965 1907 naturae
996 1877 1120 1907 divinae
1143 1877 1231 1907 venit
1253 1877 1316 1906 hoc
1339 1876 1373 1906 in
1396 1875 1471 1905 loco

405 1932 474 1953 non
497 1922 603 1952 solum
627 1922 741 1957 deitas,
773 1920 828 1951 sed
851 1921 939 1951 Deus
963 1926 993 1951 et
1016 1921 1103 1951 Deus
1127 1921 1188 1951 hic.
1224 1920 1292 1950 Nec
1318 1920 1383 1950 hoc
1411 1928 1471 1959 ego

406 1966 551 1997 somnio:
577 1965 632 1995 sed
655 1975 693 1995 ex
715 1965 925 2005 responsione
941 1964 981 1994 ad
1001 1965 1129 1995 tertium
1145 1965 1227 1994 clare
1242 1964 1356 2000 habeo,
1373 1969 1409 1993 ut
1428 1964 1473 1993 ibi

407 2010 615 2041 declarabitur
630 2010 663 2045 *3
689 2014 719 2039 et
734 2018 821 2039 nunc
842 2014 1051 2048 supponatur.
1076 2009 1120 2038 Ita
1137 2008 1225 2048 quod
1240 2013 1351 2038 natura
1368 2007 1474 2037 divina

407 2055 543 2085 sumitur
554 2054 609 2086 hic
625 2058 661 2083 ut
677 2052 879 2092 distinguitur
895 2058 1005 2082 contra
1020 2061 1191 2092 personam
1203 2052 1397 2092 simpliciter,
1410 2051 1474 2081 hoc

408 2104 464 2134 est,
489 2097 667 2128 secundum
691 2097 886 2136 completam
909 2097 1066 2126 rationem
1089 2106 1255 2136 personae.

463 2142 511 2182 Ly
535 2141 705 2172 conveniat
727 2141 863 2170 sumitur
892 2150 969 2170 non·
983 2140 1022 2170 de
1044 2140 1205 2180 possibili,
1237 2139 1292 2170 sed
1315 2139 1354 2170 de
1378 2138 1473 2169 facto.

409 2186 573 2224 Quoniam
590 2194 629 2214 an
645 2190 757 2215 natura
772 2185 872 2224 possit
888 2193 1058 2219 assumere,
1081 2185 1115 2214 in
1131 2184 1278 2224 sequenti
1293 2183 1476 2213 tractabitur

409 2229 559 2260 articulo:
585 2227 640 2259 sed
663 2238 703 2259 an
726 2227 766 2258 de
786 2228 872 2258 facto
894 2237 1007 2258 verum
1023 2228 1062 2258 sit
1078 2227 1167 2268 quod
1183 2227 1291 2263 deitas,
1309 2227 1406 2263 Deus,
1423 2227 1476 2257 hic

409 2274 497 2304 Deus
520 2273 725 2312 assumpserit
747 2278 902 2308 naturam,
927 2273 1105 2312 quaeritur;
1129 2277 1166 2302 ut
1188 2277 1275 2311 patet
1291 2281 1328 2302 ex
1343 2280 1476 2312 respon-

409 2318 501 2348 sione
525 2317 564 2347 ad
587 2315 782 2352 secundum,
813 2317 869 2346 ubi
893 2316 1007 2346 dicitur
1030 2315 1120 2358 quod
1142 2325 1305 2346 assumere
1328 2315 1479 2346 convenit

411 2367 548 2391 naturae
571 2360 699 2390 divinae
722 2361 849 2390 ratione
866 2369 1031 2400 personae
1059 2360 1159 2390 Verbi.

465 2406 514 2445 Ly
536 2413 699 2435 assumere
722 2405 861 2434 univoce
884 2405 1030 2440 sumitur,
1049 2409 1085 2434 ut
1100 2404 1221 2434 scilicet
1235 2404 1422 2434 terminatur
1437 2403 1477 2434 ad

410 2450 566 2480 unionem
587 2448 788 2488 personalem
804 2448 911 2483 Verbi,
929 2448 1030 2487 qualis
1054 2447 1209 2488 descripta
1232 2449 1305 2481 iam,
1318 2448 1351 2478 in
1373 2453 1445 2477 ante
1460 2448 1477 2464 ⁴*

411 2493 503 2523 dictis
527 2499 589 2523 est:
614 2498 650 2522 ut
674 2502 711 2522 ex
734 2501 933 2532 responsone
957 2492 995 2522 ad
1019 2492 1215 2528 secundum,
1239 2492 1303 2522 iam
1326 2491 1476 2531 allegata,

411 2543 507 2578 patet.

466 2582 587 2611 Rursus
618 2579 744 2610 adverte
776 2579 881 2619 quod,
915 2589 989 2610 curn
1020 2580 1181 2620 quaeritur
1209 2580 1262 2610 hic
1285 2589 1324 2609 an
1347 2584 1478 2609 naturae

413 2625 537 2655 divinae
562 2625 731 2654 conveniat
754 2633 930 2659 assumere,
960 2625 1095 2654 intentio
1126 2624 1321 2663 quaestionis
1345 2629 1407 2659 est,
1438 2633 1478 2653 an

413 2669 458 2699 sic
482 2669 652 2699 conveniat
682 2667 771 2708 quod
801 2668 901 2707 possit
924 2677 996 2698 vere
1021 2667 1083 2698 dici
1114 2667 1203 2707 quod
1226 2673 1346 2698 natura
1369 2667 1478 2698 divina

413 2713 585 2752 assumpsit
607 2717 759 2742 naturam
782 2712 965 2742 humanam.
990 2712 1031 2741 Et
1048 2712 1081 2741 in
1097 2712 1160 2742 hoc
1177 2711 1343 2747 clauditur,
1368 2721 1408 2741 an
1423 2721 1479 2741 na-

413 2762 502 2787 turae
534 2757 658 2786 divinae
689 2756 859 2786 conveniat
889 2765 1047 2786 assumere
1076 2761 1113 2786 ut
1143 2755 1233 2795 quod
1259 2756 1398 2785 assumit.
1435 2755 1479 2785 Ita

415 2801 504 2840 quod
527 2811 594 2830 non
611 2799 726 2830 sufficit
749 2800 929 2839 quaestioni
945 2799 1049 2830 dicere
1073 2799 1162 2839 quod
1185 2805 1296 2829 natura
1313 2799 1418 2829 divina
1434 2805 1480 2830 est

415 2855 478 2885 qua
507 2854 563 2874 seu
586 2854 648 2884 quo
676 2844 758 2873 facta
782 2850 827 2874 est
851 2844 1042 2883 assumptio:
1075 2843 1130 2874 sed
1157 2844 1347 2883 inquirimus
1377 2853 1417 2873 an
1441 2844 1480 2874 sit

416 2888 502 2928 quod
531 2898 587 2918 seu
613 2898 695 2928 quae
715 2888 885 2928 assumpsit
907 2893 1053 2918 naturam
1076 2888 1260 2918 humanam.
1282 2906 1305 2909 -
1328 2887 1417 2917 Haec
1441 2887 1480 2918 de

416 2932 520 2962 titulo.

473 2976 509 3006 11.
534 2976 569 3006 In
593 2986 728 3016 corpore
752 2976 875 3006 articuli
903 2976 998 3006 unica
1022 2982 1068 3006 est
1091 2976 1257 3006 conclusio
1280 2975 1480 3016 principalis:

417 3019 566 3050 Naturae
581 3021 729 3050 convenit
743 3019 935 3050 secundario
952 3030 1115 3051 assumere
1131 3025 1292 3050 naturam.
1316 3020 1481 3050 Probatur.

418 3065 593 3094 Assumens
621 3069 667 3094 est
697 3064 891 3103 principium
915 3069 946 3094 et
971 3065 1126 3094 terminus
1149 3064 1384 3104 assumptionis.
1420 3063 1482 3094 Sed

419 3113 530 3138 natura
546 3107 651 3137 divina
670 3113 716 3137 est
739 3107 917 3137 secundum
934 3118 967 3138 se
985 3109 1196 3148 principium:
1222 3114 1262 3143 et,
1278 3117 1346 3138 non
1369 3117 1482 3138 secun-

420 3151 497 3181 dum
521 3160 565 3186 se,
589 3150 645 3180 sed
667 3151 790 3180 ratione
813 3160 979 3190 personae,
1000 3157 1046 3182 est
1068 3152 1223 3182 terminus
1245 3152 1481 3191 assumptionis.

420 3195 506 3234 Ergo
529 3200 642 3224 natura
657 3194 763 3224 divina
786 3200 831 3223 est
848 3195 1035 3225 secundario
1052 3206 1226 3232 assumens,
1245 3196 1365 3226 scilicet
1379 3195 1419 3226 ad
1434 3196 1484 3226 sui

421 3247 601 3278 personam.
625 3256 647 3260 -
671 3238 773 3267 Maior
795 3239 947 3277 probatur
971 3248 1007 3268 ex
1024 3248 1063 3269 eo
1087 3239 1176 3279 quod
1198 3241 1232 3270 in
1246 3241 1344 3270 verbo
1361 3249 1483 3270 assum-

416 3283 539 3322 ptionis
561 3282 751 3321 importatur
774 3287 956 3321 utrumque,
981 3282 1099 3312 scilicet
1122 3284 1315 3324 principium
1332 3289 1362 3314 et
1377 3284 1484 3314 termi-

423 3335 502 3355 num
533 3325 775 3365 assumptionis,
807 3333 874 3354 esse
897 3324 993 3355 idem.
1016 3343 1038 3347 —
1062 3325 1183 3363 Minor,
1215 3327 1323 3367 quoad
1348 3327 1484 3368 primam

424 3374 560 3408 partem,
583 3369 751 3409 probatur:
776 3368 850 3408 quia
872 3368 988 3398 virtute
1010 3374 1139 3399 naturae
1163 3370 1286 3401 divinae
1310 3371 1484 3411 assumptio

425 3412 506 3442 facta
530 3418 585 3443 est.
610 3412 727 3450 Quoad
749 3411 923 3442 secundam
942 3421 1029 3447 vem,
1054 3413 1128 3451 quia
1152 3423 1219 3443 esse
1242 3415 1414 3445 terminum
1438 3424 1486 3445 as-

426 3457 617 3495 sumptionis
641 3457 790 3486 convenit
813 3457 917 3495 primo
941 3465 1106 3495 personae,
1131 3462 1166 3486 ut
1189 3462 1274 3496 patet
1298 3468 1334 3488 ex
1358 3468 1486 3498 praece-

427 3499 511 3529 denti
533 3500 676 3530 articulo.
702 3500 763 3530 Ubi
787 3500 862 3539 quia
886 3499 980 3529 etiam
1004 3498 1124 3529 dictum
1141 3505 1187 3529 est
1211 3500 1299 3539 quod
1322 3507 1368 3531 est
1392 3502 1486 3531 etiam

427 3543 619 3583 principium
644 3543 868 3583 assumptionis
891 3548 927 3573 ut
950 3542 1049 3582 quod,
1073 3542 1146 3573 ideo
1162 3543 1213 3573 hic
1230 3545 1380 3583 repetitur
1398 3544 1487 3584 quod

1516 1655 1751 1696 propriissime,
1770 1661 1800 1686 et
1823 1655 1948 1686 additur
1971 1655 2061 1697 quod
2077 1656 2187 1697 primo
2205 1657 2355 1687 convenit
2369 1666 2525 1699 personae
2540 1664 2590 1688 as-

1523 1709 1660 1730 sumere.

1578 1743 1726 1774 Secunda
1749 1749 1856 1774 autem
1880 1744 2057 1780 conclusio,
2081 1743 2229 1776 adiuncta
2244 1717 2376 1786 propter
2390 1744 2590 1779 clarificanda

1524 1788 1647 1823 similia,
1664 1793 1711 1818 est
1734 1787 1823 1828 quod
1847 1787 1977 1819 Natura
2000 1787 2109 1819 divina
2126 1798 2190 1829 per
2211 1789 2297 1819 hunc
2311 1789 2450 1826 modum,
2469 1784 2594 1828 scilieet

1523 1831 1726 1867 secundario,
1746 1837 1794 1862 est
1816 1831 2008 1862 incarnata:
2030 1833 2106 1872 quia
2121 1832 2240 1863 scilicet
2256 1842 2383 1864 carnem
2399 1833 2439 1864 ad
2454 1833 2503 1864 sui
2517 1830 2590 1874 'per—

1524 1885 1638 1906 sonam
1661 1875 1841 1915 assumpsit.

1581 1919 1631 1949 111.
1657 1919 1692 1949 In
1715 1920 1925 1959 responsione
1955 1919 1995 1950 ad
2018 1919 2213 1957 secundum,
2244 1921 2353 1961 quoad
2380 1930 2494 1952 omnes
2521 1921 2592 1952 eius

1525 1969 1638 2003 partes,
1662 1968 1740 1994 nota
1762 1972 1821 2003 pro
1838 1964 1985 2004 sequenti
2001 1964 2145 1994 articulo.
2169 1964 2246 1995 Tria
2261 1965 2347 1996 enim
2362 1965 2415 1997 hic
2431 1965 2590 1997 dicuntur.

1526 2008 1669 2037 Primum
1693 2012 1740 2038 est
1763 2007 1802 2038 de
1827 2008 2058 2038 communitate
2081 2009 2343 2039 convenientium
2365 2014 2497 2040 naturae
2512 2008 2592 2041 divi-

1525 2061 1586 2081 nae
1609 2050 1787 2082 secundum
1804 2061 1847 2087 se,
1871 2057 1908 2082 ut
1923 2050 2125 2093 distinguitur
2141 2056 2251 2082 contra
2265 2052 2446 2104 personam.
2469 2053 2592 2085 Secun-

1528 2094 1622 2130 dum,
1652 2094 1691 2125 de
1715 2105 1892 2126 assumere:
1926 2096 2016 2136 quod
2046 2095 2085 2126 de
2113 2095 2197 2126 facto
2230 2097 2258 2126 ei
2288 2097 2439 2128 convenit
2469 2092 2592 2128 ratione

1527 2118 1633 2169 Verbi.
1658 2139 1814 2175 Tertium,
1839 2139 1878 2170 de
1893 2139 1946 2170 illa
1966 2140 2134 2170 subiuncta
2151 2140 2277 2176 causali,
2302 2141 2437 2171 scilicet.
2460 2139 2506 2171 Et
2519 2140 2591 2172 ideo

1528 2183 1578 2213 illi
1599 2183 1662 2214 soli
1678 2193 1842 2224 personae
1863 2184 2021 2215 convenit.
2045 2176 2098 2214 Ad
2118 2185 2198 2214 haec
2222 2185 2309 2215 enim
2331 2185 2364 2215 in
2383 2184 2535 2238 sequenti
2544 2192 2593 2233 ar-

1528 2228 1628 2258 ticulo
1652 2237 1798 2258 recursus
1822 2228 1890 2258 erit

1584 2272 1636 2302 IV.
1661 2271 1697 2302 In
1720 2272 1930 2322 responsione
1946 2271 1985 2302 ad
2001 2272 2129 2302 tertium
2153 2271 2296 2303 eiusdem
2312 2271 2445 2304 secundi
2459 2268 2595 2309 macuti,

1530 2315 1657 2346 adverte
1681 2315 1787 2356 quod,
1819 2316 1895 2356 quia
1917 2322 2143 2356 argumentum
2171 2315 2212 2347 ad
2239 2316 2303 2347 hoc
2325 2315 2476 2347 tendebat
2503 2314 2599 2368 quod

1528 2365 1659 2390 naturae
1683 2359 1808 2390 divinae
1830 2369 1898 2390 non
1914 2360 2125 2390 conveniebat
2147 2368 2308 2391 assumere
2331 2361 2427 2390 etiam
2435 2361 2486 2390 ut
2506 2356 2595 2403 prm}

1530 2405 1615 2443 cipio
1640 2404 1883 2454 assumptioniS‚
1914 2405 1978 2434 hoc
2001 2409 2048 2435 est
2070 2409 2107 2434 ut
2127 2404 2287 2455 principio
2318 2402 2407 2454 quod
2434 2410 2595 2436 assumere

1530 2448 1654 2484 dicitur,
1680 2448 1755 2488 quia
1777 2453 1890 2483 natura
1912 2447 2008 2478 habet
2030 2448 2186 2478 rationem
2201 2448 2351 2488 principii
2372 2453 2409 2478 ut
2424 2457 2502 2488 quo,
2525 2457 2595 2479 non

1530 2497 1567 2522 ut
1589 2491 1695 2532 qu0d;
1727 2498 1758 2522 et
1780 2492 1906 2522 Auctor
1926 2490 2063 2522 intendit
2092 2491 2181 2531 quod
2209 2497 2339 2522 naturae
2362 2491 2487 2522 divinae
2517 2500 2595 2523 con-

1530 2536 1618 2566 venit
1641 2545 1801 2566 assumere
1831 2536 1864 2566 in
1886 2536 2009 2565 ratione
2033 2536 2181 2575 principii
2210 2546 2277 2566 non
2301 2536 2407 2566 solum
2431 2545 2515 2576 quo,
2539 2535 2596 2567 sed

1532 2579 1637 2620 quod:
1662 2579 1736 2610 ideo
1759 2581 1792 2609 in
1812 2580 1872 2609 hac
1891 2580 2102 2619 responsione
2123 2579 2214 2610 dicit:
2238 2598 2261 2602 -
2284 2579 2373 2610 Sicut
2396 2579 2505 2620 quoad
2527 2589 2596 2611 esse

1531 2623 1617 2654 idem
1641 2629 1687 2654 est
1710 2624 1743 2653 in
1766 2624 1837 2654 Deo
1862 2632 1928 2663 quo
1953 2629 1984 2653 et
2007 2623 2106 2663 quod,
2130 2624 2173 2654 ita
2196 2623 2304 2663 quoad
2327 2633 2429 2664 agere.
2457 2624 2499 2654 Et
2519 2623 2595 2655 ideo

1530 2673 1642 2698 natura
1665 2667 1771 2698 divina
1795 2672 1842 2698 est
1865 2677 1932 2707 quo
1955 2667 2043 2697 Deus
2067 2667 2130 2707 agit
2153 2668 2420 2708 assumptionem,
2448 2673 2480 2698 et
2506 2667 2596 2708 quod

1533 2712 1596 2751 agit
1618 2711 1722 2741 illam:
1755 2712 1830 2751 quia
1861 2716 1908 2741 est
1937 2711 2004 2751 ipse
2032 2711 2120 2742 Deus
2144 2721 2250 2751 agens.
2285 2711 2386 2750 Quod
2406 2712 2487 2742 nihil
2509 2711 2596 2743 aliud

1533 2762 1580 2786 est
1595 2765 1693 2795 quam
1709 2755 1824 2791 dicere,
1851 2754 1936 2791 Quia
1952 2755 2054 2786 deitas
2069 2754 2209 2790 haecfest
2223 2756 2274 2786 hic
2288 2756 2398 2786 Deus:
2414 2756 2493 2787 haec
2509 2756 2595 2787 enim

1532 2805 1606 2829 sunt
1629 2800 1782 2829 abstracta
1805 2805 1835 2829 et
1859 2805 2007 2829 concreta
2030 2805 2160 2830 naturae
2185 2799 2309 2830 divinae
2335 2799 2534 2839 singulariter
2554 2801 2596 2830 si-

1532 2843 1709 2883 gnificatae.
1744 2843 1807 2873 Ubi
1836 2843 1918 2873 clare
1940 2843 2047 2873 videre
2074 2849 2167 2883 potes
2190 2844 2272 2874 bene
2295 2845 2476 2884 expositum
2498 2843 2596 2875 fixisse

1532 2888 1661 2918 titulum
1685 2887 1839 2917 articuli

1587 2931 1695 2961 Habes
1711 2940 1844 2970 quoque
1860 2932 1935 2962 hinc
1951 2940 2081 2962 sensum
2098 2931 2281 2962 dictorum*
2272 2941 2307 2962 m
2321 2939 2459 2971 corpore
2466 2931 2597 2966 „amum

1534 2974 1574 3006 de
1597 2975 1733 3005 termino
1757 2976 1999 3015 assumptionis,
2031 2985 2106 3006 cum
2129 2975 2244 3007 dicitur
2269 2975 2359 3016 quod
2384 2971 2527 3013 θεάωνβὲ
2546 2974 2596 3006 dl—

1534 3019 1628 3050 uinae
1651 3029 1715 3049 non
1740 3020 1889 3050 convenit
1903 3029 1970 3050 esse
1988 3020 2216 3060 assumptionis
2230 3019 2401 3051 terminum
2421 3017 2596 3052 secundum

1533 3073 1576 3099 se,
1600 3062 1657 3094 sed
1679 3063 1807 3093 ratione
1822 3073 1996 3104 personae.
2026 3063 2110 3094 Nam
2132 3063 2208 3094 hinc
2229 3062 2326 3103 patet,
2349 3066 2381 3093 et
2404 3065 2442 3096 e«
2457 3066 2596 3106 respon-

1535 3108 1625 3138 sione
1649 3107 1688 3137 ad
1703 3106 1892 3143 secundum,
1917 3107 2006 3148 quod
2029 3107 2242 3148 appellatione
2258 3114 2424 3147 personae
2436 3103 2488 3137 hic
2503 3106 2596 3139 intel-

1535 3151 1642 3191 ligitur
1665 3151 1732 3181 sola
1747 3161 1884 3191 persona
1899 3152 2085 3191 simpliciter
2107 3156 2138 3182 et
2151 3149 2295 3192 perfecte
2305 3149 2424 3181 habas
2438 3150 2595 3190 rationem

1535 3205 1701 3235 personae,
1726 3201 1762 3226 ut
1785 3201 1831 3226 est
1846 3196 1989 3227 Verbum
2004 3195 2080 3226 Dei:
2105 3200 2136 3226 et
2157 3193 2372 3235 appellatione
2394 3198 2533 3224 naturae
2546 3195 2596 3225 in-

1536 3240 1686 3280 telligitur
1708 3245 1774 3270 tam
1795 3245 1907 3270 natura
1928 3240 1962 3270 in
1986 3239 2140 3271 abstracto
2164 3242 2261 3279 quam
2284 3238 2318 3268 in
2340 3242 2506 3274 concreto,
2530 3243 2596 3269 tam

1537 3283 1639 3314 deitas
1662 3293 1759 3324 quam
1777 3283 1875 3319 Deus,
1898 3288 1965 3314 tam
1979 3283 2058 3314 haec
2071 3282 2174 3313 deitas
2188 3291 2286 3322 quam
2299 3281 2352 3312 hic
2365 3281 2464 3313 Deus.
2488 3281 2596 3313 Habes

1539 3328 1625 3358 enim
1642 3327 1718 3358 hinc
1742 3327 1831 3368 quod
1847 3327 1920 3368 ipse,
1945 3336 2002 3357 seu
2016 3326 2069 3357 hic
2081 3325 2181 3361 Deus,
2205 3325 2366 3356 concurrit
2380 3324 2420 3355 ad
2435 3334 2595 3356 assumere

1538 3377 1574 3402 ut
1591 3371 1785 3412 principium
1801 3370 1899 3411 quod,
1924 3375 1955 3401 et
1969 3377 2037 3400 non
2051 3374 2088 3400 ut
2100 3369 2264 3401 terminus.
2288 3367 2395 3401 Habes
2411 3377 2449 3399 ex
2464 3378 2596 3409 respon-

1538 3415 1628 3445 sione
1651 3414 1692 3446 ad
1714 3414 1892 3446 secundum
1922 3412 2011 3454 quod
2033 3412 2106 3444 ideo
2133 3412 2193 3444 soli
2214 3421 2370 3452 personae
2391 3412 2488 3443 Verbi
2518 3422 2597 3443 con—

1538 3459 1624 3488 venit
1640 3468 1798 3490 assumere
1821 3463 1857 3489 ut
1878 3457 2024 3493 termino,
2047 3456 2121 3496 quia
2137 3465 2203 3487 esse
2219 3456 2390 3487 terminum
2406 3458 2597 3496 assumptio-

1539 3501 1588 3532 nis
1612 3502 1761 3532 convenit
1781 3501 1887 3532 deitati
1910 3501 2031 3532 ratione
2054 3509 2208 3540 personae
2223 3499 2329 3530 Verbi.
2353 3499 2441 3538 Quid
2465 3500 2597 3531 clarius?

1594 3546 1701 3576 Restat
1723 3546 1817 3586 igitur
1839 3544 2014 3576 indubitata
2036 3543 2120 3584 apud
2136 3544 2311 3575 Auctorem
2327 3544 2491 3574 conclusio
2508 3544 2597 3585 quod

2609 1018 2617 1029 ⁸
2631 1017 2656 1039 ln
2672 1023 2783 1046 corpore.

2608 1168 2618 1180 ”
2631 1167 2659 1190 D.
2676 1167 2743 1190 ¹081.

2623 2883 2717 2906 ’Num
2731 2889 2750 2906 ι.
