2872 3970
34 337 44 347 ⁸
57 334 122 357 Vers.
136 339 173 361 39.

35 659 46 670 ¹
61 656 117 683 cap.
133 661 166 677 xi.

1002 244 1264 291 QUAESTIO
1294 244 1343 290 II,
1374 243 1666 281 ARTICULUS
1693 244 1728 280 V
2405 242 2450 279 35

274 328 340 364 ult.
361 327 400 363 *ε
431 328 584 376 Spiritus
615 336 768 362 carnem
801 329 836 369 et
868 335 950 360 ossa
980 336 1053 360 non
1091 324 1218 368 habet,
1246 323 1338 358 sicut

275 392 335 416 me
362 379 486 417 videtis
513 380 659 415 habere.
690 399 715 403 —
744 375 921 413 Similiter
957 375 1070 412 etiam
1098 387 1178 412 non
1215 381 1339 423 potest

276 431 349 469 dici
377 432 483 481 quod
511 430 629 468 Filius
657 429 729 466 Dei
757 428 961 477 assumpsit
990 429 1203 464 humanam
1231 434 1338 463 natu-

275 497 360 522 ram
393 491 508 533 prout
543 491 597 520 est
631 482 670 518 in
705 481 886 518 omnibus
921 480 1128 517 individuis
1165 480 1338 516 eiusdem

276 537 434 586 speciei:
466 536 556 585 quia
575 535 628 571 sic
656 546 793 571 omnes
811 533 990 570 homines
1019 532 1296 581 assumpsisset.
1313 553 1338 558 —

276 589 518 638 Relinquitur
545 599 646 636 ergo,
666 595 709 623 ut
736 587 999 623 Damascenus
1024 593 1157 634 postea
1184 585 1272 621 dicit
1300 584 1339 620 in

277 642 417 679 eodem
436 641 532 678 libro
551 640 582 687 ³⁸,
603 640 710 689 quod
738 638 986 687 assumpserit
1007 646 1185 677 naturam
1204 638 1340 674 huma-

276 707 368 731 nam
397 695 434 730 in
468 699 613 739 atomo,
640 692 736 728 idest
763 691 802 728 in
836 690 1056 737 individuo,
1087 703 1161 727 non
1195 690 1339 739 quidem

277 749 314 784 in
343 747 417 783 alio
446 745 653 791 individuo,
683 745 782 794 quod
805 746 849 780 sit
876 745 1100 793 suppositum
1129 743 1186 781 vel
1223 744 1339 791 hypo-
1367 737 1368 746 ¹

275 800 379 836 stasis
399 799 501 835 'illius
539 803 713 843 naturae,
744 809 855 846 quam
884 798 921 833 in
944 808 1108 845 persona
1145 795 1232 832 Filii
1257 796 1339 831 Dei.
1367 797 1369 807 ¹

330 850 416 887 Alio
445 850 565 887 modo
593 857 718 899 potest
746 848 897 896 intelligi
931 848 1076 885 dictum
1110 847 1341 884 Damasceni

277 911 319 941 ut
337 915 418 948 non
437 903 618 940 referatur
645 902 695 939 ad
713 909 888 938 naturam
919 902 1145 946 humanam,
1166 899 1276 948 quasi
1295 912 1341 936 ex

277 956 422 993 unione
442 955 593 992 animae
622 963 658 991 et
676 954 847 1003 corporis
869 966 950 990 non
969 954 1121 990 resultet
1141 965 1220 989 una
1239 964 1342 988 com-

279 1062 375 1098 dum
390 1062 438 1098 ad
457 1060 646 1098 unionem
668 1060 835 1097 duarum
854 1066 1089 1104 naturarum,
1106 1057 1258 1094 divinae
1273 1056 1342 1093 sci-

278 1114 363 1151 licet
381 1122 417 1151 et
436 1115 641 1160 humanae,
663 1125 708 1150 ex
734 1112 875 1161 quibus
906 1124 986 1148 non
1013 1110 1260 1159 componitur
1279 1109 1342 1146 ali-

1393 321 1485 370 quid
1513 321 1678 367 tertium,
1700 322 1806 370 quod
1835 321 1879 357 sit
1908 322 2099 369 quaedam
2126 329 2260 357 natura
2279 332 2455 358 commu-

1393 374 1469 419 nis;
1491 374 1581 422 quia
1600 374 1652 410 sic
1667 374 1758 410 illud
1778 382 1875 411 esset
1894 382 2025 410 natum
2047 374 2255 422 praedicari
2275 374 2323 411 de
2343 373 2455 422 pluri-

1393 427 1477 463 bus.
1515 427 1562 463 Et
1590 427 1666 463 hoc
1693 426 1744 463 ibi
1769 426 1936 463 intendit.
1967 427 2078 463 Unde
2107 427 2233 462 subdit
2250 426 2287 462 *:
2324 427 2457 475 Neque

1394 481 1492 515 enim
1507 485 1705 529 generatus
1720 485 1781 525 est,
1798 491 1915 528 neque
1929 491 2092 528 unquam
2110 480 2350 528 generabitur
2363 479 2457 515 alius

1398 533 1574 577 Christus,
1602 544 1652 568 ex
1669 533 1799 568 deitate
1817 538 1850 568 et
1868 533 2106 577 humanitate,
2127 534 2163 567 in
2184 532 2313 568 deitate
2341 537 2373 567 et
2391 532 2456 567 hu-

1394 586 1580 630 manitate,
1608 586 1710 620 Deus
1725 586 1922 634 perfectus,
1946 585 2042 621 idem
2067 590 2099 620 et
2129 586 2240 621 homo
2259 585 2455 633 perfectus.

1448 638 1505 673 AD
1533 649 1692 674 TERTIUM
1720 649 1901 674 DICENDUM
1930 637 2036 685 quod
2065 637 2206 685 duplex
2241 644 2296 673 est
2323 636 2457 684 princi—

1395 689 1506 738 pium
1524 689 1623 726 vitae
1643 689 1861 738 corporalis,
1892 690 2024 727 Unum
2044 689 2202 738 quidem
2226 688 2456 726 effectivum.

1396 743 1443 778 Et
1471 743 1547 778 hoc
1566 743 1685 779 modo
1706 742 1880 779 Verbum
1899 742 1971 778 Dei
2001 750 2055 778 est
2073 741 2306 791 principium
2333 741 2458 778 omnis

1395 794 1506 831 vitae.
1528 816 1551 822 -
1571 795 1657 831 Alio
1691 795 1811 831 modo
1841 802 1895 831 est
1923 794 2067 844 aliquid
2100 794 2332 844 principium
2360 793 2459 830 vitae

1395 847 1611 883 formaliter.
1650 848 1752 884 Cum
1780 847 1884 884 enim
1911 849 2036 885 vivere
2067 849 2270 885 viventibus
2300 848 2344 883 sit
2372 859 2458 891 esse,

1396 907 1438 935 ut
1475 899 1563 936 dicit
1599 899 1880 948 Philosophus,
1910 900 1948 936 in
1983 902 2012 937 ΙΙ
2041 901 2086 937 de
2116 901 2256 937 Anima
2285 899 2324 942 *ς
2364 899 2459 936 sicut

1369 979 1370 984 ,
1396 953 1708 1001 unumquodque
1736 952 1943 989 formaliter
1971 961 2026 990 est
2054 965 2122 1002 per
2143 965 2254 989 suam
2282 952 2458 998 formam,

241 1032 243 1034 v
278 1008 408 1046 munis
426 1016 573 1054 natura,
594 1020 694 1057 quae
722 1014 777 1044 est
795 1008 988 1043 humana:
1019 1006 1086 1042 secl
1108 1013 1163 1041 est
1181 1005 1342 1041 referen-
1369 1023 1370 1039 ι
1663 1005 1670 1011 ”

1369 1073 1371 1080 ·
1396 1056 1551 1105 potuitc
1579 1069 1719 1106 corpus
1747 1058 1878 1095 vivere
1913 1071 1982 1107 per
2008 1059 2203 1104 Verbum,
2240 1058 2345 1107 quod
2379 1069 2459 1094 non

1397 1004 1447 1040 ita
1467 1016 1607 1052 corpus
1634 1005 1728 1041 vivit
1753 1018 1822 1054 per
1849 1006 2031 1042 animam.
2062 1007 2109 1042 Et
2137 1007 2212 1042 hoc
2240 1005 2360 1042 modo
2380 1017 2459 1041 non

1397 1116 1521 1157 potest
1550 1121 1631 1146 esse
1659 1110 1830 1158 corporis
1857 1111 1991 1147 forma.

331 1245 357 1279 ζ)
373 1245 470 1277 potuit.
483 1258 502 1263 -
518 1244 632 1273 AFG1a;
647 1243 728 1275 ponit
746 1243 862 1275 BCDpE,
877 1245 968 1274 potest
986 1242 1056 1271 sEH,
1076 1241 1192 1274 ponitur
1210 1240 1351 1270 editiones;
1373 1240 1464 1265 abrasa
1483 1241 1534 1273 pri.

954 1336 1288 1370 Commentaria
1310 1336 1562 1368 Cardinalis
1584 1336 1786 1369 Caietam

280 1447 447 1511 Trruuis
471 1436 593 1467 articuli
617 1435 720 1476 quinti
743 1434 845 1464 clarus
869 1434 964 1464 estin
980 1443 1023 1464 se.
1047 1433 1088 1463 Et
1118 1433 1218 1463 oritur
1244 1441 1342 1472 quae·
1369 1431 1372 1470 Ι
1399 1443 1467 1473 cap.
1485 1444 1570 1469 xmx,
1594 1434 1628 1463 in
1652 1434 1813 1464 solutione
1836 1434 1988 1473 septimae
2013 1435 2218 1469 obiectionis‚
2244 1434 2328 1464 dicit.
2364 1434 2463 1471 Quod

341 1483 401 1513 stio
425 1482 504 1511 haec
527 1489 602 1510 cum
619 1489 656 1509 ex
673 1478 855 1509 difficultate
879 1478 924 1508 rei
945 1478 979 1507 in
1004 1487 1047 1513 se,
1066 1478 1140 1517 quia
1162 1477 1196 1506 in
1213 1475 1340 1506 Christo

279 1536 348 1557 non
378 1531 425 1556 est
447 1524 577 1565 propria
602 1523 798 1564 hypostasis,
823 1531 904 1562 quae
936 1531 1127 1561 consurgere
1155 1520 1284 1551 deberet
1307 1529 1344 1549 ex

279 1571 402 1601 unione
425 1569 548 1599 animae
572 1573 603 1597 et
626 1567 785 1606 corporis:
815 1571 886 1596 tum
910 1575 947 1595 ex
971 1566 1128 1595 erroribus
1152 1573 1265 1595 eorum
1289 1564 1345 1603 qui

279 1618 477 1654 negaverunt
498 1613 532 1642 in
556 1611 684 1642 Christo
707 1610 804 1640 talem
827 1610 993 1640 unionem.

337 1658 373 1688 In
397 1665 532 1696 corpore
551 1655 654 1695 quinti
677 1654 799 1684 articuli
823 1654 917 1683 unica
941 1659 987 1683 est
1011 1653 1188 1687 conclusio,
1213 1661 1345 1691 respon-

282 1703 347 1732 siva
370 1701 515 1741 quaesito
539 1699 740 1733 affirmative,
765 1707 840 1727 cum
863 1706 923 1727 suo
947 1697 1127 1727 corollario.
1167 1696 1344 1726 Conclusio

283 1751 329 1776 est
351 1746 425 1775 ista:
450 1744 586 1774 Necesse
608 1747 655 1772 est
677 1742 783 1772 dicere
798 1741 884 1782 quod
907 1741 938 1770 in
961 1741 1088 1771 Christo
1103 1740 1214 1781 fuerit
1237 1740 1346 1769 anima

283 1790 374 1820 unita
390 1787 530 1828 corpori.
547 1787 712 1816 Probatur.
728 1785 780 1815 Ad
795 1786 951 1815 rationem
963 1785 1081 1824 speciei
1098 1784 1258 1814 humanae
1275 1792 1346 1822 per-

281 1834 362 1863 tinet
377 1831 467 1872 quod
490 1831 595 1861 anima
618 1830 746 1869 corpori
768 1829 904 1859 uniatur.
930 1828 1015 1867 Ergo
1038 1837 1168 1858 necesse
1192 1833 1238 1856 est
1257 1825 1346 1866 quod

281 1878 315 1907 in
339 1876 466 1907 Christo
491 1875 596 1905 anima
618 1873 713 1903 fuerit
735 1873 825 1903 unita
851 1872 989 1912 corpori.

337 1918 539 1951 Antecedens
555 1918 708 1958 probatur
723 1916 901 1956 dupliciter.
926 1916 1044 1951 Primo,
1062 1915 1137 1955 quia
1160 1914 1264 1945 forma
1279 1923 1347 1944 non

284 1964 448 1995 constituit
470 1962 610 2003 speciem
633 1961 693 1991 nisi
717 1970 774 2000 per
800 1960 864 1990 hoc
887 1959 977 2000 quod
1007 1965 1054 1990 est
1076 1965 1164 1989 actus
1187 1958 1346 1988 materiae.

283 2009 331 2039 Ex
353 2009 417 2039 hoc
441 2008 527 2037 enim
549 2011 636 2046 patet
652 2004 742 2044 quod
764 2014 832 2034 non
855 2010 902 2034 est
924 2004 1045 2044 species
1069 2003 1208 2033 humana
1232 2003 1293 2032 nisi
1315 2011 1347 2031 a-

283 2053 371 2083 nima
392 2052 432 2082 sit
455 2055 542 2081 actus
566 2049 720 2089 corporis.
755 2047 855 2086 Quod
885 2053 932 2078 est
955 2057 1022 2078 esse
1045 2048 1173 2077 unitum
1201 2046 1346 2086 corpori:

284 2102 372 2127 actus
387 2096 474 2126 enirn
491 2100 537 2125 est
552 2094 660 2124 unitus
675 2093 825 2123 materiae
848 2092 940 2122 cuius
964 2097 1011 2122 est
1033 2098 1131 2121 actus.
1148 2109 1171 2113 -
1186 2089 1347 2125 Secundo,

285 2141 360 2181 quia
382 2141 462 2175 hoc,
487 2138 607 2169 scilicet
634 2137 774 2167 animam
797 2145 864 2166 esse
891 2137 925 2166 in
949 2145 1101 2175 corpore,
1126 2140 1172 2165 est
1194 2135 1348 2165 terminus

284 2184 507 2225 generationiS,
531 2181 694 2212 ordinatae
718 2190 736 2210 a
750 2185 861 2210 natura
884 2179 923 2210 ad
938 2180 1088 2220 speciem.
1114 2180 1161 2209 Ex
1179 2179 1243 2209 hoc
1258 2188 1348 2208 narn-

285 2238 350 2269 que
370 2227 459 2268 quod
481 2231 593 2257 natura
616 2234 672 2265 per
695 2224 934 2264 generationem
957 2223 1058 2254 tendit
1081 2222 1120 2253 ad
1143 2223 1293 2263 speciem,
1319 2228 1350 2252 et

284 2273 471 2303 terminatur
487 2270 526 2300 ad
541 2270 698 2300 unionem
721 2269 845 2298 animae
861 2273 892 2298 et
908 2268 1061 2307 corporis,
1078 2266 1244 2297 manifeste
1263 2271 1350 2306 patet

286 2315 376 2357 quod
398 2315 520 2356 species
544 2313 747 2344 constituitur
770 2321 808 2342 ex
831 2312 1060 2342 coniunctione
1084 2311 1207 2341 animae
1232 2317 1263 2341 et
1279 2320 1349 2340 cor-

285 2361 383 2401 poris.
406 2377 428 2382 —
450 2359 492 2389 Et
514 2358 559 2388 sic
582 2362 669 2397 patet
692 2355 893 2386 antecedens

341 2402 582 2442 Consequentia
593 2410 670 2431 vero
686 2400 852 2440 probatur:
870 2400 945 2439 quia
961 2399 1104 2430 Christus
1119 2398 1233 2429 dicitur
1249 2400 1349 2429 homo

285 2449 424 2479 univoce
448 2455 523 2476 cum
545 2445 613 2475 aliis
635 2444 830 2475 hominibus.
854 2444 1023 2474 Probatur:
1049 2444 1124 2483 quia
1145 2449 1191 2474 est
1207 2443 1350 2473 eiusdem

286 2492 414 2533 speciei.
438 2490 608 2520 Probatur:
634 2489 710 2529 quia
733 2493 780 2518 est
802 2488 834 2518 in
855 2487 1095 2518 similitudinem
1118 2487 1283 2517 hominum
1290 2487 1350 2528 fa-

287 2541 366 2566 ctus.
393 2535 435 2565 Et
457 2539 504 2564 est
525 2532 639 2573 procul
663 2532 761 2562 dubio
785 2541 890 2562 sermo
915 2531 954 2562 de
978 2531 1183 2562 similitudine
1206 2531 1350 2561 substan-

287 2579 368 2610 tiali:
393 2578 468 2618 quia
499 2582 546 2608 est
571 2586 676 2607 sermo
704 2575 743 2606 de
770 2575 977 2606 similitudine
1007 2576 1192 2611 hominum,
1216 2585 1284 2605 non
1311 2574 1350 2605 de

288 2621 495 2654 similitudine
525 2620 696 2651 hominurn
719 2625 915 2660 quantorum
945 2625 999 2650 aut
1023 2620 1167 2660 qualium
1192 2624 1246 2649 aut
1268 2629 1351 2659 quo-

287 2666 467 2698 modolibet
482 2665 570 2695 aliter
585 2674 619 2694 se
634 2665 836 2700 habentium3
858 2665 954 2694 homo
971 2664 1057 2694 enim
1073 2664 1264 2694 substantiae
1280 2673 1350 2703 spe-

290 2712 349 2742 ciei
372 2710 541 2745 humanae,
559 2713 590 2738 et
611 2717 680 2738 non
702 2708 884 2747 quantitatis
907 2713 962 2738 aut
977 2708 1134 2748 qualitatis
1157 2717 1278 2737 nomen
1295 2713 1350 2738 est.

289 2756 337 2786 Ex
359 2755 423 2784 hoc
446 2761 587 2792 namque
610 2751 699 2792 quod
722 2751 865 2782 eiusdem
889 2757 935 2782 est
958 2753 1075 2791 speciei
1099 2751 1253 2787 Christus,
1274 2761 1352 2791 qua-

289 2806 382 2830 tenus
397 2798 510 2832 homo,
527 2805 603 2826 cum
619 2795 685 2825 aliis
701 2795 895 2831 hominibus,
909 2797 1052 2835 sequitur
1069 2794 1235 2825 manifeste
1252 2795 1352 2835 quod,

290 2844 316 2874 si
332 2843 454 2882 species
475 2841 640 2871 humanae
657 2844 788 2869 naturae
810 2839 844 2869 in
860 2839 926 2869 aliis
950 2840 1153 2870 constituitur
1174 2849 1211 2869 ex
1231 2840 1352 2869 unione

291 2888 415 2918 animae
445 2891 477 2915 et
508 2883 667 2923 corporis,
691 2883 725 2912 in
757 2882 883 2913 Christo
917 2893 1050 2923 quoque
1081 2884 1149 2913 talis
1179 2884 1258 2913 unio
1289 2884 1352 2914 exi-

291 2937 391 2972 gatur.

347 2973 563 3005 Corollarium
580 2977 626 3001 est
642 2969 731 3010 quod
747 2970 940 3000 contrarium
960 2970 1064 3001 dicere
1080 2977 1127 3001 est
1148 2972 1352 3002 haereticum.

291 3019 456 3050 Probatur.
474 3017 558 3054 Quia
574 3015 704 3054 derogat
720 3014 841 3044 veritati
856 3014 1059 3044 humanitatis
1076 3015 1203 3051 Christi,
1216 3020 1252 3045 ut
1266 3020 1354 3055 patet

294 3073 332 3093 ex
355 3061 456 3092 dictis.

348 3106 385 3136 11.
410 3106 446 3136 In
468 3103 677 3144 responsione
708 3101 747 3132 ad
769 3102 909 3141 primum
939 3101 1082 3131 eiusdem
1105 3102 1243 3138 articuli,
1268 3102 1354 3133 disce

293 3151 368 3181 hinc
391 3149 551 3189 optimum
575 3157 611 3177 ac
631 3147 752 3177 clarum
775 3145 930 3185 loquendi
952 3145 1087 3175 modum
1110 3146 1143 3176 in
1158 3146 1221 3176 hoc
1237 3152 1354 3187 myste-

293 3195 357 3225 rio:
382 3193 502 3224 scilicet
517 3191 606 3232 quod
629 3201 670 3221 ex
686 3190 805 3220 unione
819 3189 948 3219 animae
962 3194 993 3219 et
1007 3190 1155 3228 corporis
1175 3190 1207 3220 in
1227 3190 1353 3221 Christo

295 3247 359 3269 non
376 3236 581 3268 constituitur
597 3244 681 3265 nova
690 3241 854 3274 persona:
877 3233 932 3263 sed
947 3232 990 3262 ad
998 3234 1268 3272 praeexistentem
1277 3243 1354 3273 per-

293 3291 408 3313 sonam
429 3280 492 3310 Dei
514 3279 690 3320 composita
713 3283 832 3308 natura
855 3277 1035 3318 singularis
1057 3286 1098 3306 ex
1113 3277 1223 3307 anima
1238 3282 1269 3306 et
1283 3287 1354 3307 cor-

289 3335 374 3366 pore
389 3324 542 3355 adiuncta
557 3328 612 3354 est.
637 3322 773 3362 Oportet
797 3331 871 3361 ergo
889 3330 927 3351 ex
942 3321 1001 3350 hac
1023 3321 1129 3350 anima
1152 3326 1183 3350 et
1205 3321 1268 3350 hoc
1285 3330 1355 3350 cor-

295 3379 375 3410 pore
398 3369 494 3399 unitis
510 3373 565 3398 aut
580 3367 731 3398 constitui
754 3375 871 3396 novam
895 3374 1065 3404 personam
1087 3364 1276 3394 humanam:
1301 3370 1356 3394 aut

297 3414 461 3453 antiquam
483 3420 654 3452 personam
677 3410 827 3440 constitui
850 3410 883 3439 in
899 3410 962 3438 hoc
979 3407 1067 3448 quod
1090 3409 1129 3438 sit
1144 3418 1280 3448 persona
1295 3409 1355 3438 hu-

297 3466 400 3487 mana.
424 3456 466 3486 Et
479 3456 543 3486 hoc
559 3452 737 3485 secundum
759 3453 938 3484 verificatur
957 3453 989 3482 in
1006 3452 1143 3482 Christo.
1168 3452 1355 3493 Hypostasis

298 3501 385 3531 enim
407 3500 503 3530 Verbi
526 3499 586 3529 Dei
615 3499 806 3538 inquantum
837 3503 883 3527 est
911 3497 963 3526 hic
986 3497 1103 3531 horno,
1127 3506 1184 3536 per
1210 3502 1355 3526 naturam

297 3545 471 3574 humanam
486 3544 568 3573 hanc
585 3543 800 3573 constituitur:
817 3547 853 3571 ut
868 3541 990 3571 Auctor
1005 3541 1037 3570 in
1055 3540 1097 3570 IV
1112 3540 1234 3570 Contra
1253 3540 1354 3577 Gent„

1399 1483 1446 1507 est
1469 1477 1572 1508 dicere
1596 1487 1766 1517 personam
1788 1479 1884 1508 Verbi
1909 1479 2059 1508 constitui
2082 1479 2115 1508 in
2138 1479 2201 1508 hoc
2219 1478 2308 1517 quod
2331 1484 2377 1508 est
2395 1488 2462 1508 esse

1398 1530 1569 1560 personam
1599 1522 1788 1557 humanam,
1819 1531 1876 1561 per
1907 1522 1988 1552 hanc
2016 1528 2161 1552 naturam
2184 1523 2373 1552 humanam:
2412 1523 2463 1552 hic

1400 1566 1486 1595 enim
1509 1566 1604 1595 homo
1628 1575 1799 1605 personam
1822 1566 1996 1596 humanam
2020 1566 2185 1606 significat.

1456 1609 1506 1639 III.
1532 1609 1567 1639 In
1590 1610 1798 1649 responsione
1823 1609 1862 1639 ad
1886 1610 2063 1640 secundum
2087 1610 2230 1640 eiusdem
2254 1610 2386 1646 articuli,
2410 1610 2463 1640 ad-

1399 1659 1486 1683 verte
1503 1653 1592 1692 quod
1608 1654 1797 1683 Damasceni
1818 1654 1951 1683 verbum
1967 1660 2031 1683 tarn
2047 1655 2166 1690 tritum,
2183 1654 2312 1689 scilicet,
2331 1654 2463 1684 Verbum

1400 1698 1571 1736 assumpsit
1594 1702 1745 1727 naturam
1768 1698 1941 1727 humanam
1970 1698 2002 1727 in
2026 1703 2151 1733 atomo,
2177 1697 2344 1737 dupliciter
2367 1708 2464 1737 expo-

1400 1741 1495 1770 nitur.
1519 1741 1638 1776 Primo,
1656 1740 1745 1780 quod
1761 1741 1793 1781 ly
1816 1741 1847 1770 in
1865 1746 1972 1770 atomo
1997 1742 2148 1781 importet
2171 1742 2202 1781 ly
2227 1742 2258 1771 in
2284 1741 2466 1771 individuo:

1402 1789 1432 1814 et
1456 1785 1500 1814 sic
1524 1785 1694 1823 exponitur
1717 1785 1750 1814 in
1773 1785 1875 1814 littera
1898 1786 2065 1824 praesenti.
2091 1785 2131 1814 Et
2154 1786 2242 1824 quia,
2267 1786 2394 1825 proprie
2418 1785 2464 1815 lo-

1402 1827 1543 1867 quendo,
1560 1834 1671 1858 natura
1686 1829 1827 1858 humana
1846 1829 1879 1858 in
1895 1828 2061 1858 individuo
2083 1834 2129 1858 est
2144 1829 2231 1858 idem
2247 1829 2336 1868 quod
2355 1834 2467 1858 natura

1401 1872 1541 1902 humana
1570 1873 1603 1901 in
1627 1872 1690 1902 hoc
1713 1873 1862 1907 homine,
1886 1882 1961 1902 nam
1992 1873 2044 1903 hic
2068 1873 2168 1902 homo
2193 1879 2238 1903 est
2265 1872 2466 1903 individuum

1401 1921 1532 1946 naturae
1555 1916 1724 1951 humanae,
1751 1922 1781 1946 et
1804 1917 1855 1946 hic
1871 1917 1972 1946 homo
1993 1923 2040 1947 est
2062 1917 2241 1957 hypostasis
2262 1922 2391 1947 naturae
2407 1917 2466 1946 hu-

1401 1969 1530 1995 manae;
1548 1965 1579 1990 et
1595 1965 1829 2000 consequenter
1844 1961 1922 1990 haec
1938 1961 2033 1991 verba
2048 1961 2209 1990 insinuant
2225 1960 2313 2000 quod
2325 1961 2467 1990 Verbum

1403 2005 1607 2044 assumpserit
1630 2009 1775 2034 naturam
1798 2004 1972 2034 humanam
2002 2005 2065 2034 iam
2087 2006 2121 2034 in
2145 2005 2207 2035 hoc
2231 2006 2379 2040 homine,
2403 2005 2466 2034 iam

1402 2048 1436 2078 in
1459 2045 1632 2088 hypostasi,
1657 2049 1720 2078 iam
1744 2054 1956 2087 personatam,
1981 2050 2055 2088 quia
2080 2049 2168 2088 quod
2192 2050 2361 2079 assumitur
2378 2058 2468 2088 prae-

1403 2093 1596 2132 supponitur
1620 2093 1831 2131 assumptioni
1854 2092 2032 2122 secundum
2057 2098 2186 2123 naturae
2208 2092 2369 2123 ordinem:
2394 2092 2467 2122 ideo

1403 2136 1542 2171 Auctor,
1567 2136 1606 2166 ad
1630 2135 1865 2166 excludendum
1896 2137 1991 2166 talem
2016 2146 2161 2172 sensum,
2186 2137 2319 2172 addidit,
2345 2146 2409 2167 non
2434 2137 2466 2166 in

1403 2180 1469 2210 alio
1494 2180 1673 2216 individuo,
1698 2180 1784 2220 quod
1806 2181 1848 2210 sit
1868 2181 2065 2220 suppositum
2093 2181 2143 2211 vel
2169 2181 2351 2221 hypostasis
2381 2181 2469 2211 illius

1405 2229 1551 2260 naturae,
1575 2234 1671 2265 quam
1696 2225 1727 2254 in
1746 2234 1890 2264 persona
1905 2225 1983 2254 Filii
2005 2225 2077 2254 Dei.
2107 2225 2196 2255 luxta
2212 2234 2310 2264 quem
2334 2224 2468 2255 modum

1405 2274 1609 2308 exponuntur
1625 2268 1741 2298 similes
1765 2268 1945 2298 locutiones
1968 2269 2001 2298 in
2021 2279 2052 2298 vx
2076 2274 2106 2298 et
2122 2279 2164 2298 vn
2180 2269 2249 2299 dist.
2267 2269 2307 2298 III
2331 2269 2417 2299 Sent.
2434 2270 2466 2298 *z

1405 2318 1442 2343 ut
1464 2318 1551 2352 patet
1573 2313 1626 2342 ibi.

1460 2356 1621 2392 Secundo,
1646 2357 1816 2396 exponitur
1836 2356 1967 2391 facilius,
1992 2356 2034 2386 ita
2050 2356 2139 2396 quod
2162 2356 2195 2396 ly
2218 2356 2250 2386 in
2275 2362 2382 2386 atomo
2407 2357 2466 2386 im-

1404 2406 1511 2440 portet
1526 2401 1558 2441 ly
1573 2401 1784 2441 singularem.
1802 2401 1842 2430 Et
1857 2401 1902 2430 sic
1918 2401 2019 2430 clarus
2035 2410 2145 2430 sensus
2162 2406 2208 2430 est
2223 2400 2313 2440 quod
2334 2400 2466 2430 Verbum

1405 2445 1576 2485 assumpsit
1593 2450 1745 2475 naturam
1766 2445 1939 2474 humanam
1962 2445 2172 2485 singularem,
2198 2445 2272 2483 quia
2298 2445 2467 2484 assumpsit

1404 2495 1550 2519 naturam
1572 2489 1746 2518 humanam
1770 2489 1861 2519 hanc.
1886 2488 1926 2518 Et
1941 2489 2028 2518 iuxta
2050 2489 2136 2518 hunc
2152 2497 2290 2524 sensum,
2308 2494 2354 2518 est
2375 2488 2466 2518 valde

1405 2534 1524 2568 tritum,
1549 2542 1609 2562 nec
1633 2538 1704 2572 eget
1726 2533 1839 2572 glossa.

1461 2577 1512 2607 IV.
1538 2577 1573 2606 In
1597 2576 1709 2607 eadem
1732 2577 1940 2616 responsione
1968 2575 2007 2606 ad
2031 2576 2224 2612 secundum,
2250 2577 2331 2606 circa
2354 2577 2464 2606 verba:

1405 2621 1516 2661 Neque
1531 2621 1614 2650 enim
1629 2626 1805 2662 generatus
1820 2626 1875 2655 est,
1893 2630 1993 2660 neque
2009 2630 2148 2660 unquam
2163 2620 2372 2661 generabitur
2383 2621 2467 2650 alius

1409 2665 1564 2700 Christus,
1582 2670 1652 2699 etc.,
1670 2664 1796 2694 adverte
1813 2664 1912 2704 quod,
1933 2665 1959 2694 si
1975 2664 2118 2694 Christus
2136 2670 2216 2694 esset
2231 2670 2360 2694 naturae
2377 2674 2466 2694 corn-

1406 2710 1528 2749 positae
1553 2718 1590 2738 ex
1614 2708 1728 2738 deitate
1759 2714 1790 2738 et
1812 2709 2024 2743 humanitate,
2049 2714 2160 2738 natura
2188 2708 2240 2737 illa
2270 2713 2351 2737 esset
2378 2718 2467 2738 com-

1407 2753 1513 2783 munis
1537 2752 1664 2783 Christo
1690 2758 1720 2782 et
1743 2752 1814 2782 filiis
1837 2753 1901 2781 suis
1926 2761 2007 2791 quos
2037 2752 2217 2782 naturaliter
2239 2752 2354 2781 virtute
2383 2752 2467 2782 illius

1407 2802 1537 2827 naturae
1560 2801 1755 2836 generasset:
1780 2797 1822 2825 ita
1846 2795 1934 2835 quod
1957 2796 2116 2835 genuisset
2136 2795 2237 2824 filium
2254 2795 2396 2825 eiusdem
2411 2806 2467 2825 na-

1407 2846 1506 2876 turae,
1530 2841 1649 2870 scilicet
1672 2840 1868 2879 compositae
1888 2849 1925 2869 ex
1942 2839 2055 2869 deitate
2080 2845 2110 2869 et
2133 2839 2343 2875 humanitate;
2370 2845 2400 2869 et
2423 2841 2466 2870 sic

1408 2885 1569 2925 genuisset
1592 2884 1689 2914 alium
1713 2883 1884 2913 Christum.
1917 2882 1978 2912 Sed
2002 2884 2076 2922 quia
2099 2883 2161 2912 hoc
2185 2888 2231 2912 est
2259 2883 2465 2922 impossibile,

1409 2929 1511 2968 arguit
1534 2928 1749 2958 Damascenus
1769 2937 1787 2956 a
1803 2926 2016 2957 destructione
2037 2927 2262 2966 consequentis
2285 2927 2324 2957 ad
2347 2927 2467 2958 destru—

1410 2973 1550 3002 ctionem
1578 2971 1807 3001 antecedentis:
1843 2970 1977 3005 scilicet,
2003 2980 2040 3000 ex
2063 2971 2125 3000 hoc
2149 2970 2238 3010 quod
2268 2980 2335 3000 non
2362 2977 2468 3010 potest

1408 3016 1549 3056 generari
1573 3015 1651 3044 alius
1668 3014 1810 3044 Christus
1835 3023 1872 3043 ex
1894 3013 2008 3044 deitate
2033 3019 2063 3044 et
2085 3015 2281 3044 humanitate
2305 3015 2467 3054 composi-

1407 3065 1468 3095 tus,
1490 3058 1578 3098 quod
1601 3059 1633 3088 in
1650 3058 1777 3088 Christo
1801 3067 1868 3087 non
1892 3063 1938 3087 est
1960 3063 2070 3087 natura
2095 3059 2273 3098 composita
2297 3068 2334 3088 ex
2353 3058 2466 3089 deitate

1409 3109 1439 3133 et
1462 3103 1666 3133 humanitate.

1462 3147 1557 3176 Nunc
1573 3151 1690 3180 autem,
1708 3146 1782 3185 quia
1797 3155 1933 3185 persona
1952 3151 2076 3175 tantum
2094 3145 2209 3176 Christi
2233 3147 2363 3186 ponitur
2378 3156 2467 3176 com-

1407 3191 1520 3230 posita,
1538 3189 1637 3219 modo
1653 3190 1740 3228 prius
1755 3190 1772 3206 ⁴*
1792 3189 1894 3225 dicto;
1914 3190 1939 3219 si
1957 3189 2100 3220 Christus
2115 3190 2249 3220 naturali
2264 3191 2467 3230 generatione

1409 3235 1547 3274 aliquem
1570 3233 1783 3273 produxisset,
1808 3243 1883 3263 cum
1906 3234 2020 3264 virtute
2043 3234 2200 3264 humanae
2223 3240 2351 3264 naturae
2374 3235 2467 3265 inno-

1409 3278 1507 3308 centis
1530 3282 1721 3317 generasset,
1745 3286 1863 3317 purum
1886 3278 2052 3308 hominem
2076 3277 2289 3317 produxisset:
2314 3288 2467 3318 generans

1410 3322 1495 3351 enim
1518 3326 1646 3360 generat
1669 3321 1727 3351 sibi
1750 3321 1868 3357 simile,
1893 3331 1959 3351 non
1982 3323 2015 3351 in
2039 3331 2187 3361 persona,
2213 3322 2267 3351 sed
2289 3322 2322 3351 in
2346 3327 2466 3352 natura.

1463 3365 1502 3395 V.
1520 3365 1554 3395 In
1577 3365 1784 3405 responsione
1801 3365 1840 3395 ad
1855 3366 1982 3395 tertium
2006 3365 2148 3395 eiusdem
2169 3366 2299 3401 articuli,
2315 3371 2392 3396 nota
2415 3366 2467 3396 illa

1408 3409 1518 3439 verba:
1554 3409 1806 3450 Unumquodque
1825 3410 2019 3451 formaliter
2041 3415 2087 3440 est
2109 3419 2172 3449 per
2185 3410 2334 3451 formam
2364 3419 2466 3440 suam.

1410 3453 1573 3490 Quoniam
1591 3454 1625 3483 in
1642 3462 1695 3493 qu.
1715 3463 1778 3483 xv11
1797 3454 1824 3489 ὕ,
1848 3463 1923 3483 cum
1941 3454 2123 3483 tractabitur
2138 3463 2178 3483 an
2198 3454 2231 3483 in
2255 3453 2382 3484 Christo
2406 3455 2467 3484 sint

1409 3497 1499 3570 {lura
1515 3507 1592 3533 esse,
1610 3497 1806 3528 discutienda
1829 3502 1915 3534 sunt3
1933 3502 1963 3527 et
1979 3497 2146 3537 quomodo
2163 3503 2222 3527 stat
2242 3497 2384 3528 doctrina
2403 3498 2467 3528 illic

1431 3546 1480 3571 ata
1503 3551 1577 3572 cum
1600 3542 1666 3571 ista.

2484 429 2492 438 ⁴
2501 428 2556 449 Loc.
2568 427 2605 448 cit.
2615 427 2636 448 in
2645 433 2694 454 arg.

2488 902 2539 923 ‘Ca
2559 907 2605 926 .1v,
2621 907 2697 927 n.4.-

2487 928 2511 949 S.
2550 929 2570 949 11.
2589 929 2640 949 lect.
2656 934 2698 949 vu.

2583 1061 2597 1089 Γ(

2497 2271 2504 2279 ·
2513 2269 2547 2290 Cf.
2555 2269 2684 2296 dist.v1,qu.
2693 2276 2708 2296 1,

2494 2299 2536 2317 art.
2553 2302 2574 2319 2.
2585 2295 2613 2316 ad
2628 2303 2649 2320 ις
2665 2300 2705 2317 art.

2494 2328 2521 2350 3.
2539 2322 2567 2343 ad
2584 2328 2609 2347 2:
2625 2328 2706 2349 expos.

2494 2352 2561 2373 text:
2584 2348 2636 2370 dist.
2659 2355 2691 2370 vn
2702 2364 2708 2374 ,

2495 2379 2602 2402 qu.1,art.
2615 2375 2670 2400 aad
2683 2382 2690 2396 1
2702 2382 2707 2401 ;

2494 2407 2574 2428 ωψσε.
2590 2405 2644 2422 text.

2496 3195 2504 3204 ⁸
2519 3195 2573 3215 Art.
2590 3194 2699 3222 praeced,

2496 3459 2504 3468 ⁸
2522 3458 2571 3478 Art.
2592 3463 2611 3480 2.
2631 3458 2702 3478 Corn-

2495 3488 2563 3504 menti
2574 3484 2594 3504 in
2606 3489 2665 3509 resp.
2674 3483 2702 3503 ad

2495 3511 2507 3531 8
2518 3514 2578 3531 cont.
2590 3510 2702 3535 conclus„

2495 3540 2515 3557 et
2531 3537 2552 3557 in
2572 3536 2621 3556 fine.
