2872 3970
11 554 13 557 ·
61 550 72 561 ⁸
91 549 272 581 Nieaeno-Con-

10 586 13 606 3
58 579 188 604 summop.

154 1297 180 1318 ιι,
195 1297 218 1313 n.
231 1298 267 1313 1.-

137 1334 142 1340 .
157 1318 208 1339 lect.
219 1323 254 1339 ιιι.

54 1291 76 1340 ωδ

6 1316 26 1333 ι
77 1290 135 1340 ,Ἦ

10 1721 12 1738 1
30 1754 33 1756 ,
56 1732 194 1761 ‘Cup-Cum
205 1733 270 1755 Chri-

14 1789 17 1791 ,
53 1761 115 1787 stus,
125 1759 156 1782 de
167 1759 267 1781 Haeret.

17 2818 24 2851 ;’
59 2829 73 2841 ⁴
85 2829 141 2852 Loc.
156 2829 194 2851 eit.
205 2835 269 2851 num.

19 2877 21 2879 ’
58 2855 270 2911 ῗιὶωῗοέξῗῗὲηῗ

8 2951 32 2979 *-
58 2964 72 2976 ⁴
87 2964 124 2987 Cf.
143 2970 207 2987 num.
222 2970 270 2992 seq.

1006 243 1268 291 QUAESTIO
1297 244 1345 291 ΙΙ,
1375 243 1667 282 ARTICULUS
1695 245 1776 281 VIII

301 329 332 354 et
354 324 394 354 ad
415 323 504 364 quod
519 324 694 363 assumptio
718 323 822 363 primo
838 321 956 358 tendit;
980 323 1146 362 acquisivit
1162 323 1247 352 enim
1263 321 1362 351 Filius

301 367 361 398 Dei
383 377 441 408 per
462 369 715 407 assumptionem
739 376 807 397 esse
829 367 1005 396 hominem.
1041 366 1140 403 Quod
1164 372 1211 396 est
1234 375 1301 396 esse
1329 366 1363 395 in

299 420 416 451 genere
436 412 644 442 substantiae:
670 417 700 441 et
715 419 783 441 non
798 411 832 440 in
847 419 962 450 genere
977 410 1138 440 relationis
1154 415 1208 440 aut
1223 409 1362 440 cuiusvis

299 461 471 495 respectus.

354 499 395 529 Et
417 498 457 530 ad
479 500 542 529 hoc
573 507 640 529 esse
669 507 727 538 per
748 507 783 528 se
808 498 913 537 primo
942 498 1195 528 incarnationem
1224 497 1361 527 ordinari

298 548 386 582 patet
409 552 447 573 ex
469 542 625 584 Symbolo
649 541 740 572 Fidei
755 542 787 577 θ’,
812 540 890 571 dum
913 541 1027 571 dicitur
1050 541 1090 571 de
1113 541 1195 571 Filio
1219 541 1295 571 Dei:
1318 541 1363 570 Et

299 587 488 617 incarnatus
518 591 566 616 est
595 586 633 616 de
663 585 786 625 Spiritu
814 584 933 615 Sancto
964 594 1006 615 ex
1033 585 1144 615 Maria
1172 585 1303 626 Virgine
1333 590 1364 614 et

297 631 392 660 homo
413 631 524 670 factus
546 634 602 660 est.
637 629 723 660 Hinc
746 629 833 659 enirn
857 629 938 659 clare
962 634 1049 668 patet
1078 628 1167 668 quod
1189 634 1255 658 tam
1277 629 1360 659 actio

298 682 396 714 quam
418 675 524 713 passio
548 679 630 713 quae
653 673 687 703 in
708 673 927 702 incarnatione
949 673 1132 709 intervenit,
1157 672 1196 702 ad
1219 673 1282 702 hoc
1305 682 1362 712 per

297 727 331 748 se
353 717 460 757 primo
483 717 627 748 ordinata
649 722 680 746 et
694 717 862 755 terminata
877 721 924 746 est
947 716 1036 756 quod
1050 716 1155 746 Filius
1169 717 1232 746 Dei
1245 717 1361 757 sactus

297 766 344 792 est
365 762 482 792 homo:
503 761 618 801 procul
641 760 740 790 dubio
763 769 831 790 non
853 760 996 796 relative,
1021 760 1076 790 sed
1099 761 1359 796 substantialiter;

297 805 441 845 alioquin
463 814 532 835 non
555 809 636 834 esset
658 805 776 840 homo;
807 813 874 834 non
899 805 984 834 enim
1009 810 1055 834 est
1076 814 1150 834 vere
1173 804 1273 834 homo
1304 805 1361 844 qui

296 858 364 879 non
388 854 434 879 est
456 848 700 878 substantialiter
722 848 834 883 homo,
859 858 934 878 curn
957 857 1025 878 esse
1048 849 1215 878 hominem
1238 849 1277 878 sit
1293 858 1360 878 esse

296 893 504 923 substantiam
533 893 705 923 animatam
732 892 914 922 sensibilem
936 892 1140 927 rationalem,
1172 898 1202 922 et
1230 901 1298 922 non
1322 893 1361 921 sit

294 937 424 967 relative
446 942 572 966 tantum
594 945 628 966 se
651 936 766 966 habere
790 935 830 966 ad
852 937 1060 966 substantiam
1075 937 1247 966 animatam
1262 936 1361 966 sensi-

296 981 393 1011 bilem
415 980 614 1010 rationalem.

339 1024 381 1054 Et
403 1025 479 1064 quia
502 1029 635 1060 constat,
659 1024 904 1064 praesupposito
927 1024 991 1054 hoc
1009 1033 1077 1054 esse
1099 1023 1258 1059 absoluto,
1281 1023 1361 1053 rela-

295 1069 419 1098 tionem
438 1068 567 1098 unionis
590 1067 716 1098 fundari
731 1077 827 1107 super
841 1068 905 1098 hoc
926 1077 1003 1103 esse,
1027 1067 1101 1097 ideo
1126 1067 1298 1097 dicendum
1314 1072 1361 1097 est

296 1111 386 1152 quod
415 1111 455 1142 ad
477 1112 665 1142 relationem
688 1112 818 1141 unionis
847 1112 881 1141 in
904 1112 967 1141 hoc
990 1111 1142 1152 mysterio
1165 1111 1253 1141 nulla
1276 1111 1359 1141 actio

295 1161 350 1186 aut
372 1157 488 1197 passio,
511 1156 600 1186 nulla
614 1156 750 1186 mutatio
773 1165 830 1195 per
846 1165 879 1185 se
901 1156 1006 1194 primo
1022 1155 1218 1191 terminatur,
1242 1160 1278 1185 ut
1293 1155 1360 1185 Au—

296 1204 366 1230 ctor
389 1208 535 1240 expresse
557 1199 634 1230 dicit
651 1200 685 1229 in
701 1199 742 1229 111
758 1199 855 1235 Sent„
873 1198 943 1229 dist.
962 1209 995 1234 11,
1013 1208 1066 1238 qu.
1080 1208 1112 1234 11,
1129 1204 1185 1228 art.
1205 1207 1234 1234 2,
1252 1200 1310 1238 qu⁸
1323 1198 1358 1229 3:

294 1243 351 1274 sed
373 1249 421 1274 est
442 1253 516 1274 vera
543 1243 665 1279 relatio,
689 1252 781 1272 more
808 1243 940 1273 aliarum
969 1243 1171 1278 relationum,
1195 1251 1263 1272 non
1285 1252 1361 1282 pro-

295 1287 391 1319 ducta
411 1297 469 1327 per
491 1287 639 1327 seipsam,
662 1287 750 1316 iuxta
772 1285 950 1317 doctrinam
972 1286 1001 1316 V
1016 1286 1144 1326 Physic.
1161 1287 1187 1322 ὓ,
1211 1285 1267 1316 sed
1283 1295 1361 1317 con-

294 1341 426 1372 surgens
450 1341 488 1361 ex
511 1340 598 1361 novo
623 1340 691 1360 esse
714 1330 862 1360 absoluto
885 1330 970 1360 facto
995 1339 1033 1360 ex
1055 1330 1286 1370 assumptione.

349 1374 443 1406 Unde
472 1384 588 1415 negare
609 1374 798 1405 relationem
820 1374 949 1404 unionis
971 1374 1087 1404 habere
1114 1373 1360 1404 fundamentum

295 1419 488 1455 absolutum,
512 1419 556 1448 ita
579 1417 668 1459 quod
690 1427 748 1458 per
770 1418 1023 1448 incarnationem
1046 1417 1173 1448 nullum
1189 1427 1245 1448 ens
1269 1418 1361 1448 abso-

294 1463 400 1493 lutum
422 1462 544 1493 factum
567 1467 630 1498 est;
662 1467 692 1492 et
722 1471 797 1492 cum
820 1462 884 1492 hoc
921 1461 1025 1492 dicere
1055 1461 1145 1501 quod
1171 1461 1271 1492 Filius
1299 1462 1360 1492 Dei

295 1512 342 1537 est
363 1506 465 1537 factus
493 1507 594 1536 homo
633 1511 665 1536 et
687 1511 734 1536 est
756 1514 830 1536 vere
859 1506 960 1536 homo
990 1505 1168 1536 secundum
1197 1515 1282 1542 rem;
1315 1512 1361 1536 est

294 1551 440 1591 ignorare
455 1551 619 1590 propriam
637 1559 764 1586 vocem,
781 1555 812 1580 et
835 1549 981 1581 confiteri
1009 1559 1085 1580 cum
1107 1550 1263 1580 sententia
1284 1549 1360 1581 fidei

293 1595 398 1625 verbis
420 1594 496 1625 solis
520 1593 610 1634 quod
631 1594 720 1624 Deus
739 1598 786 1624 est
803 1594 904 1624 homo
920 1593 1180 1630 substantialiter;
1205 1603 1280 1624 curn
1296 1594 1359 1624 Ne-

294 1639 394 1671 storio
426 1644 533 1668 autem
564 1638 743 1668 consentire
773 1637 952 1668 secundum
981 1647 1049 1668 rem
1083 1637 1172 1677 quod
1198 1638 1286 1668 Deus
1314 1643 1361 1668 est

294 1683 396 1713 homo
416 1681 651 1712 accidentaliter
674 1686 704 1712 et
727 1681 905 1712 secundum
922 1691 990 1712 esse
1005 1681 1181 1711 relativum.
1205 1699 1226 1704 —
1250 1681 1306 1711 Est
1330 1688 1361 1712 et

295 1726 444 1767 amplecti
459 1725 638 1756 secundum
652 1726 748 1755 verba
770 1725 969 1756 Decretalem
985 1726 1002 1742 ὓ
1025 1725 1229 1755 damnantem
1253 1724 1360 1755 dicen-

293 1776 341 1801 tes
367 1770 540 1805 Christum,
563 1769 738 1800 secundum
761 1769 848 1809 quod
869 1769 975 1805 homo,
1001 1778 1064 1799 non
1081 1778 1149 1799 esse
1164 1769 1307 1809 aliquid:
1330 1775 1361 1799 et

294 1814 431 1846 refutare
447 1823 517 1844 eam
529 1812 708 1844 secundum
723 1822 801 1843 rem.
826 1812 920 1850 Quia,
941 1814 966 1843 si
987 1813 1093 1842 solum
1110 1822 1177 1843 esse
1193 1813 1360 1843 relativum

294 1858 331 1889 fit
353 1857 393 1888 de
415 1866 503 1888 novo
526 1858 560 1887 in
583 1857 735 1897 mysterio
757 1857 999 1892 incamafionis,
1021 1856 1121 1887 Filius
1144 1856 1221 1892 Dei,
1246 1866 1359 1887 secun-

295 1902 373 1933 dum
397 1900 487 1942 quod
508 1901 620 1937 homo,
643 1910 712 1931 non
735 1900 867 1941 aliquid,
892 1899 948 1931 sed
970 1899 1014 1930 ad
1035 1900 1159 1941 aliquid
1182 1906 1237 1930 est.

347 1945 416 1976 XII.
441 1945 485 1976 Ut
511 1949 619 1975 autem
647 1945 835 1985 negantium
864 1945 995 1975 unionis
1025 1945 1213 1974 relationem
1243 1944 1360 1975 habere

294 1999 419 2020 novum
431 1998 499 2020 esse
510 1988 694 2019 absolutum
709 1987 830 2018 factum
841 1997 899 2028 per
909 1989 1163 2019 incarnationem
1174 1997 1233 2028 pro
1246 1987 1360 2019 funda-

293 2038 416 2070 mento,
433 2038 464 2064 et
478 2033 622 2063 similiter
644 2033 897 2072 assumptionem
920 2033 1082 2062 terminari
1097 2032 1137 2063 ad
1152 2042 1276 2062 novum
1292 2042 1359 2063 esse

294 2077 479 2108 absolutum
497 2077 699 2112 substantiae,
723 2076 843 2107 scilicet
865 2076 984 2107 Filium
1007 2077 1068 2107 Dei
1091 2086 1159 2107 esse
1182 2077 1359 2113 hominem,

295 2131 382 2152 error
407 2121 632 2157 convincatur,
656 2130 695 2151 ex
717 2119 932 2151 fundamentis
959 2130 1073 2151 eorum
1100 2122 1133 2151 in
1155 2120 1360 2162 philosophia

294 2170 498 2197 monstratur.
531 2163 738 2195 Manifestum
767 2163 926 2205 siquidem
950 2170 996 2195 est
1019 2165 1118 2205 quod,
1142 2166 1168 2195 si
1192 2165 1305 2195 albedo
1330 2170 1361 2196 et

294 2210 475 2240 subiectum
508 2218 653 2239 seorsum
686 2209 949 2248 praeexisterent,
974 2214 1005 2239 et
1034 2209 1176 2239 similiter
1209 2209 1300 2248 panis
1329 2215 1361 2239 et

296 2254 464 2294 quantitas,
482 2258 513 2283 et
527 2253 670 2283 similiter
685 2253 791 2283 anima
807 2258 838 2282 et
853 2261 981 2292 corpus,
999 2257 1030 2283 et
1044 2258 1157 2293 postea
1175 2253 1358 2290 unirentur,

293 2298 406 2328 relatio
429 2297 559 2327 unionis
580 2297 663 2327 inter
681 2306 719 2326 ea
740 2305 836 2336 super
853 2305 941 2326 novo
965 2305 1033 2326 esse
1056 2297 1204 2327 absoluto
1228 2306 1360 2327 consur-

293 2346 391 2382 geret.
427 2340 529 2371 Cuius
552 2341 740 2381 oppositum
763 2342 802 2370 ab
827 2340 1009 2371 adversariis
1031 2341 1201 2372 assumitur
1223 2340 1263 2371 ad
1285 2351 1360 2381 pro—

294 2385 447 2426 positum.
471 2385 540 2415 Nec
554 2385 618 2415 hoc
639 2384 729 2424 quod
751 2384 886 2415 dicimus
909 2390 981 2425 eget
1002 2385 1202 2424 probatione,
1222 2385 1277 2415 sed
1291 2395 1360 2416 ma—

293 2429 507 2460 nifestatione.
530 2428 665 2459 Constat
680 2429 767 2459 enim
783 2428 873 2468 quod
887 2429 1067 2460 subiectum
1082 2429 1116 2459 in
1131 2430 1236 2469 primo
1253 2439 1360 2460 exem-

294 2473 351 2514 plo
375 2473 552 2513 acquireret
574 2472 614 2503 de
636 2482 724 2503 novo
749 2482 816 2503 esse
840 2472 965 2508 album,
998 2478 1028 2503 et
1056 2473 1090 2503 in
1117 2473 1259 2503 secundo
1292 2483 1360 2504 esse

296 2522 464 2557 quantum,
489 2521 521 2546 et
541 2517 576 2546 in
590 2517 684 2547 tertio
701 2526 769 2547 esse
784 2517 911 2547 vivum:
935 2526 996 2547 nec
1015 2522 1122 2556 potest
1136 2516 1265 2547 infitiari
1281 2518 1360 2558 quin

297 2560 465 2601 quodlibet
485 2560 604 2590 horum
627 2568 694 2591 esse
717 2561 756 2590 sit
779 2566 811 2590 et
833 2570 902 2591 esse
929 2561 1130 2597 absolutum,
1155 2567 1186 2591 et
1209 2561 1249 2592 de
1271 2572 1359 2593 novo

296 2614 354 2645 per
375 2605 537 2635 actionem
558 2604 714 2635 unitivam
736 2603 867 2635 factum.
901 2605 991 2635 Patet
1012 2605 1108 2645 igitur
1137 2605 1227 2645 quod
1249 2606 1360 2637 relatio

296 2649 427 2679 unionis
457 2653 504 2678 est
526 2657 599 2678 vere
622 2648 732 2678 relatio
760 2647 799 2679 de
822 2658 939 2689 genere
961 2649 1140 2685 relationis,
1165 2651 1360 2681 conveniens

297 2702 373 2724 cum
402 2692 463 2722 illis
492 2692 526 2722 in
555 2691 657 2722 modo
687 2692 812 2723 essendi
842 2698 872 2723 et
902 2692 1009 2724 fiendi.
1033 2711 1054 2716 -
1077 2693 1118 2723 Et
1142 2703 1179 2724 ex
1202 2694 1251 2724 his
1273 2700 1362 2734 patet

296 2737 416 2768 solutio
441 2736 589 2766 omnium
611 2736 824 2766 obiectorum.

350 2780 433 2810 XIII.
457 2779 498 2810 Et
513 2780 539 2810 si
555 2785 665 2809 contra
680 2779 873 2819 praedictam
889 2781 1078 2811 sententiam
1094 2780 1263 2812 afferantur
1279 2782 1360 2813 duae

295 2825 436 2855 rationes
459 2823 557 2860 Scofi,
573 2822 692 2854 ibidem
707 2824 734 2859 ³,
751 2829 862 2854 contra
885 2825 1068 2855 absolutum
1084 2824 1221 2856 fundans
1234 2826 1361 2857 relatio-

296 2878 374 2900 nem
396 2868 542 2899 unionis:
562 2867 688 2907 primo,
713 2868 788 2907 quia
809 2868 890 2899 illud
912 2869 1095 2900 absolutum
1117 2871 1296 2901 necessario
1313 2880 1361 2901 es-

297 2918 346 2944 set
367 2913 497 2943 unitum
518 2911 644 2947 Verbo,
669 2911 695 2941 si
718 2916 781 2947 est;
812 2912 901 2942 nulla
923 2913 1011 2943 enim
1033 2912 1158 2943 videtur
1188 2914 1258 2944 talis
1281 2916 1361 2945 enti-

298 2963 345 2988 tas
374 2957 410 2987 in
439 2960 598 2991 creatura;
629 2954 769 2985 secundo
791 2956 824 2991 ⁸⁹,
849 2956 925 2996 quia
953 2956 1023 2987 talis
1053 2957 1165 2987 entitas
1195 2963 1250 2988 aut
1281 2964 1363 2989 esset

298 2999 520 3035 substantialis,
545 3004 599 3029 aut
622 2998 839 3034 accidentalis;
870 3009 938 3030 non
961 2999 1176 3037 accidentalis,
1200 3007 1236 3031 ut
1258 3007 1360 3042 patet;

297 3054 359 3076 nec
381 3043 603 3078 substantialis,
628 3043 703 3083 quia
727 3047 808 3073 esset
831 3043 942 3074 eadem
964 3045 1128 3080 materiae,
1151 3050 1207 3075 aut
1229 3044 1361 3082 formae,

299 3094 355 3120 aut
377 3088 575 3128 compositae
598 3087 806 3123 substantiae3
830 3086 886 3117 sed
909 3087 1066 3127 quidquid
1089 3093 1136 3118 est
1157 3088 1244 3119 idem
1267 3090 1363 3120 alicui

299 3133 507 3167 substantiae,
531 3136 639 3161 manet
661 3136 810 3161 manente
832 3131 902 3167 illa;
933 3136 1044 3161 natura
1066 3132 1161 3171 igitur
1183 3139 1360 3173 assumpta,

299 3178 326 3207 si
349 3176 558 3207 dimitteretur
580 3185 598 3205 a
620 3175 743 3210 Verbo,
767 3175 914 3205 retineret
936 3174 1032 3211 illud;
1057 3185 1093 3205 ac
1117 3185 1174 3215 per
1191 3177 1264 3212 hoc,
1281 3183 1363 3207 esset

300 3220 546 3251 fundamentum
561 3220 690 3249 unionis
714 3219 833 3258 absque
849 3219 986 3248 unione:
1002 3236 1026 3240 —
1047 3218 1308 3259 respondendum
1324 3231 1362 3250 ex

301 3264 391 3295 dictis
400 3265 417 3281 ⁴*
430 3269 477 3294 est
492 3262 591 3304 quod,
604 3268 641 3293 ut
652 3263 766 3293 dicitur
775 3262 832 3293 VII
845 3263 1026 3303 Metaphys.
1037 3263 1080 3298 ’ξ
1093 3272 1161 3293 non
1171 3262 1208 3293 fit
1219 3264 1360 3304 sphaera,

206 3312 223 3351 ‚²
255 3309 275 3346 ’ἶ
300 3318 368 3339 11011
390 3307 427 3338 fit
449 3317 511 3343 aeS‚
535 3307 591 3338 sed
613 3307 649 3337 fit
670 3308 806 3347 sphaera
825 3314 946 3343 aenea;
970 3312 1001 3337 et
1022 3306 1164 3337 similiter
1186 3307 1219 3337 in
1242 3317 1362 3347 propo-

301 3353 362 3383 sito
385 3361 454 3382 non
475 3351 512 3382 fit
533 3351 633 3381 Filius
657 3351 733 3387 Dei,
763 3361 831 3381 non
860 3351 896 3381 fit
924 3351 1064 3381 humana
1090 3356 1217 3387 natura,
1249 3351 1304 3381 sed
1327 3351 1363 3381 fit

301 3396 405 3426 Filius
419 3395 483 3426 Dei
504 3395 610 3425 homo.
634 3395 676 3425 Et
698 3395 840 3425 similiter
862 3396 953 3430 sicut,
977 3395 1002 3424 si
1026 3394 1139 3424 albedo
1164 3400 1195 3424 et
1218 3394 1362 3426 Socrates

301 3440 477 3476 unirentur,
502 3433 678 3479 acquireret
701 3439 740 3469 de
762 3449 850 3469 novo
874 3439 1017 3470 Socrates
1042 3448 1109 3468 6556
1132 3438 1250 3474 album,
1273 3444 1312 3475 et,
1337 3440 1362 3469 si

302 3488 414 3524 postea
436 3489 655 3523 separarentur
684 3489 750 3513 tam
773 3483 903 3513 Socrate
926 3492 1022 3523 quam
1046 3481 1191 3512 albedine
1218 3492 1362 3514 seorsum

304 3528 506 3564 conservatis,
530 3527 686 3557 amitteret
709 3527 853 3558 Socrates
877 3537 943 3557 esse
960 3527 1077 3562 album,
1101 3526 1144 3556 ita
1167 3526 1265 3566 quod,
1289 3527 1363 3558 licet

303 3580 371 3602 non
394 3576 650 3611 corrumperetur
671 3570 795 3607 albedo,
820 3576 1075 3611 corrumperetur
1096 3576 1203 3600 tamen
1226 3580 1292 3602 esse
1314 3571 1362 3602 al-

2426 243 2475 289 45

1414 321 1504 357 bum,
1535 322 1618 352 sicut
1639 323 1672 352 in
1696 323 1816 352 unione
1847 332 1914 352 non
1937 327 2139 362 generaretur
2165 323 2295 359 albedo,
2327 321 2382 352 sed
2409 330 2478 352 esse

1415 366 1523 396 album
1547 366 1629 405 (esse
1652 367 1738 396 enim
1754 366 1862 396 album
1885 366 2040 406 significat
2057 376 2123 396 esse
2140 367 2322 397 absolutum
2337 367 2371 396 in
2387 375 2477 396 com-

1413 410 1574 449 positione
1598 411 1790 445 consistens,
1822 410 1911 450 quod
1935 416 2102 450 generatur
2126 416 2156 440 et
2180 411 2394 450 corrumpitur
2419 418 2478 450 per

1414 454 1569 484 unionem
1586 460 1616 484 et
1632 454 1895 494 separationem);
1921 460 1952 484 et
1974 454 2125 490 similiter,
2150 455 2175 484 si
2192 464 2308 494 corpus
2325 460 2356 484 et
2371 454 2478 484 anima

1413 498 1581 537 separatim
1598 498 1759 528 existentia
1771 498 1946 534 unirentur,
1959 498 2136 538 acquireret
2148 507 2264 538 corpus
2277 507 2344 528 esse
2355 498 2476 533 vivum,

1414 547 1454 577 et,
1471 542 1497 571 si
1512 547 1624 581 postea
1635 547 1854 581 separarentur
1865 547 2003 581 utroque
2019 551 2163 572 seorsum
2176 548 2372 577 conservato,
2386 542 2477 571 amit-

1413 590 1492 615 teret
1511 595 1629 625 corpus
1645 595 1712 616 esse
1727 586 1846 621 vivum,
1870 586 1959 625 quod
1975 591 2021 616 est
2037 595 2104 616 esse
2120 586 2323 616 substantiale
2338 586 2371 615 in
2388 594 2477 615 com-

1413 629 1573 668 positione
1597 631 1789 660 consistens:
1812 630 1855 660 ita
1878 630 1911 659 in
1934 630 2112 670 proposito,
2138 630 2212 669 quia
2235 630 2334 660 Filius
2350 629 2409 659 Dei
2426 638 2477 659 ac-

1413 674 1542 712 quisivit
1563 683 1621 713 per
1636 674 1889 713 assumptionem
1913 683 1979 704 esse
1995 674 2172 710 hominem,
2196 673 2477 713 proportionaliter

1412 717 1588 756 loquendo,
1613 718 1638 747 si
1661 723 1857 757 separaretur
1880 723 1991 747 natura
2006 718 2146 747 humana
2170 728 2187 747 a
2203 718 2296 752 Filio,
2321 717 2478 747 amitteret

1412 761 1511 791 Filius
1529 761 1590 791 Dei
1614 770 1681 791 esse
1704 762 1880 797 hominem,
1906 761 1995 801 quod
2018 762 2215 801 acquisierat,
2241 761 2330 801 quod
2353 765 2478 790 constat

1412 814 1480 835 esse
1496 805 1679 835 absolutum
1696 815 1751 835 ens
1767 805 1971 835 substantiale
1986 806 2019 835 in
2036 806 2273 845 compositione
2289 805 2476 835 consistens.

1412 849 1453 878 Et
1475 849 1593 888 loquor
1616 859 1683 879 non
1707 849 1745 879 de
1762 850 1998 889 compositione
2015 850 2138 879 animae
2155 855 2186 879 et
2202 850 2354 888 corporis,
2379 857 2477 888 quam

1412 902 1479 922 esse
1503 893 1750 932 praesupponit:
1782 893 1837 923 sed
1861 893 1900 923 de
1924 894 2159 933 compositione
2182 899 2312 923 naturae
2344 898 2374 923 et
2401 901 2477 931 sup-

1411 937 1524 976 positi,
1548 937 1582 966 in
1606 946 1669 976 qua
1693 938 1836 967 consistit
1859 947 1925 967 esse
1949 938 2131 973 hominem;
2163 942 2290 976 oportet
2313 938 2399 967 enim
2422 936 2477 965 ali-

1413 989 1510 1019 quem
1534 981 1700 1010 hominem
1724 990 1790 1011 esse
1814 982 1996 1016 hominem,
2028 986 2058 1011 et
2081 981 2278 1020 impossibile
2305 986 2351 1010 est
2381 981 2476 1010 etiam

1411 1023 1531 1063 fingere
1554 1034 1622 1054 esse
1645 1025 1812 1054 hominem
1841 1025 1874 1054 in
1898 1034 2004 1054 rerum
2026 1030 2138 1055 natura
2167 1025 2227 1054 nisi
2254 1025 2394 1064 aliquem
2417 1026 2476 1055 ho-

1411 1068 1542 1098 minem.
1561 1068 1605 1097 Ita
1620 1068 1724 1107 igitur,
1742 1074 1899 1107 quantum
1915 1068 1954 1098 ad
1969 1069 2173 1108 propositum
2189 1074 2319 1108 spectat,
2333 1078 2366 1098 56
2381 1069 2477 1098 habet

1413 1121 1480 1141 esse
1503 1112 1670 1141 hominem
1694 1111 1733 1141 ad
1755 1112 1873 1142 Filium
1896 1112 1973 1148 Dei,
2002 1113 2057 1151 qui
2080 1122 2153 1142 vere
2177 1119 2223 1142 est
2245 1113 2363 1148 homo,
2394 1113 2476 1142 sicut

1411 1164 1445 1185 se
1468 1155 1562 1185 habet
1586 1165 1653 1185 esse
1675 1156 1785 1186 vivum
1808 1155 1848 1186 ad
1871 1165 1998 1195 corpus,
2023 1166 2079 1185 seu
2103 1166 2170 1186 esse
2190 1157 2298 1186 album
2316 1156 2355 1186 ad
2371 1157 2476 1186 subie-

1412 1204 1510 1229 ctum.
1534 1199 1576 1228 Et
1598 1199 1740 1229 similiter
1762 1200 1806 1229 ita
1829 1209 1861 1229 se
1877 1200 1972 1229 habet
1987 1205 2099 1229 natura
2113 1200 2254 1229 humana
2276 1199 2316 1230 ad
2337 1199 2476 1230 eundern

1411 1243 1472 1273 Dei
1487 1243 1615 1278 Filium,
1636 1244 1719 1273 sicut
1734 1244 1839 1273 anima
1855 1243 1894 1273 ad
1909 1253 2027 1282 corpus
2051 1248 2082 1273 et
2100 1243 2214 1273 albedo
2230 1243 2270 1273 ad
2285 1244 2475 1274 subiectum.

1411 1287 1454 1316 Et
1475 1292 1654 1327 propterea,
1670 1293 1706 1317 ut
1721 1287 1785 1317 iam
1801 1286 1923 1317 dictum
1939 1293 1995 1322 est,
2020 1287 2294 1326 quemadmodum
2310 1293 2478 1327 generatur

1412 1340 1450 1360 ex
1472 1331 1594 1361 unione
1618 1336 1650 1361 et
1672 1332 1887 1370 corrumpitur
1902 1341 1940 1361 ex
1956 1332 2164 1371 separatione,
2188 1340 2256 1361 non
2280 1330 2392 1361 albedo
2416 1341 2477 1362 nec

1412 1375 1609 1410 subiectum,
1640 1374 1695 1405 sed
1719 1384 1786 1405 esse
1810 1375 1935 1411 album;
1968 1380 1999 1405 et
2021 1375 2164 1405 similiter
2193 1385 2261 1405 non
2285 1375 2391 1405 anima
2416 1385 2476 1406 nec

1412 1428 1546 1458 corpus,
1571 1418 1627 1449 sed
1650 1428 1718 1448 esse
1741 1419 1916 1449 animatum
1944 1424 1975 1448 et
1999 1428 2066 1449 esse
2089 1419 2214 1449 vivum:
2248 1420 2291 1449 ita
2315 1429 2352 1449 ex
2374 1420 2406 1449 vi
2429 1429 2477 1449 as-

1411 1463 1603 1502 sumptionis
1625 1472 1694 1492 non
1716 1462 1752 1492 fit
1775 1462 1874 1493 Filius
1898 1463 1968 1498 Dei,
1991 1472 2059 1493 non
2075 1462 2111 1493 fit
2125 1468 2238 1493 natura
2253 1464 2403 1499 humana,
2421 1463 2477 1494 sed

1411 1506 1447 1536 fit
1470 1516 1538 1536 esse
1560 1507 1737 1542 hominem,
1761 1516 1829 1536 non
1851 1507 1885 1536 in
1908 1507 2085 1543 communi,
2110 1507 2165 1537 sed
2191 1508 2288 1537 hunc.
2323 1507 2364 1537 Et
2390 1508 2477 1537 simi-

1410 1550 1497 1586 liter,
1528 1551 1554 1580 si
1581 1556 1777 1590 separaretur
1798 1556 1911 1580 natura
1933 1551 2089 1586 humana,
2121 1556 2378 1590 corrumperetur
2408 1561 2477 1581 non

1410 1600 1523 1624 natura
1545 1595 1695 1630 humana,
1719 1594 1775 1624 sed
1798 1604 1865 1624 esse
1888 1595 2055 1624 hominem
2070 1595 2167 1625 hunc.
2191 1595 2284 1631 Nam,
2302 1595 2326 1624 si
2347 1595 2405 1625 sibi
2428 1605 2476 1625 re-

1411 1638 1608 1678 linqueretur
1637 1644 1750 1668 natura
1778 1639 1934 1674 humana,
1964 1648 2033 1668 non
2063 1644 2143 1668 esset
2166 1638 2251 1669 idern
2274 1640 2393 1675 homo,
2421 1639 2476 1669 sed

1411 1682 1491 1712 alius
1514 1683 1614 1712 homo
1639 1682 1738 1718 fieret,
1764 1683 1820 1721 qui
1834 1683 1868 1712 in
1883 1687 1995 1712 natura
2010 1682 2063 1712 illa
2079 1683 2277 1712 subsisteret:
2301 1692 2369 1712 non
2390 1683 2476 1712 enim

1412 1725 1556 1756 Christus
1580 1726 1763 1756 subsisteret
1784 1726 1819 1755 in
1841 1726 1894 1755 illa
1916 1731 2038 1761 natura,
2063 1726 2118 1756 sed
2141 1726 2219 1756 alius
2242 1727 2353 1756 homo.

1466 1769 1576 1805 Unde,
1601 1770 1627 1799 si
1649 1769 1816 1799 verbaliter
1839 1770 1934 1799 etiarn
1958 1769 2115 1799 desideras
2138 1769 2348 1809 respondere,
2379 1770 2476 1800 habes

1412 1813 1502 1852 quod
1525 1822 1592 1843 esse
1615 1813 1782 1843 hominem
1806 1819 1853 1843 est
1874 1813 1927 1843 illa
1951 1814 2063 1843 entitas
2086 1813 2231 1843 absoluta
2260 1823 2342 1853 quae
2366 1813 2478 1844 fundat

1410 1857 1599 1888 relationem
1622 1858 1752 1887 unionis
1774 1858 1808 1887 in
1824 1858 1975 1897 mysterio
1992 1858 2235 1887 incarnationis:
2260 1863 2291 1887 et
2315 1858 2404 1897 quod
2419 1859 2478 1888 ista

1410 1902 1533 1937 entitas,
1558 1902 1584 1931 si
1608 1907 1664 1937 est,
1688 1902 1867 1931 necessario
1892 1907 1940 1931 est
1962 1901 2050 1931 unita
2065 1901 2183 1931 Verbo.
2209 1901 2408 1941 Impossibile
2431 1908 2478 1932 est

1411 1945 1570 1985 siquidem
1593 1945 1728 1975 inveniri
1750 1944 1835 1975 idem
1858 1954 1926 1975 esse
1942 1945 2108 1975 hominem
2127 1951 2306 1985 separatum
2326 1955 2344 1975 a
2358 1945 2476 1982 Verbo,

1411 1990 1557 2029 quamvis
1580 1990 1681 2029 possit
1703 1989 1838 2019 inveniri
1862 1989 1973 2019 eadem
1996 1995 2108 2019 natura
2130 1989 2271 2019 humana
2296 1996 2437 2029 separata
2461 2000 2479 2020 a

1410 2033 1535 2064 Verbo:
1561 2034 1716 2073 quoniam
1740 2043 1808 2063 esse
1830 2033 1997 2063 hominem
2020 2039 2206 2063 numeratur
2228 2033 2268 2063 ad
2282 2035 2478 2064 numeratio-

1410 2087 1487 2108 nem
1508 2077 1750 2108 individuorum
1773 2078 1923 2107 hominis.
1959 2077 1992 2108 Si
2016 2078 2102 2107 enim
2124 2083 2237 2107 natura
2259 2078 2399 2108 humana
2429 2087 2477 2109 se-

1410 2127 1573 2162 pararetur
1595 2132 1613 2152 a
1627 2122 1747 2157 Verbo,
1772 2131 1811 2152 eo
1827 2122 1898 2161 ipso
1916 2121 2006 2161 quod
2021 2120 2111 2152 fieret
2126 2127 2158 2151 et
2173 2127 2255 2152 esset
2270 2122 2349 2152 alius
2365 2123 2476 2158 homo,

1412 2171 1494 2196 esset
1509 2165 1595 2196 aliud
1609 2175 1746 2196 numero
1763 2175 1831 2196 6556
1846 2166 2013 2195 hominem
2030 2175 2096 2205 quo
2112 2165 2164 2196 ille
2177 2166 2256 2196 alius
2269 2171 2350 2196 esset
2365 2166 2476 2202 homo,

1412 2215 1443 2240 et
1465 2209 1551 2240 aliud
1575 2219 1641 2250 quo
1665 2219 1752 2240 nunc
1774 2210 1918 2240 Verbum
1941 2209 2002 2239 Dei
2026 2215 2072 2239 est
2095 2210 2212 2239 homo:
2246 2210 2417 2249 quoniam,
2442 2217 2478 2240 ut

1410 2255 1475 2284 iam
1498 2254 1620 2284 dictum
1637 2259 1692 2290 est,
1717 2263 1785 2284 esse
1808 2254 1975 2284 hominem
1997 2254 2031 2284 in
2047 2253 2283 2293 compositione
2299 2259 2430 2284 naturae
2447 2260 2478 2284 et

1411 2298 1570 2338 suppositi
1594 2298 1752 2334 consistit;
1784 2307 1821 2327 ac
1843 2307 1900 2338 per
1923 2298 2002 2333 hoc,
2026 2297 2145 2327 variato
2169 2299 2354 2337 supposito,
2378 2298 2477 2328 varia-

1411 2343 1496 2372 bitur
1517 2342 1731 2372 numeraliter.
1757 2342 1854 2377 Sicut,
1879 2342 1904 2371 si
1927 2340 2041 2372 albedo
2064 2342 2212 2381 migraret
2228 2340 2267 2371 de
2282 2342 2426 2372 subiecto
2442 2342 2476 2372 in

1411 2387 1602 2422 subiectum,
1627 2391 1709 2416 esset
1731 2385 1816 2416 aliud
1839 2391 1870 2416 et
1893 2385 1979 2415 aliud
2001 2395 2137 2415 numero
2162 2395 2229 2415 esse
2248 2385 2366 2421 album,
2390 2386 2476 2416 iuxta

1411 2440 1584 2461 numerum
1607 2431 1840 2466 subiectorum;
1866 2435 1897 2459 et
1919 2429 2070 2465 similiter,
2095 2430 2121 2459 si
2139 2430 2244 2459 anima
2266 2430 2413 2468 migraret
2436 2429 2475 2460 de

1412 2484 1548 2515 corpore
1570 2474 1604 2504 in
1621 2484 1747 2514 corpus,
1773 2478 1854 2504 esset
1869 2472 1955 2503 aliud
1971 2478 2002 2503 et
2017 2472 2103 2503 aliud
2118 2482 2253 2503 numero
2271 2482 2339 2503 esse
2354 2474 2474 2509 vivum,

1411 2519 1499 2549 iuxta
1525 2518 1782 2548 numerationem
1806 2527 1996 2557 corporum:
2028 2516 2138 2548 eadem
2168 2518 2307 2553 ratione,
2339 2518 2414 2556 quia
2442 2518 2476 2547 in

1412 2562 1650 2602 compositione
1672 2562 1752 2592 haec
1775 2562 1884 2591 omnia
1907 2562 2100 2597 consistunt,
2125 2566 2157 2591 et
2180 2560 2339 2591 diversitas
2362 2570 2477 2591 nume-

1411 2607 1483 2637 ralis
1502 2606 1715 2637 diversitatem
1730 2606 1949 2636 subiectorum
1965 2615 2022 2636 seu
2037 2605 2279 2645 suppositorum
2296 2605 2474 2635 comitatur.

1412 2651 1454 2681 Et
1473 2651 1518 2681 sic
1534 2655 1621 2690 patet
1643 2649 1733 2690 quod
1749 2655 1796 2679 est
1811 2650 1916 2689 aliqua
1933 2650 2045 2680 entitas
2061 2649 2205 2679 absoluta
2221 2658 2302 2688 quae
2319 2648 2476 2688 quodam-

1412 2694 1512 2725 modo
1537 2700 1584 2725 est
1605 2695 1639 2724 in
1659 2699 1772 2724 natura
1787 2699 1899 2729 creata,
1924 2693 2043 2724 scilicet
2065 2694 2205 2723 humana
2220 2698 2331 2722 natura
2348 2692 2475 2729 Christi,

1412 2739 1532 2769 scilicet
1555 2748 1622 2768 esse
1645 2738 1822 2773 hominem,
1846 2747 1939 2777 quae,
1963 2738 1989 2767 si
2008 2742 2054 2767 est
2070 2736 2180 2767 eadem
2196 2746 2342 2772 numero,
2366 2746 2477 2767 neces-

1413 2783 1494 2813 sario
1519 2787 1567 2812 est
1588 2782 1677 2812 unita
1700 2791 1855 2821 personae
1879 2781 2012 2811 divinae.

1467 2826 1551 2856 XIV.
1575 2825 1626 2856 Ad
1649 2825 1822 2855 secundam
1846 2831 1953 2855 autem
1977 2825 2191 2855 obiectionem
2207 2825 2223 2840 '‘
2247 2823 2361 2854 dicitur
2387 2824 2477 2864 quod

1413 2871 1471 2900 ista
1502 2870 1614 2900 entitas
1645 2874 1692 2900 est
1720 2869 1950 2899 substantialis:
1982 2874 2013 2898 et
2042 2867 2255 2898 identificatur
2284 2868 2477 2899 substantiae

1414 2915 1622 2954 compositae,
1639 2914 1702 2943 hoc
1722 2918 1778 2948 est,
1794 2913 1869 2942 huic
1885 2912 2024 2947 homini;
2049 2921 2117 2941 non
2132 2917 2240 2942 autem
2255 2912 2331 2942 huic
2346 2918 2477 2943 naturae

1414 2959 1583 2988 humanae.
1618 2957 1658 2987 Et
1681 2956 1765 2991 ideo,
1789 2957 1815 2986 si
1836 2957 1915 2986 haec
1938 2961 2050 2985 natura
2072 2955 2475 2995 assumptadimitteretur,

1414 3012 1482 3032 non
1511 3006 1688 3031 remaneret
1717 3000 1826 3029 relatio
1857 3000 2003 3029 unionis:
2036 2999 2111 3039 quia
2139 3009 2199 3029 nec
2226 3005 2402 3030 remaneret
2424 3001 2476 3031 hic

1414 3046 1515 3076 homo
1545 3044 1631 3075 idem
1659 3052 1806 3074 numero.
1841 3043 1883 3073 Et
1905 3043 1986 3073 sicut
2008 3048 2068 3073 stat
2091 3042 2180 3083 quod
2199 3049 2376 3073 remaneret
2397 3044 2477 3075 haec

1415 3089 1526 3120 eadem
1549 3097 1685 3118 numero
1708 3093 1820 3117 natura
1835 3086 1984 3123 humana,
2002 3092 2033 3117 et
2047 3096 2115 3117 non
2131 3093 2307 3117 remaneret
2324 3086 2410 3118 idem
2425 3088 2477 3118 hic

1415 3134 1527 3168 homo,
1551 3131 1607 3162 sed
1625 3137 1706 3161 esset
1721 3131 1800 3161 alius
1815 3140 1951 3161 numero
1966 3131 2078 3167 homo,
2103 3131 2162 3161 alia
2181 3141 2316 3161 numero
2333 3132 2477 3162 substan-

1415 3177 1458 3207 tia
1481 3175 1669 3215 composita,
1694 3174 1733 3205 de
1755 3175 1858 3215 prima
1880 3175 2062 3211 substantia,
2085 3185 2153 3205 non
2177 3175 2216 3205 de
2233 3175 2405 3215 quidditate
2428 3176 2477 3206 Io-

1416 3219 1563 3260 quendo:
1588 3220 1631 3249 ita
1650 3224 1709 3248 stat
1727 3218 1817 3259 quod
1837 3224 1949 3249 natura
1964 3224 2125 3259 assumpta
2147 3225 2253 3259 potest
2269 3219 2392 3255 dimitti,
2409 3229 2477 3250 non

1415 3268 1598 3294 remanente
1623 3262 1738 3293 eodem
1765 3263 1828 3293 hoc
1851 3263 1992 3293 homine.
2028 3263 2131 3293 Immo
2155 3263 2298 3303 implicat
2319 3263 2476 3294 contradi-

1417 3308 1515 3338 ctoria
1537 3316 1700 3337 remanere
1723 3306 1862 3337 eundem
1889 3308 1976 3338 hunc
2005 3307 2171 3338 hominem
2202 3313 2232 3337 et
2255 3312 2400 3337 naturam
2429 3318 2477 3338 as-

1416 3357 1577 3391 sumptam
1601 3350 1731 3381 dimitti:
1757 3351 1832 3391 quia
1853 3356 1931 3381 tunc
1953 3352 1987 3381 in
2010 3357 2122 3381 natura
2145 3350 2272 3381 dimissa
2295 3351 2477 3382 subsisteret

1416 3395 1495 3425 alius
1518 3396 1618 3425 homo
1635 3400 1666 3425 et
1687 3404 1756 3425 non
1772 3394 1934 3431 Christus;
1960 3401 1990 3425 et
2006 3396 2187 3425 subsisteret
2203 3394 2346 3425 Christus
2363 3401 2394 3425 et
2408 3405 2476 3426 non

1417 3439 1495 3469 alius
1518 3439 1628 3469 homo.
1663 3439 1704 3469 Et
1727 3449 1814 3469 error
1840 3448 2007 3479 processus
2030 3435 2147 3469 Scotic'i
2179 3444 2224 3469 est
2252 3448 2290 3468 ex
2316 3448 2355 3469 eo
2388 3439 2476 3479 quod

1416 3484 1588 3513 substantia
1612 3484 1791 3523 composita
1814 3489 1860 3513 est
1883 3482 2010 3522 duplex,
2035 3483 2154 3513 scilicet
2175 3488 2287 3513 natura
2310 3489 2341 3513 et
2362 3483 2476 3514 indivi-

1417 3527 1671 3563 duumsscilicet
1693 3527 1772 3557 haec
1794 3527 1972 3557 humanitas
1996 3532 2027 3557 et
2050 3527 2101 3556 hic
2124 3527 2241 3557 homo:
2265 3536 2325 3557 nec
2349 3533 2477 3567 oportet

1416 3570 1495 3601 illud
1518 3570 1607 3611 quod
1631 3577 1677 3601 est
1699 3570 1784 3601 idern
1804 3571 1995 3601 substantiae
2016 3571 2222 3611 compositae,
2239 3571 2302 3601 hoc
2326 3577 2381 3607 est,
2401 3572 2475 3601 huic

2504 2833 2514 2843 ⁸
2528 2832 2598 2854 Num.
2609 2834 2714 2861 praeced.
