2872 3970
222 790 232 800 ¹
244 789 272 811 D.
287 788 335 818 383.

214 2746 223 2754 ⁸
247 2745 282 2766 An
270 2745 340 2772 nitph.
386 2751 412 2765 os

214 2771 249 2793 Co
235 2777 289 2799 omp
292 2772 328 2792 let.
375 2771 408 2792 Αν
396 2777 422 2792 ve

214 2798 269 2825 Reg.
276 2778 376 2819 ΡςαεΙον
364 2803 420 2819 rum

215 2917 224 2926 ·
238 2915 306 2937 Prov.
326 2922 375 2943 cap.
392 2922 397 2937 1

213 2948 272 2964 ven.
289 2943 320 2964 «8.

464 282 538 329 298

461 372 547 405 mo,
575 360 615 396 in
642 372 712 397 sua
740 358 1036 396 sanctificatione
1073 357 1142 395 fuit
1175 357 1331 394 liberata
1357 369 1381 394 a
1407 358 1520 406 culpa

461 412 648 460 originali3
683 412 866 458 secundo,
895 411 935 448 in
963 410 1213 460 conceptione
1241 409 1324 447 Filii
1352 409 1424 447 Dei
1451 409 1520 447 fuit

459 466 620 503 totaliter
656 465 841 502 mundata
877 477 899 501 a
926 463 1075 510 fomite;
1111 462 1219 500 tertio
1246 474 1359 509 vero,
1387 462 1428 499 in
1460 461 1519 499 sui

459 517 732 566 glorificatione
759 517 828 554 fuit
855 517 1010 555 liberata
1047 516 1161 554 etiam
1189 515 1237 552 ab
1266 515 1375 552 omni
1406 514 1518 552 mise-

459 571 525 609 ria.
555 594 580 598 —
608 570 694 608 Alio
713 570 846 616 modo,
866 582 937 619 per-
959 569 1133 606 ordinem
1155 569 1204 606 ad
1223 569 1384 605 bonum.
1414 569 1519 605 Nam

458 624 598 674 primo,
627 624 667 660 in
695 636 764 661 sua
792 622 1088 660 sanctificatione
1117 622 1255 671 adepta
1283 629 1338 658 est
1359 620 1518 669 gratiam

458 678 706 715 inclinantem
725 689 812 714 eam
841 676 888 713 ad
917 676 1086 721 bonum3
1115 674 1154 711 in
1174 673 1426 723 conceptione
1454 686 1518 711 au-

457 739 535 768 tem
564 730 647 768 Filii
675 729 747 767 Dei
775 727 1074 766 consummata<
1103 735 1158 765 est
1185 727 1219 764 ei
1244 727 1361 775 gratia
1380 726 1518 764 confir-

457 796 567 821 mans
596 795 683 820 eam
711 782 750 819 in
777 782 883 819 bono
901 781 939 827 *;
969 781 1008 818 111
1036 781 1095 818 5111
1123 793 1216 818 vero
1244 780 1518 829 glorificatione

457 843 724 874 consummata
761 843 816 872 est
843 835 925 872 eius
962 834 1080 883 gratia
1115 834 1319 883 perficiens
1357 845 1443 871 eam
1478 833 1518 870 in

455 889 633 926 fruitione
662 888 788 926 omnis
816 887 921 925 boni.

508 944 565 979 An
593 954 751 979 TERTmM
785 953 966 978 111οΕΝοοΜ
1002 941 1109 990 quod
1138 952 1218 977 non
1253 947 1308 977 est
1340 940 1517 977 dubitan-

456 996 551 1032 dum
580 995 673 1044 quin
707 996 824 1031 Beata
850 994 966 1042 Virgo
1004 993 1192 1043 acceperit
1229 994 1455 1030 excellenter
1481 1001 1518 1030 et

454 1049 604 1086 donum
633 1047 849 1097 sapientiae,
879 1055 916 1084 et
942 1047 1101 1095 gratiam
1120 1046 1317 1094 virtutum,
1339 1055 1374 1083 et
1403 1046 1517 1084 etiam

453 1101 609 1150 gratiam
638 1100 874 1150 prophetiae,
895 1100 991 1138 sicut
1018 1100 1152 1138 habuit
1176 1099 1350 1137 Christus
1365 1105 1394 1136 η.
1424 1100 1516 1137 Νο11

453 1162 583 1192 tamen
611 1154 756 1204 accepit
783 1162 825 1191 ut
851 1154 1008 1192 haberet
1035 1166 1172 1191 omnes
1200 1165 1294 1190 usus
1313 1154 1453 1190 harum
1482 1161 1518 1190 et

454 1207 636 1245 similium
669 1207 896 1256 gratiarum,
927 1207 1023 1244 sicut
1054 1206 1189 1244 habuit
1218 1206 1410 1244 Christus:
1449 1207 1517 1244 sed

505 1341 530 1375 ζ)
549 1344 774 1367 εοηειιηιηιαία.-
791 1340 864 1370 PGb;
884 1340 1083 1373 confirmata.—
1063 1339 1146 1364 -Pro
1159 1339 1191 1369 εἰ,
1204 1339 1260 1364 eius
1274 1339 1332 1365 Ρ.-
1350 1339 1439 1364 Altero
1459 1339 1516 1363 loco

452 1386 499 1410 pro
517 1382 708 1406 consummata,
727 1377 886 1409 confirmata
904 1376 948 1400 Bc.

504 1412 532 1447 η’)
550 1413 619 1438 sicut
637 1412 729 1437 habuit
750 1411 917 1437 Christus-
935 1411 997 1436 Om.
1017 1410 1037 1436 Ε
1058 1415 1082 1435 et
1100 1410 1182 1436 tertia.

1124 1497 1458 1530 Commenta-ria
1480 1497 1732 1530 Cardinalis
1755 1497 1957 1531 Caietani

511 1598 617 1618 rrimus
648 1593 684 1618 ut
714 1593 820 1624 sonat,
849 1592 1007 1618 sumatur:
1040 1585 1079 1617 de
1110 1586 1308 1626 plenitudine
1341 1591 1377 1616 ut
1405 1591 1512 1617 exten-

453 1600 594 1663 Tditur
618 1631 658 1662 ad
680 1631 913 1672 plenitudinem
936 1632 1139 1667 intensivam,
1163 1636 1194 1661 et
1217 1631 1421 1661 extensivam.

505 1677 540 1707 In
564 1685 699 1716 corpore
722 1686 787 1706 una
810 1681 856 1706 est
880 1675 1063 1706 conclusio:
1095 1675 1199 1706 Beata
1228 1675 1327 1716 Virgo
1355 1675 1511 1705 maiorem

443 1731 528 1762 prae
543 1721 655 1751 ceteris
677 1721 806 1762 gratiae
824 1720 1057 1760 plenitudinem
1080 1729 1101 1750 a
1120 1720 1247 1750 Christo
1264 1719 1410 1750 obtinuit.
1434 1719 1512 1749 Pro—

450 1767 550 1796 batur.
586 1765 716 1803 Quanto
745 1765 844 1804 magis
874 1764 1111 1804 appropinquat
1139 1763 1258 1804 aliquid
1287 1764 1446 1804 principio
1477 1763 1511 1793 in

450 1810 595 1850 quolibet
611 1818 736 1849 genere,
753 1814 841 1838 tanto
865 1808 936 1848 plus
961 1807 1110 1838 effectum
1129 1807 1213 1838 illius
1235 1808 1412 1847 participat.
1447 1806 1511 1838 Sed

450 1854 546 1884 Beata
568 1853 666 1893 Virgo
690 1853 827 1883 maxime
851 1852 1122 1892 appropinquavit
1144 1851 1315 1891 principio.
1339 1851 1436 1892 Ergo.

505 1897 608 1927 Maior
634 1907 672 1927 ex
695 1896 863 1937 Dionysio.
886 1914 911 1918 -
934 1896 1041 1926 Minor
1070 1896 1233 1935 probatur.
1265 1895 1351 1933 Quia
1381 1895 1510 1926 Christo

450 1942 587 1972 maxime
611 1940 889 1981 appropinquavit,
914 1941 970 1980 qui
993 1939 1171 1970 secundum
1196 1939 1345 1970 deitatem
1372 1939 1511 1970 auctori-

450 1987 555 2021 tative,
581 1991 611 2016 et
627 1984 805 2016 secundum
820 1985 1052 2015 humanitatem
1066 1983 1347 2014 instrumentaliter
1362 1989 1409 2014 est
1423 1984 1511 2024 prin-

451 2030 571 2070 cipium
594 2029 720 2070 gratiae.
745 2028 844 2066 Quod
867 2029 1020 2068 probatur
1043 2028 1130 2058 Ioan.
1147 2038 1171 2058 1:
1199 2027 1315 2058 Gratia
1338 2033 1369 2058 et
1391 2027 1511 2058 veritas

443 2083 507 2114 per
529 2072 635 2105 Iesum
661 2073 822 2103 Christum
837 2073 934 2114 facta
958 2077 1013 2103 est.

505 2118 541 2148 11.
565 2117 703 2148 Adverte
726 2118 777 2147 hic
801 2116 900 2157 quod,
925 2125 999 2147 cum
1023 2117 1057 2146 in
1079 2116 1180 2146 littera
1203 2115 1407 2146 concluditur
1430 2116 1509 2146 Bea-

448 2169 513 2193 tam
536 2162 699 2202 Virginem
722 2171 797 2201 prae
821 2161 931 2191 ceteris
953 2161 1084 2200 gratiam
1105 2161 1261 2196 habuisse,
1278 2170 1346 2190 non
1361 2159 1398 2190 fit
1420 2169 1510 2190 com·

449 2207 570 2247 paratio
594 2206 634 2236 ad
657 2205 803 2246 angelos,
833 2204 889 2235 sed
912 2205 1060 2235 homines
1082 2210 1217 2235 tantum.
1254 2205 1341 2235 Tum
1365 2204 1440 2244 quia
1463 2209 1511 2235 est

449 2260 553 2282 sermo
578 2250 617 2280 de
632 2251 730 2290 gratia
746 2249 817 2280 data
831 2250 946 2280 Beatae
962 2249 1085 2289 Virgini
1103 2250 1137 2279 in
1153 2254 1244 2279 utero
1262 2249 1386 2279 matris:
1411 2258 1509 2289 quam

449 2300 573 2325 constat
607 2294 703 2325 fuisse
733 2295 892 2324 minorem
922 2293 1021 2333 gratia
1054 2293 1243 2333 angelorum
1278 2294 1456 2324 beatorum.
1486 2311 1509 2315 —

449 2339 535 2369 Tum
559 2339 634 2378 quia
657 2347 761 2369 sermo
786 2343 832 2368 est
855 2337 894 2368 de
917 2338 1075 2367 viatorum
1099 2337 1213 2377 gratia:
1238 2342 1274 2367 ut
1297 2342 1384 2378 patet
1407 2347 1445 2368 ex
1460 2347 1509 2367 re-

449 2383 623 2423 sponsione
646 2382 685 2413 ad
708 2382 902 2417 secundum,
934 2382 989 2412 ubi
1012 2382 1046 2411 in
1069 2381 1166 2412 Beata
1188 2382 1319 2422 Virgine
1345 2380 1508 2422 perfectis-

448 2428 526 2457 sima
541 2428 639 2467 gratia
658 2427 788 2467 ponitur
806 2427 903 2466 gratia
919 2435 983 2466 qua
998 2425 1059 2456 fuit
1077 2426 1159 2456 inter
1174 2425 1470 2466 comprehensores,
1486 2444 1509 2448 -

448 2471 535 2502 Tum
562 2472 637 2511 quia
665 2471 744 2501 ratio
769 2471 890 2501 litterae
920 2470 1076 2510 disparata
1103 2475 1150 2500 est
1179 2471 1218 2500 ab
1246 2470 1434 2510 angelorum
1460 2480 1508 2500 ra-

447 2517 554 2546 tione:
580 2515 657 2546 dum
679 2515 724 2546 illi
740 2515 987 2555 propinquiores
1003 2515 1074 2545 Deo
1099 2513 1278 2545 secundum
1294 2514 1444 2545 deitatem
1459 2515 1508 2545 in-

447 2560 636 2596 veniuntur;
660 2560 718 2590 ista
740 2559 900 2590 invenitur
922 2559 1136 2599 propinquior
1152 2558 1223 2589 Deo
1247 2558 1425 2590 secundum
1448 2559 1508 2589 hu-

448 2605 643 2634 manitatem.

502 2648 570 2678 Nec
593 2649 671 2678 haec
694 2647 768 2678 ideo
793 2646 876 2678 dicta
891 2653 965 2677 sunt
988 2647 1079 2687 quasi
1095 2647 1198 2687 angeli
1214 2647 1351 2677 habeant
1366 2647 1400 2677 in
1417 2647 1506 2678 caelo

448 2693 602 2722 maiorem
618 2693 749 2732 gratiam
772 2701 869 2732 quam
885 2691 982 2722 Beata
997 2691 1112 2731 Virgo:
1137 2692 1201 2721 hoc
1217 2692 1304 2722 enirn
1320 2697 1366 2722 est
1381 2690 1507 2728 falsum,

449 2737 602 2776 quoniam
618 2737 685 2776 ipsa
698 2742 744 2766 est
755 2736 898 2766 Domina
910 2736 1111 2777 Angelorum
1121 2735 1148 2766 *.
1166 2735 1228 2766 Sed
1244 2735 1318 2766 ideo
1335 2735 1418 2766 dicta
1433 2742 1508 2766 sunt

449 2786 483 2811 ut
506 2781 584 2811 haec
608 2780 709 2811 littera
732 2786 910 2820 exponatur
932 2780 972 2810 ad
994 2780 1130 2810 litteram
1153 2779 1192 2810 de
1211 2781 1309 2820 gratia
1332 2779 1507 2811 sanctifica-

447 2825 543 2855 tionis
566 2825 598 2854 in
622 2830 730 2855 utero:
762 2830 836 2864 post
859 2834 956 2864 quarn
981 2823 1095 2855 deinde
1118 2824 1257 2854 multum
1283 2825 1415 2865 proprio
1439 2835 1507 2855 me-

447 2869 507 2899 rito
531 2869 646 2908 gratiae
670 2869 844 2908 acquisivit,
869 2878 1014 2899 crescens
1037 2878 1135 2909 usque
1157 2867 1201 2899 ad
1210 2869 1392 2910 perfectum
1408 2874 1507 2899 aeter-

401 2923 422 2941 v.
448 2913 551 2942 nitatis
574 2913 655 2943 diem
671 2914 698 2943 ’.
724 2913 768 2943 1ta
792 2912 880 2953 quod
903 2913 1174 2953 propinquissima
1193 2912 1253 2943 fuit
1269 2918 1300 2943 et
1316 2918 1362 2943 est
1378 2913 1505 2944 Christo

449 2962 480 2986 et
506 2956 682 2987 secundum
713 2956 862 2987 deitatem
893 2957 926 2987 in
953 2966 1020 2987 esse
1043 2957 1177 2997 gratiae,
1209 2957 1355 2997 quamvis
1382 2967 1449 2988 non
1473 2958 1506 2988 in

449 3010 516 3030 esse
538 3006 683 3037 naturae;
709 3006 740 3031 et
762 3000 940 3031 secundum
963 3002 1194 3032 humanitatem
1216 3002 1249 3032 in
1273 3010 1340 3032 esse
1364 3007 1504 3033 naturae.

504 3045 554 3075 111.
579 3045 614 3075 In
638 3045 752 3076 eodem
776 3045 919 3081 articulo,
944 3046 977 3075 in
999 3046 1209 3086 responsione
1233 3045 1272 3076 ad
1295 3046 1434 3082 tertium,
1451 3046 1506 3077 ad-

449 3094 534 3118 verte
558 3088 656 3129 quod,
681 3099 755 3119 cum
779 3090 901 3119 Auctor
925 3088 1008 3125 dicit,
1033 3090 1108 3120 Non
1133 3095 1238 3121 tamen
1255 3091 1377 3131 accepit
1400 3095 1435 3121 ut
1449 3091 1506 3121 ha-

449 3132 535 3162 beret
557 3142 665 3163 omnes
689 3142 765 3163 usus
787 3134 902 3164 harum
926 3138 957 3164 et
973 3133 1126 3164 similium
1138 3135 1336 3176 gratiarum,
1353 3135 1436 3166 sicut
1450 3134 1507 3165 ha-

1131 279 1394 326 QUAESTIO
1424 279 1580 326 XXVII,
1610 279 1901 318 ARTICULUS
1929 281 1963 318 V

1575 358 1791 395 seeundum
1827 359 1935 408 quod
1969 358 2223 396 conveniebat
2259 358 2472 397 conditioni
2503 358 2633 410 ipsius.

1574 410 1719 448 Habuit
1746 411 1851 448 enim
1878 423 1996 449 usum
2022 411 2228 461 sapientiae
2255 411 2295 448 in
2323 412 2633 462 contemplando:
2711 450 2714 454 ,

1574 463 1791 501 secundum
1818 463 1911 502 illud
1938 465 2034 502 Luc,
2055 477 2076 502 11
2094 464 2134 502 *ε
2170 466 2304 502 Μανία
2331 470 2454 502 autem
2488 476 2635 510 conser-
2662 461 2779 515 -Jsvm

1572 518 1683 554 vahat
1701 518 1828 554 omnia
1853 519 1968 555 verba
1995 519 2099 564 haec,
2128 519 2324 566 conserens
2351 519 2389 555 in
2417 518 2530 556 corde
2554 530 2634 556 suo.

1573 570 1666 606 Non
1694 577 1824 606 autem
1848 569 1982 607 habuit
2010 582 2127 607 usum
2146 569 2353 619 sapientiae
2376 578 2567 620 quantum
2585 571 2635 609 ad

1573 622 1812 660 docendum:
1841 635 1888 660 eo
1908 623 2015 672 quod
2030 621 2043 645 ⁰
2063 624 2139 660 hoc
2157 635 2238 660 non
2256 622 2511 660 conveniebat
2528 622 2636 661 sexui
2771 663 2774 666 ,

1572 675 1762 721 muliebri,
1791 676 2008 713 secundum
2027 675 2121 713 illud
2145 677 2159 713 Ι
2183 677 2277 714 Tim.
2298 688 2319 713 11
2336 675 2373 713 *z
2402 677 2550 714 Docere
2571 688 2672 714 ‹zu-⁸
2684 686 2765 716 vm.

1571 734 1643 765 tem
1672 729 1822 766 mulieri
1842 741 1916 766 non
1930 731 2116 779 permitto.
2146 749 2170 756 -
2198 728 2475 767 Miraculorum
2504 735 2639 767 autem

1572 794 1665 818 usus
1685 781 1756 819 sibi
1774 793 1855 819 non
1874 782 2118 831 competebat
2137 782 2234 819 dum
2251 781 2413 820 viveret:
2434 781 2527 832 quia
2543 788 2636 820 tunc

1571 834 1756 883 temporis
1782 835 2051 873 confirmanda
2079 843 2158 872 erat
2185 834 2360 872 doctrina
2388 833 2528 873 Christi
2562 833 2635 873 mi-

1571 887 1726 934 raculis;
1765 895 1801 924 et
1828 887 1917 925 ideo
1952 887 2023 925 soli
2061 888 2213 925 Christo
2246 895 2283 925 et
2309 887 2392 925 eius
2427 887 2632 938 discipulis,

1571 940 1639 990 qui
1673 947 1780 978 erant
1816 940 1934 978 baiuli
1961 940 2158 978 doctrinae
2195 940 2352 988 Christi,
2381 940 2635 978 conveniebat

1570 993 1756 1031 miracula
1782 994 1917 1031 facere.
1947 995 2110 1044 Propter
2137 995 2244 1043 quod
2273 993 2388 1032 etiam
2414 994 2463 1031 de
2490 995 2634 1032 Ioanne

1571 1047 1739 1096 Baptista
1758 1046 1906 1094 dicitur,
1926 1048 2030 1085 Ioan.
2050 1059 2075 1084 x
2092 1047 2123 1095 ²¹¹,
2149 1047 2255 1096 quod
2273 1049 2425 1098 signum
2433 1047 2529 1095 fecit
2555 1047 2635 1084 nul·
2661 1060 2673 1072 ·

1570 1101 1667 1138 lum.-
1694 1107 1736 1137 ut
1755 1099 1894 1137 scilicet
1912 1113 2048 1137 omnes
2068 1099 2107 1138 in
2127 1100 2308 1138 Christo‘
2335 1099 2586 1138 intenderent.
2607 1120 2635 1127 -

1571 1154 1695 1192 Usum
1714 1161 1845 1191 autem
1863 1153 2090 1203 prophetiae
2109 1153 2263 1192 habuit.
2293 1161 2336 1191 ut
2353 1160 2457 1203 patet
2474 1152 2515 1190 in
2534 1153 2671 1206 Can«

1570 1206 1644 1244 tico
1664 1206 1772 1256 quod
1786 1205 1910 1254 fecit*,
1930 1208 2160 1257 Magnificat
2175 1207 2304 1245 anima
2317 1219 2402 1244 mea
2415 1201 2633 1244 Dominum.

1624 1336 1648 1371 0)
1668 1345 1698 1363 eo
1717 1338 1796 1371 quod.
1815 1351 1835 1357 -
1852 1338 1916 1371 quia
1935 1339 2017 1364 tertia.

1624 1373 1644 1407 ι)
1663 1373 1690 1398 in
1712 1373 1828 1400 Christo.
1845 1388 1864 1393 -
1885 1374 1992 1400 Gir-iseo
2010 1374 2092 1400 tertia.

1564 1586 1632 1617 buit
1658 1586 1813 1622 Christus,
1838 1587 1871 1628 ly
1894 1596 2004 1618 omnes
2026 1597 2094 1618 non
2118 1586 2276 1617 distribuit
2298 1595 2358 1627 pro
2382 1581 2535 1618 omnibus
2555 1578 2640 1622 ciffi-S

1563 1630 1688 1671 pliciter
1710 1631 1820 1661 usibus
1843 1631 2031 1671 gratiarum:
2057 1631 2132 1671 quia
2154 1640 2214 1661 nec
2231 1630 2376 1661 Christus
2391 1629 2503 1661 habuit
2517 1627 2638 1661 omnes·
2702 1663 2723 1677 U
2743 1664 2746 1666 ,

1564 1684 1640 1706 115115
1663 1675 1851 1715 gratiarum3
1883 1675 2039 1715 quoniam
2061 1685 2130 1706 non
2154 1681 2202 1706 est
2223 1675 2353 1706 locutus
2379 1674 2472 1706 variis
2493 1673 2639 1716 lingum
2756 1675 2759 1679 ’

1563 1725 1599 1750 ut
1629 1720 1776 1760 superius
1802 1720 1836 1750 in
1863 1729 1917 1760 qu.
1938 1729 1992 1756 vu,
2016 1725 2072 1750 art.
2089 1729 2120 1759 7,
2145 1719 2185 1750 ad
2207 1719 2276 1756 ult„
2300 1719 2424 1750 Auctor
2446 1717 2534 1751 dixit.
2562 1716 2639 1756 5.εά
2701 1740 2718 1756 e„
2731 1752 2733 1759 ,
2747 1734 2752 1756 J

1564 1763 1722 1794 distribuit
1744 1773 1804 1804 pro
1828 1764 1922 1804 quasi
1945 1763 2100 1800 omnibus,
2125 1772 2208 1804 quae
2224 1763 2258 1794 in
2273 1763 2448 1794 moralibus
2470 1757 2638 1808 2913qu
2738 1760 2758 1788 5

1562 1808 1638 1838 licet
1661 1808 1781 1838 omnia.
1807 1806 1953 1838 Christus
1977 1808 2063 1838 enim
2086 1807 2198 1838 habuit
2217 1817 2332 1839 omnes
2351 1816 2428 1838 usus
2446 1800 2638 1847 gratiarum,
2727 1805 2757 1837 31

1563 1853 1638 1892 quia
1662 1851 1823 1882 modicum
1840 1862 1905 1893 pro
1929 1852 2031 1883 nihilo
2055 1853 2262 1893 reputatur*.
2287 1851 2384 1882 Beata
2407 1850 2516 1889 autent
2524 1846 2668 1903 Virgo·
2747 1846 2762 1854 ’“

1562 1905 1631 1926 11011
1653 1896 1765 1926 habuit
1789 1905 1903 1926 omnes
1925 1905 2020 1932 usus,
2045 1896 2121 1936 quia
2143 1896 2237 1927 multi
2260 1895 2320 1926 sibi
2343 1894 2531 1932 defuerunt,
2552 1894 2632 1936 qnia
2655 1882 2715 1940 2¹⁶
2725 1908 2745 1927 :¹

1563 1939 1683 1970 scilicet
1698 1941 1940 1980 impertinentes
1956 1945 2044 1971 erant
2059 1949 2136 1970 suae
2151 1939 2347 1970 conditioni:
2368 1948 2436 1978 non
2452 1937 2641 1974 eninm
2655 1938 2688 1960 ¹

1562 1984 1726 2020 miracula,
1743 1989 1803 2015 etc.
1825 2002 1850 2006 -
1871 1984 1949 2020 Vel,
1973 1983 2132 2015 distribuit
2153 1993 2213 2024 pro
2237 1984 2389 2015 omnibus
2412 1983 2525 2018 usibus
2545 1980 2638 2018 limi—

1562 2029 1634 2059 tatis
1649 2027 1690 2059 ad
1705 2028 1777 2059 illos
1794 2038 1878 2068 quos
1892 2028 2005 2059 habuit
2020 2028 2182 2059 Christus:
2203 2033 2239 2059 ut
2254 2037 2322 2059 non
2337 2027 2377 2059 sit
2390 2025 2538 2070 dictum
2524 2035 2572 2062 un
2565 2026 2632 2071 iit*

1562 2078 1638 2109 tera,
1655 2073 1731 2103 Non
1754 2072 1867 2103 habuit
1889 2082 1998 2103 omnes
2014 2082 2101 2109 usus,
2118 2071 2183 2108 sed,
2200 2072 2276 2102 Non
2299 2071 2412 2103 habuit
2426 2077 2536 2109 omnes
2547 2079 2630 2117 148113

1561 2117 1646 2147 sicut
1677 2116 1843 2153 Christus;
1873 2122 2027 2157 tanquam
2049 2116 2082 2157 ly
2104 2117 2188 2147 sicut
2213 2116 2328 2147 limitet
2345 2115 2378 2157 ly
2402 2118 2512 2148 omnes
2536 2109 2628 2147 Q.

1618 2161 1659 2191 Et
1688 2161 1805 2201 quovis
1831 2160 1932 2191 modo
1960 2165 2139 2201 exponatur
2161 2161 2336 2196 sententia,
2367 2160 2401 2190 in
2423 2159 2512 2191 idem
2535 2156 2637 2230 1θεὶἰῆΙ

1561 2205 1667 2235 Prima
1688 2210 1798 2236 tamen
1821 2205 1980 2245 expositio
2003 2205 2104 2245 magis
2127 2210 2286 2235 consonat
2308 2204 2440 2235 litterae.

1617 2249 1730 2280 1v.1n
1754 2248 1871 2280 eodem
1895 2249 2066 2280 articulo*

1560 2299 1670 2333 gatum
1695 2304 1712 2324 a
1735 2293 1833 2324 Beata
1854 2293 1996 2334 Virgine,
2021 2291 2149 2324 adverte
2172 2292 2273 2334 quod,
2297 2292 2374 2334 quia
2395 2289 2639 2344 theolo'ginsi»

1560 2338 1624 2368 lida
1647 2337 1806 2368 fundatur
1821 2347 1918 2379 super
1940 2337 2102 2378 Scriptura
2124 2347 2228 2375 sacra;
2252 2342 2284 2368 et
2305 2336 2444 2368 nullibi'
2434 2345 2468 2368 m
2482 2345 2522 2384 93
2535 2345 2628 2378 repe-

1560 2383 1639 2412 n'tur
1661 2383 1793 2413 Beatam
1815 2382 1982 2433 Virginem
2005 2381 2171 2418 docuisse,
2203 2381 2286 2413 sicut
2307 2389 2368 2412 nec
2391 2378 2469 2412 Chri

1561 2432 1673 2457 cutum
1696 2427 1828 2466 linguis.
1852 2425 1937 2462 ideo,
1957 2426 2040 2456 sicut
2054 2425 2248 2456 affirmamus
2265 2423 2462 2457 Christum

1559 2472 1658 2511 gratia
1680 2471 1863 2511 linguarum
1885 2471 1919 2501 in
1934 2469 2112 2510 loquendo,
2137 2469 2249 2501 eadem
2263 2469 2388 2500 ratione
2403 2460 2638 2505 affinffiffl

1560 2520 1607 2546 est
1629 2515 1761 2546 Beatam
1776 2515 1942 2555 Virginem
1963 2524 2032 2546 non
2047 2513 2213 2551 docuisse3
2236 2514 2421 2554 praesertim
2444 2513 2637 2561 cummi

1559 2559 1671 2590 stolica
1694 2560 1865 2590 auctoritas
1877 2560 1894 2576 ⁴
1917 2559 1981 2590 hoc
1996 2557 2201 2590 interdictum
2216 2558 2406 2590 mulieribus
2423 2566 2499 2591 com

1560 2603 1660 2642 Quod
1686 2609 1794 2634 autem
1822 2603 1936 2634 dicitur
1965 2603 2068 2644 ipsam
2094 2598 2283 2634 instruxisse
2305 2601 2481 2654 discipulos
2511 2636 2518 2642 ι
2542 2639 2546 2642 ,
2576 2639 2577 2643 ¹
2630 2630 2636 2638 .

1560 2647 1599 2678 de
1623 2648 1867 2678 annuntiatione
1890 2657 1957 2684 sua,
1982 2652 2014 2678 et
2035 2647 2199 2678 nativitate
2222 2646 2305 2684 Filii,
2330 2651 2363 2678 et
2384 2645 2419 2677 M
2459 2639 2566 2699 ἥξω
2611 2644 2634 2670 -'

1559 2698 1667 2728 ventu,
1693 2698 1724 2722 et
1747 2692 1919 2723 similibus.
1945 2701 1983 2723 ex
1999 2691 2161 2732 Scriptura
2183 2700 2251 2722 non
2274 2691 2418 2722 habetur.
2513 2686 2636 2722 habi-’r

1559 2737 1642 2767 tur*
1666 2736 1756 2777 quod
1779 2736 1914 2777 Spin'tus
1938 2736 2073 2767 Sanctus
2096 2735 2209 2766 docuit
2230 2735 2408 2776 Apostolos
2431 2739 2663 2767 unumne·
2686 2768 2694 2773 „
2713 2770 2717 2774 ⁴

1560 2781 1687 2811 ritatem
1710 2781 1750 2812 de
1773 2781 1989 2821 spectantibus
2012 2780 2052 2812 ad
2074 2779 2190 2811 fidem:
2214 2780 2296 2811 inter
2311 2789 2394 2820 quae
2417 2784 2485 2811 etat
2504 2778 2634 2814 Cluso&
2682 2803 2687 2811 .
2709 2780 2735 2798 ³

1560 2825 1730 2876 conceptio
1755 2835 1794 2856 ex
1817 2825 1936 2865 Spiritu
1959 2824 2077 2856 Sancto
2101 2830 2133 2855 et
2154 2824 2300 2855 nativitas
2323 2833 2362 2855 ex
2375 2823 2525 2865 Virgine,
2537 2831 2636 2866 qum

1560 2869 1655 2900 etiam
1678 2869 1712 2900 in
1735 2869 1891 2910 symbolo
1915 2869 2020 2910 posita
2042 2874 2125 2899 sunt.

1615 2913 1727 2944 Posset
1749 2919 1856 2944 tamen
1880 2913 1942 2944 dici
1966 2912 2055 2954 quod
2078 2922 2146 2944 non
2168 2913 2297 2953 publica
2320 2910 2475 2948 doctrina,
2499 2900 2556 2942 sed
2570 2898 2634 2942 ‘fa'

1559 2958 1672 2988 miliari
1688 2958 1908 2993 instructione,
1925 2966 2024 2998 quam
2039 2962 2164 2988 constat
2178 2956 2365 2988 mulien‘bus
2380 2964 2449 2987 non
2465 2964 2533 2987 esse
2547 2955 2624 2997 pro-

1559 3003 1709 3038 bibitam,
1740 3003 1838 3033 Beata
1860 3002 1959 3042 Virgo
1986 3002 2094 3042 aliqua
2118 3001 2319 3042 particularia
2345 3000 2428 3031 facta
2455 2999 2624 3040 explickvit

1560 3025 1734 3086 Apostolis.
1770 3047 1894 3077 Auctor
1925 3052 2032 3077 autem
2065 3045 2244 3077 secundum
2277 3045 2471 3086 Scripturam
2501 3051 2630 3076 ueram·

1559 3091 1713 3131 loquitur,
1736 3100 1855 3131 negans
1879 3090 1918 3120 ab
1942 3100 1980 3121 ea
2002 3100 2099 3122 usum
2118 3090 2291 3131 sapientiae
2314 3088 2423 3130 quoad
2441 3094 2548 3121 actum
2563 3086 2622 3120 do-

1561 3134 1688 3165 ctrinae.
