2912 4030
478 264 536 289 XVI

477 330 622 361 codicem
634 331 864 371 apographum,
878 336 1010 370 patrem,
1025 330 1161 367 fratrem,
1175 340 1243 362 uno
1255 332 1353 362 verbo
1366 331 1456 362 valde
1468 339 1543 372 pro-

476 375 598 405 ximum
614 375 714 405 nostri
730 375 933 415 Neapolitani
948 375 970 405 1.
996 375 1070 406 Uno
1090 376 1165 406 loco
1190 381 1324 416 excepto
1342 375 1396 416 (cf.
1413 377 1457 406 η’·
1475 376 1541 415 27),

476 419 571 449 huius
595 418 714 449 codicis
737 419 890 450 lectiones
914 418 1071 455 defendit,
1093 419 1193 450 modo
1213 425 1323 450 contra
1346 425 1447 450 totam
1470 419 1543 450 reli-

477 472 574 503 quam
597 462 810 500 traditionem,
833 463 933 494 modo
957 469 1068 494 contra
1090 469 1212 494 textum
1236 464 1415 504 antiquum.

531 507 670 537 Causam
693 506 814 538 codicis
830 507 841 538 1
858 516 934 538 cum
957 516 1051 538 causa
1074 508 1229 538 notatoris
1247 516 1316 538 non
1331 508 1447 538 vellem
1464 515 1542 538 con-

476 551 589 581 fusam.
614 552 776 582 Recensor
799 557 902 582 textus
919 552 941 588 1,
957 551 1039 582 idest
1062 557 1224 582 corrector
1238 552 1291 582 ille
1313 553 1365 582 cui
1388 552 1542 583 lectiones

475 595 543 625 Iab
560 595 693 635 antiquo
717 601 804 626 textu
828 597 982 626 variantes
1005 595 1171 632 debentur,
1196 604 1263 627 non
1287 602 1436 637 arguatur
1458 596 1542 626 falsi-

476 638 642 676 ficationis,
666 640 721 670 ubi
745 640 832 680 apud
853 645 949 671 notae
973 645 1138 670 auctorem
1160 639 1389 671 falsificationis
1412 641 1549 681 vestigia*

476 693 606 723 quaero.
630 684 792 714 Recensor
815 685 900 715 bona
923 683 986 715 fide
1010 685 1177 721 recensuit,
1195 690 1232 715 ut
1246 690 1442 715 correctores
1458 685 1542 725 opti-

474 737 527 758 ma
546 727 609 758 fide
634 734 751 768 agunt:
776 737 843 759 non
866 728 1037 759 intendunt
1060 729 1213 759 lectiones
1237 729 1433 759 authenticas
1457 728 1541 759 falsis

475 773 620 808 obruere,
637 771 693 802 sed
719 785 733 798 «
751 773 938 803 melioribus
958 786 971 799 »
998 773 1190 804 lectionibus
1214 783 1232 803 a
1255 782 1288 803 se
1312 773 1448 803 inventis
1464 773 1541 803 vici-

474 817 546 846 nius
563 816 602 846 ad
617 817 853 857 autographum
876 817 1033 857 perveniri
1050 815 1195 848 credunt.
1211 817 1373 848 Notatoris
1388 825 1466 847 vero
1481 817 1540 847 alia

474 870 569 890 causa
593 866 648 897 est,
673 860 749 900 quia
775 861 930 892 lectiones
962 862 1108 901 antiquas
1140 861 1372 902 suppositionis
1402 866 1539 892 accusat.

473 904 549 935 Ideo
573 914 634 935 nos
656 905 689 935 in
712 909 789 935 nota
812 906 880 936 eius
905 915 940 936 ea
965 914 1047 946 quae
1075 904 1217 936 falsitatis
1249 905 1392 946 speciem
1424 905 1540 936 habere

473 954 604 988 possent
627 949 694 979 iure
719 949 833 980 merito
861 950 1053 990 quaerimus,
1079 950 1157 989 quin
1181 956 1384 980 recensorem
1407 950 1539 980 textus}

471 993 684 1032 implicemus.
1435 998 1438 1000 ’

528 1046 580 1067 20.
598 1037 723 1068 Solutio
741 1037 757 1067 3
779 1038 957 1078 argumenti
973 1047 1028 1078 qu.
1042 1046 1104 1068 xxn
1120 1044 1176 1068 art.
1195 1047 1213 1068 2
1230 1038 1263 1068 in
1285 1043 1353 1068 tota
1368 1038 1447 1069 mihi
1462 1044 1540 1069 nota

470 1080 639 1111 traditione
670 1090 778 1111 revera
809 1081 907 1112 deest.
937 1082 1050 1122 (Quod
1073 1091 1093 1112 a
1117 1082 1192 1122 legit
1214 1082 1260 1112 Et
1278 1091 1342 1123 per
1363 1082 1425 1113 hoc
1448 1087 1541 1123 patet

471 1125 638 1165 responsio
652 1125 696 1155 ad
711 1126 850 1162 tertium,
861 1126 989 1166 vulgare
1005 1126 1165 1167 refugium
1181 1131 1238 1157 est.
1251 1126 1351 1164 Quod
1366 1124 1539 1158 modernae

471 1169 627 1200 editiones
658 1170 808 1200 exhibent
830 1170 881 1201 Ad
904 1171 1033 1201 tertium
1066 1170 1237 1202 dicendum
1268 1170 1358 1212 quod
1384 1172 1539 1202 sanctitas

470 1213 680 1244 humanitatis
703 1219 775 1250 etc„
799 1215 832 1245 in
857 1214 1051 1246 editionibus
1074 1220 1149 1255 post
1168 1215 1251 1254 1486
1275 1215 1417 1256 primum
1441 1224 1538 1256 appa-

471 1259 543 1293 ruit,
566 1258 683 1288 comite
712 1263 789 1288 nota
811 1259 976 1299 marginali
1003 1272 1017 1286 «
1032 1260 1215 1300 Responsio
1238 1259 1385 1300 suppleta
1405 1270 1438 1290 »z
1456 1261 1538 1291 hanc

470 1307 581 1332 notam
603 1303 810 1334 monitoriam
833 1303 930 1334 Piana
953 1303 1058 1334 adhuc
1081 1305 1232 1341 retinuit:
1255 1304 1289 1334 in
1310 1312 1374 1344 qua
1397 1303 1537 1335 editione

470 1347 612 1387 primum
634 1355 805 1387 suppressa
827 1347 867 1377 sit
889 1348 1024 1387 nescio).

524 1390 752 1421 Animadverto
783 1392 899 1431 primo,
923 1392 1093 1423 solutionis
1122 1391 1283 1423 defectum
1311 1392 1480 1432 significari
1503 1394 1537 1424 in

470 1435 628 1475 aliquibus
650 1435 813 1465 codicibus
838 1436 919 1475 (non
942 1437 975 1466 in
993 1436 1038 1476 1);
1063 1437 1095 1466 in
1119 1437 1219 1467 tribus
1242 1436 1403 1467 Vaticanis
1425 1444 1536 1477 margo

470 1479 622 1509 lectorem
653 1485 783 1515 monet;
820 1481 967 1510 omnium
1000 1481 1164 1520 urgentius
1194 1490 1304 1520 margo
1330 1480 1380 1511 G:
1418 1493 1433 1508 ι
1451 1481 1536 1512 Nota

469 1523 558 1563 quod
582 1524 632 1553 hic
656 1522 762 1554 deficit
785 1524 903 1554 solutio
934 1525 1017 1554 tertii
1047 1525 1225 1565 argumenti
1254 1532 1351 1564 quam
1375 1534 1535 1566 nusquam

468 1568 561 1607 potui
582 1567 723 1597 invenire
743 1581 770 1597 ».
795 1567 905 1598 Simile
921 1578 997 1608 ergo
1013 1569 1175 1599 monitum
1198 1569 1354 1599 notatoris
1369 1569 1445 1599 huic
1460 1570 1535 1600 loco

468 1611 700 1642 considerando
723 1613 933 1642 attentionem
957 1612 1054 1653 figere
1078 1614 1193 1653 potuit.

522 1655 751 1686 Animadverto
776 1656 930 1692 secundo,
955 1662 1136 1687 notatorem
1160 1662 1263 1687 tacere
1280 1657 1319 1688 de
1335 1657 1404 1688 aliis
1425 1658 1535 1689 huius-

467 1699 557 1730 modi
581 1701 808 1731 communibus
830 1701 882 1731 vel
906 1700 969 1731 fere
994 1701 1223 1731 communibus
1247 1701 1443 1732 defectibus:

522 1754 574 1774 vn.
600 1754 630 1784 9.
654 1740 682 1774 θ.
707 1745 825 1775 solutio
853 1743 892 1775 ad
917 1745 947 1775 3.
971 1746 1005 1775 in
1028 1745 1120 1775 nullo
1147 1746 1280 1785 antiquo
1305 1746 1448 1782 obtinet;
1474 1747 1535 1786 (est

467 1794 575 1818 tamen
598 1789 632 1818 in
656 1788 765 1826 1QR);

522 1842 583 1862 xix.
610 1842 640 1862 2.
664 1831 693 1874 ζ.
717 1833 836 1863 solutio
860 1832 900 1863 ad
925 1833 954 1863 3.
979 1834 1099 1873 ubique
1123 1833 1240 1865 deficit.
1265 1834 1359 1864 etiam
1382 1835 1415 1865 in
1440 1834 1533 1873 1QR;

524 1877 610 1916 (xxn.
633 1878 661 1907 5.
679 1874 707 1907 θ.
725 1887 745 1907 ι.
770 1877 848 1917 quid
872 1877 884 1907 1
907 1877 1053 1908 habuerit
1075 1886 1143 1908 non
1166 1878 1295 1914 scimus,
1320 1879 1395 1918 quia
1418 1878 1534 1909 folium

467 1922 501 1951 in
518 1930 584 1961 quo
599 1921 692 1951 locus
707 1922 845 1951 occurrit
869 1921 972 1952 codici
997 1927 1141 1952 assutum
1156 1928 1223 1958 est;
1248 1922 1279 1953 H
1296 1924 1391 1953 etiam
1408 1922 1533 1959 deficit;

468 1965 527 2003 QR
550 1965 668 1995 habent
692 1965 865 1996 lectionem
889 1966 1044 2005 signatam
1071 1979 1085 1993 «ι
1105 1966 1261 1997 editiones
1280 1967 1322 2007 »).

523 2009 655 2049 Insuper
678 2020 726 2039 ιν.
752 2010 782 2039 6.
804 2007 833 2048 β.
856 2010 991 2050 ubique,
1019 2011 1114 2041 etiam
1137 2011 1170 2041 in
1194 2010 1284 2048 IQR,
1309 2017 1534 2052 argumentum

467 2054 556 2084 deest
579 2054 631 2084 cui
654 2054 772 2084 solutio
796 2054 847 2084 Ad
869 2055 1015 2094 quintum
1038 2054 1202 2085 referenda
1225 2060 1326 2091 esset;

522 2108 642 2128 Lxxxrv.
660 2108 691 2138 7.
707 2099 741 2128 in
757 2099 890 2138 antiquo
914 2104 1012 2134 textu,
1030 2099 1111 2139 (non
1131 2100 1165 2130 in
1189 2099 1287 2140 lQR),
1309 2105 1534 2140 argumentum

467 2142 555 2172 deest
579 2141 668 2182 quod
691 2142 741 2173 Ad
764 2148 915 2183 quartum
938 2144 1081 2174 solvitur.

521 2186 749 2217 Animadverto
766 2187 869 2223 tertio,
887 2188 970 2218 sicut
984 2188 1017 2218 in
1033 2188 1101 2218 aliis
1117 2186 1269 2219 Summae
1284 2189 1426 2228 partibus
1441 2190 1484 2219 ita
1499 2189 1532 2220 in

467 2231 574 2261 Tertia
602 2230 748 2261 ordinem
775 2231 975 2262 solutionum
998 2231 1159 2262 interdum
1182 2242 1249 2263 non
1268 2234 1440 2264 convenire
1457 2242 1532 2264 cum

466 2275 578 2305 ordine
601 2284 667 2314 quo
691 2281 877 2315 argumenta
896 2285 931 2306 se
945 2277 1238 2316 sequebantur,·ex.
1255 2286 1323 2318 gn:
1348 2277 1399 2308 Ad
1420 2286 1533 2308 secun-

466 2319 542 2349 dum
558 2319 738 2350 inscribitur
756 2320 874 2350 solutio
891 2321 1069 2360 argumenti
1093 2320 1183 2360 quod
1198 2322 1292 2352 tersio
1308 2322 1384 2352 loco
1401 2322 1532 2352 obiicie-

465 2364 571 2399 batur‚
596 2363 674 2394 dum
700 2364 751 2394 Ad
777 2364 906 2394 ter-tium
937 2371 1163 2404 argumentum
1193 2365 1336 2396 secundo
1368 2366 1532 2396 obiectum

464 2408 602 2447 respicit.
634 2408 771 2438 Mutatio
794 2409 827 2438 in
852 2409 959 2439 Tertia
990 2409 1163 2449 quinquies
1188 2410 1223 2440 ni
1249 2409 1341 2440 fallor
1372 2411 1530 2441 occurrit:

466 2452 505 2482 cf.
529 2461 614 2482 svnt.
640 2462 669 2482 2.
694 2463 726 2496 γ,
750 2462 831 2483 nvn
856 2462 888 2492 4.
910 2453 941 2489 λ,
966 2463 1006 2484 Lx.
1025 2463 1057 2492 4.
1075 2463 1110 2490 ε;
1136 2453 1201 2494 (Ad
1222 2454 1397 2485 secundum
1421 2464 1481 2485 Lxr.
1503 2462 1530 2485 ι.

464 2496 558 2526 solvit
580 2497 710 2526 tertium
739 2502 973 2537 argumentum,
997 2498 1048 2528 Ad
1070 2502 1221 2538 quartum
1245 2508 1334 2529 Lxxx.
1363 2506 1413 2529 ιο.
1438 2499 1532 2529 solvit

465 2541 635 2580 quintum;
659 2541 693 2571 in
716 2547 784 2571 tota
813 2541 933 2572 scilicet
959 2541 1127 2572 traditione
1156 2548 1229 2573 ante
1257 2543 1421 2574 saeculum
1446 2543 1531 2574 deci-

464 2594 555 2614 rnum
578 2585 727 2625 sextum).

520 2628 608 2658 Ordo
641 2630 735 2659 etiam
764 2630 971 2660 articulorum
998 2630 1158 2661 interdum
1183 2631 1262 2662 alius
1286 2636 1333 2662 est
1355 2633 1394 2662 ab
1418 2631 1530 2663 ordine

464 2673 683 2712 quaesitorum
697 2674 731 2704 in
747 2675 942 2714 quaestionis
962 2674 1222 2711 Introductione;
1248 2676 1310 2706 hoc
1326 2681 1374 2706 ter
1389 2677 1421 2706 ni
1438 2676 1530 2707 fallor

464 2717 572 2747 locum
596 2718 710 2748 habet:

518 2761 583 2798 Qu.
607 2772 657 2791 mv
681 2762 830 2792 articulus
861 2763 1036 2798 secundus,
1070 2765 1164 2794 etiam
1192 2765 1226 2794 in
1249 2763 1333 2802 IQR,
1357 2765 1529 2805 respondet

465 2806 558 2835 tertio
582 2807 736 2845 quaesito,
762 2807 875 2837 tertius
897 2808 1049 2838 secundo.
1075 2808 1126 2838 Cf.
1153 2818 1181 2838 2.
1208 2818 1240 2838 α.

519 2850 582 2886 Qu.
607 2860 708 2880 Lxxxn
732 2851 881 2881 articulus
908 2851 1049 2883 decimus
1075 2853 1213 2892 pertinet
1236 2852 1276 2883 ad
1299 2852 1389 2893 quod
1415 2854 1527 2894 quinto

458 2894 682 2932 quaerebatur,
705 2904 771 2934 quo
796 2895 915 2926 factum
940 2901 986 2926 est
1009 2902 1045 2927 ut
1068 2902 1142 2936 post
1165 2902 1282 2937 quarto
1307 2902 1415 2927 utrum
1432 2903 1463 2928 et
1478 2898 1529 2928 Ad

464 2942 613 2977 quartum
640 2939 686 2968 sic
710 2939 908 2979 proceditur,
934 2940 1086 2971 ordinalia
1117 2942 1335 2981 quaesitorum
1359 2947 1390 2971 et
1413 2943 1527 2972 articu-

464 2981 570 3011 lorum
594 2991 703 3012 secum
727 2990 879 3023 pugnant.
904 2984 948 3014 Ita
971 2986 1003 3015 in
1027 2991 1114 3015 textu
1138 2986 1283 3026 antiquo.
1307 2985 1443 3016 Tardior
1465 2992 1526 3017 tra-

463 3025 558 3061 ditio,
584 3027 678 3057 etiam
702 3027 791 3065 IQR,
817 3029 929 3058 seriem
963 3029 1219 3068 quaerendorum
1252 3030 1430 3060 secundum
1454 3031 1526 3061 arti-

464 3070 610 3100 culorum
640 3073 876 3102 successionem
899 3072 1090 3109 reformavit,
1108 3074 1163 3104 sed
1186 3074 1272 3114 apud
1289 3083 1402 3105 omnes
1418 3075 1451 3105 in
1475 3075 1526 3105 In-

463 3113 585 3144 dicibus
617 3115 767 3154 antiquus
794 3115 873 3146 ordo
897 3117 1063 3147 reviviscit.
1098 3117 1238 3148 Adverto
1270 3124 1378 3150 tamen
1397 3119 1525 3149 Titulos

462 3158 495 3187 in
521 3158 531 3187 Ι
555 3168 623 3188 non
646 3169 663 3188 a
686 3159 839 3198 scriptore
863 3165 970 3190 texzms
989 3166 1130 3190 exaratos
1155 3171 1231 3192 esse.

517 3202 702 3232 Praesertim
725 3212 802 3233 vero
830 3204 990 3234 notandus
1013 3210 1059 3234 est
1082 3206 1191 3236 tertius
1219 3207 1330 3237 locus:
1355 3207 1420 3244 Qu.
1444 3215 1524 3237 Lxxv

458 3245 584 3285 primus
607 3247 756 3276 articulus
779 3248 943 3277 materiam
965 3249 1047 3278 inter
1070 3250 1252 3288 quaerenda
1273 3260 1340 3281 non
1356 3251 1524 3281 annuntia-

464 3295 527 3318 tam
550 3295 680 3326 tractat;
715 3300 732 3320 e
748 3296 859 3320 contra
884 3292 911 3321 ei
937 3291 1025 3331 quod
1049 3293 1181 3332 septimo
1206 3295 1424 3333 quaerendum
1456 3303 1523 3326 esse

464 3333 586 3368 dicitur,
603 3334 710 3364 nullus
729 3335 878 3365 articulus
902 3335 1082 3375 respondet.
1108 3337 1151 3366 Ita
1168 3342 1233 3367 tota
1249 3339 1384 3375 traditio,
1402 3345 1524 3379 praeter

465 3376 537 3414 IQR
554 3383 583 3407 et
600 3377 754 3408 editiones
778 3389 794 3408 a
811 3388 828 3409 c
843 3379 918 3409 inde
941 3379 980 3409 ad
1004 3380 1168 3410 saeculum
1192 3380 1352 3412 decimum
1376 3389 1521 3420 sextum;

463 3422 653 3459 posteriores
687 3423 865 3452 versionem
895 3423 905 3452 1
937 3424 1234 3463 interpolationibus
1269 3433 1521 3465 praegravatum.

465 3465 506 3495 Ut
528 3475 604 3495 vero
637 3465 739 3496 adhuc
773 3466 949 3497 evidentius
983 3468 1120 3503 eluceat,
1152 3468 1238 3499 hunc
1271 3469 1381 3499 saltem
1413 3470 1522 3508 locum

463 3509 600 3539 notatori
625 3509 851 3540 attendendum
868 3509 973 3547 fuisse,
991 3511 1016 3541 si
1033 3511 1151 3542 scilicet
1167 3512 1400 3552 autographum
1417 3509 1523 3552 ipsum

464 3551 598 3588 vidisset,
616 3559 715 3583 totam
740 3554 1011 3585 Introductionem
1036 3556 1068 3585 in
1093 3556 1221 3595 antiqua
1246 3562 1277 3586 et
1301 3557 1332 3586 in
1356 3556 1522 3587 lectionel

464 3598 615 3627 exscribo.

1653 333 1774 361 Tenus
1794 341 1967 363 amrouusz

1651 372 1762 401 Deinde
1773 395 1780 402 .
1794 394 1801 401 .
1813 395 1820 402 .
1842 380 2020 410 quaeruntur
2041 381 2118 404 octo.

1653 411 1761 448 Primo,
1782 420 1880 441 utrum
1908 414 2067 443 substantia
2094 415 2177 452 panis
2198 423 2226 444 et
2247 416 2306 445 vini
2328 424 2477 447 remaneat
2497 417 2527 446 in
2543 418 2604 446 hoe
2625 427 2671 447 sa·

1681 459 1829 481 eramento
1850 460 1917 490 post
1938 455 2196 484 consecrationem.

1653 493 1799 528 Secundo,
1820 499 1917 522 utrum
1939 493 2123 524 annihiletur.

1652 532 1762 567 Tertio,
1784 538 1881 561 utrum
1902 539 2086 563 eonvertatur
2107 535 2136 563 in
2157 542 2264 573 corpus
2278 541 2307 565 et
2321 537 2490 575 sanguinem
2513 536 2628 566 Christi.

1653 573 1781 607 Quarto,
1803 578 1900 601 utrum
1921 580 2089 603 “mensam
2109 573 2149 603 ibi
2169 574 2328 605 accidentia
2348 583 2416 614 post
2436 575 2668 606 conversionem.

1652 611 1772 647 Quinto,
1794 619 1891 641 utrum
1912 619 2060 642 remaneat
2081 613 2120 642 ibi
2140 614 2233 644 forma
2254 616 2458 646 substantialis.

1652 651 1748 687 Sexto,
1771 658 1868 680 utrum
1889 653 2042 682 conversio
2062 653 2116 682 ista
2136 653 2186 683 flat
2206 655 2313 685 subito.

1651 691 1792 728 Septimo,
1814 698 1913 720 utrum
1933 692 1970 721 sit
1991 691 2191 722 miraculosior
2212 695 2292 724 omni
2313 695 2369 724 ulia
2390 696 2560 725 mutatione.

1652 731 1773 767 Octavo,
1795 731 1902 769 quibus
1922 732 2017 761 verbis
2037 734 2244 764 convenienter
2263 735 2384 772 exprimi
2407 736 2507 773 possit.

1650 822 1764 851 Lac-rto
1785 823 1866 859 IQR:

1651 861 1764 892 Deinde
1776 884 1783 891 .
1797 883 1804 891 .
1818 884 1825 891 .
1846 870 2025 900 quaeruntur
2044 869 2121 893 octo.

1651 901 1760 948 Primp,
1780 909 1878 931 utrum
1893 903 1923 931 in
1937 902 1994 932 hoc
2007 911 2189 934 sacramento
2204 904 2241 934 sit
2253 911 2360 943 eorpus
2379 906 2486 936 Christi
2500 909 2666 938 seeundum

1676 947 1835 971 veritatem.

1649 983 1796 1018 Secundo,
1819 989 1921 1028 utrum⁴
1930 982 1960 1012 in
1974 982 2031 1012 hoc
2045 992 2227 1014 sacramento
2248 992 2396 1014 remanent
2409 986 2569 1016 substantia
2583 988 2667 1026 panis

1676 1029 1743 1059 post
1763 1028 2021 1052 consecrationem.

1649 1061 1760 1098 Tertio,
1782 1069 1879 1091 utrum
1910 1061 2069 1092 substantia
2100 1062 2183 1100 panis
2210 1070 2278 1102 post
2304 1065 2554 1096 consecrationem
2580 1066 2666 1097 huius

1675 1102 1846 1132 sacramenti
1866 1101 2042 1132 annihiletur
2054 1109 2105 1132 aut
2119 1102 2148 1132 in
2163 1102 2312 1141 pristinam
2327 1104 2480 1134 materiam
2494 1106 2664 1137 resolvatur.

1649 1143 1772 1178 Quarto,
1794 1148 1890 1171 utrum
1912 1142 1995 1180 panis
2016 1143 2108 1180 possit
2128 1143 2257 1172 converti
2279 1143 2310 1172 in
2330 1153 2436 1182 corpus
2458 1145 2573 1176 Christi.

1648 1181 1770 1218 Quinto,
1791 1189 1889 1211 utrum
1905 1182 1935 1211 in
1950 1183 2007 1211 hoc
2020 1190 2202 1212 sacramento
2216 1188 2386 1214 remaneant
2405 1184 2567 1216 accidentia
2581 1183 2666 1223 'panis

1675 1229 1703 1250 et
1723 1230 1791 1251 Vim.

1647 1262 1746 1297 Sexto,
1767 1269 1864 1291 utrum
1885 1269 2036 1292 remaneat
2057 1263 2150 1292 forma
2170 1261 2366 1293 substantialis
2386 1264 2479 1310 panis.

1647 1301 1787 1339 Septimo,
1809 1308 1906 1331 utmm
1927 1301 1977 1332 fiat
1998 1302 2029 1332 in
2049 1303 2167 1332 instanti
2188 1303 2242 1332 ista
2262 1311 2424 1333 conversio.

1647 1340 1770 1377 Octavo,
1791 1349 1888 1371 utrum
1909 1343 1980 1371 haee
2001 1342 2038 1372 sit
2057 1351 2144 1372 vera:
2165 1342 2209 1372 Ex
2229 1351 2305 1381 pane
2326 1343 2358 1372 fit
2378 1352 2484 1382 eorpus
2505 1344 2621 1374 Christi.

1648 1434 1918 1473 Quaerendorum
1940 1431 2135 1475 dispensatio
2158 1440 2194 1466 ut
2214 1434 2248 1466 in
2268 1440 2356 1466 textu
2379 1437 2514 1476 antiquo
2538 1436 2662 1477 legitur,

1593 1479 1658 1509 sere
1682 1485 1839 1510 consonat
1862 1488 1938 1510 cum
1961 1479 2004 1509 IV
2028 1479 2126 1514 Sent„
2144 1478 2215 1510 dist.
2231 1489 2274 1515 xx,
2291 1489 2346 1520 qu.
2363 1490 2384 1511 1.
2409 1480 2445 1511 In
2469 1480 2481 1511 1
2505 1487 2664 1512 consonat

1591 1532 1666 1554 cum
1689 1523 1787 1554 initiis
1809 1523 2027 1554 articulorum.
2048 1523 2097 1562 (ln
2114 1522 2221 1555 Indice
2237 1523 2250 1554 1
2268 1524 2364 1555 habet
2386 1524 2561 1556 lectionem
2583 1526 2663 1557 nnti-

1591 1576 1699 1608 quam,
1717 1567 1777 1605 QR
1800 1567 1986 1607 recentem.)
2002 1568 2050 1598 Re
2068 1567 2207 1598 iudicata
2225 1568 2404 1599 secundum
2421 1578 2458 1599 ea
2473 1578 2558 1609 quae
2572 1579 2663 1600 com-

1589 1611 1730 1642 munitet
1758 1612 1967 1650 contingunt,
1991 1620 2141 1642 recensor
2170 1617 2275 1643 textus
2299 1612 2312 1643 1
2336 1612 2506 1653 antiquum
2539 1618 2663 1646 texmm

1589 1656 1800 1696 suppressisse
1820 1661 1851 1686 et
1873 1655 1963 1686 initia
1985 1655 2194 1686 articulorum
2217 1655 2290 1687 ante
2313 1663 2370 1687 eos
2393 1661 2430 1688 ut
2448 1657 2662 1689 Introductio-

1589 1708 1665 1730 nem
1688 1700 1883 1740 rescripsisse
1900 1699 2054 1731 dicendus
2071 1705 2162 1730 esset.
2179 1699 2242 1731 Sed
2265 1709 2299 1731 re
2322 1700 2460 1732 iudicata
2482 1701 2662 1734 secundum

1589 1749 1727 1785 systema
1753 1744 1918 1780 notatoris,
1936 1743 2109 1775 dicendum
2133 1749 2224 1781 esset,
2241 1744 2305 1776 hoc
2328 1745 2403 1776 loco
2427 1745 2557 1786 aliquid
2569 1751 2663 1778 auto·

1589 1788 1711 1829 grapho
1735 1787 1907 1819 accidisse:
1941 1801 1955 1815 α
1975 1787 2116 1820 deletum
2145 1788 2205 1819 fuit
2231 1788 2270 1820 de
2300 1789 2446 1830 originali
2465 1803 2479 1818 ι
2505 1789 2602 1822 lectio
2626 1789 2660 1828 15

1593 1845 1606 1859 ‹
1627 1837 1658 1863 et
1683 1832 1758 1863 Ioco
1783 1833 1851 1863 eius
1868 1831 1928 1863 fuit
1943 1831 2088 1863 additum
2106 1845 2120 1860 »
2147 1831 2242 1872 quod>
2252 1833 2404 1874 antiquus
2427 1839 2531 1865 textus
2554 1834 2660 1872 habet,

1593 1890 1606 1904 κ
1625 1886 1686 1907 nec
1710 1882 1756 1907 est
1779 1875 1881 1908 fratris
1903 1877 2014 1907 thome
2034 1890 2061 1907 ».

1644 1921 1719 1952 Non
1744 1930 1820 1961 ergo
1843 1921 2013 1952 verisimile
2030 1926 2077 1951 est
2099 1925 2136 1951 ut
2157 1926 2287 1952 notator
2309 1922 2476 1953 scientiam
2499 1923 2660 1955 absentiae

1588 1965 1759 1996 solutionis
1782 1965 1865 1996 tertii
1887 1965 2066 2006 argumenti
2089 1974 2128 1995 ex
2151 1966 2351 2006 autographo
2374 1966 2523 1998 hauserit.
2553 1967 2659 1998 Multo

1588 2010 1786 2050 probabilius
1814 2015 1860 2040 est
1883 2015 1919 2040 ut
1942 2019 1959 2039 a
1981 2010 2125 2050 margine
2159 2009 2293 2040 alicuius
2326 2011 2515 2051 exemplaris
2544 2010 2660 2042 doctus

1589 2054 1637 2090 sit,
1661 2054 1712 2084 vel
1736 2063 1774 2084 ex
1798 2053 1963 2084 codicibus
1990 2054 2182 2094 comparatis
2212 2054 2252 2084 ad
2282 2054 2458 2086 absentiam
2487 2055 2658 2087 solutionis

1588 2098 1621 2128 in
1651 2098 1851 2138 autographo
1884 2098 2030 2138 arguerit.
2066 2097 2160 2135 ideo,
2185 2104 2405 2130 correctorum
2435 2099 2658 2140 vulgarissimo

1588 2142 1699 2178 modo,
1716 2143 1750 2172 in
1774 2141 1894 2172 eisdem
1909 2142 2104 2173 similibusve
2129 2143 2372 2173 circumstantiis
2394 2143 2658 2184 irregularitatem

1587 2187 1638 2217 vel
1661 2186 1920 2226 inaequalitatem
1943 2186 2043 2217 semel
2065 2186 2144 2217 vidit
2167 2192 2198 2217 et
2221 2187 2333 2218 novies
2356 2197 2424 2218 non
2446 2188 2534 2219 vidit.

1644 2239 1695 2261 21.
1720 2231 1769 2261 De
1793 2231 1901 2271 spatiis
1924 2232 2079 2271 scriptura
2102 2231 2222 2267 vacuis,
2246 2241 2330 2272 quae
2353 2237 2483 2263 notator
2504 2233 2539 2264 in
2562 2233 2658 2274 origi-

1586 2275 1651 2306 nali
1674 2275 1775 2306 fratris
1799 2274 1947 2306 Thomae
1970 2281 2109 2316 quatuor
2131 2275 2212 2306 locis
2234 2275 2373 2307 adfuisse
2395 2275 2482 2313 dicit,
2505 2277 2541 2308 in
2562 2276 2657 2309 tradi-

1586 2320 1676 2350 tione
1699 2320 1808 2350 inveni
1831 2329 1914 2360 quae
1937 2325 2126 2360 sequuntur.

1641 2374 1745 2394 vam.
1769 2373 1801 2403 4.
1825 2369 1910 2405 post.
1922 2363 1986 2395 Sed
2015 2369 2131 2395 contra
2161 2369 2209 2395 est
2233 2364 2322 2406 quod
2349 2363 2428 2396 dicit
2452 2365 2656 2406 Augustinus

1586 2409 1619 2438 in
1643 2409 1803 2448 aliquibus
1833 2408 2008 2445 codicibus,
2032 2410 2115 2440 inter
2142 2418 2226 2449 quos
2248 2409 2272 2445 1,
2295 2408 2482 2440 immediate
2511 2410 2656 2450 sequitur

1585 2453 1774 2493 Respondeo
1791 2453 1960 2484 dicendum
1973 2458 2033 2484 etc.
2047 2453 2083 2483 In
2097 2453 2207 2484 multis
2223 2453 2300 2489 aliis,
2313 2453 2396 2484 inter
2411 2463 2495 2494 quos
2505 2454 2536 2484 Α
2547 2454 2573 2485 Β
2586 2454 2614 2486 C
2627 2455 2654 2486 E

1586 2502 1617 2528 et
1633 2498 1755 2537 antiqui
1776 2497 1945 2528 Escurialis
1962 2502 1993 2528 et
2009 2497 2238 2534 Cordubensis,
2255 2498 2399 2538 sequitur
2421 2498 2561 2539 spatium
2577 2498 2655 2530 dua-

1585 2551 1657 2572 rum
1673 2542 1830 2572 linearum
1852 2542 1904 2572 vel
1927 2542 2024 2572 unius
2047 2547 2078 2572 et
2101 2541 2268 2579 dimidiae;
2292 2551 2403 2582 margo
2420 2543 2562 2573 Ahabet
2588 2556 2602 2570 «
2621 2543 2652 2574 h·

1581 2589 1607 2617 ἔ·
1622 2586 1784 2626 corrig-eda
1804 2600 1817 2613 »
1844 2585 1925 2617 idest
1947 2586 2005 2616 hec
2019 2586 2121 2616 littera
2142 2591 2190 2617 est
2211 2586 2418 2628 corrigenda.
2443 2586 2479 2618 In
2494 2587 2543 2618 his
2559 2587 2655 2628 igitur

1584 2630 1670 2660 libris
1686 2640 1752 2661 non
1771 2631 1878 2661 solum
1902 2629 2010 2661 deficit
2032 2631 2213 2666 auctoritas,
2230 2630 2286 2661 sed
2302 2631 2398 2662 etiam
2421 2631 2573 2663 deductio
2589 2641 2654 2672 qua

1585 2675 1615 2706 S.
1634 2675 1778 2705 Thomas
1802 2676 1848 2705 uti
1872 2675 1953 2705 solet
1973 2679 2010 2705 ut
2025 2675 2228 2705 auctoritates
2252 2674 2291 2708 ad
2314 2676 2480 2706 materiam
2503 2676 2652 2716 applicet.

1584 2719 1619 2749 In
1644 2719 1803 2759 aliquibus
1827 2719 1992 2750 codicibus
2013 2724 2044 2749 et
2066 2719 2100 2749 in
2124 2719 2316 2750 editionibus
2340 2719 2422 2750 duae
2442 2719 2582 2751 diversae
2604 2730 2654 2752 re-

1584 2765 1839 2794 constructiones
1863 2763 2042 2804 argumenti
2065 2763 2222 2794 existunt:
2248 2763 2380 2800 GHabc,
2397 2763 2538 2796 secunda
2552 2772 2652 2797 manu

1583 2809 1656 2838 satis
1672 2809 1804 2848 antiqua
1819 2808 1856 2844 B,
1874 2813 1904 2838 et
1919 2813 2083 2848 praeterea
2105 2807 2204 2848 aiiqui
2226 2809 2323 2848 pauci
2346 2809 2479 2849 antiqui,
2495 2809 2652 2841 redactio—

1582 2860 1658 2883 nem
1678 2853 1806 2888 habent,
1823 2861 1907 2892 quae
1929 2852 1965 2882 in
1980 2852 2070 2882 omni
2099 2852 2240 2883 editione
2264 2862 2328 2893 qua
2351 2853 2453 2884 lec-tor
2474 2854 2522 2885 uti
2544 2858 2652 2894 potest

1582 2902 1637 2927 aut
1660 2897 1727 2927 sola
1751 2902 1798 2927 est
1821 2902 1876 2927 aut
1898 2896 2040 2936 primum
2067 2896 2177 2927 locum
2202 2902 2350 2938 occupat.
2375 2897 2465 2938 Lego
2489 2904 2569 2929 eum
2587 2898 2648 2929 ⁸13:

1635 2997 1692 3025 Sed
1714 3003 1815 3025 contra
1835 3003 1878 3025 est
1892 2997 1973 3033 quod
1986 2997 2165 3034 Augustinus
2187 2997 2273 3026 dicit:
2296 2997 2354 3032 Qui
2374 2997 2480 3026 creavit
2492 3004 2521 3026 te
2535 2997 2649 3034 sinete,

1580 3046 1642 3066 non
1663 3036 1827 3065 iustificabit
1846 3044 1874 3064 te
1889 3036 1951 3064 sine
1965 3043 2002 3065 te.
2024 3037 2081 3064 Sed
2102 3044 2238 3073 peccator
2258 3044 2325 3066 cum
2345 3038 2452 3066 habeat
2469 3038 2647 3067 voluntatem

1580 3085 1641 3105 non
1662 3076 1842 3114 dispositam,
1870 3085 1930 3105 non
1956 3083 2131 3113 cooperatur
2155 3078 2228 3106 Deo.
2261 3078 2340 3114 Ergo
2365 3076 2470 3105 austra
2495 3076 2649 3106 adhibetur

1580 3116 1634 3145 sibi
1655 3117 1816 3153 baptismus
1836 3117 1874 3145 ad
1895 3116 2137 3145 iustificationem.

1579 3215 1816 3254 Argumentum
1848 3219 1954 3244 totum
1977 3219 2161 3246 mutuatum
2188 3216 2237 3244 est'
2257 3218 2296 3244 ex
2319 3209 2362 3243 IV
2385 3210 2483 3249 Sentss,
2508 3212 2578 3244 dist.
2602 3223 2644 3247 tv.

1580 3267 1634 3299 qu.
1658 3268 1703 3294 111,
1727 3264 1783 3289 art.
1810 3268 1839 3294 2,
1865 3266 1910 3298 qu·
1920 3261 1943 3289 ⁸.
1964 3266 1992 3294 ι,
2017 3255 2048 3290 S.
2065 3255 2104 3289 C'.
2127 3256 2203 3289 Alia
2223 3262 2270 3288 est
2291 3256 2432 3288 redactio
2455 3256 2525 3302 QR,
2545 3261 2586 3293 et,
2611 3257 2644 3288 in

1579 3310 1786 3343 quacumque
1811 3301 1954 3333 editione
1973 3303 2143 3338 invenitur,
2159 3306 2219 3345 aut·
2236 3301 2323 3332 iuxta
2345 3300 2487 3343 priorem
2504 3302 2643 3338 inmar-

1578 3348 1651 3387 gine
1675 3353 1730 3377 aut
1751 3348 1786 3378 in
1809 3350 1901 3378 textu*
1920 3344 2062 3378 secundo
2085 3346 2161 3376 loeo
2185 3345 2326 3376 obfinet:

1630 3447 1687 3475 Sed
1709 3454 1809 3476 contra
1830 3454 1873 3476 est
1887 3448 1967 3485 quod
1982 3445 2160 3484 Augustinus
2182 3445 2250 3474 dicit
2263 3447 2300 3475 ad
2315 3445 2495 3476 Bonifitcium
2517 3447 2597 3484 quod
2612 3446 2641 3475 in

1578 3486 1722 3523 baptismo
1742 3486 1846 3524 aliquis
1867 3487 2030 3516 membrum
2045 3485 2154 3515 Christi
2171 3483 2304 3515 efficitur.
2325 3486 2383 3515 Sed
2396 3485 2494 3515 nunus
2506 3492 2641 3523 peccaror

1577 3526 1731 3562 persistens
1752 3526 1788 3554 in¹
1801 3527 1951 3556 voluntate
1975 3525 2116 3562 peccandi·
2133 3531 2232 3562 potest=
2249 3525 2310 3554 fieri
2336 3526 2499 3554 membrum
2525 3525 2640 3561 christi,

1577 3565 1658 3601 quod
1680 3572 1721 3593 est
1742 3566 1920 3603 incorporari
1943 3565 2067 3594 Chr-isto.
2089 3565 2167 3602 Ergo
2187 3565 2353 3594 huiusmodi
2374 3571 2509 3602 peccator
2522 3573 2583 3594 non
2597 3573 2641 3595 est

1577 3605 1774 3641 baptizandus,
1797 3606 1865 3643 quia
1885 3606 1987 3634 frustra
2009 3604 2209 3642 baptizaretur.
