2872 3970
1011 745 1061 770 .1N

231 837 234 844 '
256 842 259 849 “
289 853 395 880 mnne
421 840 746 878 considerandum
766 847 821 877 est
846 839 894 876 de
914 838 996 888 ipsa
1016 837 1267 890 conceptione
1292 834 1296 874 l

288 893 496 934 Salvatoris
520 893 551 930 ²⁸.
588 893 638 930 Et
667 892 812 952 primo,
841 899 1031 941 quantum
1065 891 1114 928 ad
1150 898 1268 928 mate-

209 946 306 989 riam
323 947 373 985 de
391 959 470 996 qua
487 958 628 995 corpus
646 945 730 983 eius
748 952 979 994 conceptum
994 951 1064 990 est3
1085 943 1268 990 secundo,

118 995 131 1051 'g
146 1000 170 1038 ζ
209 1007 398 1052 quantum
411 999 460 1036 ad
475 998 736 1048 conceptionis
750 1005 948 1035 auctorem
962 996 997 1019 ²³²·
988 996 1134 1042 ‚tertio‚
1150 1008 1270 1045 quan-

209 1061 293 1095 tum
319 1052 383 1090 ad
395 1051 560 1089 modum
589 1059 625 1088 et
653 1050 829 1088 ordinem
855 1048 1162 1099 conceptionis*.

115 1111 158 1154 ³²¹.ss
211 1103 320 1151 Girca
345 1104 518 1156 primum
546 1111 784 1153 quaeruntur
811 1109 910 1141 octo.

160 1155 174 1170 ”²
260 1157 413 1197 Primo:
452 1165 584 1195 utrum
612 1168 700 1196 caro
737 1155 877 1225 Christi
902 1154 1014 1192 fuerit
1041 1162 1194 1204 sumpta
1221 1155 1269 1192 ab

241 1248 246 1250 .
315 1211 453 1249 Adam.

264 1263 462 1302 Secundo:
491 1270 623 1299 utrum
650 1261 762 1299 fuerit
789 1268 943 1310 sumpta
970 1261 1018 1297 de
1046 1259 1184 1297 David.

218 1316 413 1355 “r-ertio:
447 1315 495 1352 de
522 1313 742 1374 genealogia
770 1313 910 1351 Christi
945 1325 1044 1362 quae
1077 1313 1116 1349 in
1143 1314 1271 1350 Evan-

279 1367 420 1417 geliis
446 1366 616 1418 ponitur.

250 1770 274 1789 r
326 1757 359 1775 ι
422 1750 444 1774 D
473 1749 608 1774 ramum
636 1747 688 1772 sm
716 1747 951 1772 PROCEDITUR.
982 1734 1142 1772 Videtur
1167 1736 1274 1784 quod

255 1789 267 1810 ²
351 1788 387 1828 '7²‘
424 1801 512 1826 caro
529 1788 668 1826 Christi
682 1800 762 1825 non
781 1787 892 1824 fuerit
905 1795 1060 1837 sumpta
1074 1800 1120 1824 ex
1134 1789 1272 1825 Adam.

406 1840 411 1845 ’
925 1842 938 1877 I
961 1842 1049 1877 Cor.
1069 1853 1117 1877 xv
1135 1840 1274 1878 *·.Pr1·-

43 1968 45 1974 ‚
111 1946 189 1980 4·
215 1949 326 1987 homo
351 1948 396 1985 de
413 1947 528 1993 caelo,
557 1947 730 1984 caelestis.
760 1932 913 1983 Primus
931 1954 1063 1984 autem
1081 1947 1202 1983 horno
1223 1954 1278 1983 est

51 2031 53 2033 .
114 2000 149 2024 ’·’
215 2002 361 2045 Adam:
391 2000 584 2038 secundus
603 2000 725 2036 homo
754 2006 808 2036 est
830 1999 1016 2037 Christus.
1045 1999 1147 2047 Ergo
1166 1998 1277 2037 Chri-

46 2052 49 2079 Γ
147 2059 150 2067 ²
184 2076 191 2085 .
217 2061 296 2093 sms
322 2065 402 2091 non
430 2060 487 2090 est
512 2064 559 2090 ex
586 2053 728 2098 Adam,
756 2052 825 2088 sed
853 2052 968 2091 habet
995 2053 1044 2089 ab
1073 2064 1119 2089 eo
1148 2051 1278 2090 distin·

127 2107 158 2147 :111
217 2114 318 2150 etam
345 2105 543 2154 originem.
1304 2116 1307 2155 Ι

130 2159 139 2186 9
156 2175 158 2177 ·
272 2171 307 2197 2.
327 2160 559 2203 PRAETEREA‚
574 2157 775 2207 conceptio
792 2156 931 2194 Christi
950 2156 1082 2195 debuit
1100 2170 1182 2195 esse
1201 2169 1279 2194 ma-

121 2247 142 2258 .,,
217 2224 319 2257 ἔξω
346 2211 587 2251 miraculosa.
618 2210 695 2247 Sed
721 2209 846 2247 maius
872 2218 927 2247 est
949 2209 1181 2248 mirac-ulum
1208 2211 1279 2248 for-

39 2290 46 2309 ³
124 2256 174 2309 '³52
219 2277 324 2305 mare
358 2276 500 2313 corpus
533 2262 701 2301 hominis
734 2275 781 2300 ex
808 2262 901 2300 limo
933 2271 1054 2301 terrae
1087 2275 1206 2313 quam
1234 2275 1281 2301 ex

46 2361 49 2369 f
219 2317 377 2361 materia
403 2318 587 2363 humana,
616 2328 716 2365 quae
744 2316 792 2352 de
821 2315 947 2353 Adam
974 2316 1145 2354 trahitur.
1179 2317 1280 2364 Ergo

219 2370 372 2411 videtur
397 2370 506 2419 quod
532 2381 613 2406 non
639 2368 708 2406 fuit
735 2367 971 2407 conveniens
1000 2368 1196 2406 Christum
1232 2369 1281 2407 ab

119 2419 193 2451 ’Ἢ
221 2423 347 2467 Adam
373 2434 530 2461 carnem
557 2421 821 2471 assumpsisse.
859 2422 960 2469 Ergo
988 2421 1141 2459 videtur
1175 2421 1283 2471 quod

222 2488 362 2527 empus
377 2475 521 2515 Christi
548 2487 629 2512 non
656 2474 789 2512 debuit
814 2473 971 2512 formari
999 2475 1047 2511 de
1066 2487 1194 2513 massa
1210 2476 1283 2511 hu-

139 2550 196 2578 „³2-
222 2529 330 2570 mani
352 2528 502 2578 generis
528 2527 698 2566 derivata
725 2527 774 2565 ab
801 2527 948 2574 Adam,
985 2528 1052 2564 sed
1079 2528 1128 2565 de
1155 2527 1284 2578 aliqua

128 2578 159 2617 3³ss
203 2579 296 2621 *aelia
321 2581 491 2619 materia.

155 2655 159 2663 ι
277 2635 312 2672 3.
341 2635 580 2681 ΡΜΕΤΕΚΕΑ,
608 2640 804 2684 peccatum
832 2635 870 2670 in
898 2635 997 2671 hunc
1024 2634 1204 2671 mundum
1233 2635 1284 2671 in-

134 2720 153 2734 „
224 2689 332 2727 trava
360 2700 432 2737 per
464 2689 650 2725 hominem
684 2699 820 2732 unum,
849 2686 988 2724 scilicet
1014 2687 1160 2733 Adam,
1194 2686 1286 2736 quia

149 2756 198 2774 1
225 2751 361 2780 omnes
397 2740 437 2778 in
464 2752 512 2778 eo
539 2747 669 2787 gentes
706 2739 935 2788 originaliter
959 2745 976 2761 ‘²
1006 2748 1284 2789 peccaverunt:

133 2787 162 2828 ‘a
226 2801 269 2831 ut
293 2801 396 2844 patet
422 2794 533 2830 Rom.
553 2805 577 2830 v
594 2792 626 2829 *.
657 2793 734 2830 Sed
761 2792 792 2829 si
820 2804 961 2842 corpus
987 2792 1129 2831 Christi
1157 2792 1287 2835 fuisset

143 2876 154 2879 „
227 2845 276 2884 ab
302 2846 430 2884 Adam
457 2853 673 2895 sumptum,
703 2845 784 2894 ipse
812 2845 927 2883 etiam
954 2846 995 2882 in
1021 2846 1149 2883 Adam
1177 2845 1287 2893 origi—

227 2897 361 2939 naliter
391 2898 522 2936 fuisset
553 2898 711 2947 quando
739 2897 922 2947 peccavit.
955 2899 1058 2946 Ergo
1086 2906 1288 2947 peccatum

151 2947 173 2981 Γ
195 2951 199 2962 ’“
229 2950 408 3000 originale
435 2950 693 2988 contraxisset.
723 2951 844 2997 Quod
872 2962 952 2988 non
971 2951 1130 2988 decebat
1149 2950 1289 2988 Christi

155 3006 162 3010 ”
198 3023 201 3026 <
229 3003 443 3054 puritatem.
485 3004 579 3040 Non
606 3014 696 3051 ergo
724 3015 865 3052 corpus
893 3002 1033 3040 Christi
1060 3011 1119 3041 >est
1149 3004 1289 3041 forma—

121 3065 158 3102 ³ss
229 3064 314 3099 tum
340 3057 388 3094 de
416 3055 574 3094 materia
599 3063 755 3104 sumpta
782 3055 831 3092 ab
859 3056 996 3094 Adam.

155 3106 165 3124 '⁷
234 3139 241 3143 ..
261 3150 265 3153 Α
279 3109 358 3148 SED
372 3120 517 3146 CONTRA
531 3119 597 3146 rsr
607 3108 719 3156 quod
727 3109 935 3156 Apostolus
949 3107 1049 3154 dicit,
1062 3109 1288 3147 adHeb.11*:

231 3162 426 3211 Nusquam
454 3161 611 3211 angelos
628 3161 877 3209 apprehendit,
906 3159 1044 3198 scilicet
1062 3160 1180 3199 Filius
1199 3161 1289 3199 Dei:

231 3214 296 3258 331
325 3226 450 3251 semen
486 3213 663 3251 Abrahae
697 3212 947 3262 apprehenda.
983 3213 1129 3250 ,Semen
1161 3221 1291 3251 autem

233 3266 411 3310 Abrahae
442 3273 646 3315 sumptum
676 3272 735 3302 est
768 3265 817 3301 ab
843 3264 982 3302 Adam.
1020 3266 1122 3312 Ergo
1151 3277 1291 3314 corpus

236 3317 374 3362 &xristi
386 3318 455 3357 fuit
468 3318 676 3356 formatum
691 3317 739 3354 de
753 3317 912 3354 materia
925 3329 972 3354 ex
985 3317 1111 3355 Adam
1125 3326 1289 3367 sumpta.

894 277 1156 324 QUAEsrlo
1185 277 1327 322 xxm,

289 3430 317 3466 α)
333 3435 426 3465 gentes
443 3432 621 3465 originaliter.
634 3445 653 3450 -
670 3431 841 3464 originaliter
859 3434 951 3464 gentes
969 3431 1037 3460 GHI,
1052 3431 1220 3464 originaliter
1235 3432 1293 3457 exi-

237 3469 335 3492 :rentes
352 3467 485 3493 editiones.

243 3518 253 3531 Γ
271 3530 275 3532 ·
290 3524 295 3534 ⁴
318 3554 329 3560 Η
377 3520 485 3545 sunu
502 3519 604 3545 Tin-01..
617 3519 648 3545 D.
666 3518 781 3544 ‘raom
799 3518 832 3544 T.
850 3518 913 3544 VIll.

1357 275 1648 314 ARTICULUS
1676 276 1690 313 Ι
2304 275 2351 311 32
2361 286 2374 311 1

234 595 235 598 Ν
710 512 1123 590 QUAESTIO
1161 482 1880 567 TRIGEsmAPRIMA

220 645 224 653 s
296 628 301 633 ⁴
336 635 420 676 DE
451 632 728 675 MATERIA
761 632 844 672 DE
878 631 1007 683 QUA
1041 630 1277 671 CORPUS
1312 628 1698 670 SALVATORIS
1733 628 2106 670 CONCEPTUM
2139 629 2253 669 EST

1090 744 1188 770 OCTO
1200 762 1203 764 >
1216 743 1418 769 ARTICULOS
1445 743 1557 767 DIVISA

1377 837 1548 883 Quarto:
1586 843 1718 873 utrum
1756 836 1926 873 decuerit
1964 836 2160 873 Christum
2196 835 2301 873 nasci
2338 836 2387 873 de

1429 895 1584 932 femina.

1378 954 1545 1001 Quinto:
1566 962 1697 991 utrum
1716 954 1827 991 fuerit
1845 955 1893 991 de
1912 954 2124 1004 purissimis
2139 955 2388 1002 sanguinibus

1429 1012 1594 1061 Virginis
1622 1025 1764 1062 corpus
1793 1012 1874 1050 eius
1901 1013 2121 1050 formatum.

1379 1073 1515 1110 Sexto:
1554 1081 1683 1109 utrum
1720 1085 1809 1110 caro
1839 1073 1977 1109 Christi
2014 1072 2125 1110 fuerit
2157 1073 2196 1109 in
2224 1073 2388 1122 antiquis

1432 1130 1607 1168 Patribus
1635 1131 1850 1168 secundum
1878 1131 2020 1180 aliquid
2037 1132 2250 1179 signatum.

1381 1189 1573 1238 Septimo:
1603 1197 1736 1226 utrum
1754 1202 1843 1227 caro
1865 1190 2003 1227 Christi
2022 1190 2062 1227 in
2081 1191 2256 1228 Patribus
2279 1191 2390 1228 fuerit

1432 1258 1592 1298 peccato
1621 1249 1802 1287 obnoxia.

1382 1309 1553 1346 Octavo:
1591 1316 1724 1345 utrum
1752 1308 1863 1345 fuerit
1892 1309 2079 1346 decimata
2107 1309 2146 1346 in
2174 1309 2315 1346 lumbis
2342 1310 2391 1344 A-

1433 1367 1589 1405 brahae.

1020 1475 1339 1518 ARTICULUS
1369 1476 1576 1519 PRIMUS

745 1569 902 1600 UTRUM
926 1568 1044 1600 CARo
1069 1568 1243 1599 CHRls‘rt
1266 1569 1426 1600 FUERIT
1452 1569 1627 1600 SUMPTA
1650 1571 1708 1601 Ex
1731 1571 1857 1601 ADAM

932 1647 1074 1679 Compend.
1097 1647 1192 1677 neon,
1213 1655 1270 1680 cap.
1289 1655 1388 1678 ccxv11;
1408 1648 1437 1672 In
1458 1648 1565 1678 Isaiam,
1585 1656 1639 1681 cap.
1657 1657 1691 1674 x1.

1382 1737 1606 1773 RESPONDEO
1630 1749 1812 1774 DICENDUM
1841 1739 1948 1786 quod
1978 1737 2151 1775 Christus
2179 1739 2394 1775 humanam

1329 1796 1507 1825 naturam
1526 1789 1733 1838 assumpsit
1760 1798 1802 1826 ut
1829 1802 1916 1827 eam
1943 1803 1965 1827 a
1984 1790 2229 1839 corruptione
2258 1803 2394 1840 purga-

1329 1849 1396 1878 ret.

1330 1901 1467 1930 natura
1494 1893 1566 1931 nisi
1594 1895 1810 1932 secundum
1839 1896 1945 1944 quod
1969 1896 2105 1932 infecta
2124 1904 2203 1932 erat
2230 1908 2300 1945 per
2323 1897 2396 1933 ori-

1330 1946 1459 1994 ginem
1488 1946 1659 1984 vitiatam
1696 1960 1774 1997 qua
1802 1960 1848 1985 ex
1875 1949 2003 1986 Adam
2040 1949 2306 1986 descendebat.
2349 1951 2397 1986 Et

1331 1999 1419 2036 ideo
1448 1999 1683 2038 conveniens
1711 2001 1779 2038 suit
1806 2009 1848 2038 ut
1876 2013 2031 2039 carnem
2051 2009 2223 2039 sumeret
2251 2013 2297 2038 ex
2316 2015 2396 2040 ma—

1331 2052 1424 2089 teria
1449 2052 1500 2090 ab
1529 2053 1655 2091 Adam
1683 2053 1869 2100 derivata,
1900 2062 1943 2092 ut
1970 2054 2054 2104 ipsa
2080 2062 2216 2093 natura
2243 2067 2314 2104 per
2340 2067 2397 2092 as-

1438 1842 1531 1878 Non
1569 1850 1700 1879 autem
1735 1843 1963 1891 purgatione
1996 1843 2187 1890 indigebat
2223 1844 2396 1880 humana

1333 2105 1596 2153 sumptionem
1624 2114 1832 2144 curaretur.

1386 2159 1444 2194 An
1464 2169 1599 2196 PmMUM
1617 2170 1717 2196 ERGO
1735 2171 1917 2197 DICENDUM
1933 2160 2040 2208 quod
2055 2160 2248 2198 secundus
2262 2161 2396 2208 homo,

1334 2209 1430 2248 idest
1459 2210 1643 2257 Christus,
1674 2211 1810 2250 dicitur
1828 2224 1910 2249 esse
1931 2212 1978 2250 de
1997 2214 2115 2260 caelo,
2139 2225 2220 2249 non
2239 2213 2398 2262 quidem

1335 2271 1525 2311 quantum
1559 2264 1607 2300 ad
1635 2264 1835 2302 materia-m
1862 2264 2055 2314 corporis:
2094 2266 2161 2302 sed
2188 2267 2251 2302 vel
2276 2278 2398 2315 quan-

1334 2323 1419 2352 tum
1445 2316 1495 2353 ad
1523 2316 1704 2355 virtutem
1723 2317 1967 2355 formativam
1986 2317 2175 2367 corporis;
2204 2320 2265 2355 vel
2285 2318 2399 2357 etiarn

1336 2377 1524 2417 quantum
1555 2370 1603 2406 ad
1630 2369 1756 2418 ipsam
1783 2369 1866 2409 eius
1893 2370 2142 2409 divinitatem.
2173 2371 2399 2409 Secundum

1337 2429 1467 2460 autem
1494 2422 1695 2460 materiam
1734 2434 1876 2472 corpus
1908 2423 2050 2461 Christi
2082 2422 2151 2460 fuit
2185 2430 2398 2472 terrenum,

1337 2474 1434 2513 sicut
1461 2482 1498 2513 et
1525 2487 1668 2524 corpus
1695 2476 1813 2513 Adae.

1390 2529 1447 2565 AD
1475 2540 1664 2566 SECUNDUM
1691 2540 1872 2566 mOENDUM
1901 2529 2019 2577 quod,
2049 2529 2144 2567 sicut
2172 2529 2321 2578 supra*
2345 2529 2400 2570 di-

1338 2588 1444 2618 ctum
1459 2588 1523 2627 est.
1540 2581 1766 2630 mysterium
1780 2581 2049 2619 incarnationis
2065 2581 2203 2620 Christi
2222 2589 2277 2619 est
2290 2581 2401 2631 quid-

1340 2634 1431 2672 dam
1457 2634 1746 2680 miraculosum,
1776 2646 1856 2671 non
1884 2634 1980 2672 sicut
2002 2634 2223 2672 ordinatum
2240 2635 2291 2672 ad
2310 2647 2400 2673 con-

1339 2686 1600 2724 firmationem
1626 2686 1738 2734 fidei,
1775 2687 1841 2724 sed
1876 2687 1971 2724 sicut
2003 2687 2182 2725 articulus
2208 2687 2310 2725 fidei.
2354 2688 2403 2725 Et

1339 2739 1428 2778 ideo
1447 2739 1487 2777 in
1500 2739 1684 2789 mysterio
1703 2739 1973 2777 incarnationis
1991 2752 2071 2777 non
2087 2739 2290 2789 requiritur
2308 2740 2402 2788 quid

1341 2792 1387 2829 sit
1422 2792 1547 2831 maius
1580 2792 1830 2839 miraculum,
1868 2793 1965 2837 sicut
2000 2792 2038 2829 in
2073 2792 2265 2830 miraculis
2294 2804 2402 2841 *quae

1341 2845 1441 2883 fiunt
1467 2846 1518 2883 ad
1546 2844 1882 2882 confirmationem
1909 2844 2017 2883 fidei:
2052 2846 2121 2883 sed
2154 2844 2247 2893 quid
2275 2844 2320 2882 sit
2348 2845 2403 2883 di-

1341 2898 1454 2936 vinae
1473 2897 1678 2947 sapientiae
1697 2897 1997 2944 convenientius
2013 2905 2050 2935 et
2064 2897 2183 2945 magis
2198 2898 2403 2947 expediens

1343 2952 1538 2989 humanae
1555 2950 1678 2996 saluti,
1698 2950 1806 2999 quod
1825 2949 2028 2998 requiritur
2045 2949 2084 2988 in
2104 2949 2285 2988 omnibus
2304 2963 2403 2999 quae

1344 3003 1435 3040 fidei
1464 3010 1562 3039 sunt.

1397 3057 1467 3093 Vel
1495 3063 1620 3104 potest
1647 3054 1722 3093 dici
1756 3055 1863 3103 quod
1891 3054 1930 3092 in
1958 3055 2140 3104 mysterio
2176 3054 2403 3094 incarnatio-

1346 3108 1404 3146 nis
1432 3120 1512 3146 non
1534 3109 1664 3145 solum
1688 3107 1894 3145 attenditur
1915 3107 2147 3145 miraculum
2175 3120 2221 3144 ex
2247 3108 2405 3146 materia

1346 3169 1574 3209 conceptus,
1604 3161 1671 3197 sed
1700 3160 1823 3208 magis
1851 3172 1897 3197 ex
1925 3161 2045 3198 modo
2080 3160 2342 3210 conceptionis
2369 3169 2406 3197 et

1346 3221 1498 3262 partus:
1537 3213 1627 3261 quia
1664 3212 1803 3250 scilicet
1837 3212 1943 3260 virgo
1980 3212 2156 3263 concepit
2189 3221 2226 3250 et
2255 3213 2406 3263 peperit

1346 3267 1476 3304 Deum
1495 3264 1520 3303 β,

1399 3320 1456 3355 AD
1484 3330 1640 3356 ‘reanum
1669 3330 1848 3356 DICENDUM
1877 3319 2002 3367 quod,
2038 3318 2134 3357 sicut
2168 3331 2284 3367 supra
2304 3319 2324 3340 ἰ’
2350 3319 2405 3356 di·
2433 3306 2554 3355 2332„

1402 3430 1427 3466 β)
1447 3432 1542 3457 Deum.
1560 3446 1579 3450 —
1597 3429 1660 3457 Om.
1680 3431 1764 3462 Pom
1779 3432 1847 3457 alias
1866 3435 1891 3457 et
1907 3432 2013 3464 peperit
2031 3432 2107 3457 deum
2128 3439 2218 3464 margo
2237 3433 2266 3457 P.

2229 3526 2259 3551 4¹

2531 3259 2545 3293 β

2429 2530 2639 2558 'Qu-,fflxxixart

2428 2557 2456 2579 nd
2471 2563 2491 2579 2.

2569 3310 2610 3328 art.
2625 3314 2644 3333 ι,
