2872 3970
240 428 248 438 ·
264 426 329 447 Vers.
346 431 377 454 ²3·

244 1574 454 1626 ·Α1·15,<14Χ5’;

242 1582 415 1628 111.¹qu1.xx

242 1632 284 1650 a.rt
300 1633 318 1655 5,
338 1627 392 1648 nd-

259 3160 268 3169 ·
283 3158 351 3180 Vers.
365 3164 398 3185 25.

263 3523 272 3532 ·
287 3521 353 3543 Vei-s.
371 3520 404 3542 16.

482 298 560 334 474

534 363 567 399 3.
598 364 830 409 PRAETEREA‚
851 373 957 398 mors
976 367 1031 398 est
1058 371 1187 409 poena
1213 358 1543 407 peccati1secun-

478 416 575 453 dum
594 414 687 452 illud
705 415 815 452 Rom.
835 425 870 451 vi
888 413 924 450 ²¹⁸:
955 412 1142 462 Stipendia
1160 412 1304 461 peccati
1324 421 1435 449 mors.
1467 409 1544 447 Sed

480 469 607 506 adhuc
634 474 721 517 post
747 465 969 516 passionem
998 464 1136 502 Christi
1170 463 1349 500 homines
1372 461 1544 499 moriun—

479 529 551 558 tur.
589 520 691 568 Ergo
724 518 876 556 videtur
911 518 1018 567 quod
1052 528 1121 566 per
1155 515 1376 565 passionem
1405 513 1544 551 Christi

482 585 563 612 non
590 584 726 610 sumus
754 583 777 608 a
804 579 910 608 reatu
937 582 1089 620 poenae
1117 568 1262 605 liberati
1282 573 1310 604 α.

535 626 609 663 SED
639 636 783 662 CONTRA
802 636 867 661 Esr
887 623 994 672 quod
1014 621 1152 659 dicitur
1169 620 1286 658 Isaiae
1306 618 1414 657 L111*:
1452 619 1546 662 Vere

481 680 683 729 languores
707 682 850 714 nostros
868 678 944 726 ipse
970 675 1059 721 tulit,
1080 680 1113 711 et
1131 674 1277 711 dolores
1305 677 1449 709 nostros
1469 670 1546 721 ipse

476 732 649 782 portavit.

535 785 758 821 REsPonnEo
778 793 958 819 DicENDUM
983 780 1090 829 quod
1108 790 1178 828 per
1196 777 1416 828 passionem
1435 776 1544 814 Chri-

482 836 526 874 sti
555 835 698 874 liberati
718 846 853 872 sumus
872 846 895 870 a
913 841 1020 870 reatu
1045 843 1195 881 poenae
1215 829 1425 879 dupliciter.
1454 830 1543 868 Uno

482 889 613 936 modo,
634 888 791 925 directe:
822 886 1053 935 inquantum
1082 884 1221 921 scilicet
1246 882 1374 932 passio
1404 881 1544 920 Christi

480 942 548 979 fuit
581 940 773 978 sufficiens
808 946 843 976 et
880 937 1199 987 superabundans
1235 934 1435 973 satisfactio
1472 947 1544 984 pro

481 993 643 1044 peccatis
670 993 786 1030 totius
814 990 976 1028 humani
1004 989 1162 1038 generis
1198 988 1378 1026 Exhibita
1415 995 1546 1025 autem

481 1045 730 1084 satisfactione
759 1043 977 1090 sufficienti,
1004 1042 1146 1080 tollitur
1173 1049 1300 1079 reatus
1327 1053 1489 1091 poenae.
1518 1063 1545 1068 -

481 1100 566 1137 Alio
595 1099 734 1146 modo,
762 1096 960 1135 indirecte:
994 1095 1224 1156 inquantum
1253 1094 1392 1132 scilicet
1416 1093 1544 1143 passio

483 1152 621 1190 Christi
649 1159 705 1188 est
723 1128 839 1188 causa
857 1148 1092 1187 remissionis
1120 1147 1277 1197 peccati,
1298 1146 1337 1184 in
1351 1159 1436 1196 vquo
1460 1147 1545 1184 fun-

481 1206 593 1242 datur
620 1212 745 1241 reatus
773 1214 934 1253 poenae

534 1259 591 1295 An
620 1269 755 1295 Palmum
783 1268 881 1293 ERoo
909 1266 1091 1292 mcENDUM
1120 1253 1228 1303 quod
1255 1253 1384 1303 passio
1405 1251 1546 1290 Christi

482 1310 635 1348 sortitur
663 1310 844 1347 effectum
871 1320 988 1345 suum
1015 1308 1054 1345 in
1074 1306 1144 1344 illis
1164 1305 1307 1356 quibus
1334 1305 1548 1355 applicatur

482 1376 551 1413 per
577 1363 697 1400 fidem
726 1370 761 1399 et
789 1361 994 1403 caritatem,
1024 1367 1060 1396 et
1087 1371 1157 1409 per
1175 1358 1267 1397 fidei
1295 1366 1544 1396 sacramenta.

482 1417 530 1454 Et
558 1415 645 1452 ideo
674 1413 843 1453 damnati
872 1413 910 1450 in
934 1413 1094 1459 inferno,
1115 1411 1182 1461 qui
1201 1398 1396 1461 praedicto
1423 1411 1546 1449 modo

482 1469 649 1518 passioni
671 1467 810 1505 Christi
838 1479 917 1503 non
937 1466 1235 1513 coniunguntur,
1256 1465 1439 1502 effectum
1464 1464 1547 1502 eius

482 1521 677 1571 percipere
707 1533 786 1557 non
814 1527 986 1570 possunt.

535 1576 592 1611 An
612 1585 800 1611 SECUNDUM
819 1583 1001 1610 DICENDUM
1021 1571 1140 1620 quod,
1162 1570 1259 1608 sicut
1280 1570 1426 1608 dictum
1446 1577 1501 1607 est
1514 1569 1545 1617 ²¹²,

483 1628 531 1664 ad
561 1628 634 1664 hoc
672 1627 779 1676 quod
817 1637 1104 1684 consequamur
1141 1624 1320 1661 effectum
1359 1622 1548 1673 passionis

485 1679 635 1727 Christi,
656 1686 806 1728 oportet
829 1691 901 1715 nos
921 1678 955 1715 ei
975 1676 1216 1725 configurari.
1248 1676 1549 1724 Configuramur

484 1741 614 1770 autem
633 1732 667 1769 ei
687 1732 726 1769 in
745 1731 936 1781 baptismo
964 1729 1301 1767 sacramentaliter:
1331 1729 1549 1766 secundum

484 1786 577 1823 illud
587 1787 698 1823 Rom.
709 1785 790 1822 V1*:
816 1784 1028 1833 Consepulti
1044 1795 1171 1820 sumus
1190 1784 1225 1819 ei
1236 1795 1309 1832 per
1327 1783 1548 1832 baptismum

485 1841 522 1876 in
552 1845 719 1875 mortem.
756 1837 867 1875 Unde
895 1835 1092 1885 baptizatis
1121 1836 1225 1872 nulla
1252 1846 1380 1884 poena
1408 1834 1549 1871 satisfa-

539 1951 567 1985 α)
588 1951 689 1984 Ergo...
702 1950 847 1975 liberativ-
861 1950 935 1983 Ergo
946 1957 997 1982 per
1011 1949 1164 1982 passionem
1181 1948 1281 1974 Christi
1293 1955 1344 1973 non
1358 1951 1421 1973 sunt
1433 1947 1551 1973 homines

486 1987 593 2012 liberati
609 1994 626 2011 a
645 1989 721 2011 reatu
739 1993 841 2018 poenae
860 1986 883 2010 H
903 1991 929 2010 et
947 1985 1087 2015 editiones;
1111 1985 1230 2010 homines
1249 1984 1428 2009 moriuntur...
1451 1983 1551 2008 Christi

486 2031 539 2048 om.
558 2024 591 2047 A.

1160 2089 1496 2121 Commentario.
1517 2087 1771 2120 cardinalis
1792 2087 1995 2120 Caietani

548 2173 654 2193 nurus
685 2162 797 2192 clarus.
821 2179 841 2184 —
874 2161 909 2191 In
933 2169 1068 2200 corpore
1096 2169 1161 2190 una
1185 2159 1370 2190 conclusio:
1394 2159 1458 2189 Per
1474 2168 1552 2199 pas-

489 2175 669 2238 Tsionem
695 2205 814 2236 Christi
838 2205 965 2236 liberati
991 2214 1102 2235 sumus
1131 2213 1152 2234 a
1177 2208 1269 2234 reatu
1290 2211 1419 2244 poenae
1448 2202 1552 2253 dupli-

488 2252 585 2282 citer:
607 2251 728 2281 scilicet
749 2250 878 2284 directe,
895 2254 927 2280 et
941 2248 1104 2279 indirecte.
1122 2248 1278 2278 Probatur
1293 2246 1403 2287 quoad
1418 2247 1554 2287 primam

488 2301 628 2336 partem·
654 2295 729 2334 quia
752 2294 857 2334 passio
882 2293 999 2324 Christi
1023 2297 1070 2323 est
1097 2291 1268 2322 satisfactio
1293 2290 1554 2342 superabundans

488 2350 547 2380 pro
571 2349 677 2379 poena
699 2339 798 2369 totius
820 2338 944 2368 mundi.
969 2336 1088 2375 Quoad
1121 2336 1314 2367 secundam:
1349 2335 1424 2376 quia
1446 2335 1552 2376 passio

490 2383 607 2414 Christi
630 2383 772 2413 liberavit
795 2392 813 2412 a
836 2388 987 2422 peccam,
1011 2391 1078 2431 quo
1102 2381 1204 2411 homo
1235 2385 1375 2411 meretur
1402 2388 1553 2420 poenam.

544 2427 681 2458 Adverte
697 2427 749 2457 hic
765 2425 854 2466 quod
870 2426 1014 2456 liberatio
1030 2426 1135 2465 primo
1151 2424 1252 2455 modo
1272 2424 1399 2464 respicit
1414 2433 1555 2463 poenam

489 2471 709 2512 temporalem,
734 2471 799 2501 sive
823 2471 874 2501 hic
897 2471 962 2500 sive
986 2470 1020 2500 in
1043 2470 1103 2500 alia
1126 2470 1190 2499 vita
1213 2468 1362 2499 debitam.
1393 2467 1554 2498 Liberatio

490 2526 565 2546 vero
590 2515 732 2546 secundo
757 2514 858 2545 modo
881 2514 1010 2555 respicit
1033 2523 1173 2554 poenam
1197 2518 1368 2548 aeternam,
1386 2522 1404 2542 a
1420 2521 1484 2552 qua
1498 2521 1556 2552 per

490 2561 673 2600 passionem
697 2559 814 2589 Christi
836 2559 1017 2593 liberamur,
1042 2557 1120 2588 dum
1144 2567 1162 2587 a
1180 2557 1330 2588 servitute
1353 2556 1556 2597 9599511011-

1270 2689 1589 2733 ARTICULUS
1620 2690 1894 2740 QUARTUS

923 2785 1080 2816 UTRUM
1103 2784 1185 2815 PER
1209 2783 1451 2814 PAssmNEM
1475 2783 1648 2814 CHRISTI
1672 2783 1799 2815 s1Mus
1821 2782 1911 2814 DEo
1935 2781 2247 2814 RECONclLlATl

1059 2862 1089 2886 111
1110 2862 1192 2890 Sent„
1213 2861 1271 2887 dist.
1289 2869 1340 2890 xxx,
1359 2866 1406 2886 art.
1427 2860 1450 2891 5,
1471 2860 1520 2893 qu*
1541 2867 1571 2890 1;
1592 2861 1621 2885 In
1642 2861 1735 2894 Symb.
1754 2862 1856 2893 Apost„
1876 2865 1922 2886 art.
1941 2867 1968 2892 4.

546 2962 591 2978 .xi
628 2974 646 2985 ,

531 3035 536 3042 .
540 2987 697 3065 'it‘-

708 3009 776 3046 per
803 2996 1024 3046 passionem
1054 2995 1192 3032 Christi
1220 3007 1300 3032 non
1329 2994 1449 3032 simus
1473 2995 1558 3032 Deo

534 3084 539 3097 ,
574 3066 635 3094 ar,
655 3056 677 3098 ἦ
710 3049 948 3086 reconciliati.
977 3047 1248 3085 Reconciliatio
1269 3047 1373 3084 enim
1393 3059 1473 3084 non
1493 3048 1558 3084 ha-

555 3078 651 3137 c⁶2³3)
666 3095 772 3139 &bet
791 3103 921 3139 locum
941 3101 1038 3138 inter
1057 3101 1213 3138 amicos.
1239 3101 1315 3138 Sed
1334 3101 1440 3137 Deus
1460 3112 1558 3137 sern-

497 3167 565 3203 per
588 3153 715 3191 dilexit
734 3167 824 3191 nos:
856 3154 1071 3191 secundum
1091 3153 1183 3190 illud
1203 3155 1288 3203 Sap.
1308 3166 1342 3190 xl
1357 3153 1393 3190 *ε
1423 3153 1559 3203 Diligis

498 3209 623 3244 omnia
650 3219 744 3255 quae
761 3213 854 3253 sunt,
876 3213 908 3243 et
928 3207 1018 3243 nihil
1037 3207 1142 3243 odisti
1160 3219 1289 3243 eorum
1310 3218 1404 3256 quae
1420 3207 1556 3254 fecisti.

499 3261 599 3307 Ergo
619 3260 744 3308 passio
766 3259 904 3297 Christi
933 3271 1013 3296 non
1042 3259 1298 3296 reconciliavit
1317 3271 1388 3296 nos
1409 3259 1504 3296 Deo.

554 3324 586 3348 2.
617 3313 845 3358 PRAETEREA,
862 3324 941 3348 non
961 3319 1084 3360 potest
1103 3311 1206 3348 idem
1226 3323 1307 3348 esse
1327 3311 1559 3361 principium

500 3372 535 3400 et
555 3365 725 3401 effectus:
756 3365 859 3402 unde
879 3363 1007 3411 gratia,
1029 3376 1128 3412 quae
1148 3372 1203 3400 est
1222 3364 1454 3414 principium
1479 3376 1559 3401 me—

501 3417 628 3460 rendi,
658 3429 736 3454 non
772 3416 870 3454 cadit
903 3417 974 3453 sub
1012 3416 1159 3453 merito.
1200 3417 1276 3454 Sed
1309 3416 1459 3454 dilectio
1488 3417 1559 3454 Dei

502 3477 555 3506 est
574 3468 804 3518 principium
824 3468 1011 3518 passionis
1041 3468 1197 3506 Christi:
1229 3469 1444 3506 secundum
1468 3469 1560 3506 illud

501 3521 691 3558 Ioan.111*:
713 3523 772 3558 Sic
786 3523 886 3558 Deus
905 3521 1030 3558 dilexit
1048 3521 1227 3557 mundum
1247 3527 1284 3558 ut
1299 3522 1434 3559 Filium
1453 3534 1560 3559 suum

502 3575 730 3623 unigenitum
752 3574 864 3610 daret.
886 3574 977 3610 Non
993 3585 1081 3620 ergo
1098 3572 1248 3610 videtur
1267 3573 1374 3622 quod
1392 3585 1461 3623 per
1475 3586 1560 3622 pas-

1160 280 1433 328 QUAESTlo
1453 280 1593 327 XLIX,-
1621 251 1914 320 ARTICULUS
1941 279 1992 317 lv

1571 1201 1574 1214 '
1598 1199 1681 1237 buit
1707 1198 1867 1247 gratiam
1891 1198 1931 1236 in
1949 1198 2080 1240 anima
2098 1210 2189 1236 cum
2216 1198 2459 1259 passibilitate
2477 1207 2708 1259 corpeus*

1573 1557 1575 1569 .
1600 1516 1730 1554 bimur
1757 1516 1806 1553 ad
1832 1515 2082 1553 hereditatem
2108 1515 2250 1564 gloriae
2278 1514 2580 1562 immortalitatis,
2598 1513 2648 1553 ad

1573 1573 1575 1580 ’
1601 1571 1679 1607 huc
1693 1581 1835 1618 corpus
1854 1567 2031 1618 passibile
2046 1576 2083 1605 et
2096 1570 2257 1607 mortale
2270 1569 2472 1614 habentes3
2493 1574 2665 1618 posmo-

646 2957 729 3011 «0
750 2955 921 3002 omaro-M
941 2955 992 2980 s1c
1013 2954 1248 2979 PROCEDITUR.
1272 2941 1433 2979 Videtur
1451 2941 1558 2990 quod
1583 2940 1587 2991 Ι
1613 2941 1763 2978 sionem
1792 2941 1932 2979 Christi
1960 2941 2081 2978 simus
2109 2940 2338 2978 reconciliati
2365 2941 2463 2988 Deo,
2489 2939 2540 2979 ita
2566 2935 2639 2990 qu

1598 356 1716 395 ctoria
1735 355 1971 406 imponitur:
2001 357 2093 406 quia
2120 365 2209 395 sunt
2235 356 2397 398 totaliter
2412 357 2569 397 liberati
2590 369 2660 408 pet

1598 408 1891 452 satisfactionem
1916 409 2070 448 Christi.
2105 409 2209 457 Quia
2233 422 2327 448 vero
2359 410 2661 458 Chremsemcl
2708 406 2756 451 '³1³1

1597 467 1739 501 tantum
1761 474 1836 513 pro
1849 461 2012 512 peccatis
2030 458 2163 503 nostris
2187 468 2354 502 mortuus
2381 468 2510 509 estsut.
2523 461 2660 503 dicium

1597 514 1612 551 I
1631 514 1710 558 Pet.
1727 525 1759 551 m
1773 513 1805 560 ’ἢ
1825 513 1913 563 ideo
1933 526 2025 553 non
2032 522 2156 564 potest
2174 515 2301 553 homo
2321 514 2659 557 secundariomn-
2717 510 2770 562 ,Ϊζ

1597 565 1753 614 figurari
1773 565 1889 609 morti
1908 566 2047 607 Christi
2074 578 2144 616 per
2161 574 2451 609 sacramentum
2467 566 2703 617 baptismiffij

1597 619 1710 657 Unde
1738 626 1888 668 oportet
1915 619 2023 669 quod
2041 618 2094 661 1111
2111 619 2178 669 qui
2203 627 2291 669 post
2316 619 2563 680 baptismum
2571 626 2660 673 999τῖ
2743 616 2761 640 ”’

1597 679 1703 718 cant,
1732 671 2021 720 configuremur
2049 671 2201 711 Christo
2228 672 2387 722 patienti
2419 679 2502 733 ‘per
2516 657 2661 732 aliquid

1597 721 1836 780 poenalitatis
1863 726 1926 762 vel
1952 723 2159 774 passionis
2175 737 2295 774 quam
2322 724 2366 763 in
2391 724 2524 774 seipsis
2548 722 2660 765 5115115

1598 777 1724 814 neant.
1764 777 1876 824 Quae
1904 785 2035 819 tamen
2068 778 2191 816 multo
2219 777 2349 821 minor
2371 777 2514 818 sufficit
2539 786 2671 828 quam.
2702 790 2706 811 1

1598 837 1695 867 esset
1722 828 1914 878 condigna
1940 837 2116 879 peccato,
2145 831 2379 880 cooperante
2408 829 2663 871 mamedune

1599 882 1750 920 Christi.

1651 936 1708 972 Ao
1739 946 1899 973 marium
1932 946 2116 973 0195501111
2148 912 2257 985 quod
2287 933 2513 975 satisfactio

1598 988 1714 1026 habet
1748 987 1930 1026 effectum
1950 986 1998 1029 in
2025 987 2138 1029 nobis
2174 987 2406 1048 inquantum
2441 988 2602 1038 inoorpo

1599 1053 1688 1078 mur
1715 1040 1751 1078 ei
1778 1047 1821 1078 ut
1848 1039 2026 1078 membra
2051 1039 2181 1090 capiti,
2210 1040 2307 1079 sieut
2330 1052 2473 1101 supra
2467 1039 2488 1063 '⁸
2514 1036 2665 1087 dicuni*

1599 1101 1664 1131 est.
1695 1093 1874 1131 Membra
1908 1100 2039 1135 autem
2071 1101 2222 1142 oportet
2256 1093 2369 1154 capiti
2402 1105 2486 1134 esse
2512 1092 2649 1133 confer

1598 1146 1678 1184 mia
1695 1145 1722 1183 β.
1753 1146 1801 1184 Et
1828 1145 1930 1192 ideo,
1950 1145 2047 1183 sicut
2074 1145 2251 1186 Christus
2267 1146 2396 1196 primo
2415 1145 2577 1196 quidem
2591 1145 2664 1190 Μ’»

1598 1260 1636 1290 et
1647 1263 1719 1302 pet
1732 1250 1954 1301 passionem
1973 1251 2023 1290 ad
2040 1250 2202 1299 gloriam
2215 1250 2509 1291 immortalitatis
2520 1262 2666 1303 parve-1

1600 1305 1672 1352 nit;
1702 1304 1752 1342 ita
1771 1312 1807 1341 et
1825 1316 1909 1351 nos,
1929 1303 1997 1354 qui
2015 1316 2153 1344 sumus
2175 1305 2352 1345 membra
2376 1304 2472 1352 eius,
2491 1315 2571 1354 per
2576 1310 2665 1356 9551
2686 1323 2703 1355 ,1,

1599 1358 1751 1402 sionem
1778 1356 1899 1407 1951115
1925 1357 2136 1395 liberamur
2159 1356 2319 1418 quidem
2338 1370 2361 1395 a
2379 1365 2487 1396 reatu
2503 1354 2664 1401 91111811-
2688 1358 2710 1389 13*

1599 1411 1663 1448 bet
1690 1422 1852 1460 poenae,
1880 1409 1932 1448 ita
1954 1417 2103 1448 tamen
2111 1410 2219 1460 quod
2241 1410 2381 1486 9111110*ι
2393 1409 2607 1460 recipimus
2615 1407 2668 1455 {fa

1599 1463 1729 1501 anima
1748 1465 1924 1513 Spiritum
1952 1463 2157 1512 adoptionis
2168 1462 2381 1512 filiorum*
2384 1492 2392 1510 ‚
2417 1475 2497 1512 quo
2525 1460 2650 1501 adseri

1601 1623 1698 1660 dum
1725 1633 1832 1668 vero,
1860 1623 2088 1671 configurati
2107 1623 2340 1671 passionibus
2367 1627 2400 1659 et
2426 1621 2550 1661 mom·
2558 1620 2650 1666 Cha

1601 1677 1648 1713 sti
1663 1675 1694 1721 *‚
1711 1674 1750 1711 in
1768 1674 1929 1723 gloriam
1953 1674 2213 1712 immortalem
2231 1673 2501 1724 perducimur;
2530 1684 2655 1713 secun

1602 1705 1700 1766 duni
1727 1727 1821 1765 illud
1849 1726 2036 1776 Apostoli,
2054 1729 2170 1765 Rom.-
2186 1740 2244 1765 vm
2267 1727 2304 1764 *ε
2335 1729 2376 1765 Si
2393 1727 2473 1776 filii
2488 1727 2563 1764 Dei
2580 1731 2608 1773 Υ,

1602 1781 1764 1827 heredes,
1781 1780 1931 1818 heredes
1952 1780 2097 1830 quidem
2112 1782 2195 1827 Dei,
2210 1780 2407 1818 coheredes
2421 1785 2544 1818 autem
2561 1779 2667 1817 Chri-

1602 1836 1668 1871 sti:
1693 1835 1727 1871 si
1751 1839 1874 1871 tamen
1900 1835 2168 1883 compatimur,
2196 1839 2234 1870 ut
2259 1833 2372 1871 simul
2397 1832 2666 1884 glorificemur.
2692 1828 2710 1862 -ἐ

1658 1946 1684 1981 β)
1702 1954 1758 1972 esse
1775 1954 1824 1972 con
1837 1947 1961 1972 ormia—
1978 1947 2044 1980 cons
2041 1947 2146 1971 ormari
2163 1946 2240 1971 editio
2225 1954 2300 1971 (1.1155

1675 1982 1796 2016 )Dei.-
1842 1947 2125 2007 m.PH1.Prossimu1
2141 1981 2329 2015 glorificemur,
2348 1985 2375 2006 el
2392 1980 2473 2006 simul
2489 1977 2671 2015 glorificemur

1605 2018 1638 2047 lb.
1658 2021 1685 2043 et
1701 2017 1935 2051 conglorificemur
1954 2017 1984 2043 Ρ.

1629 2157 1719 2188 nalis
1742 2162 1773 2188 et
1795 2157 1938 2188 mortalis
1961 2156 2158 2188 redimimur.
2190 2156 2326 2197 Utrique
2355 2154 2514 2197 siquidem
2532 2161 2673 2204 9999900

1606 2167 1740 2232 ΞῙ51>51111
1771 2210 1878 2242 poena
1910 2206 2055 2232 aeterna:
2089 2200 2156 2237 sed,
2179 2200 2286 2231 ablato
2309 2206 2375 2232 tam
2398 2199 2546 2241 origimfl
2573 2206 2673 2244 quun

1606 2245 1734 2276 mortali
1765 2251 1914 2286 peccato,
1938 2245 2060 2276 tollitur
2083 2254 2122 2276 ex
2145 2245 2357 2286 consequenti
2388 2250 2495 2282 reatus
2511 2242 2676 2294 ,aeterum
2704 2259 2706 2261 ’

1607 2299 1732 2331 poenae
1755 2295 1925 2341 peccatum
1949 2290 2181 2320 concomitans.
2517 2329 2520 2330 ⁷

1663 2333 1700 2364 11
1718 2333 1754 2364 In
1775 2334 1986 2386 responsione
2002 2333 2042 2364 ad
2055 2332 2246 2370 secundum,
2261 2338 2340 2364 nota
2354 2332 2485 2364 calcem
2504 2336 2508 2338 “
2530 2333 2544 2373 J
2562 2334 2567 2338 ”

1607 2379 1674 2415 nis,
1699 2383 1731 2409 et
1753 2378 1882 2418 percipe
1911 2383 2032 2419 quanta
2052 2378 2093 2408 sit
2114 2378 2161 2408 vis
2183 2377 2400 2418 poenitentiae
2426 2374 2591 2417 sacramen

1609 2432 1691 2463 quae
1713 2422 1832 2453 scilicet
1855 2431 1872 2452 a
1896 2421 2061 2453 sacerdote
2083 2422 2260 2462 imponitur
2281 2421 2316 2452 in
2338 2425 2537 2453 sacramento

1608 2468 1735 2497 tentiae.
1770 2466 1929 2507 Operatur
1951 2465 2111 2507 siquidem
2132 2466 2215 2496 ultra
2236 2466 2318 2496 vires
2341 2475 2433 2502 suas,
2456 2464 2536 2497 dum
2544 2473 2674 2512 Q

1607 2512 1715 2542 innixa
1738 2510 1944 2541 satisfactioni
1968 2510 2096 2546 Christi,
2120 2509 2280 2541 sufficiens
2302 2510 2464 2541 invenitur
2485 2519 2523 2541 ac
2544 2510 2572 2542 si
2700 2522 2702 2524 ·

1608 2565 1721 2586 malor.

1613 2994 1661 3031 de
1690 3006 1795 3032 novo
1823 3006 1896 3032 nos
1924 3005 2053 3031 amare
2082 2993 2276 3043 inciperet.

1669 3047 1702 3084 3
1732 3048 1973 3092 PRAETEREA‚
2002 3046 2129 3096 passio
2166 3046 2304 3084 Christi
2332 3046 2488 3096 impleta
2523 3053 2594 3083 est
2605 3038 2655 3096 pe

1613 3100 1792 3137 homines
1821 3099 2019 3137 Christum
2043 3099 2270 3147 occidentes,
2290 3098 2358 3149 qui
2377 3111 2423 3137 ex
2450 3099 2527 3137 hoc
2552 3108 2674 3147 gravt-

1613 3160 1669 3190 ter
1696 3153 1826 3190 Deum
1855 3153 2111 3190 offenderunt.
2141 3153 2242 3200 Ergo
2270 3151 2398 3202 passio
2427 3151 2567 3189 Christi
2593 3159 2674 3189 mn—

1612 3205 1668 3254 gis
1695 3214 1751 3242 est
1777 3218 1893 3243 causa
1921 3204 2190 3254 indignationis
2213 3217 2330 3254 quam
2360 3203 2675 3246 reconciliationis

1614 3258 1696 3296 Dei.

1668 3311 1742 3349 SED
1761 3323 1907 3349 CONTRA
1926 3323 1991 3349 Esr
2010 3311 2118 3360 quod
2136 3311 2345 3360 Apostolus
2363 3309 2463 3357 dicit,-
2482 3310 2594 3358 Rom.

1613 3365 1859 3402 Reconciliati
1882 3375 2008 3402 sumus
2033 3365 2116 3402 Deo
2138 3375 2211 3414 per
2237 3369 2396 3402 mortem
2417 3338 2527 3402 Filii
2524 3363 2620 3422 51·ᾳῆ

1667 3418 1891 3455 RESPONDEO
1928 3428 2109 3454 memnon
2145 3416 2252 3466 quod
2287 3415 2415 3465 passio
2444 3411 2583 3453 Christi

1615 3481 1730 3506 causa
1758 3468 2074 3507 reconciliationis
2101 3477 2254 3506 nostrae
2281 3468 2331 3506 ad
2357 3469 2487 3506 Deum
2513 3465 2676 3517 duplio-

1615 3529 1680 3559 ter.
1720 3522 1807 3559 Uno
1836 3521 1972 3566 modo,
2001 3521 2233 3571 inquantum
2260 3528 2434 3559 removet
2451 3527 2672 3580 peccatum,

1615 3585 1684 3622 per
1710 3574 1817 3623 quod
1846 3573 2024 3611 homines
2043 3572 2326 3636 constituuntur
2352 3572 2496 3610 inimici
2516 3572 2598 3618 Dei,
2617 3582 2671 3609 se-
