2872 3970
947 290 1209 337 QUAESTIO
1238 293 1373 339 XVIII,
1402 293 1694 330 ARTICULUS
1722 293 1737 330 1

255 369 442 406 naturales
460 370 497 405 in
518 380 572 415 eo,
593 374 627 405 et
645 368 736 405 duas
755 367 941 405 naturales
960 370 1190 418 operationes
1206 382 1312 418 prae-

255 421 430 458 dicamus.

307 474 356 511 Et
382 474 458 510 hoc
485 473 743 510 necessarium
770 472 839 510 fuit
866 472 950 509 dici.
979 473 1226 510 Manifestum
1259 482 1313 510 est

254 525 359 563 enim
386 527 493 575 quod
521 526 638 563 Filius
665 525 738 562 Dei
766 525 971 574 assumpsit
998 526 1213 563 humanam
1246 539 1312 563 na-

219 599 227 623 3
253 586 379 616 turam
406 579 632 628 perfectam:
662 585 705 615 ut
731 590 848 627 supra
868 578 888 600 ’¹‘
916 586 1114 615 ostensum
1142 586 1207 615 est.
1251 579 1311 615 Ad

219 626 227 638 ⁷
252 631 524 680 perfectionem
560 638 690 667 autem
727 631 921 668 humanae
958 638 1115 667 naturae
1152 631 1313 679 pertinet

253 683 446 730 voluntas,
475 695 575 733 quae
604 691 659 720 est
686 683 865 720 naturalis
894 683 975 720 eius
1002 683 1186 732 potentia,
1216 683 1312 720 sicut

253 743 290 773 et
325 735 551 773 intellectus:
590 743 632 772 ut
667 743 769 784 patet
806 748 852 772 ex
890 735 948 772 his
977 748 1076 784 quae
1110 736 1150 772 in
1182 736 1311 773 Prima

252 789 362 826 Parte
380 788 400 810 *
427 789 526 825 dicta
544 796 643 825 sunt.
674 789 784 826 Unde
803 800 957 825 necesse
977 796 1032 825 est
1051 788 1175 825 dicere
1204 789 1310 838 quod

252 840 370 878 Filius
397 841 469 878 Dei
497 842 708 878 humanam
738 842 976 878 voluntatem
997 842 1244 890 assumpserit
1270 841 1310 877 in

251 900 386 930 natura
405 894 588 931 humana.
609 895 683 930 Per
701 893 1006 942 assumptionem
1025 901 1154 930 autem
1173 894 1310 930 huma-

251 958 323 983 nae
347 954 504 983 naturae
532 947 678 983 nullam
698 946 994 983 diminutionem
1021 958 1156 995 passus
1175 954 1230 982 est
1249 946 1309 983 Fi-

251 998 323 1035 lius
350 998 423 1035 Dei
450 999 489 1036 in
517 999 576 1035 his
605 1011 704 1048 quae
731 998 921 1047 pertinent
940 999 988 1035 ad
1008 998 1178 1036 divinam
1201 1006 1309 1035 natu-

251 1063 346 1097 ram,
362 1051 424 1089 cui
443 1051 625 1101 competit
639 1053 878 1088 voluntatem
897 1052 1050 1097 habere,
1066 1059 1108 1088 ut
1127 1051 1166 1087 in
1181 1051 1310 1088 Prima

216 1124 224 1132 ·
250 1105 360 1141 Parte
374 1103 395 1126 '³‘
412 1103 588 1142 habitum
603 1112 668 1141 est.
690 1105 801 1142 Unde
819 1116 974 1141 necesse
994 1112 1049 1140 est
1063 1104 1187 1141 dicere
1203 1104 1310 1154 quod

249 1156 290 1194 in
318 1156 469 1194 Christo
497 1157 571 1194 sint
597 1157 697 1194 duae
726 1158 951 1202 voluntates,
981 1169 1060 1194 una
1087 1156 1225 1194 scilicet
1254 1156 1309 1194 di-

249 1209 340 1247 vina
367 1217 404 1246 et
431 1208 503 1247 alia
530 1210 713 1247 humana.

301 1263 359 1299 AD
387 1275 522 1300 ptumum
550 1275 648 1300 ERGO
675 1274 857 1300 mCENDUM
885 1262 992 1311 quod
1021 1261 1210 1311 quidquid
1241 1261 1310 1299 fuit

249 1314 289 1352 in
316 1315 489 1352 humana
516 1323 651 1352 natura
671 1314 810 1352 Christi
830 1320 860 1361 η,
890 1314 1120 1351 movebatur
1138 1322 1235 1351 nutu
1254 1314 1309 1351 di-

248 1367 360 1405 vinae
386 1368 611 1406 voluntatis:
649 1380 730 1406 non
757 1375 886 1404 tamen
923 1367 1094 1417 sequitur
1131 1367 1237 1416 quod
1269 1367 1309 1404 in

249 1420 400 1458 Christo
428 1432 509 1458 non
527 1420 638 1458 fuerit
665 1428 794 1458 motus
812 1420 1017 1457 voluntatis
1045 1420 1224 1470 proprius
1243 1433 1309 1457 na-

247 1480 354 1511 turae
382 1474 587 1511 humanae.
623 1474 726 1522 Quia
754 1473 868 1510 etiam
896 1473 1061 1510 aliorum
1089 1481 1308 1510 sanctorum

247 1525 333 1575 piae
360 1528 575 1564 voluntates
602 1534 810 1564 moventur
837 1526 1052 1563 secundum
1071 1527 1309 1563 voluntatem

247 1579 337 1625 Dei,
367 1591 462 1629 quae
488 1586 664 1629 operatur
690 1581 727 1616 in
757 1581 808 1616 eis
835 1585 868 1616 et
893 1580 986 1617 velle
1005 1578 1017 1599 ἢ
1053 1585 1086 1615 et
1111 1581 1306 1628 perficere,

247 1639 290 1668 ut
317 1631 454 1669 dicitur
479 1633 635 1683 Philipp.
656 1644 677 1670 11
696 1632 726 1669 ²¹⁸.
755 1632 863 1669 Licet
890 1632 995 1669 enim
1022 1633 1200 1669 voluntas
1228 1644 1308 1668 non

247 1684 366 1733 possit
392 1684 549 1722 interius
567 1685 716 1722 moveri
735 1685 784 1722 ab
803 1684 931 1734 aliqua
949 1692 1132 1730 creatura,
1152 1684 1308 1722 interius

172 1758 183 1793 ς
213 1751 220 1783 ξ
247 1744 376 1774 tamen
403 1745 584 1775 movetur
611 1750 633 1775 a
660 1739 763 1775 Deo:
793 1745 835 1774 ut
862 1737 902 1774 in
921 1737 1050 1774 Prima
1078 1738 1186 1774 Parte
1206 1737 1226 1759 ’¹‘
1253 1738 1307 1774 di-

187 1787 219 1820 ·’
247 1797 353 1827 ctum
381 1798 446 1827 est.
485 1791 534 1828 Et
561 1791 615 1828 sic
642 1790 756 1828 etiam
786 1790 959 1827 Christus
997 1791 1212 1827 secundum
1240 1802 1308 1827 vo-

247 1843 433 1880 luntatem
467 1844 682 1880 humanam
717 1843 948 1892 sequebatur
982 1844 1219 1880 voluntatem
1253 1843 1308 1879 di-

246 1894 398 1933 vinam:
438 1897 654 1933 secundum
689 1896 782 1933 illud
819 1895 960 1932 Psalmi
981 1895 1017 1932 *z
1061 1897 1108 1933 Ut
1133 1897 1308 1944 facerem

245 1948 468 1986 voluntatem
495 1955 609 1996 tuam,
635 1950 737 1986 Deus
764 1960 878 1994 meus,
906 1949 1017 1986 volui.
1046 1949 1158 1985 Unde
1177 1949 1307 1996 Augu-

213 2017 220 2024 ·
246 2000 367 2039 stinus
386 2001 486 2047 dicit,
506 2008 637 2039 contra
654 2003 914 2040 Maximinum
928 2001 965 2038 *ε
993 2002 1066 2039 Ubi
1082 2002 1175 2038 dixit
1192 2001 1308 2038 Filius

245 2055 368 2101 Patri,
400 2069 419 2088 «
441 2055 531 2092 Non
561 2055 660 2104 quod
686 2066 757 2105 ego
785 2054 887 2100 volo,
915 2054 981 2091 sed
1007 2054 1105 2104 quod
1130 2059 1168 2090 tu
1196 2055 1250 2092 vis
1271 2069 1306 2100 ›>,

247 2107 335 2157 quid
357 2113 392 2144 te
410 2108 559 2146 adiuvat
586 2107 685 2157 quod
709 2113 772 2144 tua
789 2109 904 2145 verba
931 2108 1133 2156 subiungis,
1155 2112 1188 2143 et
1206 2106 1306 2152 dicis,

250 2174 270 2193 «
295 2160 456 2198 Ostendit
490 2173 578 2198 vere
613 2173 720 2197 suam
755 2160 980 2198 voluntatem
1015 2162 1213 2197 subiectam
1240 2171 1307 2196 suo

251 2212 419 2250 Genitori
437 2226 480 2249 »s
516 2215 621 2263 quasi
647 2225 714 2250 nos
741 2224 918 2263 negemus
954 2213 1112 2250 hominis
1142 2212 1307 2250 volunta-

247 2270 320 2302 tem
346 2265 527 2304 voluntati
551 2267 625 2303 Dei
649 2266 781 2303 debere
807 2277 884 2302 esse
909 2264 1139 2302 subiectam?

301 2319 359 2355 AD
387 2330 575 2356 SECUNDUM
602 2323 784 2356 DICENDUM
812 2318 918 2367 quod
945 2318 1147 2367 proprium
1175 2325 1230 2354 est
1251 2316 1306 2354 in-

247 2371 447 2408 strumenti
467 2372 574 2421 quod
592 2379 796 2408 moveatur
815 2383 837 2408 a
855 2370 1055 2420 principali
1074 2377 1226 2418 agente:
1252 2370 1306 2407 di-

297 2520 314 2543 η
346 2511 453 2537 Otr-itti.
469 2525 490 2530 -
507 2511 570 2536 Om.
587 2510 704 2542 BDFIpC
723 2515 749 2535 et
765 2517 791 2535 a.

298 2545 312 2571 θ
342 2553 436 2579 quae...
453 2550 480 2572 et
498 2546 571 2572 velle.
588 2560 609 2565 -
626 2546 696 2578 qui...
715 2546 781 2571 velle
799 2545 881 2570 tertia.

300 2582 319 2616 ι)
338 2585 439 2608 motum
457 2583 550 2608 solum.
567 2595 587 2600 -
603 2581 689 2607 solum
709 2584 808 2606 motum
828 2581 910 2606 tertia.

298 2617 325 2652 κ)
338 2617 484 2650 potentiae.
501 2630 522 2637 -
537 2617 616 2643 huius
632 2617 771 2649 potentiae
788 2616 809 2641 F
828 2620 854 2641 et
871 2615 952 2641 tertia.
970 2629 990 2634 -
1007 2616 1058 2640 Pro
1076 2616 1130 2648 qui,
1149 2615 1212 2648 quia
1230 2615 1304 2646 ABE,

246 2661 314 2687 quae
332 2653 362 2679 F.

2348 295 2418 332 231

1367 369 1584 407 versimode
1613 378 1753 415 tamen,
1774 371 1988 407 secundum
2016 372 2286 420 proprietatem
2313 381 2422 410 natu-

1368 434 1430 459 rae
1450 422 1578 471 ipsius.
1603 424 1706 459 Nam
1727 423 2022 460 instrumentum
2042 424 2306 471 inanimatum,
2327 426 2424 463 sicut

1367 475 1508 512 securis
1536 482 1601 512 aut
1620 487 1733 521 serra,
1754 483 1933 512 movetur
1951 476 1998 512 ab
2024 476 2164 513 artifice
2184 490 2252 526 per
2270 486 2422 515 motum

1367 529 1520 564 solum‘
1550 529 1800 577 corporalem.
1830 529 2128 565 Instrumentum
2156 542 2248 566 vero
2277 531 2422 568 anima-

1366 587 1450 617 tum
1478 580 1606 617 anima
1631 580 1797 617 sensibili
1824 588 2004 617 movetur
2021 593 2090 630 per
2108 582 2318 630 appetitum
2339 595 2422 620 sen-

1366 632 1541 678 sitivum‚
1576 633 1672 669 sicut
1708 646 1831 682 equus
1869 646 1891 669 a
1928 645 2084 670 sessore.
2123 635 2422 672 Instrumentum

1365 697 1459 721 vero
1487 685 1698 722 animatum
1720 686 1848 722 anima
1867 685 2038 722 rationali
2066 694 2245 723 movetur
2263 700 2332 735 per
2356 700 2421 724 vo-

1365 739 1550 774 luntatem
1579 738 1680 782 eius,
1710 738 1805 775 sieut
1832 751 1901 787 per
1928 738 2135 787 imperium
2167 740 2314 776 domini
2342 753 2421 777 mo-

1365 797 1476 826 vetur
1509 803 1642 827 servus
1670 791 1718 827 ad
1746 791 1888 840 aliquid
1924 792 2135 839 agendum:
2170 792 2236 841 qui
2264 793 2422 841 quidem

1365 855 1498 879 servus
1526 851 1581 880 est
1608 843 1703 880 sicut
1730 845 2008 880 instrumentum
2036 846 2251 891 animatum,
2272 853 2314 881 ut
2335 845 2421 882 Phi-

1364 896 1550 944 losophus
1578 896 1677 942 dicit,
1698 896 1737 933 in
1764 898 1778 933 I
1801 897 1940 933 Politic.
1961 897 1980 918 '¹‘
2009 897 2070 934 Sic
2089 909 2177 945 ergo
2198 905 2331 934 natura
2350 899 2421 935 hu-

1364 960 1480 984 mana
1507 948 1547 985 in
1567 949 1718 986 Christo
1746 949 1813 985 fuit
1840 949 2135 986 instrumentum
2161 950 2361 987 divinitatis
2380 959 2422 988 ut

1365 1009 1585 1037 moveretur
1612 1014 1681 1050 per
1707 1001 1904 1050 propriam
1931 1004 2179 1038 voluntatem.

1417 1054 1474 1089 AD
1501 1065 1659 1091 TERTmM
1687 1066 1867 1091 mOENDUM
1904 1055 2010 1103 quod
2039 1055 2120 1103 ipsa
2147 1056 2316 1104 potentia
2352 1068 2420 1093 vo-

1364 1106 1516 1142 luntatis
1544 1114 1599 1142 est
1626 1107 1817 1152 naturalis,
1838 1115 1874 1143 et
1897 1108 2143 1156 consequitur
2170 1116 2346 1145 naturam
2374 1121 2420 1145 ex

1364 1158 1595 1195 necessitate.
1627 1160 1703 1196 Sed
1722 1167 1850 1196 motus
1869 1161 1930 1196 vel
1958 1168 2063 1196 actus
2087 1161 2277 1208 potentiae
2297 1167 2325 1206 ²,
2354 1161 2420 1210 qui

1365 1210 1479 1247 etiam
1506 1213 1684 1248 voluntas
1716 1211 1871 1257 dicitur,
1900 1213 2134 1261 quandoque
2171 1213 2329 1261 quidem
2366 1221 2421 1250 est

1364 1263 1544 1300 naturalis
1564 1272 1600 1300 et
1618 1264 1864 1308 necessarius,
1885 1272 1978 1313 puta
1997 1273 2170 1313 respectu
2185 1264 2198 1287 λ
2221 1265 2418 1312 felicitatis;

1364 1317 1598 1366 quandoque
1627 1324 1756 1354 autem
1776 1329 1822 1353 ex
1841 1317 1959 1353 libero
1988 1317 2140 1354 arbitrio
2160 1317 2314 1354 rationis
2332 1330 2420 1367 pro-

1363 1368 1533 1414 veniens,
1555 1377 1590 1406 et
1609 1382 1689 1406 non
1708 1369 1942 1406 necessarius
1965 1382 2091 1419 neque
2111 1370 2305 1417 naturalis;
2326 1370 2422 1407 sicut

1363 1429 1465 1470 patet
1484 1434 1530 1459 ex
1549 1422 1608 1459 his
1636 1434 1735 1471 quae
1761 1422 1800 1459 in
1821 1422 1999 1460 Secunda
2019 1424 2127 1459 Parte
2147 1422 2167 1444 ’¹‘
2195 1422 2293 1460 dicta
2321 1431 2419 1461 sunt.

1364 1475 1412 1511 Et
1439 1482 1567 1511 tamen
1596 1475 1709 1512 etiam
1737 1474 1819 1524 ipsa
1846 1475 1952 1521 ratio,
1981 1488 2080 1524 quae
2109 1483 2164 1511 est
2189 1475 2421 1524 principium

1363 1527 1479 1564 huius
1506 1535 1647 1573 motus,
1677 1535 1732 1564 est
1759 1528 1949 1565 naturalis.
1980 1529 2028 1564 Et
2055 1527 2155 1573 ideo,
2183 1536 2333 1577 praeter
2352 1541 2419 1566 vo-

1363 1581 1547 1617 luntatem
1576 1580 1758 1626 divinam,
1779 1588 1927 1630 oportet
1946 1581 1985 1617 in
2006 1580 2156 1617 Christo
2184 1593 2328 1630 ponere
2352 1594 2420 1618 vo-

1363 1634 1548 1670 luntatem
1582 1634 1816 1679 humanam,
1846 1646 1926 1670 non
1958 1635 2084 1670 solum
2122 1641 2236 1682 prout
2268 1641 2323 1670 est
2349 1646 2418 1683 po-

1362 1685 1478 1722 tentia
1514 1686 1715 1732 naturalis,
1745 1694 1810 1722 aut
1836 1693 1951 1735 prout
1979 1694 2033 1722 est
2065 1694 2192 1722 motus
2227 1687 2418 1733 naturalis,

1363 1739 1430 1775 sed
1459 1738 1573 1775 etiam
1602 1746 1716 1787 prout
1744 1746 1799 1775 est
1825 1746 1954 1775 motus
1982 1738 2184 1775 rationalis.

1415 1792 1472 1828 AD
1501 1802 1672 1833 QUARTUM
1699 1803 1880 1828 mCENDUM
1909 1791 2016 1839 quod
2043 1803 2112 1839 per
2137 1792 2212 1827 hoc
2231 1791 2337 1840 quod
2365 1791 2419 1828 di-

1361 1843 1458 1879 citur
1497 1843 1704 1892 aliqualiter
1743 1844 1854 1890 velle,
1893 1843 2109 1891 designatur
2149 1843 2420 1880 determinatus

1362 1896 1504 1932 modus
1531 1901 1548 1924 μ
1585 1895 1750 1932 volendi.
1794 1895 2076 1932 Determinatus
2113 1903 2242 1932 autem
2279 1897 2420 1933 modus

1361 1948 1518 1997 ponitur
1536 1948 1635 1985 circa
1653 1948 1777 1997 ipsam
1797 1961 1879 1985 rem
1900 1948 2009 1985 cuius
2033 1956 2087 1984 est
2113 1949 2265 1985 modus.
2295 1949 2418 1996 Unde,

1361 2013 1452 2038 cum
1471 2002 1649 2038 voluntas
1668 2001 1853 2050 pertineat
1880 2002 1928 2038 ad
1948 2009 2137 2047 naturam,
2157 2001 2285 2050 ipsum
2305 2001 2419 2039 etiam

1361 2054 1468 2103 quod
1496 2061 1551 2090 est
1578 2053 1789 2103 aliqualiter
1815 2055 1923 2098 velle,
1952 2053 2113 2103 pertinet
2144 2054 2193 2091 ad
2220 2062 2417 2091 naturam:

1361 2119 1441 2143 non
1478 2107 1693 2143 secundum
1730 2107 1836 2155 quod
1872 2114 1926 2143 est
1962 2107 2133 2143 absolute
2170 2106 2417 2153 considerata,

1361 2159 1435 2196 sed'
1456 2159 1673 2196 secundum
1700 2159 1807 2208 quod
1836 2167 1891 2195 est
1918 2159 1957 2195 in
1984 2159 2047 2196 tali
2070 2159 2276 2209 hypostasi.
2306 2160 2417 2197 Unde

1361 2211 1475 2248 etiarn
1502 2213 1680 2248 voluntas
1699 2212 1872 2248 humana
1900 2211 2038 2248 Christi
2066 2211 2199 2248 habuit
2222 2213 2418 2261 quendam

1361 2264 1657 2301 determinatum
1684 2264 1849 2301 modum
1868 2270 1881 2285 ν
1908 2276 1955 2300 ex
1982 2276 2029 2300 eo
2058 2265 2164 2312 quod
2191 2264 2260 2301 fuit
2287 2264 2326 2302 in
2347 2266 2417 2314 hy-

1360 2316 1502 2366 postasi
1530 2317 1678 2354 divina:
1709 2325 1751 2354 ut
1778 2316 1917 2353 scilicet
1935 2324 2156 2353 moveretur
2180 2329 2333 2367 semper
2360 2330 2416 2355 se-

1361 2370 1535 2407 cundum
1562 2378 1701 2407 nutum
1729 2369 1879 2406 divinae
1907 2369 2122 2406 voluntatis

1410 2510 1439 2545 λ)
1459 2514 1586 2544 respectu.
1604 2524 1623 2528 -
1641 2509 1741 2539 'sertin
1761 2509 1787 2533 in
1806 2512 1934 2540 respectu.

1412 2547 1440 2581 μ)
1461 2548 1561 2573 modus.
1579 2560 1598 2564 -
1616 2545 1663 2570 Hic
1683 2545 1731 2575 PE,
1751 2545 1865 2569 secundo
1884 2545 1940 2568 loco
1960 2544 1998 2574 Pl,
2017 2543 2092 2568 tertio
2113 2543 2203 2574 PEG13
2224 2545 2319 2568 motus.

1412 2583 1436 2618 ν)
1455 2583 1572 2608 modum.
1589 2595 1609 2600 -
1627 2584 1726 2605 motum
1745 2579 1803 2605 Fla.
1820 2594 1839 2598 -
1851 2580 1909 2614 suit
1926 2579 1968 2603 EF
1987 2584 2012 2603 et
2030 2579 2117 2609 tertia;
2135 2579 2179 2604 sit.

919 2741 1252 2774 Commentaria.
1274 2737 1526 2772 Gar-ainans
1547 2735 1747 2768 Caietam

305 2837 412 2858 rrums
443 2826 544 2857 clarus
567 2830 623 2856 est.
648 2844 670 2848 —
694 2825 730 2855 In
753 2834 888 2865 corpore
912 2824 977 2855 duo
1004 2823 1102 2854 fiunt:
1126 2824 1242 2863 primo,
1258 2832 1307 2852 re-

248 2839 419 2902 Tcitatur
450 2879 581 2901 erronea
606 2869 725 2910 positio
753 2869 932 2900 tenentium
954 2874 1077 2908 partem
1106 2867 1285 2907 negativam
1297 2876 1305 2902 ;

246 2915 408 2951 secundo,
431 2913 642 2955 respondetur
664 2913 843 2943 secundum
865 2913 1031 2943 veritatem
1046 2913 1073 2942 ⁴⁹.

301 2958 420 2998 Quoad
449 2959 606 2999 primum,
638 2956 772 2987 refertur
801 2956 891 2997 quod
920 2956 954 2986 in
983 2956 1066 2986 hanc
1098 2963 1306 2986 communem

247 3004 491 3035 conclusionem
506 3002 599 3032 multi
611 3006 748 3031 errantes
765 3005 994 3036 convenerunt,
1007 3000 1140 3029 scilicet:
1159 2999 1197 3029 In
1214 2998 1307 3029 Chri-

246 3052 296 3078 sto
319 3057 384 3078 non
402 3052 479 3078 sunt
496 3046 579 3077 duae
603 3045 793 3076 voluntates.
818 3043 1050 3082 Quadrifariam
1074 3049 1181 3073 autem
1203 3043 1236 3072 hi
1260 3042 1306 3072 di-

246 3092 403 3122 visisunt.
426 3090 620 3131 Apollinaris
639 3089 736 3124 enim,
753 3098 790 3118 ex
805 3089 975 3128 negatione
996 3087 1120 3117 animae
1139 3086 1306 3116 intellecti-

246 3145 305 3167 vae
326 3136 361 3167 in
384 3135 522 3171 Christo,
546 3138 640 3173 negat
662 3132 861 3162 voluntatem
888 3132 1071 3161 humanam.
1087 3149 1111 3153 —
1132 3130 1304 3170 Eutyches,

247 3188 287 3210 ex
307 3180 429 3210 unitate
450 3184 582 3209 naturae
605 3177 813 3216 compositae,
829 3184 928 3205 unam
952 3184 1085 3214 quoque
1107 3174 1306 3204 voluntatem

246 3223 348 3264 ponit.
364 3241 387 3246 —
408 3223 584 3258 Nestorius,
601 3221 703 3251 solam
725 3225 862 3250 creatam
877 3223 1023 3249 naturam
1045 3219 1078 3248 in
1095 3217 1222 3248 Christo
1245 3226 1306 3256 po-

246 3276 336 3304 nens,
352 3267 475 3298 unitam
490 3267 561 3296 Deo
580 3263 759 3296 secundum
775 3263 1032 3294 conformitatem
1055 3261 1195 3297 affectus,
1211 3265 1306 3300 negat

247 3309 387 3342 divinam
404 3310 604 3341 voluntatem
626 3309 660 3339 in
677 3308 814 3339 Christo.
830 3325 854 3329 -
875 3306 1032 3336 Macarius
1055 3310 1172 3340 autem,
1193 3314 1231 3334 ex
1249 3313 1305 3334 ne-

246 3355 374 3395 gatione
396 3355 517 3395 proprii
539 3358 648 3384 motus
670 3353 704 3382 in
725 3351 922 3382 humanitate
950 3349 1083 3385 Christi,
1106 3348 1304 3378 voluntatem

246 3398 420 3429 humanam
441 3399 476 3430 in
499 3397 627 3429 Christo
650 3396 786 3436 negavit.

301 3441 365 3473 Ubi
386 3442 474 3473 vides
504 3441 593 3482 quod
616 3449 728 3471 omnes
756 3438 952 3469 conveniunt
979 3437 1013 3467 in
1034 3436 1204 3476 negatione
1227 3434 1304 3464 dua-

247 3494 319 3516 rum
341 3486 376 3516 in
398 3485 525 3517 Christo
554 3485 767 3518 voluntatum,
799 3482 876 3513 dum
899 3481 997 3521 aliqui
1020 3480 1175 3515 divinam,
1207 3478 1304 3518 aliqui

208 3564 210 3566 ,
247 3528 420 3560 humanam
442 3539 461 3560 a
481 3529 608 3560 Christo
624 3528 751 3564 tollunt,
768 3532 822 3557 aut
837 3531 1005 3566 utramque
1020 3524 1131 3554 tollere
1147 3528 1306 3563 coguntur

1359 2826 1391 2851 et
1412 2829 1533 2860 ponere
1556 2828 1654 2849 unam
1677 2818 1801 2848 tertiam
1823 2822 1952 2846 naturae
1976 2815 2180 2855 compositae.
2206 2813 2330 2844 Sed'de
2347 2814 2415 2844 Ma-

1359 2865 1433 2895 carii
1456 2864 1617 2904 positione
1639 2872 1706 2892 non
1730 2862 1801 2891 satis
1825 2861 1925 2900 liquet
1949 2859 1987 2889 de
2002 2859 2164 2888 voluntate
2188 2867 2270 2897 quae
2291 2863 2337 2888 est
2358 2867 2414 2888 na-

1359 2909 1466 2939 turalis
1488 2907 1647 2948 potentia:
1673 2905 1727 2935 sed
1751 2905 1790 2935 de
1811 2904 1989 2938 voluntate,
2013 2903 2076 2932 hoc
2099 2907 2154 2937 est,
2179 2907 2252 2931 actu
2273 2901 2413 2932 volendi.

1359 2953 1522 2990 Quoniam
1545 2961 1612 2981 non
1634 2955 1728 2989 negat
1743 2948 1929 2988 potentiam,
1953 2946 2008 2976 sed
2031 2951 2157 2975 motum
2172 2946 2338 2985 proprium
2354 2946 2414 2975 hu-

1358 3005 1470 3026 manae
1493 3001 1623 3025 naturae
1645 2994 1678 3023 in
1703 2992 1839 3023 Christo.
1863 2992 1992 3026 Verum,
2015 2990 2090 3029 quia
2106 2989 2217 3019 frustra
2233 2988 2341 3019 fuisset
2355 2998 2413 3019 vo-

1358 3041 1461 3071 luntas
1491 3040 1558 3069 sine
1581 3038 1647 3068 ullo
1670 3036 1751 3066 velle
1774 3044 1913 3074 semper,
1938 3034 2010 3064 ideo
2041 3033 2154 3063 dicitur
2178 3032 2266 3072 quod
2288 3033 2414 3072 negavit

1358 3085 1531 3114 humanam
1553 3082 1586 3111 in
1611 3081 1737 3111 Christo
1760 3079 1968 3109 voluntatem.

1413 3127 1449 3157 ΙΙ.
1474 3125 1591 3164 Quoad
1613 3123 1799 3158 secundum,
1815 3121 2024 3162 respondetur
2039 3120 2237 3150 affirmative:
2262 3120 2300 3150 In
2320 3120 2412 3150 Chri-

1357 3176 1406 3201 sto
1429 3175 1505 3201 sunt
1527 3169 1610 3199 duae
1627 3168 1816 3202 voluntates,
1840 3165 1948 3196 divina
1964 3170 1995 3196 et
2009 3165 2159 3195 humana.
2183 3164 2338 3194 Probatur
2353 3163 2412 3194 du·-

1357 3215 1489 3255 pliciter.
1520 3213 1644 3247 Primo,
1669 3210 1854 3241 auctoritate
1877 3209 2007 3250 Synodi,
2032 3218 2128 3248 quae,
2152 3213 2281 3248 propter
2303 3208 2412 3238 huius-

1357 3258 1447 3288 modi
1469 3266 1589 3287 errores
1613 3254 1823 3294 extirpandos,
1846 3254 1910 3284 hoc
1933 3252 2160 3283 determinavit.

1413 3299 1573 3336 Secundo,
1593 3300 1714 3329 ratione
1732 3298 1796 3328 tali.
1821 3298 1919 3328 Filius
1935 3297 1996 3327 Dei
2011 3296 2179 3336 assumpsit
2193 3301 2337 3325 naturam
2352 3295 2412 3325 hu-

1357 3354 1485 3375 manam
1507 3343 1698 3384 perfectam:
1724 3347 1755 3372 et
1769 3342 1848 3372 nihil
1868 3341 1914 3371 illi
1936 3346 2103 3381 propterea
2126 3339 2225 3370 defuit
2248 3338 2287 3369 de
2309 3338 2412 3379 perfe-

1358 3390 1464 3420 ctione
1486 3394 1615 3418 naturae
1639 3386 1772 3417 divinae.
1796 3386 1881 3425 Ergo
1905 3385 1999 3415 habet
2022 3383 2099 3414 duas
2122 3383 2309 3419 voluntates,
2334 3382 2412 3413 divi-

1358 3443 1433 3464 nam
1462 3432 1581 3462 scilicet
1603 3436 1634 3462 et
1656 3431 1839 3461 humanam.
1862 3447 1886 3451 -
1907 3429 2061 3459 Probatur
2085 3427 2328 3467 consequentia,
2352 3436 2411 3466 pro

1358 3477 1460 3517 prima
1483 3475 1613 3516 quidem
1635 3480 1740 3515 parte,
1768 3474 1843 3514 quia
1865 3472 1904 3503 ad
1926 3471 2154 3513 perfectionem
2177 3471 2334 3501 humanae
2356 3480 2412 3503 na-

1359 3527 1446 3551 turae
1469 3521 1605 3560 pertinet
1625 3518 1783 3554 voluntas,
1811 3518 1886 3558 quia
1909 3522 1954 3547 est
1976 3514 2123 3546 naturalis
2145 3514 2228 3544 illius
2252 3515 2411 3554 potentia,

2449 906 2530 964 ⁸:91²!ss
2543 912 2661 954 genuini-³

2449 959 2484 980 (J.
2502 959 2555 980 vnl
2574 959 2659 985 Ethtc„

2448 986 2644 1033 &afflarat
2653 1002 2659 1011 ¹

2450 1429 2458 1438 ⁸
2472 1428 2495 1449 1⁸
2509 1428 2562 1454 11⁸⁶,
2580 1435 2619 1457 qu.
2634 1435 2658 1459 x,

2448 1459 2488 1476 art.
2513 1462 2531 1482 ι,
2553 1461 2572 1476 2.
2591 1467 2600 1471 -
2622 1455 2657 1477 Ct.

2447 1481 2526 1529 Kartg,
2532 1487 2658 1509 qua-xxxin,
