2912 4030
452 267 475 291 X

514 335 645 367 Taurini
670 334 745 365 bibl.
769 331 946 363 Nationalis
970 331 993 361 Ι.
1019 340 1053 360 111
1077 338 1106 359 2.
1124 337 1206 359 5000.
1227 336 1288 357 xiv.
1315 325 1376 365 (Ex
1400 324 1524 363 aliquot

659 379 737 409 locis
768 377 870 408 amice
899 375 1070 406 nobiscum
1097 370 1344 403 communicatis
1373 366 1524 399 concludi

623 449 625 451 ,
660 427 778 463 posset,
801 422 890 452 hunc
917 429 985 450 non
1018 418 1176 458 pertinere
1208 415 1247 446 ad
1276 415 1413 454 primam
1446 411 1525 442 clas-

661 477 744 502 sem;
769 466 824 496 sed
847 474 907 495 nec
931 463 970 494 ad
994 463 1118 493 tertiam
1141 462 1174 491 in
1198 459 1301 490 forma
1321 457 1458 488 Brixiani
1474 455 1525 485 vel

661 510 864 542 Ambrosiani
888 507 1035 546 accedit).

513 557 739 596 cantabrigiae
773 553 923 585 Gonville
957 550 1020 582 and
1056 549 1153 580 Caius
1187 548 1250 588 687
1284 547 1428 581 written,
1462 543 1524 583 278

662 599 781 631 erased.

578 659 591 673 »
663 644 857 675 Peterhouse
881 652 902 671 1.
929 642 957 671 5.
984 650 1013 670 2.
1042 653 1055 666 α
1075 638 1208 670 Summa
1227 650 1255 667 n.

519 689 678 721 Modenae
702 688 776 718 bibl.
801 685 952 717 Estensis.
976 684 1038 715 Iste
1061 688 1092 713 et
1115 691 1228 713 omnes
1256 684 1427 720 sequentes
1454 683 1529 708 sunt

663 732 782 763 saeculi
805 740 855 761 xv.

521 779 679 810 Coloniae
702 777 778 807 bibl.
803 774 969 815 Gymnasii
998 773 1069 802 152.

520 825 614 854 Bonn
638 822 712 852 bibl.
730 819 947 851 Universitatis
965 816 1027 856 298
1053 815 1131 856 (158
1155 814 1197 854 a),
1219 814 1348 844 tertium
1362 811 1528 842 volumen.

522 867 701 908 Hesychiae
725 864 893 895 Carolinae
918 861 1049 892 Grossh.
1070 859 1214 890 Hofbibl.
1233 857 1296 888 266
1319 860 1358 895 4⁰
1383 865 1483 885 cxxiv.

522 913 680 951 Erlangen
703 909 778 939 bibl.
802 906 1021 939 Universitatis
1045 905 1120 935 635.
1400 923 1402 925 .

522 956 631 987 Erfurt
653 954 728 984 bibl.
753 951 988 992 Amplonianae
1016 956 1072 979 101
1101 947 1173 983 fol.;
1197 946 1272 977 anni
1300 944 1396 984 1416.

522 1000 597 1031 Clm
621 998 839 1038 6988-69903
865 1005 949 1026 unus
973 993 1075 1024 codex
1096 998 1152 1028 est,
1170 991 1324 1022 foliorum
1344 988 1438 1024 1265,
1456 987 1531 1017 anni

628 1040 631 1043 ’
671 1042 764 1081 1475.
790 1040 944 1071 Continet
966 1038 1116 1072 Primam,
1140 1036 1279 1066 Primam
1310 1031 1478 1064 Secundae
1502 1036 1533 1062 et

668 1086 809 1117 Tertiam
831 1085 968 1114 Partem.
1228 1120 1231 1123 ,

523 1130 733 1172 Stuttgardiae
757 1128 832 1159 bibl.
849 1128 928 1168 priv.
944 1127 1040 1166 Regis
1054 1136 1061 1162 ;
1086 1130 1231 1165 quatuor,
1248 1122 1381 1154 codices·
1400 1121 1533 1162 dogma-

668 1175 742 1205 tici:
771 1174 807 1204 15
838 1172 876 1202 18
905 1179 943 1212 19
970 1181 1021 1206 20,
1046 1178 1206 1202 annorum
1226 1168 1307 1207 1455
1339 1175 1422 1206 1444
1450 1165 1532 1204 1462

674 1228 767 1258 1470.

524 1267 647 1297 Νο111111
671 1274 724 1303 72.

524 1311 676 1350 Avignon
701 1308 758 1340 261
778 1317 785 1343 ;
810 1305 883 1344 QQ.
908 1314 1067 1335 xviri-mx.

527 1355 570 1386 St.
596 1354 695 1384 Omer
720 1352 794 1382 223.

526 1396 729 1430 Schlettstadt
753 1395 805 1432 38,
829 1395 904 1426 anni
931 1393 1025 1434 1467.

527 1443 634 1474 Douai
658 1441 739 1472 duo:
765 1441 841 1479 415,
866 1438 941 1478 416.

525 1488 643 1518 Rouen
669 1485 731 1524 587
757 1485 809 1524 (Α.
835 1482 924 1523 263),
941 1483 1016 1513 anni
1043 1482 1138 1521 1478.

528 1531 675 1562 Chartres
698 1529 761 1568 425
789 1527 893 1567 (431).

526 1575 610 1606 Dole
634 1584 686 1614 77.

536 1696 538 1698 .
569 1676 608 1713 <g
632 1674 669 1704 11.
692 1691 716 1696 -
738 1673 797 1704 DE
821 1645 1000 1703 0R1o1NE
1023 1669 1198 1701 TExrus
1222 1654 1425 1700 Cobtcun

588 1740 590 1742 v
829 1722 992 1753 PmMAE
1016 1720 1187 1752 eLAss1s

535 1837 561 1865 1.
587 1826 703 1858 Solidis
726 1827 759 1856 ni
783 1825 875 1855 fallor
903 1824 1097 1865 argumentis
1120 1822 1248 1864 probari
1271 1828 1397 1863 potest,
1421 1827 1544 1853 textum

476 1872 626 1903 codicum
646 1871 766 1912 primae
791 1869 906 1902 classis.
924 1869 975 1899 cui
1001 1869 1158 1899 maiorem
1177 1873 1301 1908 partem
1324 1872 1355 1897 et
1378 1866 1544 1907 antiquam

476 1917 542 1947 fere
557 1921 658 1946 totam
675 1914 884 1949 attribuimus,
906 1923 950 1944 ex
972 1923 1052 1943 uno
1077 1912 1168 1942 solo
1196 1911 1426 1951 exemplari
1453 1920 1544 1951 apo-

476 1961 633 2001 grapho
663 1959 966 1998 transcriptum
996 1967 1094 1988 esse.
1130 1957 1176 1987 Ea
1206 1957 1327 1987 scilicet
1351 1961 1397 1986 est
1425 1956 1458 1986 in
1483 1955 1544 1985 illis

477 2006 563 2036 libris
587 2010 617 2034 et
641 2003 835 2034 differentiae
859 2003 1037 2033 lectionum
1056 2007 1087 2032 et
1106 2001 1236 2032 unitatis
1259 2010 1369 2031 earum
1390 1999 1544 2035 conditio,

477 2056 513 2080 ut
525 2049 700 2079 differentia
716 2048 929 2088 pluralitatem
949 2046 1179 2086 exemplarium
1191 2055 1258 2075 non
1275 2045 1429 2085 implicet,
1442 2045 1546 2075 unitas

476 2104 553 2124 vero
578 2093 672 2123 simul
696 2092 944 2132 singularitatem
976 2091 1164 2130 exemplaris
1194 2089 1376 2120 manifestet
1398 2094 1546 2128 autogra-

478 2139 645 2179 phumque
670 2136 825 2167 excludat:
853 2135 953 2174 Quod
975 2145 1043 2166 non
1062 2136 1105 2166 ita
1127 2134 1371 2174 intelligendum
1391 2139 1438 2164 est
1461 2142 1497 2164 ac
1521 2133 1547 2163 si

478 2184 608 2222 longam
631 2181 718 2211 illam
742 2180 893 2211 codicum
915 2181 1040 2215 seriem,
1061 2179 1178 2220 quibus
1201 2179 1350 2218 meliores
1366 2188 1407 2208 ne
1424 2177 1547 2208 deside-

478 2228 538 2258 rari
562 2226 694 2266 quidem
724 2231 866 2266 possent,
891 2234 966 2255 cum
997 2224 1198 2264 autographo
1228 2224 1333 2254 laxam
1363 2228 1489 2255 tantum
1517 2227 1548 2252 et

479 2277 635 2302 remotam
655 2270 843 2301 relationem
866 2269 983 2299 habere
1010 2274 1212 2308 putaremus:
1237 2269 1379 2299 strictam
1400 2276 1476 2299 cum
1493 2277 1549 2296 au-

478 2316 636 2356 tographo
662 2314 887 2344 adhaesionem
904 2319 1007 2343 textus
1023 2314 1144 2353 primae
1168 2312 1274 2342 classis
1290 2313 1358 2352 ipse
1375 2316 1548 2342 attestatur.

479 2362 547 2391 Nec
571 2359 717 2400 profecto
742 2359 786 2388 sic
809 2358 942 2397 intelligi
962 2358 1123 2393 volumus,
1146 2357 1237 2397 quasi
1259 2362 1368 2387 nostra
1391 2356 1550 2387 sententia

480 2406 649 2444 scriptores
673 2404 803 2433 illorum
827 2402 976 2432 codicum
1001 2411 1115 2432 omnes
1139 2407 1170 2431 et
1188 2401 1305 2441 singuli
1328 2409 1431 2431 unum
1447 2399 1549 2430 idem-

480 2459 543 2490 que
568 2448 729 2488 exemplar
752 2453 824 2477 ante
849 2447 962 2476 oculos
986 2447 1129 2486 positum
1152 2446 1347 2476 habuissent.
1382 2444 1550 2483 Quotnam

479 2495 566 2524 enim
582 2492 840 2532 transcriptiones
863 2492 944 2521 inter
959 2490 1195 2530 autographum
1212 2495 1243 2520 et
1258 2490 1401 2530 singulos
1423 2495 1551 2521 nostros

481 2537 608 2568 codices
623 2536 851 2566 intervenerint
866 2536 1038 2570 nescimus,
1058 2534 1113 2565 sed
1137 2543 1198 2564 nec
1213 2539 1322 2565 nostra
1339 2533 1446 2564 refert.
1469 2533 1551 2564 Pau-

480 2583 582 2613 ciores
605 2581 631 2610 si
654 2581 700 2610 vis
730 2581 812 2610 inter
843 2579 1078 2619 autographum
1109 2578 1344 2609 intercesserint
1371 2584 1402 2609 et
1428 2578 1551 2609 Beroli-

479 2635 613 2657 nensem
636 2625 753 2655 librum
770 2624 844 2654 anni
866 2632 958 2662 1444,
977 2633 1074 2664 quam
1094 2624 1176 2654 inter
1200 2623 1279 2654 illud
1297 2628 1327 2655 et
1342 2628 1490 2663 nostrum
1513 2623 1551 2659 E,

480 2671 634 2710 scripturn
658 2674 730 2699 ante
756 2668 1045 2698 Canonizationem
1069 2668 1217 2698 auctoris.
1243 2667 1468 2698 Consideratio
1492 2677 1552 2697 no-

481 2721 542 2745 stra
572 2715 628 2745 has
662 2713 867 2753 quaestiones
899 2722 1067 2752 nunquam
1103 2711 1186 2742 forte
1218 2711 1387 2743 solvendas
1418 2711 1552 2742 excedit.

481 2760 714 2798 Quotcumque
739 2757 826 2787 enim
859 2756 972 2787 mediis
1007 2757 1241 2797 exemplaribus
1273 2756 1401 2787 codices
1431 2757 1553 2797 primae

484 2804 588 2834 classis
612 2804 650 2833 ab
675 2801 875 2841 autographo
900 2801 1026 2837 distent,
1043 2802 1107 2831 hoc
1130 2807 1237 2831 tamen
1262 2801 1425 2832 evidenter
1440 2811 1553 2831 verum

484 2858 551 2878 esse
575 2852 714 2887 apparet,
738 2845 896 2886 quidquid
923 2846 1113 2886 autographi
1143 2846 1177 2875 in
1199 2846 1279 2876 istos
1306 2845 1404 2877 libros
1432 2846 1500 2876 sola
1524 2851 1555 2875 et

484 2902 563 2932 pura
585 2891 827 2930 transcriptione
851 2889 1059 2926 descenderit,
1072 2899 1133 2930 *per
1147 2899 1251 2920 unum
1268 2895 1300 2920 et
1314 2890 1401 2921 idem
1420 2899 1554 2930 apogra-

484 2937 586 2976 phum
614 2942 767 2974 tanquam
791 2944 807 2964 e
831 2944 983 2974 supremo
1012 2934 1185 2974 exemplari
1208 2935 1242 2964 in
1265 2935 1337 2965 illos
1361 2934 1553 2975 pervenisse.

542 2990 570 3010 2.
592 2980 674 3009 Inter
697 2979 812 3008 limites
828 2979 948 3018 primae
973 2979 1078 3009 classis
1101 2978 1279 3009 lectionum
1303 2978 1480 3009 differentia
1494 2988 1554 3019 pro

485 3030 573 3065 parte
597 3023 686 3054 omni
710 3024 922 3063 proportione
944 3024 1058 3053 maiori
1075 3023 1114 3053 ad
1131 3023 1209 3054 duas
1224 3024 1416 3054 variantium
1432 3024 1556 3064 species

486 3069 721 3108 constringitur.
747 3068 882 3097 Multam
903 3068 1112 3097 variationem
1135 3069 1318 3098 invenimus
1334 3069 1367 3098 in
1382 3069 1556 3098 verborum

486 3114 647 3153 positione
680 3117 710 3141 et
736 3112 770 3142 in
797 3112 864 3142 aliis
894 3111 1010 3142 talibus
1039 3112 1247 3149 lectionibus,
1276 3122 1355 3153 quas
1385 3113 1556 3153 scriptores

487 3157 579 3188 facile
602 3157 798 3186 submutant.
824 3155 913 3186 Haec
929 3156 1042 3195 utique
1060 3156 1192 3187 variatio
1217 3158 1333 3197 origini
1350 3157 1503 3189 codicum
1518 3167 1556 3188 ex

487 3211 554 3231 uno
579 3209 731 3240 supremo
761 3200 933 3239 exemplari
960 3209 1027 3230 non
1051 3201 1153 3236 obest,
1178 3203 1252 3240 quia
1275 3202 1437 3233 invenitur
1460 3202 1556 3233 etiam

488 3256 506 3275 a
521 3246 636 3276 criticis
652 3245 686 3275 in
701 3244 797 3279 libris,
815 3253 955 3284 quorum
980 3244 1142 3284 exemplar
1160 3251 1245 3276 certe
1267 3252 1384 3278 notum
1402 3252 1460 3278 est.
1484 3247 1557 3277 Alia

488 3289 618 3319 variatio
654 3289 753 3327 surgit
783 3297 819 3318 ex
850 3288 1042 3318 lectionibus
1075 3288 1314 3330 singularibus,
1345 3291 1427 3322 idest
1461 3292 1556 3321 unius

489 3333 609 3363 codicis
633 3342 650 3362 a
674 3337 855 3362 ceterorum
879 3338 1040 3362 concentu
1069 3332 1282 3370 dissonantia;
1319 3345 1401 3375 quae
1424 3336 1555 3366 variatio

491 3378 637 3407 omnium
670 3375 926 3416 frequentissima
950 3386 1016 3416 quo
1041 3386 1136 3407 sensu
1168 3378 1323 3408 unitatem
1356 3385 1460 3410 textus
1489 3390 1557 3411 non

491 3420 589 3455 tollat,
607 3430 682 3450 mox
700 3419 813 3450 dicam.
838 3420 985 3460 Demptis
1001 3421 1049 3450 his
1064 3421 1302 3455 variationibus.
1315 3422 1468 3453 lectiones
1484 3434 1558 3454 vere

491 3465 645 3494 variantes
668 3465 702 3494 in
726 3465 802 3494 orbe
826 3465 948 3504 primae
978 3465 1083 3495 classis
1106 3464 1197 3496 valde
1226 3466 1358 3505 exiguae
1382 3472 1465 3497 sunt.
1489 3468 1558 3498 Nec

493 3509 559 3538 scio
583 3518 623 3538 an
647 3518 791 3548 unquam
814 3509 901 3548 gravi
924 3514 1094 3539 momento
1127 3509 1341 3540 aestimandae
1369 3511 1432 3540 sint
1445 3521 1455 3540 ε·
1483 3520 1559 3542 nam

493 3553 547 3582 ubi
571 3553 725 3582 variantes
758 3562 839 3592 quae
870 3562 979 3591 graves
1008 3553 1108 3583 videri
1138 3559 1271 3593 possent
1302 3559 1491 3591 occurrunt,
1515 3552 1559 3585 ibi

492 3596 675 3636 paucissimi
708 3596 819 3635 legunt
851 3602 961 3627 contra
994 3597 1159 3637 plurimos.
1186 3603 1216 3627 et
1246 3608 1263 3628 a
1293 3604 1381 3637 parte
1413 3598 1560 3629 lectionis

1579 320 1793 360 plurimorum
1827 322 1958 357 apparet
1986 325 2069 356 quae
2093 315 2227 344 variatae
2257 311 2404 342 lectionis
2432 311 2511 340 ratio
2536 309 2650 347 fuerit;

1580 364 1667 394 crisis
1692 362 1927 401 scilicet,'quae
1944 360 2019 391 :data
2043 368 2141 399 opera
2164 359 2338 389 lectionem
2368 355 2556 395 exemplaris
2579 364 2651 385 mu-

1579 408 1665 438 tavit.
1689 425 1712 429 —
1735 405 1870 436 Accedit
1898 404 1987 445 quod
2010 404 2169 434 varietatis
2199 403 2368 442 signatura,
2393 399 2474 430 idest
2497 399 2652 439 siglorum

1580 453 1736 482 variantes
1753 450 1792 480 ad
1805 459 1881 480 suos
1893 449 1990 479 libros
2002 448 2209 480 referentium
2222 445 2430 480 combinati0‚
2444 444 2503 475 sibi
2516 443 2652 474 omnino

1581 505 1648 526 non
1673 499 1815 530 constat,
1839 492 1895 524 sed
1918 493 2010 535 quasi
2032 498 2192 533 perpetuo
2216 501 2254 522 ex
2282 490 2349 520 aliis
2370 495 2399 520 et
2425 488 2492 519 aliis
2513 488 2654 519 elemen-

1576 540 1620 570 tis
1644 539 1830 570 concr'escit.
1856 537 1985 568 Ceteris*
1998 537 2159 578 praevalet
2180 536 2214 566 ni
2233 535 2327 566 fallor
2349 535 2509 574 signatura
2533 531 2591 563 AC
2616 539 2655 562 ex

1582 594 1647 615 una
1670 589 1760 624 parte
1783 582 1840 613 BD
1864 582 2048 618 exalter-a,
2073 581 2225 621 utrinque
2249 588 2325 611 cum
2350 579 2415 609 suis
2438 577 2600 608 Vaticanis
2623 581 2656 607 et

1583 629 1711 664 exteris;
1736 628 1819 658 inter
1841 627 2018 667 signatores
2044 631 2153 657 tamen
2177 625 2268 656 aliter
2290 624 2489 655 combinatas
2509 627 2574 652 tam
2599 628 2656 662 pa-

1582 680 1654 703 rum
1678 671 1848 712 praevalet,
1870 676 1906 701 ut
1929 669 2071 701 diversae
2094 669 2226 710 originis
2245 668 2341 699 index
2360 667 2469 698 haberi
2489 675 2557 696 non
2580 669 2657 706 pos-

1583 718 1631 747 sit.
1656 716 1753 747 Nulla
1776 715 1932 755 sig-lorum
1959 722 2151 755 permanens
2175 719 2206 744 et
2229 717 2379 744 constans
2407 711 2575 742 associatio
2602 717 2656 741 ru—

1583 767 1711 801 pturam
1734 760 1866 790 unionis
1890 768 1993 800 usque
2010 759 2050 790 ad
2064 759 2203 799 primam
2224 757 2376 788 codicum
2389 757 2558 796 originem
2578 763 2657 786 con—

1584 805 1766 841 comitatur,
1783 804 1924 844 ideoque
1940 804 2047 834 omnis
2069 807 2174 834 textus
2193 802 2369 833 differentia
2384 800 2464 831 infra
2481 806 2657 830 commune

1585 849 1748 890 exemplar
1772 847 1935 879 contracta
1959 853 2014 878 est.
2579 851 2581 856 ·

1612 909 1614 913 v
1639 895 1811 925 Lectiones
1826 893 2001 933 singulares
2024 891 2283 933 frequentissime
2307 893 2490 922 occurrunt.
2515 887 2579 919 Sed
2594 888 2658 919 hoc

1585 939 1698 979 utique
1731 937 1967 978 expectandum
1991 942 2067 967 erat.
2099 936 2194 978 ¹Quae
2213 936 2306 975 fenim
2336 940 2482 974 unquam
2512 930 2660 964 transcri-

1585 984 1713 1024 ptiones
1729 992 1767 1013 ex
1784 981 2019 1022 exemplaribus
2043 984 2091 1011 ter
2114 974 2250 1011 centena
2273 978 2373 1010 millia
2390 978 2564 1008 verborum
2580 982 2660 1008 0011-

1585 1029 1762 1058 tinentibus
1793 1026 1862 1057 fieri
1892 1027 2084 1066 potuissent,
2109 1026 2189 1065 quin
2220 1022 2504 1055 sub‘librario‘rum
2536 1020 2661 1052 calamo

1586 1072 1738 1114 frequens
1759 1077 1789 1102 et
1805 1070 1993 1102 multicolor
2015 1070 2152 1101 oriretur
2175 1068 2340 1110 disparitas
2363 1068 2446 1098 inter
2469 1065 2662 1108 exemplaria

1587 1122 1618 1148 et
1635 1116 1824 1157 exemplata,
1849 1121 1881 1146 et
1903 1119 2142 1156 consequenter
2164 1114 2262 1144 etlam
2284 1113 2368 1143 inter
2382 1110 2565 1154 exemplata
2580 1111 2662 1141 invi—

1589 1159 1679 1192 cem?
1695 1161 1848 1199 Qualibet
1860 1159 2107 1200 transcriptione
2123 1163 2259 1199 augetur
2271 1157 2419 1192 variatio,
2431 1161 2517 1196 quae
2531 1155 2577 1186 ab*
2590 1155 2663 1185 artis

1588 1206 1773 1246 scriptoriae
1797 1205 2043 1236 conditione&
2060 1203 2174 1235 indole
2197 1201 2327 1244 pendet.
2354 1200 2418 1232 Sed
2440 1207 2509 1231 non
2532 1199 2663 1241 plurimi

1589 1250 1735 1282 facienda
1759 1255 1816 1280 est.
1840 1249 1903 1280 Ubi
1927 1250 2015 1280 enim
2038 1248 2109 1279 talis
2132 1248 2246 1290 100110,
2257 1245 2417 1278 defectivo
2439 1245 2540 1286 vulgo
2556 1253 2663 1279 sensu,

1590 1304 1685 1336 saepe
1701 1295 1798 1325 etiam
1813 1299 2030 1328 monstruosa,
2047 1292 2196 1328 occurrit,
2208 1297 2373 1332 'augemur
2389 1294 2515 1321 tanturn
2532 1289 2665 1320 scientia

1591 1339 1853 1380 experimentali:
1884 1337 2032 1369 videmus
2055 1337 2177 1368 scilicet
2200 1342 2269 1377 quo
2291 1335 2506 1366 determinato
2529 1333 2666 1375 100011-

1590 1385 1712 1415 brarius
1736 1384 1851 1423 aliquis
1875 1383 2034 1418 erraverit,
2059 1391 2158 1422 quern
2183 1381 2222 1412 ad
2246 1379 2452 1411 scribendum
2468 1387 2501 1409 se
2519 1379 2666 1420 00013011·-

1590 1435 1656 1459 10111
1681 1435 1776 1468 saepe
1800 1427 1975 1468 multisque
1999 1423 2106 1457 modis
2129 1427 2168 1456 ab
2192 1425 2365 1466 exemplari
2396 1428 2574 1455 erraturum
2597 1430 2666 1453 esse

1592 1483 1610 1503 a
1626 1473 1731 1513 priore
1747 1473 1811 1503 iam
1826 1472 1931 1512 probe
1952 1478 2157 1502 noveramus.
2181 1470 2258 1501 Non
2284 1474 2392 1500 tamen
2409 1468 2494 1504 dico,
2510 1467 2667 1498 lectiones

1592 1517 1767 1557 singulares
1798 1525 1816 1547 a
1845 1517 2054 1556 scriptoribus
2089 1514 2241 1546 codicum
2273 1514 2307 1544 in
2340 1514 2459 1554 quibus
2492 1515 2668 1543 occurrant

1593 1562 1735 1602 primum
1765 1566 1886 1591 creatas
1916 1569 2004 1591 esse:
2035 1559 2105 1591 fieri
2135 1559 2246 1600 potuit
2270 1564 2307 1589 ut
2329 1558 2475 1589 librarius
2498 1555 2628 1597 *aliquid
2648 1562 2669 1598 a

1593 1612 1775 1636 ceterorum
1799 1605 1939 1635 lectione
1958 1604 2119 1635 diversum
2135 1603 2287 1638 scribens,
2312 1603 2486 1633 lectionem
2507 1599 2670 1642 exempla·-

1593 1651 1636 1681 ris
1663 1650 1758 1680 nobis
1789 1649 1893 1689 ignoti
1927 1649 2124 1689 expresserit.
2158 1647 2223 1678 Sed
2254 1656 2323 1678 non
2355 1643 2440 1687 op'us
2465 1651 2515 1677 est
2540 1644 2669 1676 ut‘hoc

1595 1700 1742 1725 accurate
1770 1693 2010 1724 determinetur.
2035 1693 2070 1723 ln
2094 1698 2181 1723 tanta
2211 1693 2298 1723 enim
2324 1691 2476 1723 codicum
2504 1690 2671 1721 sociorum

1540 1760 1542 1762 -
1595 1738 1803 1770 multitudine
1834 1737 2030 1768 conferenda
2059 1737 2236 1778 generatim
2265 1736 2359 1768 nullo
2385 1736 2519 1776 negotio
2549 1739 2582 1766 et
2604 1734 2671 1765 evi*-

1596 1783 1708 1814 denter
1737 1782 1835 1813 lectio
1865 1782 2009 1822 supremi
2040 1780 2230 1821 exemplaris
2259 1781 2431 1811 elucescit:
2463 1785 2529 1810 erat
2549 1778 2672 1810 scilieet

1597 1838 1634 1858 ea
1661 1828 1695 1858 in
1724 1836 1822 1867 quam
1854 1836 1967 1857 omnes
2000 1826 2128 1856 codices
2160 1830 2285 1866 praeter
2316 1834 2420 1856 unum
2453 1823 2671 1855 consentiunt.

1597 1872 1678 1902 Eam
1712 1870 1897 1902 discordans
1930 1880 2066 1911 quoque
2098 1869 2201 1901 codex
2234 1870 2415 1906 habuisset,
2437 1869 2498 1899 nisi
2527 1869 2561 1900 in
2590 1868 2672 1900 serie

1596 1916 1880 1956 transcriptionum
1905 1925 1922 1945 a
1946 1915 2113 1946 communi
2138 1914 2311 1955 exemplari
2335 1912 2600 1945 descendentium
2616 1912 2672 1944 ali-

1598 1961 1670 2002 quis
1686 1961 1832 1991 librarius
1848 1960 1983 2000 (quotus
1998 1960 2032 1990 in
2047 1959 2127 1990 serie
2151 1958 2247 1990 fuerit
2269 1958 2349 1989 nihil
2366 1957 2486 1998 differt)
2502 1958 2542 1988 ab
2557 1958 2673 1989 imane-

1599 2005 1685 2036 diato
1709 2014 1769 2035 suo
1794 2003 1967 2045 exemplari
1996 2004 2188 2035 recessisset.
2217 2003 2318 2044 Apud
2340 2002 2487 2034 medium
2508 2002 2675 2035 librarium

1599 2050 1678 2080 sistit
1691 2050 1823 2089 quaevis
1838 2048 1935 2079 lectio
1951 2048 2130 2089 singularis,
2143 2048 2220 2088 quia
2232 2047 2310 2089 quid
2323 2057 2512 2088 supremum
2525 2046 2675 2078 omnium

1599 2094 1761 2134 exemplar
1794 2093 1919 2133 legerit,
1945 2098 2127 2123 ceterorum
2162 2102 2340 2124 consensus
2372 2090 2567 2123 manifestat.
2598 2088 2675 2122 Hoc

1600 2148 1761 2169 consensu
1790 2137 1979 2168 moderante
2003 2143 2034 2169 et
2057 2143 2204 2178 regente,
2228 2137 2363 2170 varietas
2386 2137 2425 2167 ab
2448 2145 2516 2167 uno
2545 2136 2674 2169 librario

1599 2182 1781 2215 introducta
1805 2182 1839 2213 in
1862 2182 2020 2213 unitatem
2044 2187 2075 2212 et
2098 2181 2345 2213 indifferentiam
2365 2186 2470 2213 textus
2493 2186 2676 2222 cete-mptum

1599 2227 1780 2258 resolvitur.

1658 2272 1687 2302 3.
1712 2271 1799 2302 Cum
1822 2280 1900 2301 vero
1922 2270 2031 2302 nullus
2048 2270 2149 2301 codex
2172 2280 2241 2302 non
2264 2269 2451 2311 frequenter
2474 2270 2564 2301 solus
2579 2270 2630 2306 sit,
2645 2274 2677 2300 et

1601 2317 1758 2346 lectiones
1781 2315 1957 2355 singulares
1981 2315 2090 2355 quoad
2105 2325 2236 2346 sensum
2259 2321 2291 2354 et
2313 2313 2583 2358 significationem
2595 2323 2676 2354 ‚faro

1601 2366 1727 2390 tanturn
1750 2369 1817 2390 non
1843 2369 1996 2390 erroneae
2013 2360 2084 2395 sint,
2106 2359 2180 2390 ideo
2206 2360 2250 2390 eis
2273 2359 2406 2390 remotis
2430 2359 2531 2390 textui
2554 2358 2676 2399 primae

1603 2405 1709 2435 classis
1725 2405 1843 2444 gratior
1859 2405 2058 2434 concinnitas
2075 2410 2106 2434 et
2122 2404 2225 2434 maius
2249 2403 2348 2434 decus
2371 2410 2558 2435 accrescunt
2578 2412 2677 2444 quam

1603 2450 1721 2489 quibus
1737 2450 1769 2478 in
1786 2458 1853 2478 uno
1878 2448 1991 2478 codice
2014 2449 2115 2478 nitere
2139 2454 2258 2488 posset.
2282 2447 2352 2480 Nec
2367 2448 2508 2484 mirum;
2532 2453 2678 2479 remotus

1604 2494 1725 2524 scilicet
1753 2499 1799 2523 est
1831 2493 2023 2533 scriptorum
2054 2492 2176 2524 multus
2200 2498 2231 2523 et
2262 2492 2448 2532 illegitimus
2480 2491 2622 2526 influxus
2644 2493 2678 2523 in

1603 2543 1727 2568 textum
1752 2537 1963 2578 autographi;
1987 2537 2122 2578 propius
2145 2546 2311 2568 accessum
2335 2543 2382 2567 est
2406 2537 2446 2568 ad
2464 2537 2572 2577 ipsum
2588 2535 2679 2568 'rho-

1604 2592 1702 2618 mam,
1727 2583 1819 2612 cuius
1843 2587 1966 2612 textum
1989 2581 2232 2621 transcriptores
2254 2581 2413 2612 inconscii
2436 2587 2468 2612 et
2482 2581 2575 2612 inviti
2591 2580 2680 2613 dete-

1604 2628 1723 2657 riorare
1746 2631 1940 2666 potuerunt,
1966 2631 1997 2655 at
2019 2635 2080 2657 nec
2107 2625 2253 2656 volentes
2285 2625 2455 2656 meliorare
2485 2626 2679 2666 potuissent.

1661 2671 1802 2701 Multum
1825 2676 1934 2700 tamen
1958 2670 2046 2700 abest
2069 2675 2105 2701 ut
2126 2670 2293 2710 reciproca
2322 2669 2496 2701 collatione
2527 2669 2680 2702 codicum

1606 2724 1720 2745 omnes
1740 2714 1844 2745 malae
1859 2715 2014 2745 lectiones
2031 2724 2048 2745 e
2064 2719 2154 2745 textu
2169 2714 2292 2754 primae
2316 2714 2422 2744 classis
2443 2720 2680 2746 evanescerent.

1607 2760 1720 2791 Unus
1751 2765 1811 2789 est
1838 2759 2084 2799 frequenter
2111 2759 2151 2789 in
2179 2759 2440 2789 lectionibus
2469 2758 2598 2796 falsis,
2621 2759 2680 2790 in-

1607 2804 1816 2844 congruis,
1834 2803 1936 2833 vela
1956 2809 2057 2834 nota
2079 2803 2110 2834 S.
2125 2803 2323 2834 Doctoris
2347 2802 2538 2834 dictione
2556 2804 2680 2844 inpe-

1606 2849 1735 2878 iorem
1758 2853 1915 2888 partem
1938 2846 2243 2878 differentibus.
2266 2847 2330 2878 Hic
2345 2857 2414 2878 non
2430 2847 2518 2888 apud
2536 2846 2681 2888 singulos

1606 2893 1750 2923 librarios
1761 2892 1812 2922 vel
1824 2891 2013 2922 intermedia
2030 2891 2223 2932 exemplaria
2238 2891 2389 2923 standum
2401 2897 2458 2928 est,
2471 2891 2548 2932 quia
2563 2886 2681 2930 eodem

1606 2938 1675 2968 iure
1691 2946 1762 2976 quo,
1775 2942 1910 2967 utuntur
1934 2937 2039 2967 bonae
2062 2942 2167 2968 textus
2190 2937 2357 2973 lectiones,
2374 2933 2683 2971 communi'scilicet

1606 2980 1758 3012 codicum
1791 2981 2003 3016 attestatione,
2029 2980 2068 3011 ad
2091 2981 2305 3021 integ-ritatem
2337 2980 2547 3012 indifferentis
2577 2985 2682 3013 textus
2712 2990 2715 2993 ·

1606 3025 1858 3065 inseparabiliter
1880 3026 2050 3066 pertinent.
2075 3025 2123 3056 Re
2146 3031 2179 3056 et
2201 3025 2416 3056 naturaistae
2437 3025 2594 3056 lectiones
2612 3034 2682 3056 non

1608 3069 1759 3100 differunt
1787 3071 1827 3100 ab
1856 3070 1919 3106 eis,
1943 3078 2023 3110 quas
2057 3070 2158 3101 modo
2193 3071 2287 3111 parvi
2313 3067 2479 3100 faciendas
2503 3079 2572 3100 esse
2604 3068 2682 3101 dixi

1608 3114 1825 3145 Essentialiter
1846 3124 1915 3145 non
1938 3120 2012 3145 sunt
2034 3115 2095 3145 nisi
2117 3113 2408 3146 varietates‘textui
2435 3113 2575 3149 auctoris
2598 3113 2683 3144 acci-

1608 3159 1720 3190 dentes
1744 3158 1822 3189 dum
1846 3168 1904 3199 per
1927 3159 2061 3190 oculum
2085 3165 2117 3189 et
2140 3159 2304 3190 calamam
2324 3156 2488 3198 scriptoris
2511 3166 2550 3189 ex
2574 3156 2682 3188 0110111-

1608 3203 1689 3244 plari
1710 3205 1744 3234 in
1769 3204 1986 3244 exemplatum
2017 3198 2532 3235 transfunditur-{Sedssdiffemnt
2553 3210 2612 3242 per
2634 3201 2682 3232 di-

1608 3258 1732 3278 versam
1747 3249 1945 3288 positionem
1958 3249 1994 3279 in
2009 3247 2190 3279 traditione:
2196 3243 2418 3286 >intingebatur
2433 3245 2473 3277 de
2487 3244 2683 3282 lectionibus

1610 3293 1750 3324 erroneis
1782 3293 2006 3333 singularibus,
2028 3291 2111 3323 idest
2133 3287 2201 3322 uno
2228 3289 2313 3330 siglo
2335 3290 2483 3331 signatis,
2508 3290 2562 3321 cui
2584 3289 2682 3321 lectio

1609 3337 1761 3367 omnibus
1785 3337 1870 3378 siglis
1894 3342 2075 3368 ceterorum
2095 3334 2260 3366 <librorum
2276 3334 2419 3374 'signam'
2443 3334 2681 3375 opponebatur.

1610 3381 1781 3412 Lectiones
1803 3391 1880 3412 vero
1905 3389 2068 3416 erroneae,
2085 3385 2117 3410 et
2139 3389 2157 3410 a
2181 3377 2259 3410 falsa
2282 3378 2415 3419 quidem
2437 3379 2682 3419 transcriptione

1611 3434 1772 3460 erroneae,
1790 3425 1829 3456 de
1846 3426 1963 3466 quibus
1986 3433 2074 3455 nunc
2097 3423 2209 3464 agitur,
2234 3423 2319 3464 siglis
2343 3423 2492 3456 omniurn
2507 3423 2558 3454 vel
2577 3432 2682 3464 paene

1613 3469 1761 3500 omnium
1777 3469 2122 3511 librorum'sign'antur.
2143 3467 2204 3498 Ista
2218 3468 2399 3510 signamrjae
2422 3466 2600 3498 differentia
2614 3477 2682 3498 rna-

1612 3513 1731 3544 ximam
1748 3518 1779 3543 et
1794 3514 2012 3555 maximopere
2027 3510 2255 3550 attendendam
2270 3512 2382 3545 secum
2397 3509 2457 3543 fert
2472 3509 2682 3543 differentiam

1613 3556 1694 3587 inter
1718 3566 1839 3588 errores
1871 3556 2044 3598 singulares
2068 3561 2100 3587 et
2122 3565 2324 3591 communes.
2356 3552 2441 3587 Nam
2465 3555 2544 3597 quid
2570 3556 2683 3597 legerit

1614 3609 1800 3640 supremum
1818 3601 1978 3642 exemplar
1994 3599 2114 3631 codicis
2125 3600 2158 3631 in
2172 3609 2238 3640 quo
2250 3600 2347 3631 lectio
2365 3599 2531 3641 singularis
2547 3601 2682 3637 obtinet,
