2872 3970
102 1666 207 1688 :Ax-istm.
219 1666 267 1687 Ca-

59 1715 73 1722 ·‘
83 1697 225 1747 rrae-23¹5&
234 1699 263 1745 iij

63 1768 66 1770 Α
88 1750 156 1772 nm,
170 1751 194 1767 n.
203 1751 223 1767 π.

255 885 270 924 3
314 851 443 904 ,ῥῷ

995 315 1256 362 QUAEST1o
1286 316 1388 362 Xiv,

1418 315 1708 354 ARTICULUS
1737 317 1786 353 IV
2407 307 2476 345 183

1077 468 1392 510 ARTICULUS
1423 469 1695 518 QUARTUS

462 560 618 592 UTRUM
643 560 855 591 cnmsws
879 560 1027 590 OMNES
1050 560 1278 591 DEFECTUS
1302 560 1586 592 CORPORALES
1610 562 1820 593 HOMINUM
1843 562 2071 594 ASSUMERE
2095 562 2314 592 DEBUEmT

597 638 629 663 111
648 638 730 668 Sent„
751 638 809 664 dist.
828 646 868 669 xv,
888 646 932 671 qu.
952 647 969 668 1,
988 644 1034 664 art.
1055 646 1069 663 2
1075 646 1083 669 ς
1103 639 1161 664 dist.
1179 647 1238 670 xxn,
1258 647 1302 672 qu.
1321 647 1348 675 n,
1368 644 1412 665 art.
1435 647 1456 669 ι,
1476 640 1526 672 qu⁸
1547 647 1576 670 ις
1597 641 1740 672 compend.
1763 641 1860 670 771eol.‚
1880 649 1935 673 cap.
1954 648 2053 671 ccxxw,
2072 648 2170 666 ccxxxi.

336 735 391 766 ς»)
412 735 485 764 ost(
507 730 530 755 D
550 729 721 760 QUARTUM
741 729 793 754 s1c
812 729 1047 754 PROCEDITUR.
1071 717 1231 754 Videtur
1249 718 1356 767 quod

323 760 479 831 »⁷²25
509 770 683 807 Christus
702 781 839 806 omnes
861 770 1029 807 defectus
1050 772 1268 818 corporales
1287 771 1356 807 ho-

347 814 361 830 &
450 813 660 859 “minum
701 834 896 859 assumere
934 822 1075 859 debuit.
1118 822 1216 860 Dicit
1252 822 1356 859 enim

318 911 324 915 ,
466 868 770 912 kDamascenus
788 874 826 910 *z
861 876 971 917 Quod
988 881 1038 911 est
1057 876 1353 924 inassumptibile,

295 931 346 964 est
373 927 585 964 incurabile.
616 927 693 964 Sed
717 926 889 964 Christus
917 935 1072 964 venerat
1092 940 1227 964 omnes
1255 928 1355 964 defe-

295 986 378 1016 ctus
396 986 546 1017 nostros
565 991 710 1017 curare.
740 980 841 1028 Ergo
862 992 998 1016 omnes
1018 980 1184 1016 defectus
1205 988 1356 1016 nostros

295 1044 491 1069 assumere
519 1032 662 1070 debuit.

349 1096 384 1121 2.
413 1085 644 1130 PRAETEREA,
665 1085 810 1122 dictum
838 1092 893 1121 est
911 1084 931 1106 ²¹⁶
958 1085 1066 1134 quod
1085 1085 1134 1122 ad
1154 1085 1229 1122 hoc
1247 1085 1355 1133 quod

296 1137 469 1174 Christus
486 1149 558 1187 pro
577 1137 689 1175 nobis
707 1137 944 1183 satisfaceret,
965 1137 1097 1174 debuit
1125 1138 1266 1174 habere
1287 1138 1354 1174 ha-

294 1189 395 1227 bitus
421 1191 647 1240 perfectivos
665 1189 704 1227 in
723 1190 853 1228 anima
876 1198 912 1227 et
935 1190 1102 1227 defectus
1121 1190 1160 1226 in
1179 1201 1351 1238 corpore.

295 1243 372 1280 Sed
398 1243 479 1292 ipse
500 1249 517 1264 ‘²
545 1255 592 1280 ex
617 1251 724 1293 parte
750 1242 901 1280 animae
930 1242 1135 1292 assumpsit
1152 1242 1354 1292 plenitudi-

293 1307 384 1332 nem
412 1295 539 1333 omnis
565 1295 715 1344 gratiae.
751 1296 853 1343 Ergo
882 1307 928 1332 ex
955 1303 1061 1344 parte
1089 1295 1261 1344 corporis
1289 1295 1352 1332 de-

292 1347 375 1385 buit
402 1360 598 1385 assumere
626 1361 763 1385 omnes
791 1349 971 1385 defectus.

347 1401 380 1438 3.
410 1402 641 1448 PRAETEREA,
661 1401 759 1441 inter
786 1413 922 1437 omnes
942 1401 1109 1438 defectus
1137 1401 1353 1449 corporales

290 1453 544 1503 praecipuum
558 1455 690 1491 locum
708 1461 810 1491 tenet
828 1466 944 1490 mors.
966 1454 1043 1491 Sed
1059 1453 1231 1490 Christus
1250 1465 1352 1491 mor-

290 1513 369 1543 tem
397 1506 612 1556 assumpsit.
649 1507 750 1555 Ergo
778 1507 901 1543 multo
937 1506 1056 1554 magis
1089 1518 1225 1543 omnes
1253 1505 1352 1543 defe-

291 1566 374 1596 ctus
402 1559 496 1597 alios
523 1571 718 1596 assumere
748 1559 890 1596 debuit.
1278 1600 1281 1603 ,

345 1613 419 1649 SED
447 1624 592 1649 CONTRA
619 1623 684 1649 EsT
712 1612 819 1661 quod
856 1612 1043 1648 contraria
1077 1624 1157 1648 non
1192 1620 1353 1660 possunt

291 1664 406 1702 simul
424 1664 508 1701 fieri
527 1665 566 1701 in
585 1665 724 1701 eodem
741 1664 772 1700 ³¹⁸.
804 1665 880 1701 Sed
899 1665 1091 1713 quaedam
1118 1664 1352 1702 infirmitates

291 1725 381 1754 sunt
417 1717 488 1754 sibi
523 1717 614 1766 ipsis
651 1717 882 1764 contrariae,
911 1725 1043 1766 utpote
1082 1729 1128 1753 ex
1156 1718 1352 1754 contrariis

290 1769 485 1819 principiis
513 1777 699 1807 causatae.
737 1771 838 1818 Ergo
867 1782 946 1806 non
980 1769 1104 1818 potuit
1136 1782 1217 1806 esse
1246 1771 1353 1819 quod

293 1823 465 1860 Christus
493 1834 630 1860 omnes
651 1822 889 1859 infirmitates
917 1823 1108 1859 humanas
1130 1831 1351 1860 assumeret.

343 1877 568 1913 Respommo
595 1887 777 1912 mCENDUM
805 1875 923 1924 quod,
949 1874 1046 1911 sicut
1073 1874 1216 1911 dictum
1248 1883 1302 1911 est
1320 1875 1351 1922 ³¹⁸,

292 1928 466 1966 Christus
493 1929 687 1965 humanos
715 1928 884 1964 defectus
903 1927 1108 1976 assumpsit
1136 1928 1184 1964 ad
1213 1928 1353 1965 satisfa-

290 1981 472 2019 ciendum
490 1993 561 2030 pro
580 1988 738 2030 peccato
758 1981 952 2017 humanae
972 1987 1147 2017 naturae:
1178 1981 1227 2017 ad
1246 1981 1353 2030 quod

290 2033 555 2084 requirebatur
582 2033 690 2083 quod
715 2033 990 2083 perfectionem
1018 2032 1195 2070 scientiae
1217 2041 1253 2070 et
1271 2046 1353 2081 gra-

290 2087 363 2124 tiae
391 2086 550 2124 haberet
575 2086 616 2123 in
643 2086 782 2123 anima.
812 2087 898 2123 Illos
917 2086 1028 2134 igitur
1046 2086 1216 2122 defectus
1245 2086 1353 2123 Chri-

291 2147 370 2177 stus
397 2150 593 2176 assumere
621 2139 754 2176 debuit
781 2139 848 2188 qui
875 2146 1165 2187 consequuntur
1192 2151 1238 2175 ex
1266 2151 1353 2187 pec-

291 2200 376 2230 cato
404 2191 606 2229 communi
633 2192 749 2229 totius
776 2199 955 2238 naturae,
985 2203 1055 2228 nec
1082 2199 1212 2227 tamen
1240 2203 1352 2240 repu-

291 2252 408 2294 gnant
434 2244 657 2294 perfectioni
685 2244 860 2281 scientiae
888 2252 924 2281 et
951 2244 1100 2292 gratiae.

346 2298 408 2335 Sic
435 2297 547 2346 igitur
573 2309 653 2334 non
680 2297 749 2334 fuit
786 2297 1020 2334 conveniens
1048 2304 1089 2333 ut
1117 2308 1253 2334 omnes
1291 2297 1353 2333 de-

290 2352 410 2388 fectus
438 2363 506 2387 seu
534 2350 771 2387 infirmitates
793 2351 982 2387 humanas
1006 2357 1226 2386 assumeret.
1257 2350 1354 2386 Sunt

291 2404 397 2441 enim
425 2403 584 2453 quidam
613 2403 780 2440 defectus
808 2403 874 2452 qui
902 2411 1115 2452 repugnant
1133 2402 1354 2452 perfectioni

291 2456 467 2494 scientiae
496 2464 532 2493 et
558 2456 714 2504 gratiae:
746 2455 840 2493 sicut
868 2455 1088 2503 ignorantia,
1109 2456 1277 2504 pronitas
1305 2456 1354 2492 ad

292 2511 453 2554 malum,
483 2516 518 2545 et
546 2509 747 2546 difficultas
775 2509 824 2546 ad
852 2509 1013 2545 bonum.

346 2562 517 2609 Quidam
536 2563 666 2598 autem
694 2562 861 2598 defectus
897 2569 985 2598 sunt
1020 2561 1087 2610 qui
1114 2573 1194 2598 non
1222 2573 1354 2598 conse-

292 2622 466 2664 quuntur
499 2614 757 2651 communiter
784 2622 903 2651 totam
931 2615 1145 2651 humanam
1178 2622 1355 2651 naturam

292 2675 449 2717 propter
479 2674 681 2716 peccatum
708 2667 822 2716 primi
849 2667 1028 2716 parentis,
1056 2667 1123 2703 sed
1151 2675 1356 2704 causantur

293 2721 332 2757 in
351 2719 542 2769 aliquibus
570 2720 793 2757 hominibus
821 2732 867 2756 ex
896 2720 1130 2769 quibusdam
1156 2720 1355 2769 particula-

376 838 428 855 *W

347 2849 374 2884 α)
395 2850 457 2882 ipse.
474 2863 493 2868 —-
512 2849 572 2874 Om.
591 2849 689 2880 BDEF,
711 2849 832 2875 Christus
851 2849 860 2874 1
880 2854 905 2874 et
923 2850 1060 2875 editiones.

347 2885 372 2918 β)
392 2884 591 2910 inordinatione
611 2884 704 2910 uterus.
722 2899 741 2904 --
759 2885 914 2910 inordinato
932 2886 1003 2911 victu
1022 2886 1104 2911 tertia.

346 2921 373 2955 γ)
393 2921 494 2946 valens.
510 2934 530 2939 -
542 2923 640 2952 potens
658 2921 741 2947 tertia.

346 2955 371 2991 ὃ)
391 2956 473 2982 tertii.
490 2970 509 2974 -
527 2955 594 2981 certi
613 2955 636 2980 b.
1374 2927 1387 3020 Ῑ

1412 719 1517 755 ribus
1545 719 1686 756 causis:
1717 719 1812 756 sicut
1839 721 1944 768 lepra
1972 727 2008 756 et
2035 720 2195 756 morbus
2224 719 2403 766 caducus,
2434 728 2470 757 et

1411 771 1483 807 alia
1502 771 1736 808 huiusmodi.
1767 772 1845 818 Qui
1865 772 2023 820 quidem
2043 772 2210 809 defectus
2234 773 2469 821 quandoque

1411 832 1616 860 causantur
1643 836 1688 860 ex
1717 826 1829 873 culpa
1857 825 2043 871 hominis,
2073 833 2165 873 puta
2197 837 2242 861 ex
2278 825 2469 862 inordina-

1410 876 1513 912 tione
1547 876 1669 913 victus
1689 875 1720 913 βε
1751 877 1986 926 quandoque
2006 885 2135 914 autem
2155 889 2200 913 ex
2219 878 2367 914 defectu
2395 878 2468 914 vir-

1410 928 1497 964 tutis
1511 929 1746 966 formativae.
1768 930 1946 976 Quorum
1969 938 2149 966 neutrum
2167 930 2345 966 convenit
2361 930 2468 967 Chri—

1410 989 1485 1017 sto:
1516 981 1607 1030 quia
1635 994 1723 1018 caro
1752 982 1834 1018 eius
1862 983 1908 1018 de
1939 982 2080 1031 Spiritu
2110 983 2248 1020 Sancto
2285 991 2468 1031 concepta

1410 1041 1475 1079 est,
1497 1033 1563 1082 qui
1592 1042 1646 1070 est
1674 1034 1842 1071 infinitae
1866 1034 2070 1083 sapientiae
2100 1043 2136 1071 et
2162 1035 2321 1082 virtutis,
2343 1047 2467 1072 errare

1410 1093 1446 1122 et
1473 1086 1637 1122 deficere
1666 1085 1746 1122 n'on
1773 1088 1904 1123 valens
1924 1093 1957 1132 Υ;
1988 1095 2023 1123 et
2050 1088 2130 1136 ipse
2158 1087 2251 1124 nihil
2275 1088 2467 1125 inordina-

1409 1146 1493 1175 tum
1521 1150 1560 1174 1n
1584 1139 1766 1186 reg1mine
1795 1152 1886 1175 suae
1914 1140 2013 1176 vitae
2042 1140 2218 1177 exercuit.

1463 1191 1560 1228 Sunt
1594 1198 1724 1227 autem
1758 1191 1854 1227 tertii
1873 1190 1886 1213 ὃ
1915 1192 2081 1228 defectus
2116 1192 2182 1240 qui
2219 1193 2257 1229 in
2286 1193 2467 1229 omnibus

1408 1243 1631 1281 hominibus
1667 1243 1924 1280 communiter
1956 1244 2203 1281 inveniuntur
2235 1257 2280 1281 ex
2310 1253 2466 1294 peccato

1407 1295 1522 1345 primi
1549 1295 1734 1344 parentis:
1771 1296 1866 1333 sicut
1893 1309 2016 1343 morS,
2046 1298 2177 1343 fames,
2208 1297 2295 1343 sitis,
2325 1305 2361 1333 et
2396 1297 2467 1334 alia

1407 1348 1643 1385 huiusmodi.
1674 1349 1721 1385 Et
1747 1349 1818 1385 hos
1845 1349 2012 1386 defectus
2040 1362 2175 1386 omnes
2204 1349 2377 1386 Christus
2405 1363 2466 1386 su-

1408 1401 1535 1450 scepit.
1575 1402 1686 1448 Quos
1723 1402 1986 1439 Damascenus
2010 1402 2030 1424 *
2064 1411 2176 1439 vocat
2213 1403 2399 1439 naturales
2435 1409 2467 1439 et

1407 1454 1686 1492 indetractibiles
1705 1459 1716 1475 ⁵
1738 1456 1951 1503 passiones:
1973 1457 2162 1492 naturales
2185 1455 2355 1504 quidem,
2376 1455 2466 1504 quia

1407 1514 1697 1556 consequuntur
1729 1507 1986 1544 communiter
2012 1515 2130 1544 totam
2158 1509 2372 1545 humanam
2400 1520 2465 1545 na-

1407 1568 1552 1605 turam;
1590 1559 1880 1596 indetractibiles
1914 1560 2072 1609 quidem
2092 1560 2116 1607 4,
2151 1560 2241 1609 quia
2275 1561 2465 1597 defectum

1407 1612 1583 1649 scientiae
1612 1620 1648 1648 et
1675 1612 1813 1659 gratiae
1842 1624 1921 1649 non
1950 1612 2166 1661 important.

1459 1667 1516 1701 AD
1545 1677 1679 1702 PRIMUM
1708 1677 1806 1701 ERGO
1834 1677 2015 1702 DICENDUM
2043 1666 2151 1714 quod
2189 1678 2325 1702 omnes
2353 1666 2465 1714 parti-

1407 1719 1553 1755 culares
1590 1717 1757 1754 defectus
1794 1717 1999 1754 hominum
2028 1725 2232 1755 causantur
2264 1731 2309 1754 ex
2337 1731 2466 1755 corru-

1406 1769 1600 1819 ptibilitate
1639 1777 1674 1806 et
1710 1769 1951 1818 passibilitate
1988 1770 2178 1819 corporis,
2215 1771 2467 1819 superadditis

1407 1822 1642 1872 quibusdam
1669 1822 1958 1870 particularibus
1992 1823 2125 1859 causis.
2165 1824 2212 1859 Et
2239 1823 2342 1869 ideo,
2373 1824 2468 1860 dum

1409 1874 1581 1913 Christus
1615 1875 1762 1911 curavit
1785 1880 1802 1902 η
1831 1875 2114 1923 passibilitatem
2148 1883 2184 1911 et
2219 1876 2468 1924 corruptibili-

1407 1936 1524 1965 tatem
1543 1927 1716 1975 corporis
1743 1927 1861 1964 nostri
1886 1939 1955 1976 per
1983 1928 2058 1964 hoc
2081 1929 2188 1977 quod
2208 1941 2294 1964 eam
2321 1941 2468 1965 assum-

1407 1981 1491 2031 psit,
1513 1993 1559 2017 ex
1578 1980 1828 2029 consequenti
1852 1992 1988 2017 omnes
2007 1981 2100 2017 alios
2124 1981 2291 2018 defectus
2311 1981 2467 2018 curavit.

1460 2035 1517 2070 AD
1545 2045 1734 2070 sECUNDUM
1762 2045 1942 2070 DlCENDuM
1971 2034 2078 2082 quod
2111 2033 2309 2082 plenitudo
2343 2034 2468 2071 omnis

1407 2086 1545 2134 gratiae
1575 2093 1611 2121 et
1639 2085 1815 2122 scientiae
1844 2085 1994 2122 animae
2022 2086 2160 2123 Christi
2186 2087 2400 2124 secundum
2429 2100 2468 2124 se

1408 2139 1637 2185 debebatur,
1667 2150 1713 2174 ex
1741 2139 1817 2174 hoc
1844 2138 1928 2187 ipso
1956 2139 2063 2187 quod
2092 2147 2170 2175 erat
2197 2152 2220 2176 a
2238 2140 2366 2176 Verbo
2396 2140 2468 2177 Dei

1408 2198 1614 2239 assumpta.
1644 2191 1692 2227 Et
1714 2189 1801 2227 ideo
1822 2191 1993 2227 absolute
2014 2203 2172 2228 omnem
2191 2192 2468 2241 plenitudinem

1408 2243 1612 2292 sapientiae
1641 2251 1676 2279 et
1694 2243 1832 2291 gratiae
1854 2244 2026 2280 Christus
2054 2244 2269 2294 assumpsit.
2301 2245 2377 2282 Sed
2403 2245 2468 2282 de-

1406 2298 1525 2334 fectus
1545 2303 1695 2332 nostros
1714 2296 1967 2344 dispensative
1994 2297 2209 2345 assumpsit,
2231 2305 2272 2334 ut
2290 2309 2360 2346 pro
2379 2310 2467 2346 pec-

1408 2357 1491 2386 cato
1520 2356 1650 2385 nostro
1679 2348 1923 2385 satisfaceret:
1961 2361 2039 2385 non
2072 2349 2162 2398 quia
2190 2350 2224 2386 ei
2252 2350 2467 2387 secundum

1409 2415 1448 2439 se
1468 2409 1738 2450 competerent.
1760 2402 1807 2438 Et
1826 2401 1913 2438 ideo
1929 2413 2007 2438 non
2022 2402 2190 2450 oportuit
2204 2403 2311 2451 quod
2330 2414 2466 2439 omnes

1409 2463 1633 2492 assumeret:
1664 2455 1731 2491 sed
1750 2456 1877 2490 solum
1896 2454 1979 2490 illos
1998 2454 2065 2502 qui
2085 2454 2323 2491 sufficiebant
2342 2455 2390 2492 ad
2410 2467 2466 2492 sa-

1409 2508 1671 2545 tisfaciendum
1691 2519 1761 2556 pro
1781 2515 1936 2555 peccato
1955 2507 2069 2544 totius
2089 2508 2281 2544 humanae
2297 2515 2465 2544 naturae.

1463 2562 1519 2597 AD
1551 2572 1708 2597 TERTmM
1750 2572 1930 2597 DICENDUM
1971 2560 2077 2608 quod
2118 2572 2222 2596 mors
2259 2560 2298 2596 in
2331 2572 2466 2597 omnes

1410 2613 1586 2651 homines
1615 2612 1768 2649 devenit
1787 2625 1832 2649 ex
1851 2620 2006 2661 peccato
2035 2612 2147 2661 primi
2175 2612 2356 2662 parentis:
2387 2625 2467 2650 non

1409 2674 1539 2703 autem
1567 2665 1726 2715 quidam
1755 2665 1816 2702 alii
1844 2666 2023 2711 defectus,
2044 2665 2128 2702 licet
2147 2666 2218 2702 sint
2246 2673 2367 2702 morte
2396 2665 2466 2702 mi-

1409 2731 1533 2756 nores,
1563 2719 1674 2756 Unde
1703 2730 1782 2754 non
1811 2726 1865 2754 est
1894 2717 2023 2754 similis
2051 2718 2155 2755 ratio.

1460 2850 1483 2883 ε)
1503 2849 1718 2874 indetractibiles.
1740 2862 1759 2866 -
1782 2847 1997 2872 indetractabiles
2023 2847 2063 2872 hic
2088 2852 2113 2871 et
2138 2847 2223 2871 statim
2247 2847 2287 2872 ed.
2306 2855 2322 2871 a
2342 2853 2367 2872 et
2385 2855 2407 2874 c.
2427 2849 2466 2874 Cf.

1408 2894 1453 2919 qu.
1472 2893 1530 2910 xxm
1549 2890 1595 2910 art.
1613 2892 1631 2916 4
1650 2883 1673 2916 β.

1461 2919 1486 2954 ζ)
1505 2920 1620 2952 quidem.
1637 2933 1657 2938 —
1675 2922 1763 2943 autem
1781 2919 1801 2942 F
1820 2923 1845 2942 et
1863 2918 1937 2942 tertia
1956 2916 2071 2950 (excepta
2090 2916 2164 2950 pGi).
2184 2925 2235 2942 om.
2254 2925 2279 2943 a.

1460 2955 1487 2989 η)
1506 2956 1569 2980 dum
1585 2955 1706 2980 Christus
1725 2954 1838 2978 curavit.
1850 2961 1939 2977 —cum
1961 2953 2080 2977 christus
2103 2953 2209 2977 curavit
2227 2952 2373 2986 (curaverit
2393 2954 2422 2988 Ρ)
2442 2955 2465 2979 H

1407 2996 1432 3016 et
1451 2991 1587 3016 editiones.

962 3082 1299 3114 Commentaria
1322 3080 1573 3113 Cardinalis
1595 3078 1798 3111 Caietani

354 3180 461 3201 rrums
492 3170 635 3200 consistit
664 3170 698 3200 in
725 3170 956 3201 universalitate
981 3170 1166 3201 defectuum
1195 3171 1353 3200 humano-
1377 3167 1380 3219 Ι

296 3182 427 3244 Trum
450 3213 682 3254 corporalium:
707 3224 747 3244 an
770 3214 889 3245 scilicet
912 3224 1025 3245 omnes
1049 3215 1166 3244 assumi
1183 3224 1200 3244 a
1226 3214 1352 3244 Christo

294 3258 390 3289 fuerit
413 3258 616 3289 conveniens.

350 3302 386 3332 In
397 3311 532 3342 corpore
548 3303 643 3332 unica
658 3307 704 3333 est
719 3303 885 3334 conclusio
901 3303 1085 3343 responsiva
1101 3302 1259 3341 quaesito:
1278 3301 1352 3330 Non

283 3346 359 3388 suit
381 3346 571 3377 conveniens
595 3351 630 3376 ut
650 3346 796 3377 Christus
818 3352 995 3378 assumeret
1017 3355 1125 3376 omnes
1141 3345 1282 3386 defectus
1298 3354 1353 3374 seu

296 3390 496 3431 infirmitates
518 3390 685 3421 humanas.
718 3391 881 3421 Probatur.
911 3391 1054 3421 Christus
1077 3389 1245 3429 assumpsit
1268 3387 1353 3418 defe—

297 3438 365 3464 ctus
395 3435 553 3465 humanos
585 3433 625 3464 ad
654 3434 910 3465 satisfaciendum
942 3443 1000 3474 pro
1031 3438 1163 3473 peccato
1195 3433 1353 3462 humanae

296 3483 436 3509 naturae.
464 3478 554 3518 Ergo
578 3478 648 3509 illos
671 3484 796 3509 tantum
819 3478 960 3509 defectus
984 3486 1142 3507 assumere
1166 3475 1275 3506 debuit
1299 3476 1355 3515 qui

297 3528 538 3561 consequuntur
560 3531 597 3552 ex
619 3528 752 3562 peccato
773 3523 938 3553 communi
961 3522 1058 3551 totius
1081 3521 1239 3550 humanae
1262 3525 1353 3549 natu-

296 3574 359 3600 rae,
382 3574 443 3596 nec
464 3571 571 3596 tamen
594 3571 772 3606 repugnant
794 3565 983 3606 perfectioni
1006 3565 1153 3595 scientiae
1178 3569 1208 3594 et
1226 3564 1352 3604 gratiae.

298 3607 383 3648 Ergo
406 3618 473 3639 non
496 3608 556 3640 fuit
579 3611 772 3640 conveniens
795 3615 831 3640 ut
855 3619 966 3640 omnes
990 3608 1131 3639 defectus
1150 3618 1206 3638 seu
1222 3607 1353 3638 infirmi-

1405 3174 1483 3198 tates
1507 3169 1660 3198 humanas
1684 3172 1865 3196 assumeret.
1886 3183 1906 3188 —
1925 3164 2126 3196 Antecedens
2141 3171 2236 3206 patet.
2261 3183 2282 3189 -
2306 3167 2346 3196 Et
2364 3168 2466 3206 prima

1407 3211 1644 3251 consequentia,
1679 3209 1786 3250 quoad
1817 3210 1951 3250 primam
1984 3216 2121 3249 partem,
2155 3210 2343 3250 relinquitur
2373 3211 2464 3241 clara.

1407 3255 1523 3294 Quoad
1547 3254 1719 3285 secundam
1742 3263 1829 3289 vero,
1853 3254 2020 3293 probatur:
2051 3255 2125 3293 quia
2148 3254 2187 3284 ad
2210 3254 2465 3285 satisfaciendum

1406 3310 1464 3339 pro
1488 3304 1620 3339 peccato
1644 3299 1801 3328 humanae
1817 3303 1957 3334 naturae,
1981 3299 2151 3338 requiritur
2173 3298 2347 3328 satisfactor
2362 3298 2465 3339 perfe-

1407 3349 1475 3374 ctus
1499 3344 1531 3372 in
1555 3343 1660 3372 anima
1683 3342 1812 3372 scientia
1836 3347 1866 3372 et
1889 3342 1996 3381 gratia.
2019 3360 2042 3364 -—
2065 3342 2211 3372 Secunda
2235 3348 2357 3378 autem,
2390 3344 2465 3382 quia

1407 3387 1548 3418 defectus
1577 3392 1649 3416 sunt
1679 3385 1846 3416 trifariam:
1879 3385 2008 3426 quidam
2038 3391 2248 3426 repugnantes
2275 3386 2465 3426 perfectioni

1406 3431 1565 3466 scientiae,
1589 3436 1624 3460 ut
1642 3430 1828 3470 ignorantia,
1852 3430 1902 3460 vel
1921 3430 2047 3470 gratiae,
2072 3435 2107 3460 ut
2130 3431 2269 3470 pronitas
2289 3430 2328 3460 ad
2343 3431 2464 3461 malum

1408 3474 1616 3509 etldifficultas
1629 3474 1667 3504 ad
1680 3474 1819 3510 bonum;
1838 3473 1967 3514 quidam
1983 3474 2195 3514 particulares,
2209 3479 2244 3504 ut
2255 3474 2331 3504 varii
2343 3475 2463 3511 morbi;

1408 3518 1538 3559 quidam
1562 3528 1750 3548 communes
1774 3519 1832 3548 toti
1856 3518 2013 3548 humanae
2036 3523 2175 3553 naturae,
2200 3524 2235 3548 ut
2258 3518 2366 3555 fames,
2387 3519 2462 3553 sitis,

1408 3563 1558 3602 fatigatio,
1583 3572 1679 3598 mors,
1697 3568 1755 3592 etc.

1463 3607 1499 3637 II.
1524 3607 1587 3638 Ubi
1602 3612 1678 3637 nota
1693 3607 1759 3636 tria.
1784 3607 1890 3636 Primo
1911 3605 2009 3646 quod,
2027 3606 2101 3645 quia
2116 3606 2245 3636 rationis
2262 3606 2340 3637 ordo
2361 3606 2464 3646 poscit

2593 1105 2609 1130 Υ

2593 1198 2606 1223 δ

2495 1410 2503 1417 ·
2514 1409 2548 1430 De
2557 1409 2616 1431 Fide
2626 1410 2707 1437 Orth„

2494 1435 2533 1457 lib.
2554 1436 2572 1460 Ι.
2594 1442 2646 1464 cap.
2666 1442 2706 1462 x1;

2493 1462 2532 1483 lib.
2548 1462 2587 1488 111,
2602 1468 2653 1490 cap.
2664 1469 2704 1484 xx.

2590 1499 2599 1514 ε

2591 1568 2606 1597 ζ
