2872 3970
502 292 580 328 420

503 359 550 395 Ut
577 359 674 394 enim
702 363 867 394 taceatur
886 357 985 406 quod
1001 356 1171 402 iubendo,
1191 357 1282 392 sicut
1306 357 1560 401 occurrebant,

358 426 387 445 w,
411 425 469 440 vers·
497 411 618 448 salvos
635 410 802 460 singulos
809 409 916 456 fecit,
936 411 1096 447 Marcus
1115 409 1200 456 dicit
1218 407 1254 444 *ε
1279 422 1298 440 «
1322 409 1562 456 Quocumque

497 463 670 500 introibat
698 464 735 499 in
763 463 862 499 vicos
885 467 949 499 aut
975 462 1013 498 in
1042 461 1147 498 villas
1175 466 1238 497 aut
1266 461 1302 496 in
1331 461 1502 505 civitates,
1523 462 1560 496 in

491 516 624 564 plateis
637 516 827 564 ponebant
850 515 1031 562 infirmos,
1054 519 1087 549 et
1105 513 1401 562 deprecabantur
1419 524 1504 548 eum
1522 518 1561 548 ut

496 569 554 606 uel
569 569 768 616 fimbriam
789 568 991 604 vestimenti
1009 567 1084 602 eius
1107 570 1314 614 tangerent,
1335 570 1368 601 et
1387 570 1560 613 quotquot

496 622 710 681 tangebant
726 632 820 664 eum,
847 619 942 656 salvi
956 620 1103 666 fiebant
1125 633 1157 653 ›>.
1191 618 1302 654 Haec
1330 629 1438 653 nemo
1466 617 1560 653 alius

484 674 581 721 fecit
609 675 645 710 in
675 674 736 709 eis.
775 673 836 708 Sic
863 673 961 707 enim
990 670 1266 720 intelligendum
1295 675 1345 706 est
1373 669 1472 719 quod
1497 671 1558 716 ait,

499 741 518 759 <‹
540 728 578 763 in
607 727 658 762 eis
679 739 721 761 »2
753 736 826 761 non
859 739 877 756 «
902 725 996 759 inter
1023 735 1085 759 eos
1106 738 1140 768 »‚
1169 727 1232 759 aut
1263 736 1281 754 «
1303 733 1432 758 coram
1452 723 1503 758 eis
1524 736 1558 767 x»,

494 779 560 815 sed
579 790 736 828 prorsus
767 791 785 809 «
808 778 845 812 in
875 777 925 812 eis
947 791 980 820 »‚
1011 777 1101 835 quia.
1123 775 1268 812 sanavit
1294 786 1366 810 eos.
1395 774 1479 811 Nec
1506 779 1559 811 ta-

355 842 366 858 ε
495 843 579 867 men
600 831 693 867 alius
701 830 796 877 fecit
810 833 833 875 ⁸,
851 829 1069 877 quicumque
1087 829 1124 864 in
1145 829 1195 864 eis
1213 827 1302 864 talia
1321 838 1436 875 opera
1444 827 1560 874 fecit.

495 885 670 932 quoniam
700 882 859 931 quisquis
886 881 980 917 alius
998 882 1109 916 homo
1137 879 1294 940 aliquid
1303 891 1433 915 eorum
1451 879 1558 926 fecit,

495 938 572 985 ipso
590 936 758 982 faciente
774 934 889 981 fecit‚·
915 934 1007 969 haec
1034 938 1159 968 autem
1185 933 1272 981 ipse,
1302 943 1376 968 non
1405 932 1475 968 illis
1491 932 1559 979 sa-

494 989 681 1032 cientibus,
699 987 804 1034 fecit.

547 1041 604 1076 An
619 1050 808 1076 SECUNDUM
823 1049 1004 1075 nmENDuM
1019 1037 1127 1086 quod
1145 1036 1382 1084 Augustinus
1396 1035 1426 1083 *‚
1443 1048 1559 1086 expo-

352 1098 367 1127 ζ
494 1104 590 1129 nens
618 1091 711 1128 illud
738 1090 904 1127 verbum
932 1089 1096 1135 Ioannis,
1117 1088 1290 1139 inquirit:
1326 1090 1432 1131 Quae
1449 1088 1559 1126 sunt‘

493 1147 561 1183 ista
589 1157 704 1194 opera
737 1145 898 1189 maiora,
919 1155 1019 1192 quae
1047 1142 1244 1179 credentes
1264 1141 1304 1178 in
1330 1153 1424 1179 eum
1452 1149 1559 1179 erant

493 1196 656 1235 facmri‘?
683 1198 744 1234 An
758 1197 865 1245 forte
884 1196 982 1245 quod
999 1207 1147 1245 aegros,
1172 1196 1258 1244 ipsis
1275 1196 1557 1241 transeuntibus,

494 1252 603 1288 etiam
623 1262 753 1287 eorum
773 1251 907 1286 umbra
925 1247 1108 1286 sanabat?
1125 1249 1256 1285 Maius
1275 1253 1325 1284 est
1344 1249 1442 1284 enim
1463 1248 1562 1297 quod

492 1309 596 1340 sanet
624 1305 769 1349 umbra,
791 1299 902 1351 quam
919 1302 1090 1350 fimbria.
1128 1301 1390 1347 Veruntamen,
1411 1300 1558 1350 quando

494 1358 561 1393 ista
593 1357 756 1393 Christus
783 1355 943 1400 dicebat,
971 1355 1171 1391 uerborum
1202 1365 1356 1390 suorum
1383 1353 1494 1401 facta
1527 1359 1559 1390 et

494 1421 608 1459 opera
637 1408 930 1445 commendabat.
964 1408 1059 1444 Cum
1087 1408 1186 1442 enim
1215 1406 1318 1452 dixit,
1350 1420 1369 1439 «
1386 1407 1500 1443 Pater
1520 1407 1557 1442 in

494 1473 554 1498 me
580 1473 736 1498 manens
770 1462 846 1510 ipse
871 1460 970 1508 facit
997 1471 1112 1508 opera
1134 1474 1174 1505 »,
1205 1470 1299 1508 quae
1327 1470 1442 1508 opera
1473 1464 1560 1495 tunc

352 1521 367 1544 η
494 1515 646 1560 dicebat,
676 1515 747 1550 nisi
771 1515 885 1551 verba
905 1517 922 1539 η
952 1524 1047 1561 quae
1073 1510 1319 1561 loquebatur?
1349 1512 1397 1548 Et
1423 1523 1558 1548 eorun-

494 1567 576 1604 dem
595 1568 795 1605 uerborum
813 1566 964 1613 fructus
983 1570 1063 1601 erat
1070 1564 1172 1612 fides
1195 1564 1355 1600 illorum.
1384 1565 1559 1601 Verunta-

494 1632 598 1665 men,
629 1619 964 1669 evangelizantibus
999 1617 1201 1667 discipulis,
1231 1629 1306 1654 non
1341 1622 1418 1653 tam
1444 1619 1563 1666 pauci

495 1685 606 1722 quam
626 1672 680 1709 illi
697 1677 815 1717 erant,
829 1671 895 1708 sed
910 1676 1038 1720 gentes
1057 1671 1167 1707 etiam
1187 1669 1431 1706 crediderunt.
1451 1670 1559 1707 Non-

260 1734 358 1756 ·Tract·
375 1734 466 1756 Lxxn
496 1738 542 1762 ne
559 1725 579 1747 ’³‘
607 1727 654 1762 ab
674 1737 740 1761 ore
758 1726 869 1774 ipsius
888 1724 987 1760 dives
1014 1723 1075 1760 ille
1101 1724 1210 1759 tristis
1228 1724 1419 1759 abscessit:
1446 1727 1480 1759 et
1506 1728 1559 1760 ta-

495 1790 580 1814 men
604 1783 746 1828 postea,
767 1776 867 1826 quod
892 1778 939 1813 ab
958 1776 1020 1813 illo
1049 1776 1215 1812 auditum
1235 1787 1310 1812 non
1328 1776 1424 1822 fecit
1443 1787 1558 1822 unus,

485 1832 662 1879 fecerunt
676 1830 782 1867 multi
798 1841 883 1866 cum
897 1841 970 1879 per
984 1828 1179 1877 discipulos
1198 1827 1435 1877 loqueretur?
1448 1829 1558 1874 Ecce,

496 1885 643 1920 maiora
660 1884 755 1930 fecit
776 1881 1014 1932 praedicatus
1041 1893 1065 1918 a
1093 1881 1337 1926 credentibus,
1368 1892 1479 1929 quam
1507 1881 1559 1918 lo-

497 1942 599 1973 cutus
627 1936 866 1972 audientibus.

557 1991 693 2026 Verum
719 1989 789 2024 hoc
810 1988 931 2024 adhuc
949 1991 1081 2032 movet,
1103 1986 1202 2035 quod
1217 1987 1310 2023 haec
1327 1987 1475 2023 maiora
1488 1998 1561 2035 per

253 419 340 473 ἑσῦερ.

258 1045 267 1055 “
276 1044 352 1066 Tract.
362 1044 433 1066 LXXI
444 1045 467 1066 in

255 1070 322 1092 Ioan-

551 2100 574 2134 ε)
587 2101 663 2134 fecit.
681 2114 700 2119 ·-
718 2101 779 2125 Οτι-ι.
799 2100 933 2124 editiones.

550 2137 576 2170 ζ)
596 2136 722 2169 inquirit:
747 2135 821 2166 Quae
842 2138 914 2160 sunt.
930 2149 950 2153 —-
967 2135 1009 2164 1a;
1030 2134 1142 2175 inquirit
1162 2141 1230 2166 quae
1247 2134 1303 2159 sint
1321 2134 1348 2163 P,
1369 2134 1435 2159 dicit
1456 2134 1561 2166 inquire

497 2179 564 2206 quae
583 2175 645 2197 sunt
664 2172 692 2202 F,
711 2171 797 2202 inquit
815 2178 882 2202 quae
900 2173 963 2195 sunt
981 2170 1066 2195 ceteri.

550 2206 577 2240 η)
597 2207 685 2232 verba.
702 2221 722 2224 —
740 2207 771 2235 P;
792 2205 847 2231 illa.

551 2241 575 2276 Θ)
590 2250 642 2274 per
653 2242 794 2274 Apostolos
807 2241 914 2275 secit.-
932 2247 984 2264 non
1004 2242 1109 2264 tantum
1123 2247 1176 2272 per
1187 2241 1330 2272 Apostolos
1340 2239 1411 2273 fecit
1422 2240 1470 2265 sed
1481 2240 1562 2265 etiam

493 2285 546 2311 per
564 2285 608 2303 eos
626 2279 671 2309 qui
689 2278 803 2302 credunt
821 2275 974 2308 (credebant
992 2275 1058 2309 Hbc)
1078 2275 1104 2300 in
1124 2282 1183 2300 eum
1203 2276 1292 2300 GHbc.

553 2313 571 2348 ι)
589 2313 662 2338 Audi
679 2320 760 2345 ergo.-
780 2311 832 2342 Qui
850 2311 936 2336 credit
954 2311 980 2336 in
1001 2318 1050 2336 me.
1061 2310 1156 2335 —.Om
1175 2311 1309 2342 CDGHbc,
1328 2317 1410 2343 opera
1427 2317 1495 2343 quae
1512 2317 1562 2344 ego

1171 2398 1506 2431 commentaria
1527 2398 1780 2431 cardinalis
1802 2398 2004 2432 Caietam
2492 2410 2494 2418 2
2518 2410 2519 2413 ¹
2538 2424 2540 2426 v
2556 2405 2601 2427 Aa«

559 2496 666 2516 rrimus
692 2485 838 2516 clarus.-
854 2485 889 2515 In
906 2495 1042 2526 corpore
1065 2485 1161 2515 unica
1187 2485 1370 2516 conclusio.
1396 2485 1562 2516 Miracula

501 2498 640 2571 Tquae
663 2530 809 2560 Christus
831 2530 926 2571 fecit,
952 2529 1146 2570 sufficientia
1170 2534 1266 2559 erant
1286 2529 1330 2560 ad
1351 2529 1562 2571 manifestan-

498 2574 572 2605 dam
596 2574 743 2604 deitatem
766 2574 874 2614 ipsius,
891 2573 1064 2604 secundum
1088 2573 1174 2604 tria:
1195 2573 1416 2609 substantiam,
1431 2573 1561 2604 modum

499 2623 530 2648 et
551 2618 742 2651 doctrinam.
766 2618 922 2647 Probatur
945 2617 1125 2657 singillatim
1149 2617 1242 2648 clare.

554 2663 617 2693 Ubi
632 2662 759 2692 adverte
775 2661 864 2701 quod
879 2662 1002 2692 Auctor
1018 2661 1152 2692 breviter
1166 2662 1348 2702 pertransit:
1373 2661 1429 2692 sed
1447 2662 1474 2692 si
1492 2661 1561 2692 fue-

498 2707 560 2736 rint
583 2707 661 2736 haec
684 2707 741 2735 tria
765 2706 846 2736 bene
869 2705 1082 2741 considerata,
1106 2706 1279 2736 maximam
1305 2706 1472 2736 continent
1495 2705 1562 2736 effi-

499 2751 628 2780 caciam.
654 2750 694 2779 Et
716 2750 856 2789 primum
881 2749 1029 2789 quidem,
1054 2749 1163 2790 quoad
1185 2750 1451 2780 resurrectionem
1473 2759 1560 2780 mor-

498 2799 629 2824 tuorum
654 2799 685 2823 et
707 2794 974 2823 illuminationem
999 2803 1178 2829 caecorum,
1203 2799 1337 2830 constat,
1357 2794 1487 2824 sublatis
1504 2793 1560 2824 fal-

499 2838 595 2873 laciis,
616 2848 633 2867 a
657 2838 726 2867 solo
751 2837 822 2867 Deo
846 2837 913 2867 fieri
936 2847 1041 2877 posse.
1067 2837 1252 2868 Secundum
1268 2843 1375 2868 autem
1398 2838 1560 2878 inexcogi-

498 2882 594 2911 tabile
618 2887 663 2911 est
688 2881 776 2921 quod
801 2881 895 2911 etiam
919 2881 1068 2912 daemoni
1084 2882 1264 2912 conveniat.
1289 2881 1436 2912 Tertium
1452 2887 1560 2912 autem

498 2925 720 2955 omnimodam
740 2925 901 2955 convincit
916 2926 1165 2966 intelligentiam.
1190 2926 1235 2956 Ita
1250 2925 1350 2966 quod,
1367 2926 1392 2956 si
1407 2926 1487 2956 haec
1502 2926 1560 2956 tria

499 2970 593 2999 simul
616 2975 786 3009 ponantur,
803 2970 1000 3009 impossibile
1016 2976 1062 3000 est
1078 2971 1157 3010 quin
1174 2970 1281 3000 Deum
1297 2969 1452 3000 fateamur
1468 2969 1560 3000 Chri-

499 3018 593 3043 stum.
629 3012 806 3050 Quomodo
831 3014 917 3043 enim
941 3015 1106 3054 usurpanti
1134 3014 1193 3044 sibi
1217 3013 1361 3044 divinum
1383 3023 1505 3045 nornen
1529 3019 1560 3046 et

499 3066 566 3086 rem
590 3056 678 3092 falso,
704 3056 842 3087 affuisset
865 3057 952 3088 Deus
979 3058 1012 3088 in
1035 3063 1084 3088 tot
1099 3058 1250 3098 operibus
1274 3057 1397 3089 deitatis
1423 3058 1560 3098 propriis

498 3100 585 3130 testis
607 3098 786 3131 mendacii?

1116 3327 2068 3409 *maffia*

1176 278 1439 325 QUAESTIO
1468 279 1603 327 XLIII,
1632 278 1925 317 ARTICULUS
1952 280 2004 317 lv

1615 357 1810 406 Apostolos
1817 355 1950 404 fecit⁰:
1971 369 2046 394 non
2061 362 2183 394 autem
2197 359 2295 408 ipsos
2307 363 2448 395 tantum
2461 360 2679 409 significans

1616 409 1678 454 ait,
1702 422 1721 442 «
1744 409 1818 451 Qui
1834 409 1948 446 credit
1966 411 2004 446 in
2024 421 2084 446 me
2100 425 2133 446 ».
2159 410 2262 446 Audi
2277 421 2392 460 ergo.-
2422 425 2441 444 a
2469 411 2543 454 Qui
2564 411 2679 452 credit

1616 461 1653 497 in
1668 466 1751 497 me
1755 473 1895 510 ‚opera
1914 474 2010 511 quae
2026 473 2098 523 ego
2107 463 2228 510 facio,
2245 468 2278 499 et
2295 463 2535 512 ipsesaciet»
2538 464 2679 503 .Prius
2724 463 2727 466 ’
2772 462 2774 465 ’

1614 524 1687 562 ego
1704 513 1831 560 facio,
1864 514 1994 567 deinde
2020 520 2055 551 et
2081 516 2192 563 ipse*
2209 515 2351 562 saciet:
2387 516 2473 565 quia
2497 516 2608 564 sach
2635 523 2678 555 ut

1603 566 1738 612 saciat.
1775 567 1880 608 Quae
1907 578 2023 615 opera
2041 565 2068 612 λ,
2096 568 2168 603 nisi
2192 572 2232 603 ut
2257 579 2308 605 ex
2323 569 2438 617 impio
2457 569 2569 606 iustus
2575 569 2679 617 fiat?
2698 572 2701 573 ⁷

1620 618 1731 660 Quod
1760 619 1882 671 utique
1918 620 1956 655 in
1989 619 2072 665 illo,
2100 619 2166 656 sed
2201 631 2275 656 non
2308 621 2388 657 sine
2421 620 2483 659 illo
2515 622 2679 660 Christus

1614 676 1800 720 operatur.
1841 672 2002 708 Prorsus
2029 673 2150 708 maius
2177 673 2247 709 hoc
2274 684 2351 709 esse
2377 673 2537 710 dixerim
2565 686 2677 723 quam

1613 734 1746 760 creare
1763 723 1908 760 caelum
1936 729 1969 760 et
1995 729 2157 760 terram.-
2187 739 2206 758 «
2223 725 2366 762 caelum
2391 727 2489 762 enim
2517 731 2551 763 et
2576 731 2678 764 terra

1613 777 1820 813 transibunt
1836 791 1870 822 »,
1885 777 2245 825 praedestinatorum
2271 783 2393 814 autem
2411 778 2511 815 salus
2529 784 2562 815 et
2580 780 2678 816 iusti-

1602 829 1737 876 ficatio
1765 830 2009 878 permanebit.
2038 851 2064 856 —
2092 829 2166 866 Sed
2197 831 2235 867 in
2263 830 2374 868 caelis
2404 830 2532 880 angeli
2563 843 2679 881 opera

1612 886 1696 917 sunt
1727 882 1870 918 Christi.
1913 881 2096 931 Nunquid
2119 883 2175 919 his
2207 884 2378 932 operibus
2411 885 2558 921 maiora
2579 884 2680 932 facit

1614 935 1677 982 qui
1703 939 1925 994 cooperatur
1956 935 2099 971 Christo
2134 934 2186 972 ad
2215 947 2322 972 suam
2357 935 2679 983 iustificationem?

1612 986 1754 1023 Iudicet
1786 987 1851 1036 qui
1870 992 1989 1036 potest
2016 993 2139 1023 utrum
2172 989 2293 1024 maius
2319 989 2364 1024 sit
2391 989 2501 1025 iustos
2527 1000 2677 1049 creare,

1614 1050 1725 1088 quam
1745 1040 1877 1088 impios
1895 1040 2103 1088 iustificare.
2118 1039 2237 1086 Certe,
2251 1041 2285 1077 si
2296 1041 2462 1090 aequalis
2476 1045 2538 1078 est
2534 1035 2678 1096 utrm-

1613 1103 1684 1141 que
1705 1093 1903 1153 potentiae,
1931 1093 2002 1129 hoc
2028 1093 2182 1129 maioris
2210 1098 2260 1129 est
2286 1089 2612 1135 misericordiae

1667 1144 1741 1181 Sed
1757 1145 1885 1182 omnia
1899 1156 2014 1195 opera
2032 1145 2169 1182 Christi
2185 1145 2390 1196 intelligere
2403 1147 2468 1183 ubi
2478 1147 2541 1193 ait,
2555 1141 2677 1193 «Ma

1613 1198 1695 1234 iora
1729 1198 1864 1234 horum
1888 1197 2010 1245 faciet
2030 1211 2071 1244 »,
2101 1197 2204 1235 nulla
2238 1210 2305 1235 nos
2341 1199 2567 1236 necessitas

1612 1250 1766 1286 Horum
1795 1251 1893 1287 enim
1917 1250 2076 1297 forsitan
2105 1249 2198 1288 dixit
2229 1262 2325 1300 quae
2351 1250 2415 1288 illa
2441 1247 2536 1289 hora
2556 1247 2678 1302 saete-

1612 1304 1684 1340 bat.
1732 1304 1838 1340 Tunc
1865 1308 1988 1340 autem
2014 1304 2130 1341 uerba
2154 1303 2254 1351 fidei
2272 1303 2463 1365 faciebat.-
2495 1309 2533 1341 et
2554 1303 2679 1356 utique
2757 1306 2767 1315 ”

1613 1357 1736 1392 minus
1769 1361 1820 1392 est
1850 1357 1966 1393 verba
1996 1355 2222 1405 praedicare
2258 1356 2430 1403 iustitiae,
2459 1356 2576 1407 quod

1607 1414 1761 1458 praeter
1788 1420 1867 1454 nos,
1897 1419 2009 1458 quam
2036 1409 2192 1458 impium
2211 1414 2228 1437 μ
2256 1410 2473 1458 iustificare,
2503 1408 2617 1477 quod
2626 1405 2678 1448 &a
2833 1440 2836 1450 Δ

1602 1461 1702 1509 facit
1730 1461 1767 1497 in
1797 1461 1902 1498 nobis
1929 1466 1967 1498 ut
1983 1460 2178 1510 faciamus
2205 1467 2239 1498 et
2265 1474 2344 1499 nos.
2751 1466 2775 1479 ⁶

1666 1514 1724 1550 An
1737 1525 1897 1551 TER-riou
1910 1524 2092 1551 monimum
2107 1513 2226 1564 quod,
2241 1514 2400 1563 quando
2419 1514 2577 1575 aliquod
2592 1523 2678 1568 pm*
2728 1545 2768 1565 ,ἲ
2833 1543 2835 1548 f

1612 1565 1768 1603 ticulare
1797 1577 1896 1616 opus
1923 1565 2127 1616 proprium
2152 1573 2208 1603 est
2235 1566 2394 1604 alicuius
2413 1566 2567 1618 agentis,
2581 1566 2679 1608 “tunc
2832 1565 2842 1616 ’ξ

1612 1630 1682 1668 per
1715 1618 1809 1656 illud
1845 1618 2070 1668 particulare
2106 1630 2206 1678 opus
2241 1619 2427 1668 probatur
2452 1627 2533 1658 tota
2555 1615 2678 1662 vhffis
2764 1634 2768 1643 ’
2833 1619 2837 1626 '

1613 1669 1776 1720 agentis:
1807 1671 1915 1710 sicut.
1944 1683 2035 1709 cum
2063 1671 2278 1710 ratiocinari
2306 1671 2352 1710 sit
2377 1670 2581 1723 proprium
2605 1668 2678 1711 fio-

1612 1724 1739 1771 minis,
1769 1711 1985 1762 ostenditur
2008 1723 2144 1774 aliquis
2172 1736 2254 1762 esse
2282 1725 2404 1763 homo
2432 1737 2480 1763 ex
2497 1725 2575 1771 hoc

1613 1777 1720 1826 quod
1748 1776 1993 1814 ratiocinatur
2019 1776 2119 1814 circa
2146 1777 2424 1827 quodcumque
2639 1787 2641 1789 ’

1612 1829 1867 1879 propositum.
1897 1830 1945 1867 Et
1964 1829 2145 1875 similiter,
2165 1841 2257 1867 cum
2274 1830 2432 1881 propria
2449 1827 2601 1879 virbite
2604 1830 2678 1871 mi-

1613 1883 1742 1919 racula
1768 1882 1891 1919 facere
1919 1882 1965 1919 sit
1983 1882 2100 1919 solius
2119 1881 2204 1929 Dei,
2224 1882 2456 1921 sufficienter
2478 1882 2678 1942 ostensam

1614 1942 1669 1971 est
1697 1934 1895 1972 Christum
1929 1946 2011 1973 esse
2043 1934 2173 1972 Deum
2206 1947 2252 1972 ex
2280 1945 2539 1991 quocumque
2551 1933 2678 1980 nura-

1614 1988 1702 2024 culo
1729 1986 1837 2036 quod
1863 1986 2019 2037 propria
2045 1986 2183 2024 virtute
2209 1987 2304 2026 fecit.

1606 2100 1684 2132 facio
1702 2103 1729 2124 et
1747 2100 1802 2131 ipse
1818 2100 2006 2132 faciet.Aud1‘
2023 2107 2089 2134 ergo
2107 2104 2134 2126 et
2152 2100 2284 2135 intellige:
2301 2101 2349 2135 qun·
2365 2102 2452 2128 credit
2470 2101 2497 2128 in
2515 2108 2558 2128 me
2573 2102 2679 2133 E-e!

1614 2135 1670 2167 ipse
1680 2135 1777 2167 saciet.
1796 2134 1876 2160 Prius
1893 2141 1944 2176 ego
1955 2135 2033 2168 facio
2051 2143 2105 2160 om.
2124 2134 2154 2161 E.
2597 2147 2604 2150 ⁴>

1668 2169 1693 2203 κ)
1712 2173 1738 2195 et
1757 2170 1820 2202 ipse.
1838 2183 1857 2189 —-
1875 2170 1910 2201 1>;
1929 2170 1985 2202 ipse
2003 2170 2062 2202 Fbc,
2081 2178 2136 2196 om.
2153 2172 2240 2197 ceteri.

1667 2203 1696 2236 λ)
1717 2205 1792 2235 Quae
1803 2211 1894 2237 opera.
1911 2219 1931 2224 -
1949 2206 1986 2230 Et
2004 2204 2068 2236 (om.
2087 2205 2128 2240 bc)
2147 2207 2309 2239 respondens
2326 2207 2505 2241 Augustinus
2510 2202 2593 2255 dieu-j
2609 2210 2678 2244 qum

1614 2247 1696 2272 opera
1715 2240 1804 2266 GHbc.
1821 2254 1840 2260 -
1859 2240 1910 2266 nisi
1927 2249 1982 2266 om.
2000 2241 2037 2266 Ia.
2603 2252 2606 2254 ’

1669 2275 1698 2310 μ)
1717 2276 1837 2309 impium.
1853 2290 1872 2295 —
1890 2276 1986 2309 impios
2004 2277 2033 2302 P.
2049 2276 2154 2311 —sacit
2172 2277 2207 2308 P;
2218 2277 2297 2311 secit-

1671 2486 1708 2516 11.
1731 2486 1880 2523 Adverte,
1905 2496 1943 2518 ex
1965 2487 2020 2518 lib.
2036 2487 2050 2518 1
2073 2487 2198 2519 Contra
2222 2487 2324 2524 Geut„
2348 2497 2420 2530 cap
2441 2498 2484 2527 vx,
2504 2472 2598 2531 qnod
2638 2491 2641 2493 ⁴

1615 2530 1803 2561 conceditur
1825 2531 1988 2562 Christum
2012 2530 2124 2562 fecisse
2145 2531 2299 2563 miracula
2320 2532 2443 2564 relata·
2434 2542 2469 2564 m
2488 2532 2533 2565 E.
2576 2530 2577 2533 ’

1614 2580 1669 2604 aut
1683 2584 1761 2605 non.
1785 2574 1818 2606 Si
1842 2574 2055 2612 conceditur,
2066 2576 2200 2612 habetur
2221 2576 2306 2607 illius
2330 2576 2444 2608 deitas:
2469 2580 2506 2608 ut
2525 2581 2582 2619 W
2670 2610 2675 2616 ,
2699 2613 2708 2618 ¹.

1613 2618 1780 2658 praedictis
1802 2619 1864 2649 illis
1886 2619 1986 2650 tribus
2009 2619 2199 2650 coniunctis.
2231 2619 2264 2651 Si
2285 2630 2354 2651 non
2377 2614 2714 2659 concedittmffir*

1613 2663 1747 2693 habetur
1769 2663 1864 2693 etiam
1886 2663 1971 2694 illius
1994 2663 2103 2700 deitas,
2119 2673 2158 2694 ex
2180 2664 2244 2694 hoc
2267 2665 2408 2696 maximo
2434 2661 2675 2703 ωἰηοιιὶοωὴ.
2710 2690 2714 2691 ⁷

1614 2706 1703 2746 quod
1725 2707 1957 2747 pauperculus,
1981 2708 2115 2744 iuvenis,
2131 2707 2291 2745 indoctus,
2307 2718 2345 2740 ex
2367 2714 2462 2750 gente
2484 2718 2601 2748 msa,
2620 2708 2676 2745 h?

1614 2750 1711 2780 daeus
1727 2751 1855 2787 scilicet,
1871 2752 2130 2791 persecutionem
2149 2761 2224 2782 cum
2247 2757 2296 2783 tot
2314 2752 2458 2784 ludibriis
2475 2758 2515 2785 et
2533 2758 2674 2800 Q
2710 2768 2714 2787 2

1612 2795 1827 2834 turpissimam
1853 2804 1978 2835 passus,
2003 2795 2187 2832 derelictus,
2212 2795 2321 2828 dicens
2347 2806 2381 2828 se
2404 2797 2526 2835 Deum,
2547 2791 2681 2833 hfflffi,
2700 2808 2715 2830 'z

1613 2837 1719 2869 fatuus
1741 2849 1759 2869 a
1783 2839 1857 2875 suis,
1882 2848 1900 2869 a
1923 2838 2056 2876 ludaeis,
2081 2838 2131 2870 ab
2142 2839 2285 2877 Herode,
2301 2850 2319 2871 a
2341 2840 2454 2878 Pilato,
2470 2838 2596 2883 absque
2609 2841 2675 2879 mi-

1612 2882 1735 2919 raculis,
1759 2883 1949 2923 promittens
1971 2889 2110 2914 mortem
2133 2889 2165 2914 et
2186 2884 2270 2915 mala
2293 2885 2416 2922 omnia,
2439 2889 2515 2926 post
2535 2882 2675 2920 most&

1610 2936 1713 2963 suam,
1737 2936 1794 2967 per
1817 2935 1974 2967 pauperes
1996 2927 2179 2968 piscatores,
2203 2928 2362 2966 indoctos,
2378 2937 2494 2960 exosos
2511 2921 2673 2968 emilam,

1611 2971 1708 3001 morti
1731 2971 1900 3007 obnoxios,
1916 2977 1987 3007 etc„
2004 2972 2124 3012 absque
2146 2972 2317 3009 miraculis,
2333 2979 2444 3004 contra
2457 2978 2565 3006 totum
2578 2981 2694 3008 mxu-⁷

1613 3014 1691 3045 dum
1712 3014 1800 3045 idola
1829 3015 1990 3046 colentem
2016 3025 2180 3056 pugnans,
2205 3018 2408 3057 superaverit.
2438 3017 2555 3049 Vae-ate
2578 3026 2673 3061 m
2702 3015 2704 3019 ’

1612 3063 1643 3089 et
1665 3058 1767 3090 videte
1789 3059 1941 3100 quoniam
1963 3058 2039 3100 Ego
2062 3069 2133 3091 sum
2155 3060 2245 3092 Deus
2260 3062 2286 3092 “’.
