2872 3970
966 266 1228 312 QUAESTIO
1258 267 1326 311 XI,
1357 264 1648 304 ARTICULUS
1677 268 1706 303 II

276 355 359 386 quae
381 352 525 386 spectant
547 346 587 376 ad
610 351 726 382 artem;
751 351 782 376 et
805 346 974 385 singularia
996 355 1056 376 nec
1072 346 1196 386 agibilia
1215 355 1274 375 nec
1291 345 1336 375 fa-

275 390 400 426 ctibilia,
423 396 460 421 ut
482 391 650 430 singularia
673 390 925 430 speculabilium,
942 395 977 420 ut
996 396 1070 420 sunt
1085 390 1253 429 singularia
1269 399 1335 419 are-

273 443 343 469 nae,
367 435 536 470 seminum,
561 434 756 470 animalium,
781 439 812 463 et
833 433 1029 464 huiusmodi.

327 477 365 508 V.
390 477 441 508 Ad
465 478 655 509 evidentiam
678 478 812 513 horum,
840 477 1005 508 sciendum
1029 483 1076 507 est
1102 477 1191 517 quod
1214 477 1335 517 species

238 535 244 546 ν
271 521 483 562 intelligibiles
505 521 628 552 infusae
651 531 719 551 non
741 530 799 561 per
814 521 959 552 accidens
975 521 1030 551 sed
1046 531 1084 551 ex
1100 531 1159 551 suo
1175 531 1290 561 genere
1307 522 1333 556 *‚

238 562 244 567 “
270 574 338 596 non
361 565 467 596 solum
483 571 557 596 sunt
572 565 698 596 alterius
714 565 844 595 rationis
860 574 877 594 a
893 565 1059 604 speciebus
1076 565 1235 605 acquisitis
1259 565 1335 605 quia

270 610 388 640 habent
410 609 496 640 aliud
519 609 683 640 obiectum
705 608 849 644 formale,
873 614 908 638 ut
931 609 1087 648 contingit
1109 609 1190 639 inter
1213 609 1334 648 species

269 654 392 685 innatas
421 653 540 694 angelis
571 658 602 684 et
624 653 793 693 acquisitas
816 662 834 683 a
856 653 965 683 nobis:
996 653 1051 683 sed
1074 659 1148 683 sunt
1170 653 1266 692 longe
1290 653 1333 683 al-

269 697 365 727 terius
388 706 424 728 ac
447 697 566 728 altioris
589 696 718 727 ordinis.
753 696 839 734 Quia
861 697 905 726 sic
929 701 1003 726 sunt
1033 696 1254 727 similitudines
1277 707 1333 727 na-

268 745 367 777 turae,
391 746 478 780 puta,
501 740 650 771 leoninae
674 740 763 780 quod
786 746 1022 780 repraesentant
1042 750 1112 770 eam
1128 741 1161 770 in
1178 750 1332 780 quacum-

268 793 332 824 que
355 783 563 824 dispositione
590 784 776 814 accidentali
807 785 922 814 subsit:
954 785 997 814 ita
1029 784 1117 823 quod
1147 793 1204 824 per
1233 794 1332 814 unam

267 829 408 868 speciem
430 834 536 868 potest
558 828 736 859 intellectus
755 837 950 867 cognoscere
974 827 1180 867 quidditative
1203 829 1331 859 leonem

267 877 300 902 et
322 873 431 903 omnia
454 873 522 903 eius
544 872 707 903 individua
737 871 915 902 secundum
941 871 1151 903 individuales
1174 872 1332 903 conditio-

266 926 334 952 nes,
358 922 390 947 et
411 917 527 947 intueri
548 917 659 947 leones
683 925 796 946 omnes
819 922 892 946 actu
916 917 1093 946 existentes.
1118 916 1185 946 Nec
1206 917 1269 946 hoc
1286 922 1332 947 est

266 960 409 991 mirabile
427 961 470 991 ita
486 960 576 1001 quod
599 961 638 991 sit
660 959 860 991 incredibile:
885 959 941 990 sed
956 960 1078 990 ratione
1095 960 1222 990 fultum.
1247 960 1331 998 Quia

267 1004 387 1035 scilicet
416 1004 602 1035 huiusmodi
628 1004 750 1044 species
780 1010 854 1034 sunt
884 1004 1080 1044 exemplatae
1104 1014 1122 1034 a
1150 1003 1255 1034 divina
1283 1015 1330 1034 es-

266 1048 376 1084 sentia,
401 1058 493 1089 quae,
517 1058 582 1079 una
601 1049 745 1084 existens,
770 1053 816 1078 est
831 1047 1005 1078 similitudo
1025 1048 1068 1078 ita
1084 1049 1240 1088 cuiusque
1256 1058 1331 1088 pro-

266 1093 335 1131 pria
357 1098 393 1123 ut
415 1092 494 1123 nihil
516 1093 550 1122 in
573 1101 782 1132 quocumque
805 1093 1071 1132 praetermittatur
1090 1093 1330 1132 irrepraesenta-

266 1142 336 1167 tum
359 1136 602 1168 distinctissime.
627 1136 661 1167 Si
683 1137 770 1167 enim
792 1137 856 1166 hoc
880 1136 919 1166 de
934 1135 1020 1166 facto
1044 1135 1181 1166 fatemur
1195 1137 1331 1167 inveniri

266 1181 300 1210 in
322 1179 430 1211 divina
452 1181 587 1211 essentia
608 1186 754 1221 respectu
777 1181 935 1215 omnium,
960 1189 1017 1210 cur
1035 1190 1103 1210 non
1118 1181 1270 1220 possibile
1285 1181 1330 1211 fa-

265 1230 370 1254 temur
392 1225 425 1254 in
444 1224 552 1254 multis
567 1224 651 1255 illius
667 1225 962 1265 participationibus
977 1225 1111 1254 inveniri
1127 1224 1217 1264 quod
1232 1235 1338 1265 quae-.

265 1268 342 1298 libet
364 1277 475 1299 earum
497 1274 710 1309 repraesentat
733 1268 872 1308 aliquam
895 1278 994 1298 unam
1009 1274 1155 1298 naturam
1175 1278 1250 1299 cum
1266 1270 1330 1299 suis

266 1311 513 1352 quomodolibet
536 1310 767 1343 accidentibus:
792 1317 829 1342 ut
852 1312 941 1352 quod
964 1313 1053 1343 unite
1072 1313 1281 1352 praehabetur
1296 1314 1330 1343 in

265 1357 400 1386 essentia
421 1356 529 1387 divina
550 1365 646 1396 super
669 1365 782 1387 omnes
806 1356 950 1392 ordines,
979 1356 1107 1386 divisim'
1126 1358 1331 1397 participetur

265 1401 298 1431 in
317 1400 480 1440 aliquibus
503 1401 669 1440 speciebus
692 1401 908 1441 spectantibus
926 1400 966 1431 ad
981 1410 1167 1440 supremum
1184 1401 1330 1432 ordinem

265 1445 568 1485 cognoscitivorum,
593 1445 703 1485 quales
726 1450 800 1475 sunt
823 1445 1015 1476 substantiae
1030 1450 1190 1485 separatae
1215 1451 1246 1476 et
1264 1447 1330 1476 ani—

264 1497 335 1519 mae
359 1489 590 1529 supernaturali
612 1489 734 1519 lumine
757 1486 946 1519 illustratae?

318 1532 372 1564 VI.
397 1532 490 1563 Unde
518 1533 561 1563 ad
583 1532 759 1573 primum*
782 1532 912 1563 dubium
942 1532 1152 1573 respondetur
1182 1534 1328 1574 negando

263 1577 440 1607 illationem
457 1577 611 1617 primam:
637 1582 668 1607 et
684 1576 820 1607 dicendo
846 1576 935 1617 quod
957 1587 1022 1607 una
1041 1577 1162 1617 species
1186 1579 1329 1618 superio-

263 1621 305 1651 ris
328 1620 458 1657 ordinis,
482 1630 539 1651 seu
562 1621 667 1651 infusa
690 1630 728 1651 ex
751 1630 810 1651 suo
834 1630 966 1660 genere,
993 1626 1100 1661 potest
1122 1620 1266 1652 sufficere
1290 1622 1330 1652 ad

263 1665 411 1695 notitiam
434 1665 668 1701 abstractivam,
691 1665 754 1695 hoc
778 1670 825 1695 est
848 1664 1099 1705 quidditativam‚
1123 1670 1188 1695 tam
1211 1667 1329 1705 speciei

265 1718 364 1750 quam
386 1709 552 1749 singularis
571 1714 608 1740 ut
622 1709 780 1749 singulare
801 1715 864 1745 est;
888 1719 948 1739 nec
972 1714 1100 1749 oportet
1119 1710 1329 1749 multiplicare

264 1753 386 1793 species
408 1753 476 1783 illas
499 1754 587 1784 iuxta
608 1763 781 1784 numerum
809 1753 1026 1793 singularium.
1050 1771 1073 1775 -
1095 1754 1249 1793 Reliquae
1273 1764 1328 1784 au·-

263 1803 329 1827 tem
353 1797 613 1837 consequentiae,
638 1797 714 1837 quia
736 1796 828 1827 istam
851 1798 988 1837 primam
1011 1803 1210 1837 supponunt,
1227 1799 1328 1828 mani-

264 1841 342 1871 feste
365 1846 472 1871 ruunt.

317 1885 384 1915 VII.
397 1884 449 1915 Ad
461 1885 636 1915 secundum
652 1894 728 1915 vero
745 1885 875 1915 dubium
886 1885 902 1901 ³*
915 1885 1029 1915 dicitur
1041 1884 1140 1924 quod,
1151 1886 1226 1925 quia
1238 1885 1330 1915 Chri—

263 1930 302 1959 sti
324 1930 448 1960 animae
471 1929 671 1960 attribuenda
694 1934 741 1959 est
763 1930 894 1960 scientia
916 1928 1021 1959 infusa
1043 1930 1163 1968 absque
1191 1929 1329 1960 diminu-

261 1974 361 2010 tione,
376 1973 450 2004 ideo
467 1973 671 2004 asserendum
687 1978 734 2004 est
750 1973 913 2004 Christum
935 1973 1049 2003 notitia
1063 1973 1210 2003 intuitiva
1224 1973 1329 2004 infusa

261 2017 376 2048 vidisse
399 2018 508 2049 omnia
530 2017 703 2054 individua,
727 2023 764 2048 ut
786 2018 819 2047 in
842 2017 902 2047 hac
925 2017 1026 2047 littera
1049 2016 1173 2048 dicitur.

317 2062 359 2092 Et
381 2061 422 2092 ad
443 2062 580 2102 primam
604 2062 821 2092 obiectionem
851 2061 1063 2101 respondetur
1093 2061 1182 2101 quod
1211 2061 1328 2092 falsum

262 2112 309 2137 est
331 2107 472 2146 speciem
495 2106 634 2144 infusam
665 2115 703 2136 ex
726 2115 785 2136 suo
809 2115 925 2145 genere
949 2106 1125 2136 abstrahere
1149 2107 1327 2136 necessario

262 2151 300 2180 ab
324 2150 440 2181 actuali
464 2150 637 2180 existentia.
667 2150 751 2180 Nam
773 2150 843 2180 talis
866 2150 987 2189 species
1017 2155 1123 2189 potest
1145 2159 1327 2190 repraesen-

261 2200 326 2224 tare
349 2200 505 2230 naturam,
528 2199 616 2234 puta,
639 2194 803 2224 leoninam
827 2193 1004 2224 secundum
1025 2195 1133 2224 omm'a
1148 2193 1327 2234 praedicata

262 2237 479 2278 quidditativa,
503 2243 535 2268 et
557 2237 735 2269 secundum
757 2237 967 2268 individuales
991 2237 1192 2268 conditiones
1216 2243 1247 2268 et
1263 2239 1327 2269 exi-

261 2283 390 2313 stentias
413 2292 493 2323 quas
516 2283 620 2318 habet,
644 2292 680 2312 ac
704 2282 877 2312 coniuncta
898 2282 932 2312 in
948 2291 985 2312 ea
1000 2282 1188 2312 accidentia:
1213 2288 1326 2322 utpote

262 2326 439 2367 exemplata
462 2337 480 2357 a
503 2326 610 2357 divina
630 2327 764 2357 essentia
786 2331 822 2356 ut
846 2326 1109 2366 exemplaritalis
1128 2332 1258 2357 naturae
1281 2328 1326 2358 sic

262 2376 294 2402 et
315 2371 361 2401 sic
382 2370 607 2406 individuatae,
624 2380 660 2401 ac
677 2371 847 2406 existentis,
864 2375 895 2400 et
911 2369 1120 2410 qualificatae,
1140 2380 1176 2401 ac
1200 2372 1326 2411 quanti-

261 2414 382 2445 ficatae.
404 2433 429 2437 —
448 2415 499 2446 Ad
514 2415 739 2455 probationem
754 2424 840 2449 vero,
858 2415 943 2454 quia,
960 2415 1025 2445 sive
1041 2415 1152 2445 existat
1166 2415 1232 2445 sive
1247 2425 1325 2452 non,

262 2459 378 2490 eodem
392 2459 493 2490 modo
508 2464 736 2499 repraesentat:
761 2458 972 2498 respondetur
988 2459 1077 2498 quod
1093 2465 1325 2499 repraesentare

261 2502 377 2534 eodem
399 2503 499 2534 modo
523 2504 680 2544 contingit
702 2502 879 2543 dupliciter.
903 2503 962 2533 Vel
986 2513 1024 2534 ex
1039 2509 1127 2543 parte
1143 2513 1325 2544 repraesen-

2381 268 2451 316 159

1389 346 1454 376 tati.
1488 347 1530 376 Et
1560 347 1604 377 sic
1635 347 1749 377 falsum
1773 352 1820 377 est
1850 346 1939 386 quod
1966 346 2081 377 eodem
2107 347 2207 378 modo
2238 354 2452 388 repraesentet

1387 390 1517 420 leonem
1540 391 1604 420 sive
1622 392 1731 422 existat
1747 392 1811 421 sive
1827 401 1910 420 non:
1936 391 2020 430 quia,
2038 392 2188 422 existente
2205 392 2309 428 leone,
2326 402 2451 432 reprae-

1388 439 1527 464 sentatur
1551 435 1701 471 existens;
1726 445 1793 465 non
1810 435 1960 465 existente
1976 441 2093 470 autem,
2117 445 2184 465 non
2201 442 2452 476 repraesentatur

1389 478 1532 508 existens.
1563 479 1623 508 Vel
1650 488 1687 509 ex
1715 484 1802 519 parte
1829 479 2098 519 repraesentantis.
2135 480 2175 509 Et
2202 480 2246 509 sic
2269 490 2380 510 verum
2404 486 2451 510 est

1388 521 1476 560 quod
1500 521 1615 552 eodem
1638 522 1737 553 modo
1762 528 1982 562 repraesentat.
2007 523 2081 552 Non
2106 524 2191 553 enim
2214 525 2349 554 mutatio
2366 523 2401 554 fit
2416 525 2450 554 in

1386 566 1497 604 specie·
1516 566 1568 596 illa
1598 576 1655 606 per
1678 567 1740 597 hoc
1772 566 1861 606 quod
1884 572 2095 606 repraesentat
2118 573 2263 597 naturam
2287 568 2450 598 leoninam

1386 609 1419 638 in
1442 610 1505 640 hoc
1528 619 1615 640 nunc
1643 610 1681 640 de
1708 620 1795 640 novo
1824 611 2028 646 existentem,
2061 610 2116 640 sed
2143 611 2258 641 eodem
2285 611 2384 642 modo
2416 622 2449 642 se

1385 653 1479 683 habet
1503 663 1541 684 ex
1563 660 1651 694 parte
1674 655 1739 684 sui:
1765 664 1875 684 verum
1899 655 1966 694 ipsa
1987 660 2098 685 natura
2122 655 2250 685 leonina
2273 656 2306 685 in
2322 665 2354 685 re
2378 665 2449 685 mu-

1385 698 1538 728 tationem
1561 699 1687 737 patitur.
1712 699 1762 734 Et,
1787 699 1931 734 breviter,
1955 699 1998 728 ita
2013 698 2223 738 respondetur
2242 699 2280 729 de
2297 700 2362 729 istis
2378 709 2449 739 spe-

1385 741 1496 772 ciebus
1517 743 1549 771 in
1566 743 1671 772 anima
1687 741 1814 778 Christi,
1839 743 1920 772 sicut
1943 741 1981 772 de
1999 743 2132 772 essentia
2148 742 2253 773 divina
2274 749 2309 773 ut
2324 753 2449 783 reprae-

1384 790 1486 816 sentat
1497 786 1575 816 haec
1588 785 1715 816 eadem:
1733 786 1771 816 de
1785 796 1848 826 qua
1861 792 1984 816 constat
2000 786 2088 826 quod
2104 793 2317 826 repraesentat
2333 787 2448 817 eodem

1383 828 1482 858 modo
1507 839 1544 859 ex
1564 836 1651 869 parte
1667 831 1938 870 repraesentantis,
1956 830 2166 861 diversimode
2183 837 2289 861 autem
2306 841 2343 861 ex
2359 837 2448 871 parte

1384 875 1617 912 repraesentati.

1439 917 1479 946 Et
1498 927 1554 957 per
1578 919 1656 948 haec
1679 923 1766 958 patet
1788 919 1955 958 responsio
1972 918 2011 948 ad
2027 919 2201 949 secundam
2220 919 2446 950 obiectionem.

1384 960 1469 997 Quia
1499 962 1653 1001 supponit
1682 963 1745 992 hoc
1777 962 1907 992 falsum:
1943 963 2062 992 scilicet
2096 962 2185 1002 quod
2219 964 2340 1003 species
2370 964 2447 993 istae

1382 1005 1444 1034 sint
1467 1006 1588 1044 species
1612 1005 1806 1045 adaequatae
1829 1007 1970 1036 terminis
1993 1007 2213 1046 incomplexis.
2248 1007 2316 1037 Nos
2340 1013 2447 1037 autem

1383 1048 1519 1078 dicimus
1551 1049 1639 1088 quod
1662 1050 1783 1089 species
1806 1050 1882 1080 istae
1910 1060 1992 1090 quae
2019 1051 2051 1080 in
2079 1051 2183 1081 anima
2211 1051 2328 1081 Christi
2355 1056 2445 1086 sunt,

1383 1098 1457 1122 sunt
1480 1092 1560 1122 adeo
1585 1093 1702 1123 altioris
1726 1093 1844 1123 ordinis
1872 1099 1907 1124 ut
1930 1094 2092 1124 imitentur
2116 1095 2255 1124 divinam
2279 1096 2447 1125 essentiam

1382 1141 1418 1166 ut
1433 1142 1722 1176 repraesentantem
1738 1138 1902 1167 veritatem
1919 1139 2189 1177 contingentium:
2211 1144 2242 1168 et
2257 1148 2323 1168 non
2340 1139 2446 1169 solum

1382 1185 1418 1210 ut
1440 1186 1729 1220 repraesentantem
1752 1187 1898 1211 naturam
1922 1182 2097 1221 quamlibet
2127 1182 2303 1212 secundum
2328 1193 2371 1213 se.
2406 1183 2447 1213 Et

1382 1230 1552 1264 propterea
1575 1225 1680 1254 anima
1704 1225 1821 1255 Christi
1849 1226 1995 1256 intuitive
2022 1226 2160 1265 perfecte
2191 1235 2248 1266 per
2270 1227 2338 1256 illas
2361 1226 2447 1257 videt

1381 1269 1557 1308 praeterita,
1581 1270 1757 1308 praesentia
1781 1274 1811 1299 et
1835 1269 1950 1299 futura.

1436 1312 1517 1342 VIII.
1531 1312 1582 1342 Ad
1597 1313 1725 1343 tertium
1741 1313 1870 1343 dubium
1881 1314 1906 1349 ἥ,
1919 1313 2099 1343 notandum
2111 1319 2157 1344 est
2170 1320 2325 1354 quantum
2342 1316 2446 1354 seipso

1382 1355 1507 1386 doctior
1532 1357 1624 1387 fuerit
1646 1357 1770 1387 Auctor
1792 1357 1853 1387 hic.
1878 1358 2042 1394 Quoniam
2066 1359 2098 1387 in
2123 1358 2163 1387 111
2180 1358 2276 1393 Sent„
2302 1358 2371 1388 dist.
2385 1369 2446 1394 xrv,

1382 1410 1436 1440 qu.
1453 1411 1474 1437 1,
1499 1406 1555 1431 art.
1574 1401 1603 1437 3,
1629 1403 1686 1440 qu*
1702 1411 1722 1437 1,
1748 1407 1779 1431 et
1794 1402 1828 1431 in
1849 1401 1912 1439 Qu.
1930 1401 1968 1431 de
1989 1402 2094 1437 Ver-it„
2116 1411 2170 1441 qu.
2188 1412 2237 1438 xx,
2255 1408 2310 1432 art.
2329 1403 2358 1438 6,
2376 1412 2447 1433 mo-

1382 1444 1513 1475 dificans
1536 1444 1675 1475 infusam
1691 1445 1818 1475 Christo
1835 1446 2009 1481 scientiam,
2026 1446 2135 1476 eximit
2150 1447 2188 1476 ab
2205 1456 2242 1476 ea
2257 1456 2325 1476 non
2341 1447 2447 1477 solum

1382 1488 1521 1519 divinam
1545 1489 1723 1525 essentiam,
1748 1488 1803 1519 sed
1818 1489 1996 1529 singularia,
2014 1495 2049 1520 ut
2065 1490 2272 1529 cogitationes
2289 1491 2445 1528 cordium,

1381 1533 1456 1572 quia
1479 1543 1547 1563 non
1570 1533 1729 1573 pertinent
1751 1533 1829 1563 haec
1853 1533 1892 1563 ad
1915 1533 2146 1573 perfectionem
2169 1535 2301 1564 humani
2324 1535 2446 1565 intelle-

1381 1582 1459 1611 ctus,
1485 1583 1549 1607 tarn
1573 1576 1750 1607 secundum
1765 1583 1896 1607 naturae
1913 1587 2011 1617 quam
2027 1578 2143 1617 gratiae
2160 1583 2286 1608 statum.
2310 1579 2373 1609 Hic
2390 1589 2446 1609 au-

1380 1627 1455 1657 tem,
1480 1622 1694 1661 perspicacius
1717 1621 1898 1651 discernens
1921 1621 2099 1652 intellectus
2122 1623 2252 1661 practici
2275 1622 2446 1662 perfectio-

1380 1675 1455 1695 nem
1479 1675 1497 1695 a
1519 1665 1717 1705 perfectione
1739 1665 1918 1695 intellectus
1942 1666 2128 1705 speculativi
2152 1667 2300 1702 humani,
2331 1667 2446 1706 probat

1380 1719 1437 1749 per
1459 1710 1542 1739 hanc
1565 1709 1729 1739 scientiam
1753 1709 1892 1739 animam
1909 1709 2026 1739 Christi
2041 1719 2136 1739 nosse
2153 1711 2261 1740 omnia
2277 1711 2446 1750 singularia

1381 1754 1563 1795 praeterita,
1587 1753 1765 1792 praesentia
1788 1758 1819 1782 et
1842 1752 1963 1788 futura,
1995 1754 2070 1793 quia
2095 1754 2255 1793 pertinent
2281 1753 2321 1784 ad
2343 1755 2446 1794 perfe-

1381 1798 1521 1827 ctionem
1545 1797 1723 1826 intellectus
1746 1797 1885 1836 practici.
1921 1797 1962 1826 Et
1985 1807 2057 1827 vere
2085 1798 2128 1827 sic
2153 1803 2216 1834 est,
2246 1807 2314 1827 non
2341 1798 2446 1828 solum

1382 1841 1421 1871 de
1445 1841 1692 1880 cogitationibus
1716 1840 1896 1875 hominum,
1921 1840 1976 1870 sed
1997 1840 2036 1870 de
2053 1842 2202 1871 omnibus
2219 1842 2444 1881 singularibus:

1381 1885 1456 1925 quia
1480 1885 1589 1915 omnia
1612 1884 1752 1915 subiecta
1775 1889 1851 1914 sunt
1873 1884 2090 1924 providentiae
2115 1885 2231 1915 Christi
2254 1886 2446 1926 inquantum

1380 1930 1496 1965 homo,
1521 1935 1557 1959 ut
1579 1934 1666 1969 patet
1689 1938 1727 1958 ex
1751 1929 1937 1959 auctoritate
1960 1929 2119 1968 Apostoli,
2144 1929 2187 1959 ad
2209 1929 2309 1960 Hebr.
2326 1940 2348 1959 11
2364 1931 2390 1966 a,
2416 1937 2447 1961 et

1380 1974 1479 2013 ipsius
1501 1973 1643 2008 Domini,
1669 1973 1779 2002 Matth.
1796 1973 1853 2002 ult.
1870 1973 1902 2002 ἑὲε
1926 1973 2014 2003 Data
2031 1978 2078 2003 est
2096 1974 2173 2003 mihi
2189 1975 2292 2004 omnis
2302 1979 2446 2014 potestas

1381 2018 1412 2048 in
1438 2018 1528 2048 caelo
1553 2022 1583 2047 et
1603 2017 1635 2047 in
1656 2022 1754 2047 terra.
1779 2017 1826 2046 Ex
1842 2017 2040 2056 plenitudine
2056 2018 2151 2057 igitur
2165 2018 2361 2057 prudentiae,
2378 2029 2446 2050 non

1380 2062 1486 2092 solum
1509 2062 1714 2096 monasticae,
1739 2060 1794 2091 sed
1817 2061 1976 2100 politicae,
2000 2062 2101 2092 immo
2118 2062 2240 2101 regalis,
2257 2063 2357 2093 immo
2374 2073 2445 2094 mo-

1379 2106 1545 2136 narchicae
1566 2106 1664 2135 totius
1680 2105 1828 2141 universi,
1853 2106 1943 2135 cuius
1966 2105 2153 2145 prudentiae
2178 2112 2300 2136 constat
2323 2113 2445 2147 partem

1380 2160 1447 2181 esse
1470 2149 1721 2190 providentiam,
1749 2155 1832 2179 recte
1857 2149 2059 2180 concluditur
2082 2150 2121 2180 ad
2144 2150 2374 2190 perfectionem
2398 2153 2445 2182 in-

1379 2194 1523 2225 tellectus
1547 2194 1678 2234 practici
1701 2194 1832 2223 humani
1856 2194 1889 2223 in
1913 2193 2051 2230 Christo,
2077 2195 2134 2224 etsi
2157 2204 2224 2225 non
2247 2196 2279 2225 in
2304 2196 2370 2226 aliis
2386 2196 2445 2226 ho-

1378 2239 1527 2274 minibus,
1553 2244 1694 2278 spectare
1718 2238 1936 2277 cognitionem
1961 2239 2108 2268 omnium
2131 2239 2338 2278 singularium
2363 2249 2444 2280 quae

1378 2289 1452 2314 sunt
1475 2283 1617 2313 subiecta
1642 2281 1860 2322 providentiae
1884 2291 1970 2312 suae.
2005 2282 2141 2313 Constat
2171 2288 2277 2313 autem
2305 2293 2343 2314 ex
2366 2284 2378 2314 1
2402 2285 2445 2315 ad

1381 2328 1457 2358 Cor.
1474 2337 1515 2357 xv
1529 2328 1556 2363 *,
1581 2326 1668 2367 quod
1683 2326 1792 2356 omnia
1806 2331 1883 2356 sunt
1899 2326 2027 2357 Christo
2043 2327 2167 2357 homini
2180 2327 2329 2363 subiecta,
2345 2338 2444 2369 prae-

1379 2377 1429 2402 ter
1451 2381 1523 2402 eum
1546 2371 1601 2411 qui
1623 2370 1756 2401 subiecit
1777 2368 1837 2400 sibi
1860 2371 1979 2400 omnia.
2010 2371 2106 2411 Ergo,
2131 2372 2198 2402 sola
2222 2373 2373 2402 essentiae
2397 2372 2444 2402 di-

1378 2417 1470 2446 vinae
1492 2416 1616 2445 visione
1632 2420 1773 2455 excepta,
1798 2414 1903 2444 anima
1919 2414 2036 2445 Christi
2055 2425 2111 2455 per
2127 2417 2289 2446 scientiam
2305 2416 2443 2447 infusam

1378 2461 1437 2490 scit
1460 2469 1685 2500 quaecumque
1701 2460 1758 2489 scit
1774 2459 1861 2488 Deus
1877 2459 2007 2489 scientia
2023 2460 2162 2490 visionis.
2185 2479 2208 2483 —
2231 2461 2271 2490 Et
2293 2470 2349 2500 per
2364 2461 2443 2491 haec

1379 2505 1461 2534 clare
1485 2509 1572 2544 patet
1594 2504 1761 2544 responsio
1785 2502 1825 2533 ad
1849 2503 1982 2533 obiecta.

1028 2639 1346 2681 ARTICULUS
1376 2638 1676 2705 SECUNDUS

284 2724 441 2756 UTRUM
465 2724 606 2754 ANIMA
629 2723 802 2755 CHRISTI
825 2724 1046 2756 POTUERIT
1071 2724 1363 2755 INTELLIGERE
1387 2724 1628 2755 SECUNDUM
1652 2723 1887 2754 SCIENTIAM
1912 2723 2096 2753 INDITAM
2123 2722 2204 2752 VEL
2228 2722 2416 2753 INFUSAM

868 2769 961 2799 NON
989 2768 1321 2799 CONVERTENDO
1346 2769 1395 2799 SE
1418 2769 1478 2799 AD
1501 2768 1833 2798 PHANTASMATA

739 2846 814 2878 Infra,
838 2852 885 2873 art.
903 2855 935 2879 4;
954 2848 986 2872 111
1006 2848 1088 2877 Sent„
1109 2848 1166 2873 dist.
1185 2856 1234 2877 x1V,
1253 2853 1300 2873 art.
1321 2847 1343 2878 3,
1364 2847 1413 2880 qu'¹
1434 2854 1462 2877 23

298 2958 309 2970 f
377 2956 397 2973 ,s
409 2969 421 2977 ν
474 2938 495 2962 D
510 2938 701 2963 SECUNDUM
715 2938 768 2963 Sic
783 2938 1018 2964 PRocenrrua.
1039 2926 1202 2964 Videtur
1219 2926 1327 2976 quod

398 2976 442 3039 ''²“A
474 2978 605 3016 anima
640 2978 780 3016 Christi
807 2991 888 3016 non
920 2980 1088 3039 potuerit
1120 2979 1325 3028 intelligere

274 3015 332 3078 η’
336 3047 391 3065 *r
414 3021 690 3069 secundum
713 3033 814 3069 hanc
842 3031 1039 3069 scientiam
1067 3033 1140 3069 nisi
1167 3045 1325 3070 conver-

318 3059 415 3117 (4²53)
430 3076 463 3119 k
475 3085 592 3122 tendo
612 3097 652 3121 se
672 3085 721 3122 ad
745 3085 1023 3134 phantasmata.
1054 3087 1326 3123 phantasmata

264 3136 369 3174 enim
388 3145 662 3188 comparantur
680 3138 728 3175 ad
748 3138 918 3176 animam
938 3138 1206 3176 intellectivam
1230 3139 1326 3176 sicut

264 3191 413 3227 colores
438 3191 487 3227 ad
513 3190 652 3238 visum,
682 3199 724 3228 ut
749 3190 885 3228 dicitur
903 3191 943 3229 in
968 3192 1014 3229 III
1033 3192 1079 3229 de
1103 3193 1243 3229 Anima
1259 3197 1275 3212 ‘²
1292 3191 1323 3228 ³¹².

266 3243 343 3280 Sed
371 3243 541 3292 potentia
568 3243 691 3281 visiva
720 3244 860 3281 Christi
887 3256 968 3282 non
1005 3244 1129 3293 potuit
1156 3245 1258 3281 exire
1287 3244 1326 3280 in

158 3293 165 3305 '
204 3320 210 3327 ·
231 3296 236 3306 '
265 3303 395 3332 actum
413 3295 486 3333 nisi
503 3297 764 3333 convertendo
785 3309 824 3334 se
843 3297 892 3334 ad
909 3299 1068 3335 colores.
1089 3299 1191 3345 Ergo
1211 3297 1325 3333 etiam

265 3359 393 3398 neque
421 3348 551 3386 anima
579 3349 660 3386 eius
689 3349 914 3388 intellectiva
941 3350 1064 3400 potuit
1099 3349 1242 3398 aliquid
1271 3348 1325 3385 in-

265 3400 429 3449 telligere
459 3401 530 3439 nisi
558 3403 819 3440 convertendo
849 3415 888 3440 se
916 3403 965 3440 ad
993 3404 1270 3452 phantasmata.

317 3514 346 3549 α)
364 3515 557 3541 Phantasmaea
582 3517 678 3542 enim...
697 3517 730 3541 de
753 3517 859 3542 Anima.
877 3531 896 3535 —
916 3517 997 3547 Quia,
1018 3520 1047 3540 ut
1066 3516 1165 3540 dicitur
1184 3515 1209 3539 in
1232 3515 1277 3539 ΙΙΙ
1292 3514 1324 3539 de

264 3550 371 3579 Anima,
383 3551 574 3582 phantasmata
585 3555 778 3584 comparantur
790 3553 828 3577 ad
845 3553 963 3577 animam
978 3551 1164 3576 intellectivam
1180 3550 1324 3574 humanam

265 3585 334 3610 stcut
350 3586 451 3611 colores
468 3587 506 3611 ad
524 3587 607 3612 visum
627 3587 708 3613 tertia.

1483 2847 1524 2872 De
1548 2847 1636 2875 Verit„
1657 2854 1701 2878 qu.
1719 2854 1759 2876 xx,
1777 2851 1823 2870 art.
1845 2845 1867 2875 3,
1887 2845 1918 2869 ad
1940 2851 1963 2870 1.

1434 2939 1468 2963 2.
1500 2927 1730 2971 PRAETEREA,
1761 2924 1890 2961 anima
1919 2923 2057 2960 Christi
2086 2931 2140 2959 est
2169 2923 2342 2960 eiusdem
2371 2936 2437 2960 na-

1378 2988 1486 3017 turae
1507 2991 1598 3015 cum
1617 2977 1820 3014 animabus
1839 2976 1994 3013 nostris:
2024 2975 2194 3024 alioquin
2222 2975 2303 3025 ipse
2323 2975 2338 3005 β
2356 2989 2437 3014 non

1379 3040 1477 3070 esset
1505 3031 1678 3068 eiusdem
1701 3029 1838 3078 speciei
1866 3028 2088 3074 nobiscum3
2118 3036 2250 3065 contra
2271 3029 2309 3066 id
2329 3030 2436 3078 quod

1379 3085 1586 3134 Apostolus
1615 3082 1713 3128 dicit,
1742 3082 1898 3131 Philipp.
1929 3094 1949 3118 11
1967 3081 1998 3128 ²¹²,
2028 3081 2134 3140 quod
2159 3089 2218 3127 ‘est
2246 3083 2282 3118 in
2310 3083 2436 3119 simili—

1378 3138 1539 3175 tudinem
1567 3137 1758 3172 hominum
1776 3135 1915 3182 factus.
1946 3134 2022 3171 Sed
2043 3133 2172 3171 anima
2199 3142 2328 3171 nostra
2355 3147 2435 3172 non

1378 3197 1502 3240 potest
1530 3187 1732 3235 intelligere
1760 3187 1832 3224 nisi
1859 3187 2120 3224 convertendo
2141 3199 2180 3224 se
2200 3188 2248 3224 ad
2276 3188 2435 3236 phanta-

1379 3250 1511 3279 smata.
1542 3242 1643 3288 Ergo
1672 3252 1744 3276 nec
1771 3240 1886 3277 etiam
1914 3240 2043 3277 anima
2072 3238 2222 3277 Christi.

1434 3295 1467 3330 3.
1498 3295 1728 3338 PRAETEREA,
1759 3305 1893 3330 sensus
1921 3293 1997 3330 dati
2026 3300 2114 3329 sunt
2133 3292 2281 3329 homini
2301 3301 2342 3329 ut
2370 3293 2435 3330 de-

1379 3347 1544 3384 serviant
1571 3345 1786 3382 intellectui.
1817 3346 1856 3383 Si
1885 3345 1995 3394 igitur
2023 3345 2151 3382 anima
2172 3345 2309 3382 Christi
2329 3345 2434 3383 intel-

1379 3399 1491 3447 ligere
1510 3397 1635 3448 potuit
1654 3398 1799 3448 absque
1819 3398 2070 3436 conversione
2089 3399 2137 3436 ad
2156 3399 2432 3447 phantasmata,

1430 3512 1456 3547 β)
1476 3514 1538 3545 ipse.
1556 3527 1576 3532 -
1594 3513 1636 3544 P1;
1657 3514 1722 3546 ipsa.

2476 1318 2484 1326 ¹
2499 1317 2557 1338 lbid.

2474 1935 2483 1944 '
2499 1934 2563 1956 Vers.
2580 1936 2602 1957 8.

2473 1978 2484 1989 ⁸
2499 1978 2563 2000 Vers.
2581 1980 2614 2002 18.

2472 2332 2560 2354 ⁸Vers.
2575 2339 2609 2360 27-

2465 3091 2473 3100 ⁸
2488 3090 2554 3112 Vcrs.
2569 3097 2591 3118 7.
