2872 3970
267 371 279 382 “
292 369 358 391 Vera.
373 375 408 395 24.

270 419 280 428 ⁸
292 417 375 439 Victor
394 415 480 438 Antio-

270 444 335 467 chen.
354 443 480 465 Comment.

269 470 294 491 in
308 469 384 491 Μανε.

271 575 480 629 wem

268 608 312 650 :xv
316 607 412 650 :wli-ner
418 608 480 656 ὅρρ.

269 656 374 702 stubei-n.
388 687 424 707 4¹.

368 734 383 767 β

271 792 392 817 qinom.
405 791 446 813 lib.
451 791 481 818 11,

269 818 298 840 nd
313 824 363 851 cap.
380 824 410 843 ιν,
422 823 479 839 vers.

269 852 322 899 h·
325 834 480 892 bntln'hgarf.

269 898 298 918 ad
304 877 376 924 pgnp.
385 902 400 924 ι,
409 876 480 918 ¹vers:

270 930 306 952 34.

274 1835 335 1856 Ἠ
323 1842 351 1857 ra
392 1838 438 1857 ent.
459 1835 483 1856 in

270 1863 324 1884 Istc.
340 1842 408 1889 (ffin
394 1868 431 1887 ne,
438 1861 485 1883 Pa-

272 1889 326 1910 ἑνοῖ.
335 1868 418 1910 Graec
425 1892 483 1910 tom.

271 1915 383 1967 XXVle.<3

274 1950 475 2050 ὲεῖξαῖιὲἓιῖῗ
432 2008 484 2023 onc.

371 2064 382 2081 ε

273 2090 377 2117 ‘'Cyl-ill.
383 2090 440 2111 Alex
428 2095 484 2110 xan-

273 2116 335 2169 ἰ’ἑῖἓ.
343 2116 449 2169 ,5⁰:31
453 2122 484 2169 ι”ξ

272 2175 331 2191 vers.
345 2175 381 2195 4¹.

282 3445 291 3454 ”
304 3444 340 3466 (Π,
356 3449 419 3465 num.
434 3449 463 3464 ιν.

282 3522 291 3532 ·
306 3521 371 3543 νεη-
387 3528 422 3547 4·-

280 3549 301 3558 ”·
312 3548 373 3569 loen.
385 3553 434 3575 cap.
442 3553 491 3574 vm,

279 3580 339 3596 ven.
353 3581 391 3600 44.

505 293 582 331 422

507 362 591 399 Dei.
633 362 745 399 Unde
781 374 896 411 super
923 361 1015 398 illud
1043 361 1163 398 Marci
1187 373 1196 398 1
1219 360 1257 406 Ψ,
1287 363 1370 398 Scio
1402 363 1487 409 quia
1519 360 1596 397 sis

508 417 663 452 Sanctus
680 416 763 461 Dei,
784 414 872 451 dicit
892 415 1191 464 Chrysostomus
1209 413 1229 434 '¹‘
1257 413 1362 461 quod
1393 425 1466 450 non
1492 425 1567 449 cer-

507 473 582 504 tam
617 473 680 504 aut
705 469 866 526 firmam
901 467 1076 504 adventus
1103 467 1178 503 Dei
1207 467 1362 503 habebat
1390 466 1566 502 notitiam.

509 519 659 556 Sciebat
685 527 815 557 tamen
841 519 969 571 ipsum
997 531 1078 556 esse
1102 520 1286 556 Christum
1314 519 1351 561 in
1380 517 1464 567 lege
1477 529 1568 578 pro-

508 574 659 609 missum
673 572 715 608 ³¹³:
741 572 845 609 unde
871 568 1008 609 dicitur
1031 572 1126 608 Luc.
1148 582 1183 607 ιν
1199 567 1257 606 *⁴‘:
1293 571 1391 612 Quia
1407 571 1571 607 sciebant

509 626 628 674 ipsum
656 637 732 662 esse
762 626 957 662 Christum.
988 624 1107 670 Quod
1135 631 1264 660 autem
1292 622 1421 671 ipsum
1449 622 1570 659 confi·
1618 623 1790 672 Apostoli
1815 624 1986 661 iubentur
2012 624 2165 660 reticere
2191 623 2237 660 de
2261 624 2360 672 ipso:
2387 634 2444 669 ne,
2463 623 2588 661 dimna
2606 634 2715 663 ma-

508 677 685 714 tebantur
713 689 793 714 esse
822 677 962 714 Filium
990 675 1081 721 Dei,
1110 675 1230 723 magis
1263 682 1342 712 erat
1373 687 1420 711 ex
1447 674 1569 724 suspi-

509 729 618 766 cione
638 728 653 759 β
681 741 800 778 quam
828 741 874 765 ex
902 728 1136 765 certitudine.
1180 727 1291 765 Unde
1326 727 1432 764 Beda
1459 727 1567 774 dicit,

507 794 618 832 super
645 784 735 819 Luc.
762 781 801 818 *z
830 783 1041 818 Daemonia
1068 781 1205 818 Filium
1233 781 1307 817 Dei
1331 781 1570 828 confitentur:

509 840 553 881 et,
580 837 672 871 sicut
693 840 823 884 postea
851 834 994 880 dicitur,
1027 848 1046 867 «
1066 835 1228 870 sciebant
1255 845 1340 869 eum
1368 844 1444 869 esse
1466 833 1568 870 Chri-

507 893 601 923 stum
625 902 657 923 ».
694 887 803 932 Quia,
831 898 916 923 cum
945 887 1080 922 ieiunio
1097 887 1306 935 fatigatum
1334 897 1418 922 eum
1446 885 1569 922 diabo-

507 939 563 976 lus
589 939 748 985 videret,
777 951 907 976 verum
936 940 1123 975 hominem
1155 938 1352 975 intellexit.-
1378 937 1453 985 sed,
1483 939 1569 988 quia

507 991 680 1028 tentando
709 1004 783 1028 non
805 991 1035 1040 praevaluit,
1065 996 1188 1027 utrum
1217 991 1333 1028 Filius
1360 991 1436 1027 Dei
1459 996 1568 1036 esset,

508 1044 704 1080 dubitabat.
742 1045 858 1080 Nunc
885 1049 1019 1090 autem,
1034 1056 1106 1093 per
1132 1044 1328 1093 signorum
1351 1044 1567 1093 potentiam,

506 1097 565 1134 vel
592 1097 777 1139 intellexit,
806 1097 864 1133 vel
884 1098 1008 1146 potius
1033 1098 1235 1145 suspicatus
1253 1101 1303 1132 est
1330 1107 1407 1132 esse
1431 1096 1568 1133 Filium

507 1150 590 1185 Dei.
619 1150 709 1186 Non
730 1150 811 1186 ideo
830 1151 944 1199 igitur
961 1148 1111 1186 Iudaeis
1138 1161 1222 1186 eum
1241 1150 1463 1199 crucifigere
1484 1161 1569 1198 per-

506 1203 630 1247 suasit,
661 1203 746 1251 quia
778 1203 963 1239 Christum
990 1203 1066 1239 sive
1084 1206 1099 1230 Υ
1125 1202 1200 1238 Dei
1224 1202 1362 1239 Filium
1391 1213 1465 1238 non
1494 1213 1571 1238 esse

501 1256 666 1304 putavit:
691 1254 757 1291 sed
782 1256 868 1304 quia
886 1266 926 1292 se
943 1260 1063 1292 morte
1080 1255 1175 1292 illius
1203 1266 1278 1292 non
1292 1254 1477 1304 praevidit
1494 1266 1571 1291 esse

508 1307 773 1344 damnandum.
809 1308 867 1344 De
893 1308 963 1345 hoc
990 1308 1088 1344 enim
1120 1322 1138 1341 «ι
1161 1308 1338 1356 mysterio
1365 1318 1390 1344 a
1416 1307 1571 1344 saeculis

508 1361 720 1397 abscondito
737 1375 756 1394 »
785 1360 870 1397 dicit
895 1360 1092 1410 Apostolus
1121 1360 1219 1409 quod
1254 1374 1273 1393 «
1297 1372 1406 1396 nemo
1427 1361 1569 1410 princi-

502 1424 596 1462 pum
619 1413 726 1450 huius
743 1413 884 1450 saeculi
908 1413 1102 1463 cognovit:
1127 1414 1161 1449 si
1179 1414 1278 1449 enim
1299 1414 1568 1463 cognovissent,

509 1476 699 1514 nunquam
726 1466 931 1502 Dominum
959 1465 1107 1515 gloriae
1133 1466 1402 1514 crucifixissent
1423 1480 1456 1501 ».

562 1519 618 1554 An
637 1529 796 1555 Tem-mn
815 1529 997 1555 DtCENDUM
1025 1518 1132 1566 quod
1160 1517 1345 1554 miracula
1372 1517 1412 1554 in
1439 1518 1570 1568 expul-

509 1569 616 1607 sione
644 1570 882 1608 daemonum
910 1582 990 1607 non
1011 1570 1096 1607 fecit
1125 1570 1298 1607 Christus
1325 1577 1482 1620 propter
1499 1569 1571 1607 uti-

509 1622 651 1660 litatem
670 1624 920 1670 daemonum,
942 1623 1008 1660 sed
1036 1631 1193 1673 propter
1220 1623 1418 1660 utilitatem
1446 1623 1571 1660 homi-

509 1687 618 1722 num,
638 1684 680 1713 ut
699 1675 770 1726 ipsi
789 1688 880 1713 eum
899 1675 1162 1724 glorificarent.
1192 1677 1240 1713 Et
1259 1675 1346 1713 ideo
1374 1675 1572 1725 prohibuit

510 1741 577 1766 eos
604 1729 719 1778 loqui
739 1741 783 1766 ea
812 1741 911 1778 quae
931 1730 980 1766 ad
999 1729 1152 1766 laudem
1174 1729 1293 1778 ipsius
1311 1728 1570 1778 pertinebant.

510 1780 636 1831 primo
656 1781 827 1831 quidem,
847 1789 1003 1831 propter
1022 1783 1255 1831 exemplum.
1286 1781 1400 1829 Quia,
1420 1788 1462 1818 ut
1483 1781 1572 1818 dicit

510 1834 740 1872 Athanasius
754 1834 784 1881 ²⁸,
801 1836 1052 1884 compescebat
1072 1836 1150 1871 eius
1166 1846 1389 1880 sermonem,
1405 1836 1572 1884 quamvis

510 1900 600 1926 vera
625 1888 821 1933 fateretur,
850 1893 888 1923 ut
916 1899 982 1924 nos
1009 1888 1229 1935 assuefaciat
1257 1899 1304 1924 ne
1330 1898 1503 1924 curemus
1528 1886 1574 1923 de

510 1942 660 1985 talibus,
690 1941 799 1976 etiam
825 1941 859 1976 si
883 1952 973 1977 vera
1000 1940 1102 1990 loqui
1127 1940 1331 1977 videantur.
1374 1939 1495 1988 Nefas
1523 1945 1573 1976 est

512 1995 610 2031 enim
638 1999 686 2038 ut,
707 2005 791 2029 cum
819 1993 911 2029 adsit
930 1993 1033 2029 nobis
1052 1993 1243 2042 Scriptura
1262 1993 1398 2038 divina,
1419 1994 1572 2030 instrua-

511 2059 598 2083 mur
615 2058 638 2083 a
658 2045 827 2082 diabolo:
854 2053 908 2082 est
931 2044 1034 2082 enirn
1054 2043 1067 2066 δ
1095 2045 1171 2082 hoc
1189 2044 1461 2095 periculosum,
1483 2045 1572 2094 quia

510 2097 656 2135 veritati
692 2099 909 2147 frequenter
935 2098 1145 2134 daemones
1172 2097 1388 2134 immiscent
1416 2098 1573 2134 menda-

511 2151 569 2189 cia
578 2151 608 2188 *.
620 2173 645 2178 —
655 2151 726 2188 Vel
740 2156 763 2198 ⁸,
781 2150 877 2187 sicut
892 2150 1192 2200 Chrysostomus
1206 2149 1246 2172 Ψ*
1260 2149 1359 2197 dicit,
1377 2162 1450 2187 non
1467 2162 1573 2200 opor-

563 2264 589 2299 β)
607 2265 762 2297 suspicione.
780 2279 799 2283 -
816 2265 994 2306 suspicatione
1012 2264 1066 2294 EG,
1086 2265 1203 2297 quadam
1222 2263 1405 2297 suspipatione
1417 2265 1441 2294 b,
1454 2265 1570 2297 quadam

506 2302 688 2333 suspiratione
705 2307 729 2329 c,
748 2301 864 2332 quadam
882 2301 1031 2332 suspicione
1049 2301 1078 2325 P.

562 2338 589 2370 γ)
608 2337 671 2361 sive.
689 2350 708 2354 —
726 2336 787 2360 Om.
807 2336 941 2360 editiones.

563 2371 588 2406 δ)
607 2375 647 2397 est
665 2372 743 2396 enim.
757 2386 776 2390 -
795 2371 917 2396 Secundo
936 2374 1049 2403 propter
1067 2370 1233 2402 periculum:
1251 2373 1292 2395 est
1309 2371 1378 2396 enim
1398 2369 1429 2402 D,
1449 2370 1572 2396 Secundo

506 2411 620 2440 propter
634 2408 792 2439 periculum,
805 2407 868 2439 quia
887 2407 928 2432 ed.
940 2413 973 2435 a;
992 2407 1024 2431 cf.
1038 2411 1091 2430 not.
1105 2413 1177 2438 seq.;
1197 2409 1226 2431 ut
1239 2413 1317 2432 cum..
1320 2409 1379 2432 .est
1392 2406 1463 2431 enim
1475 2413 1529 2431 om.
1543 2406 1573 2432 E.

1181 2484 1517 2518 Commentario.
1538 2483 1794 2517 Cardinalis
1814 2484 2018 2518 Caietam

570 2574 677 2594 nunus
702 2564 813 2594 clarus.
830 2581 852 2585 —
867 2563 903 2593 In
919 2572 1054 2603 corpore
1072 2573 1137 2594 una
1162 2562 1345 2593 conclusio:
1373 2562 1574 2593 Conveniens

512 2576 634 2650 Tfuit
660 2608 821 2638 Christum
845 2606 1016 2638 daemones
1038 2607 1078 2638 ab
1103 2607 1383 2638 obsessiseiicere.
1407 2607 1572 2638 Probatur.

511 2652 664 2683 Miracula
680 2651 797 2682 Christi
812 2657 886 2682 sunt
901 2657 1125 2691 argumentum
1140 2650 1226 2682 fidei.
1243 2651 1328 2691 Ergo
1345 2651 1573 2682 convenienter

511 2702 584 2727 sunt
607 2701 831 2736 argumentum
855 2695 1020 2726 daemonis
1037 2694 1214 2736 expellendi
1239 2705 1257 2725 a
1278 2704 1395 2735 genere
1418 2695 1572 2726 humano.

511 2741 596 2780 Ergo
621 2741 816 2770 conveniens
839 2739 909 2775 fuit,
927 2745 985 2770 etc.

566 2784 720 2814 Probatur
751 2783 980 2824 consequentia
1010 2784 1121 2824 prima.
1153 2783 1238 2821 Quia
1268 2782 1413 2813 futurum
1443 2788 1509 2813 erat
1538 2788 1574 2813 ut

512 2827 684 2858 daemones
700 2838 717 2858 a
734 2828 934 2858 credentibus
949 2827 1151 2868 spiritualiter
1167 2824 1369 2868 pellerentur,
1383 2827 1469 2857 ioan.
1486 2837 1539 2857 ιιι.
1550 2845 1575 2850 -

512 2872 659 2903 Secunda
682 2873 911 2912 consequentia
934 2878 980 2902 est
1004 2872 1100 2902 clara:
1132 2872 1208 2912 quia
1236 2871 1384 2902 sensibile
1407 2876 1453 2902 est
1482 2880 1574 2911 argu·

511 2922 658 2946 mentum
681 2917 860 2956 spiritualis.

566 2960 647 2990 Vide
670 2960 736 2996 hic,
760 2961 903 2997 Novitie‚
927 2958 1016 3000 quod
1039 2961 1179 2996 Auctor,
1204 2958 1327 3000 figurali
1350 2959 1472 2990 ratione
1496 2969 1575 2990 con-

512 3009 628 3040 tentuS,
645 3014 712 3034 non
727 3005 847 3035 curavit
862 3004 1028 3035 litteralem
1052 3014 1110 3044 pro
1126 3004 1294 3044 principali
1312 3012 1443 3044 ponere,
1460 3009 1574 3044 utpote

512 3047 777 3078 manifestiorem:
802 3054 838 3079 ut
854 3049 973 3079 scilicet
988 3053 1178 3088 potestatem
1199 3057 1290 3079 suam
1306 3057 1401 3088 supra
1417 3053 1448 3078 et
1464 3053 1574 3078 contra

513 3091 687 3122 daemones
710 3098 910 3123 monstraret.

569 3135 604 3165 11.
630 3135 664 3166 In
687 3137 896 3176 responsione
920 3136 959 3167 ad
982 3136 1176 3172 secundum,
1196 3141 1346 3167 tractatur
1368 3146 1409 3166 an
1429 3136 1575 3167 Christus

514 3178 607 3210 fuerit
635 3181 782 3220 cognitus
806 3190 824 3210 a
847 3180 1067 3211 daemonibus.
1103 3181 1143 3210 Et
1167 3180 1249 3211 duae
1279 3186 1453 3220 tanguntur
1476 3189 1575 3220 quae-

514 3223 648 3253 stiones:
673 3233 713 3253 an
737 3224 856 3254 scilicet
879 3225 1087 3264 cognoverint
1110 3225 1215 3264 ipsum
1240 3234 1308 3255 esse
1327 3223 1501 3260 Christum,
1518 3233 1575 3256 seu

516 3266 672 3302 Messiam,
685 3268 717 3297 in
734 3268 803 3307 lege
819 3268 1027 3307 promissum;
1049 3273 1089 3303 et,
1106 3278 1146 3298 an
1161 3269 1370 3308 cognoverint
1384 3268 1490 3308 ipsum
1508 3277 1575 3299 esse

515 3319 625 3340 verum
648 3311 764 3341 Deum.
793 3311 833 3341 Et
856 3310 895 3341 de
919 3312 1019 3351 prima
1043 3313 1228 3351 quaestione
1251 3317 1377 3343 tenetur
1400 3321 1471 3352 pars
1494 3311 1575 3344 affir-

516 3355 641 3389 mativa,
663 3355 848 3385 auctoritate
864 3355 970 3385 Lucae
987 3355 1214 3395 Evangelistae,
1230 3354 1363 3387 dicentis
1387 3366 1423 3386 ex
1447 3357 1576 3396 propria

517 3407 651 3437 persona
675 3398 764 3438 quod
786 3398 959 3429 daemones
981 3399 1121 3429 sciebant
1144 3399 1246 3440 ipsum
1269 3409 1336 3431 esse
1353 3399 1525 3431 Christum.

574 3441 620 3471 De
644 3442 782 3472 secunda
806 3447 912 3472 autem
937 3442 1151 3481 quaestione*
1167 3443 1323 3474 certitudo
1347 3453 1415 3474 non
1430 3444 1573 3475 habetur.

519 3484 602 3522 Quia
627 3495 663 3515 ex
687 3495 822 3525 persona
846 3485 1040 3515 daemonum
1065 3485 1177 3516 dicitur
1201 3486 1328 3522 ibidem,
1353 3487 1471 3518 scilicet
1493 3487 1572 3518 Luc.

519 3538 549 3557 iv
565 3529 598 3557 ἐ
629 3529 675 3558 Tu
699 3539 731 3558 es
754 3529 857 3559 Filius
880 3529 951 3559 Dei.
977 3529 1122 3559 Daemon
1139 3535 1245 3560 autem
1262 3536 1292 3560 et
1309 3530 1448 3561 mendax
1467 3536 1514 3561 est
1528 3532 1572 3566 ”.

520 3577 550 3602 et
574 3572 765 3611 explorative
789 3573 916 3603 locutus
945 3572 1078 3603 videtur.
1111 3572 1161 3602 Ad
1185 3573 1247 3603 hoc
1275 3579 1348 3604 sunt
1371 3575 1572 3606 auctoritates

1197 283 1460 330 QUAESTIO
1489 283 1628 330 XLIV,
1658 281 1964 322 ARTICULUS
1974 283 1992 318 'I

1593 362 1716 427 tebat
1743 373 1804 398 eos
1829 362 2021 410 subripere
2047 361 2165 408 officii
2181 360 2372 410 apostolici
2395 361 2571 410 gloriam.
2598 362 2683 401 Nec

1593 386 1770 450 decebat
1792 414 1928 450 Christi
1947 414 2164 461 mysterium
2188 413 2319 473 lingua
2334 413 2456 461 fetida
2478 414 2705 463 publicati:

1622 465 1714 514 quia
1735 480 1755 498 «
1772 477 1846 502 non
1866 471 1917 502 est
1933 467 2099 515 speciosa
2117 466 2198 502 laus
2217 466 2254 502 in
2274 476 2340 502 ore
2351 467 2559 515 peccatoris
2574 481 2594 501 ι
2609 465 2683 504 Ψ.-

1618 517 1755 556 Tertio
1782 517 1886 567 quia,
1906 525 1965 565 ut
1975 517 2094 562 Beda
2097 517 2118 539 Ψ
2146 517 2247 565 dicia
2336 529 2359 554 a
2383 517 2530 556 nolebat
2546 529 2597 556 ex
2613 465 2741 558 hee-‘L'
2748 493 2754 498 ξ

1622 563 1800 607 invidiam
1826 568 2031 607 accendere
2056 529 2333 607 Ῑιιᾶαευνύιςζω
2334 570 2447 608 Unde
2475 569 2589 608 etiam
2611 571 2709 621 ipsi

1623 677 1747 712 iestate
1760 675 1990 724 praedicata,
2005 676 2190 724 passionis
2207 675 2426 725 dispensatio
2444 673 2698 737 differatan
2713 676 2747 711 ὸ

1675 729 1733 764 Αι)
1753 739 1924 770 QUARTUM
1947 739 2128 765 memnon
2155 727 2261 776 quod
2284 726 2457 765 Christus
2475 726 2734 779 specialiterffi

1622 787 1779 817 venerat
1806 780 1945 817 docere
1978 787 2014 816 et
2041 779 2225 817 miracula
2251 780 2374 817 facere
2405 787 2562 830 propter
2585 779 2729 840 utitiqwff

1622 840 1702 870 tem
1729 832 1947 879 hominum,
1966 831 2222 882 principaliter
2248 839 2439 883 quantum
2465 832 2515 871 ad
2542 850 2574 867 ι
2608 851 2629 867 ι.
2660 854 2709 885 ·>,.·:

1623 886 1796 930 salutem.
1827 885 1874 922 Et
1902 884 1990 922 ideo
2017 883 2190 934 permisit
2215 882 2426 924 daemones
2444 897 2544 945 quos
2563 897 2584 923 e
2672 882 2723 932 57}st

1623 938 1687 975 bat
1714 937 1939 975 hominibus
1966 937 2122 987 aliquod
2146 936 2440 975 nocumentum
2453 937 2592 976 inferre

1623 991 1663 1028 in
1691 1002 1853 1040 corpore
1879 992 1942 1028 vel
1970 989 2011 1028 in
2037 990 2164 1036 rebus,
2183 997 2343 1039 propter
2367 990 2531 1029 annuae
2546 991 2593 1028 h

1623 1056 1696 1080 nae
1724 1045 1898 1089 salutern,
1918 1043 1968 1080 ad
1995 1042 2205 1080 hominum
2222 1042 2375 1093 scilicet
2376 1042 2597 1093 instructio

1623 1096 1735 1134 Unde
1765 1096 2065 1146 Chrysostomus
2091 1095 2192 1143 dicit,
2219 1107 2331 1157 super
2355 1084 2490 1134 Matri.
2509 1093 2551 1144 Ψ,
2566 1095 2606 1146 'q
2675 1138 2677 1146 ἰ

1625 1148 1798 1187 Christus
1824 1150 1989 1198 permisit
2015 1125 2255 1186 daemonibus
2282 1149 2319 1186 in
2342 1160 2481 1210 porcos
2508 1150 2591 1196 ire,

1624 1203 1730 1251 quasi
1750 1214 1774 1239 a
1793 1202 2034 1239 daemonibus
2057 1213 2267 1250 persuasus,
2291 1201 2360 1238 sed
2385 1203 2509 1251 primo
2527 1198 2709 1252 quiden?

2693 1208 2714 1232 t:

1623 1261 1662 1292 ut
1679 1256 1844 1292 instruat
1848 1254 2143 1304 magnitudinem
2156 1255 2374 1292 nocumenti
2381 1254 2649 1294 daemonm=
2660 1274 2662 1277 v
2669 1227 2722 1295 Ξῖ

1623 1309 1832 1345 hominibus
1850 1307 2091 1351 insidiantur,·
2112 1307 2286 1352 secundo,
2305 1312 2344 1344 ut
2362 1318 2490 1344 omnes
2507 1306 2629 1347 discet·
2671 1305 2705 1316 ”

1624 1362 1800 1411 quoniam
1829 1372 1953 1423 neque
1986 1360 2161 1398 adversus
2189 1371 2329 1409 porcos
2355 1359 2495 1413 audent
2509 1357 2522 1386 t
2538 1358 2589 1414 gl
2660 1366 2734 1414 ξιξ

1613 1414 1765 1461 facere,
1795 1414 1868 1450 nisi
1891 1414 1968 1464 ipse
1993 1414 2230 1456 concesserit;
2265 1413 2391 1459 tertio,
2419 1413 2487 1450 ut
2492 1429 2510 1444 1
2506 1401 2608 1487 {f
2654 1397 2734 1464 ''Q'sstj'j

1625 1465 1724 1516 quod
1739 1467 1922 1516 graviora
1939 1477 1977 1502 ιη
1998 1465 2079 1502 illos
2095 1466 2262 1503 homines
2280 1465 2438 1515 operati
2440 1475 2508 1513 es

1624 1520 1662 1556 in
1682 1518 1763 1556 illos
1774 1529 1926 1568 porcoS,
1947 1519 2019 1555 nisi
2035 1523 2151 1556 essent
2169 1518 2294 1555 divina
2310 1510 2459 1567 provid
2551 1546 2554 1548 -
2571 1542 2573 1544 v
2595 1543 2597 1546 -
2654 1532 2680 1565 μ
2703 1528 2706 1535 ’

1677 1571 1726 1608 Et
1752 1575 1911 1621 propoer
1930 1570 2087 1608 easdem
2106 1570 2221 1608 etiam
2244 1577 2379 1608 causas
2401 1577 2489 1621 p'e
2480 1488 2552 1629 ιῖἑὶ
2573 1567 2586 1598 ἶ
2656 1567 2667 1601 ‚⁴
2685 1585 2708 1595 2·

1624 1623 1692 1674 qui
1717 1636 1740 1661 a
1757 1623 2014 1662 daemonibus
2032 1622 2273 1670 liberabatur,
2293 1623 2343 1661 ad
2369 1615 2537 1675 horam*

1625 1676 1757 1725 affligi:
1787 1689 1810 1714 a
1828 1688 1907 1726 qua
1933 1684 2063 1713 tamen
2082 1675 2286 1714 afflictione
2315 1685 2407 1713 eum
2434 1679 2513 1717 co
2506 1640 2598 1710 *ὴ
2656 1678 2668 1726 ζ
2698 1683 2722 1702 *¹

1624 1728 1780 1767 beravit.
1805 1730 1879 1767 Per
1896 1729 1973 1766 hoc
1991 1728 2106 1766 etiam
2125 1726 2348 1775 ostenditur,
2367 1735 2411 1766 ut
2424 1722 2581 1795 Βρᾗᾴὲῇι

1625 1782 1732 1832 quod
1758 1794 1880 1832 saepe,
1900 1781 1988 1819 dum
2017 1783 2182 1820 converti
2207 1781 2259 1819 ad
2281 1782 2405 1820 Deum
2501 1773 2545 1797 ²
2549 1803 2555 1811 ι
2575 1799 2577 1802 ·

1625 1847 1820 1881 conamur,
1840 1836 2043 1872 maioribus
2071 1835 2248 1884 novisque
2273 1829 2416 1884 antiqui
2431 1825 2531 1896 hor-3-

1625 1899 1712 1925 mur
1738 1887 1887 1924 insidiis.
1922 1887 2033 1930 Quod
2046 1887 2148 1936 facit
2173 1887 2232 1925 vel
2258 1893 2296 1924 ut
2323 1886 2449 1925 odium

1626 1942 1757 1977 cutiat:
1782 1940 1842 1978 vel
1858 1940 2094 1999 expulsionis
2110 1952 2201 1977 suae
2226 1939 2384 1978 vindicet
2401 1932 2608 1998 maurim.
2614 1931 2713 1979 ‘'ff-²3
2722 1937 2730 1942 ’

1626 2000 1709 2030 ctus
1737 2000 1792 2029 est
1820 1991 1935 2030 etiam
1967 1990 2089 2030 horno
2127 2000 2281 2030 sanatus
2307 1992 2405 2031 velut
2431 1991 2625 2033 memus
2628 1984 2734 2036 ιιι

1627 2045 1890 2108 Hieronymus
1908 2044 1998 2106 dicit
2011 2045 2032 2067 Ψ
2033 2046 2150 2095 ,quia
2166 2047 2306 2082 sanatis
2323 2045 2456 2082 dicitur
2467 2037 2528 2067 ⁴*
2510 2021 2728 2104 {2511}ss

1627 2153 1664 2188 in
1693 2151 1775 2188 Deo
1798 2166 1831 2188 ».

1680 2262 1702 2297 ε)
1728 2264 1780 2290 Vel.
1797 2278 1817 2284 -
1835 2264 1959 2290 Secundo
1977 2264 2040 2298 quia
2060 2264 2088 2291 P.

1677 2299 1704 2334 ζ)
1722 2301 1864 2325 audent.-
1881 2300 1994 2326 auderet
2010 2300 2071 2330 Fbc.
2090 2300 2225 2326 auderent
2236 2300 2316 2326 Pa-
2328 2300 2380 2326 Ριο
2393 2299 2564 2332 actumst

1625 2336 1691 2361 serit
1710 2337 1732 2360 H
1753 2341 1778 2360 et
1797 2336 1930 2361 editiones.

1626 2563 1816 2594 Doctorum.
1839 2581 1863 2586 —
1884 2563 1991 2594 Bedne
2013 2566 2122 2595 autem
2149 2564 2320 2595 auctoritas
2350 2569 2443 2596 caute
2464 2553 2627 2605 lem&
2650 2557 2670 2566 “

1627 2609 1703 2647 quia
1717 2608 1751 2638 in
1767 2607 1882 2639 Glossa
1897 2607 2064 2642 Ordinaria
2079 2609 2096 2627 '
2106 2608 2255 2640 tranem
2270 2607 2415 2645 affertur.
2429 2609 2566 2650 infige·
2602 2638 2611 2645 ,ξ
2622 2571 2690 2618 3}

1626 2652 1659 2682 in
1678 2652 1799 2683 Catena
1823 2653 1934 2683 Aurea
1949 2653 1975 2682 Ψ.
1999 2652 2045 2683 Ita
2063 2651 2159 2699 quod
2177 2662 2216 2683 ex
2230 2651 2318 2685 Beda
2340 2660 2444 2692 unum
2458 2657 2514 2693 ῳ

1626 2701 1749 2727 matum
1781 2696 1951 2727 habemus.
1989 2694 2109 2728 scilicet
2142 2693 2232 2736 quod
2268 2696 2404 2729 verbum
2433 2696 2514 2748 Ap
2559 2730 2566 2736 „

1629 2739 1705 2770 Cor.
1722 2751 1744 2770 n
1759 2741 1786 2776 Ψ,
1803 2739 1839 2770 Si
1860 2740 2096 2782 cognovissent,
2120 2749 2188 2772 non
2211 2739 2345 2772 refertur
2366 2739 2408 2771 ad
2430 2735 2606 2783 Christum,

1626 2784 1687 2815 Dei
1710 2784 1839 2820 Filium,
1855 2784 1911 2815 sed
1926 2783 1965 2815 ad
1985 2785 2172 2826 mysterium
2187 2783 2346 2815 efficaciae
2361 2784 2530 2825 passionis
2554 2780 2557 2785 ⁴
2588 2784 2591 2786 ’

1626 2829 1777 2861 rectionis
1800 2828 1932 2865 Christi;
1952 2828 2073 2860 scilicet
2095 2828 2185 2869 quod
2204 2827 2491 2870 eiiciendusipoe·

1627 2878 1683 2908 set,
1701 2878 1741 2908 et,
1754 2873 1899 2909 breviter,
1915 2872 2006 2913 quod
2021 2872 2150 2905 Christo
2173 2871 2277 2904 danda
2306 2877 2408 2905 esset
2417 2871 2547 2907 oms
2618 2907 2630 2915 ξ
2662 2904 2667 2907 ,
2706 2890 2712 2896 ’ν

1627 2917 1660 2947 in
1677 2917 1767 2947 caelo
1783 2922 1816 2948 et
1837 2917 1870 2947 in
1892 2922 1984 2948 terra
1997 2917 2026 2948 Ψ.
2049 2916 2091 2948 Et
2104 2926 2213 2948 revera
2227 2921 2333 2949 textus
2347 2914 2501 2958 Apostoli
2518 2921 2651 2959 m

1627 2961 1716 2991 istius
1736 2971 1863 2992 sensus·
1887 2966 1925 2992 ut
1946 2966 2034 3002 patet
2055 2961 2193 2993 intuenti
2216 2965 2413 2996 contextum.

1681 3005 1732 3035 111.
1757 3004 1820 3036 Sed
1843 3005 1981 3036 occurrit
2003 3010 2080 3036 tunc
2104 3004 2249 3043 dubium,
2265 3013 2332 3047 quo
2349 3008 2462 3053 pacto
2462 2978 2593 3038 άίὥσῘ
2604 2972 2671 3058 ἒξ

1628 3049 1730 3079 sciens
1753 3054 1808 3080 aut
1830 3048 1969 3080 multum
1992 3048 2139 3080 dubitans
2163 3044 2326 3080 Christum
2350 3057 2418 3079 esse
2439 3046 2553 3079 ‘verum
2581 3044 2607 3074 ἱ
2651 3085 2655 3087 ,
2689 3081 2691 3083 ,

1627 3094 1734 3133 potuit
1760 3093 1987 3124 rationabiliter
2014 3093 2145 3124 incitare
2175 3091 2315 3124 Iudaeos
2337 3092 2377 3123 ad
2396 3097 2536 3123 mortem
2569 3096 2600 3112 ³*-
2635 3096 2642 3102 ‘
2676 3099 2679 3101 ·

1628 3137 1754 3168 Sciebat
1776 3138 1862 3168 enim
1886 3137 1992 3177 quod,
2016 3138 2042 3168 si
2065 3142 2148 3168 esset
2168 3146 2267 3169 verus
2284 3137 2390 3173 Deus.
2412 3141 2522 3168 acum

1628 3190 1727 3221 regno
1750 3181 1850 3221 ipsius
1874 3181 2049 3212 daemonis.
2600 3212 2605 3221 Δ
2671 3205 2678 3224 3

1683 3224 1746 3256 Sed
1769 3225 1794 3256 si
1818 3225 1965 3265 superbia
1979 3221 2097 3257 diaboli
2121 3224 2348 3261 consideretur,
2372 3214 2567 3256 consentane
2599 3239 2603 3249 ι
2632 3223 2634 3225 ’
2687 3224 2702 3255 ἲ’1

1628 3269 1709 3299 tioni
1731 3269 1897 3309 superbiae
1921 3269 1989 3300 eius
2011 3269 2175 3310 apparebit
2197 3267 2297 3318 quod,
2321 3268 2418 3300 etiam
2439 3268 2465 3299 si
2484 3265 2627 3300 sciviss'&
2655 3270 2709 3309 '5

1628 3321 1700 3343 sum
1724 3312 1887 3343 Christum
1911 3321 1979 3344 esse
1994 3321 2106 3344 vemm
2122 3312 2240 3349 Deum,
2255 3311 2360 3344 adhuc
2374 3308 2575 3353 procurmet
2608 3327 2623 3337 ν
2636 3327 2650 3334 -’
2670 3311 2671 3316 ’
2690 3314 2703 3345 ÷³²
2722 3343 2723 3346 ,

1627 3362 1776 3393 mortem,
1799 3362 1836 3387 ut
1858 3356 1943 3388 fecit.
1967 3357 2015 3387 Ex
2038 3366 2079 3387 eo
2101 3357 2188 3387 enim
2212 3355 2302 3397 quod
2323 3356 2454 3387 scientia
2476 3355 2538 3387 ma
2550 3358 2640 3388 ιιοιι
2654 3387 2670 3398 5,

1628 3401 1760 3432 scientia
1782 3400 1969 3437 evidentiae,
1992 3400 2048 3432 sed
2070 3399 2147 3432 fidei
2169 3405 2298 3432 coactae
2321 3409 2361 3432 ex
2383 3399 2552 3440 Scripturis
2572 3403 2621 3433 etv
2647 3399 2650 3401 ’
2704 3403 2719 3436 ².

1629 3445 1757 3481 raculis;
1782 3454 1819 3475 nc
1841 3454 1898 3485 per
1920 3445 1994 3481 hoc,
2013 3453 2116 3476 unum
2138 3445 2184 3476 sic
2206 3445 2322 3477 scitum
2343 3453 2413 3475 non
2434 3449 2587 3485 generet
2656 3451 2707 3484 ‚³2
2723 3466 2732 3479 ,

1629 3489 1705 3518 tiam
1729 3468 1865 3524 alterius,
1889 3493 1966 3528 puta
1989 3487 2120 3519 effectus
2145 3488 2225 3528 (non
2249 3488 2335 3519 enim
2358 3493 2405 3519 est
2427 3488 2461 3519 in
2483 3488 2546 3518 hoc
2571 3502 2602 3513 »ν
2620 3502 2645 3513 «ι
2660 3484 2676 3511 ’ἒ

1629 3531 1728 3562 modo
1753 3533 1834 3562 sicut
1856 3533 1889 3562 in
1912 3532 2042 3562 scientia
2061 3531 2316 3568 demonstrativa,
2332 3532 2365 3562 in
2381 3540 2445 3572 qua
2461 3541 2499 3562 ex
2515 3540 2579 3563 una
2593 3536 2688 3562 cauta
2721 3511 2750 3562 ξξῗῆ
2810 3547 2818 3564 ,ε

1629 3576 1757 3615 cognita
1780 3574 1982 3606 deducuntur
2001 3584 2118 3606 omnes
2132 3575 2216 3607 illius
2232 3574 2392 3615 effectus):
2417 3575 2546 3615 cognita
2560 3573 2688 3611 detine,
2735 3611 2739 3613 .
2806 3571 2822 3604 „l

2550 3150 2629 3161 ιιιιιι
