2872 3970
923 276 1185 323 QUAESTIO
1214 278 1299 324 LV,
1334 277 1625 315 ARTICULUS
1654 279 1703 315 IV
2325 277 2398 324 519

1002 410 1319 454 ARTICULUS
1350 411 1620 463 QUARTUS

523 503 704 535 -UTRUM
729 502 942 534 cnmsrus
965 497 1184 534 DEBUERrr
1207 502 1441 534 DISCIPULIS
1465 503 1507 533 IN
1531 504 1634 534 ALIA
1656 503 1826 534 EFFIGIE
1848 505 2073 536 APPARERE

957 583 988 607 111
1008 583 1091 612 Sena,
1111 583 1170 608 dist.
1189 590 1238 612 xx1.
1258 590 1302 615 qu.
1320 590 1348 612 11,
1367 587 1414 608 art.
1434 590 1459 614 4,
1479 583 1529 615 qu·
1549 590 1571 614 ι,
1591 584 1622 607 ad
1643 583 1666 608 3.

432 675 456 700 D
475 674 647 705 QUARTUM
666 674 718 699 s1c
738 673 972 699 PRocssm‘rUR.
993 661 1154 698 Videtur
1174 661 1282 710 quod
1335 660 1406 697 alia
1444 661 1567 708 effigie
1604 662 1780 710 apparuit
1817 662 1884 711 qui
1918 662 1995 699 iam
2032 663 2262 700 videbantur
2297 664 2396 702 circa

434 715 608 752 Christus
635 727 716 752 non
738 714 911 751 debuerit
930 713 1123 763 discipulis
1151 713 1191 750 in
1210 713 1282 750 alia
1335 713 1455 750 fidem
1487 721 1699 763 tepescere:
1736 715 1840 752 unde
1873 715 2067 752 dicebant:
2104 717 2187 753 Nos
2220 720 2395 766 speraba-

343 791 348 794 ,
379 767 556 816 effigie
584 779 780 817 apparere.
810 768 903 804 Non
931 766 1033 804 enim
1063 774 1188 816 potest
1215 777 1280 814 ap·
1335 777 1417 802 mus
1445 768 1530 815 quia
1562 769 1638 816 ipse
1672 774 1761 804 esset
1797 768 2051 817 redempturus
2077 770 2198 806 Israel
2215 769 2245 806 *.
2283 771 2395 807 Unde

222 880 288 909 est.
328 872 404 910 Sed
441 873 480 910 in
510 873 660 910 Christo
696 884 776 909 non
810 872 878 909 furt
914 871 986 908 nisi
1014 884 1093 908 una
1127 871 1279 919 effigies.
1335 872 1498 908 exhibuit
1516 873 1553 908 in
1573 884 1731 921 corpore
1750 873 1867 921 qualis
1885 874 1987 922 apud
2003 874 2084 910 illos
2107 881 2186 911 erat
2204 877 2241 911 in
2262 884 2393 912 mente.

222 925 263 963 Si
290 937 380 973 ergo
410 925 583 963 Christus
611 925 650 962 in
669 925 740 962 alia
761 931 777 946 ‘²
805 924 992 974 apparuit,
1013 936 1092 961 non
1120 923 1189 960 fuit
1213 935 1279 972 ap·
1341 925 1438 966 Quia
1465 926 1564 960 enim
1592 925 1713 961 adhuc
1745 928 1781 961 in
1811 938 1940 962 eorum
1977 927 2147 963 cordibus
2170 931 2397 977 peregrinus

219 978 356 1027 paritio
378 990 480 1025 vera,
501 979 569 1015 sed
595 978 694 1015 ficta.
723 979 810 1014 Hoc
829 986 958 1014 autem
978 976 992 1006 β
1017 985 1072 1014 est
1100 976 1280 1013 inconve-
1334 985 1414 1012 erat
1432 989 1455 1013 a
1463 977 1557 1024 fide,
1579 979 1634 1013 ire
1651 990 1690 1013 se
1708 978 1856 1027 longius
1872 981 2003 1026 finxit,
2025 979 2163 1016 scilicet
2181 993 2225 1017 ac
2249 981 2279 1017 si
2299 989 2396 1018 esset

221 1030 349 1068 niens:
380 1031 483 1080 quia,
512 1039 554 1068 ut
581 1030 817 1079 Augustinus
845 1030 948 1075 dicit,
979 1029 1019 1066 in
1045 1029 1141 1067 libro
1175 1029 1280 1066 Octo·
1333 1029 1567 1077 peregrinus

218 1085 325 1134 ginta
347 1086 459 1121 trium
491 1085 636 1127 Quaest.
661 1083 691 1130 ²¹⁸,
711 1085 744 1120 si
756 1083 860 1131 fallit
889 1088 915 1129 1,
944 1084 1084 1120 Veritas
1111 1094 1184 1118 non
1213 1086 1281 1125 θεῖ,-
1387 1081 1444 1117 AD
1473 1093 1608 1119 PRIMUM
1636 1095 1733 1119 ERGO
1769 1095 1950 1120 DICENDUM
1983 1085 2107 1132 quod,
2138 1084 2233 1122 sicut
2267 1087 2396 1134 Augu-

220 1142 271 1173 est
298 1142 420 1173 autem
458 1139 597 1174 Veritas
633 1138 807 1173 Christus.
846 1136 948 1183 Ergo
986 1134 1138 1172 videtur
1174 1134 1280 1182 quod
1334 1133 1455 1170 stinus
1483 1133 1588 1181 dicit,
1619 1134 1658 1170 in
1686 1135 1783 1172 libro
1811 1136 1856 1172 de
1889 1137 2169 1178 Quaestionibus
2195 1140 2343 1189 Evang.
2363 1139 2394 1186 ²⁸,

221 1188 394 1226 Christus
422 1201 502 1226 non
530 1189 662 1226 debuit
689 1188 883 1237 discipulis
910 1188 950 1224 in
969 1186 1041 1224 alia
1068 1186 1191 1234 effigie
1215 1198 1280 1235 ap·
1335 1199 1409 1223 non
1447 1199 1559 1223 omne
1594 1188 1694 1236 quod
1716 1190 1924 1237 fingimus,
1954 1190 2189 1226 mendacium
2226 1197 2287 1227 est.
2326 1192 2399 1229 Sed

217 1253 364 1291 parere.
1334 1239 1482 1287 quando
1511 1240 1550 1275 id
1563 1241 1752 1288 fingimus
1780 1241 1878 1289 quod
1905 1242 1995 1278 nihil
2016 1244 2213 1291 significat,
2233 1249 2320 1280 tunc
2348 1251 2398 1281 est

223 1334 226 1336 ,
273 1306 308 1332 2.
337 1295 569 1341 PRAETEREA‚
589 1293 685 1331 nihil
711 1302 836 1344 potest
854 1293 894 1330 in
921 1292 994 1330 alia
1022 1291 1143 1340 effigie
1164 1303 1280 1340 appa·
1334 1291 1579 1328 mendacium.
1613 1294 1708 1329 Cum
1736 1299 1858 1331 autem
1869 1296 1978 1342 fictio
2008 1301 2133 1332 nostra
2162 1297 2322 1344 refertur
2348 1298 2399 1334 ad

218 1359 301 1384 rere
329 1359 448 1396 quam
476 1347 631 1394 habeat,
660 1347 732 1384 nisi
760 1345 861 1384 oculi
888 1345 1119 1382 intuentium
1147 1344 1280 1393 aliqui·
1333 1343 1497 1393 aliquam
1524 1346 1847 1394 significationem,
1877 1359 1951 1384 non
1981 1353 2031 1384 est
2059 1343 2315 1396 mendacium,'
2334 1350 2400 1386 sed

217 1399 291 1437 bus
330 1399 538 1450 praestigiis
579 1399 830 1448 detineantur.
873 1397 1109 1435 Huiusmodi
1149 1405 1280 1434 autem
1334 1396 1458 1446 aliqua
1474 1398 1612 1447 figura
1630 1400 1802 1436 veritatis.
1830 1400 2007 1449 Alioquin
2027 1402 2155 1438 omnia
2183 1414 2278 1451 quae
2296 1414 2320 1439 a
2337 1415 2396 1440 sa-

216 1451 435 1502 praestigia,
464 1465 556 1490 cum
582 1452 678 1490 fiant
705 1451 861 1500 magicis
888 1451 1053 1497 artibus,
1082 1462 1163 1486 non
1190 1462 1278 1487 con·
1327 1451 1512 1499 pientibus
1539 1456 1572 1487 et
1597 1453 1732 1488 sanctis
1762 1453 1870 1497 viris,
1899 1452 1958 1491 vel
1984 1455 2092 1490 etiam
2126 1455 2173 1491 ab
2208 1456 2286 1504 ipso
2322 1456 2396 1492 Do-

216 1505 378 1543 veniunt
415 1505 587 1542 Christo:
631 1506 848 1542 secundum
882 1503 974 1541 illud
1011 1503 1041 1540 II
1071 1504 1157 1540 Cor.
1182 1515 1217 1540 vl
1238 1502 1277 1539 *ε
1333 1504 1448 1548 mino,
1459 1505 1630 1553 figurate
1648 1504 1744 1541 dicta
1761 1511 1856 1551 sunt,
1872 1506 2067 1543 mendacia
2086 1509 2353 1556 reputabuntur
2372 1507 2394 1555 ζ,

221 1559 328 1601 Quae
354 1560 550 1596 conventio
582 1559 719 1596 Christi
743 1558 794 1595 ad
818 1556 971 1594 Belial?
998 1557 1100 1604 Ergo
1128 1555 1281 1592 videtur
1334 1557 1431 1604 quia,
1450 1556 1651 1593 secundum
1680 1559 1850 1594 usitatum
1877 1559 2109 1606 intellectum,
2135 1573 2209 1597 non
2238 1562 2397 1597 consistit

216 1611 324 1660 quod
351 1623 431 1648 non
459 1610 591 1648 debuit
618 1611 658 1648 in
685 1610 758 1648 alia
785 1610 908 1658 effigie
937 1620 1132 1658 apparere.
1333 1610 1468 1646 veritas
1486 1611 1523 1645 in
1543 1606 1679 1646 talibus
1694 1610 1807 1647 dictis.
1828 1612 1927 1648 Sicut
1945 1618 2067 1648 autem
2087 1613 2194 1659 dicta,
2215 1614 2264 1650 ita
2287 1615 2395 1650 etiam

271 1663 306 1700 3.
327 1664 563 1706 PRAETEREA,
583 1663 680 1701 sicut
698 1676 768 1712 per
786 1675 934 1700 sacram
954 1661 1191 1710 Scripturam
1210 1673 1279 1698 no·
1322 1663 1529 1711 finguntur
1550 1663 1662 1709 facta
1687 1665 1768 1699 sine
1803 1664 2019 1710 mendacio,
2049 1666 2099 1702 ad
2125 1666 2288 1715 aliquam
2317 1679 2396 1703 rem

216 1723 291 1753 stra
317 1715 415 1753 fides
434 1716 671 1764 certificatur,
691 1716 741 1754 ita
768 1715 944 1765 discipuli
971 1713 1163 1752 certificati
1191 1722 1280 1750 sunt
1332 1715 1632 1764 significandam.
1662 1716 1711 1752 Et
1738 1715 1788 1752 ita
1815 1716 1958 1753 factum
1986 1725 2041 1754 est
2068 1717 2150 1764 hic,
2181 1726 2222 1754 ut
2250 1718 2396 1756 dictum

215 1769 264 1806 de
291 1768 371 1805 fide
407 1769 693 1806 resurrectionis
729 1781 799 1818 per
836 1767 974 1805 Christi
1011 1765 1278 1816 apparitiones.
1334 1774 1389 1804 est
1407 1766 1438 1803 *.

217 1822 306 1868 Sed,
335 1821 432 1859 sicut
459 1822 695 1871 Augustinus
723 1821 824 1868 dicit,
844 1820 884 1857 in
911 1819 1082 1869 Epistola
1109 1820 1161 1856 ad
1187 1821 1279 1856 Hie·
1386 1820 1443 1856 AD
1472 1832 1662 1857 SECUNDUM
1689 1833 1870 1859 mci-:unum
1897 1822 2015 1871 quod,
2037 1822 2133 1860 sicut
2160 1824 2396 1871 Augustinus

93 1879 189 1928 ¹¹.¹.;³¹.·
215 1887 420 1923 ronymum
440 1874 476 1921 ²⁸,
506 1875 537 1912 si
564 1877 626 1912 vel
653 1887 779 1912 unum
814 1872 1062 1910 mendacium
1097 1871 1136 1908 in
1174 1884 1280 1908 sacra
1334 1871 1442 1919 dicit,
1472 1871 1511 1909 in
1539 1872 1636 1909 libro
1673 1874 1718 1910 de
1749 1875 1937 1911 Consensu
1974 1877 2122 1925 Evang.
2143 1875 2184 1922 ²¹²,
2212 1878 2396 1914 Dominus

36 1935 39 1951 ¹
77 1939 80 1942 ·
100 1922 143 1982 {gn
156 1923 189 1955 ‘⁰¹-
215 1927 411 1976 Scriptura
430 1926 644 1976 recipiatur,
660 1926 917 1964 infirmabitur
935 1933 1013 1962 tota
1032 1936 1160 1961 sacrae
1181 1924 1278 1961 Scri·
1327 1930 1476 1974 poterat
1503 1925 1778 1974 transformare
1796 1932 1813 1954 ⁷²
1842 1940 1996 1964 carnem
2031 1940 2156 1974 suam,
2187 1935 2224 1965 ut
2251 1930 2327 1966 alia
2355 1943 2397 1966 re

129 1975 136 1982 ’
214 1987 350 2029 pturae
369 1979 583 2017 auctoritas.
612 1981 726 2028 Ergo,
748 1979 778 2016 si
796 1980 859 2016 vel
877 1977 916 2015 in
935 1976 1014 2015 una
1040 1976 1278 2027 apparitione
1332 1990 1423 2015 vera
1451 1984 1541 2015 esset
1567 1979 1712 2028 effigies
1731 1981 1778 2016 ab
1806 1980 1870 2017 illa
1899 1993 2010 2030 quam
2045 1981 2211 2018 solebant
2245 1984 2380 2020 intueri
2386 1997 2397 2020 .-

216 2032 390 2070 Christus
417 2032 612 2082 discipulis
631 2031 808 2082 apparuit
827 2031 933 2068 aliter
951 2042 1071 2080 quam
1093 2037 1202 2076 esset,
1224 2029 1279 2066 in-
1333 2030 1629 2080 quandoquidem
1664 2037 1697 2068 et
1724 2040 1809 2068 ante
1834 2035 2048 2082 passionem
2075 2046 2182 2071 suam
2217 2037 2396 2084 transfor-

214 2085 432 2123 firmabitur
459 2085 650 2135 quidquid
668 2083 682 2107 δ
709 2093 796 2134 post
823 2083 1142 2121 resurrectionem
1174 2081 1279 2119 vide·
1333 2089 1454 2120 matus
1481 2089 1532 2120 est
1550 2085 1588 2120 in
1617 2090 1752 2130 monte,
1773 2091 1811 2122 ut
1817 2087 1944 2133 facies
1962 2088 2039 2122 eius
2066 2087 2284 2124 claresceret
2305 2090 2397 2125 sicut

215 2145 305 2175 runt
338 2138 378 2175 in
412 2138 575 2176 Christo.
614 2138 733 2185 Quod
770 2144 825 2174 est
859 2135 1147 2173 inconveniens.
1186 2135 1278 2171 Non
1331 2136 1397 2173 sol.
1423 2136 1502 2179 *Sed
1518 2138 1663 2173 nonita
1683 2149 1783 2174 nunc
1799 2138 1950 2185 factum
1979 2144 2039 2175 est.
2069 2140 2160 2176 Non
2180 2142 2279 2176 enim
2299 2138 2311 2162 θ
2340 2142 2395 2177 in-

76 2218 85 2231 s
215 2203 306 2240 ergo
334 2191 468 2228 debuit
495 2190 535 2228 in
562 2191 635 2228 alia
663 2190 786 2239 effigie
814 2201 1010 2239 apparere.
1332 2194 1584 2238 congruenter
1602 2190 1803 2239 accipimus
1830 2191 1900 2227 hoc
1928 2191 2228 2240 impedimentum
2253 2195 2290 2229 in
2311 2206 2395 2230 ocu-

38 2255 41 2257 ·
71 2245 118 2282 37⁸²·
270 2244 344 2281 SED
373 2256 518 2282 CONTRA
535 2256 601 2281 EST
620 2244 728 2293 quod
747 2242 884 2280 dicitur
902 2241 1024 2279 Marci
1043 2242 1108 2278 ult.
1129 2241 1164 2277 *ε
1194 2242 1280 2278 Post
1332 2242 1376 2278 lis
1404 2253 1534 2278 eorum
1563 2254 1586 2278 a
1606 2243 1746 2279 Satana
1762 2243 1895 2290 fuisse,
1917 2256 1964 2280 ne
1986 2250 2253 2294 agnosceretur
2278 2247 2393 2283 Iesus.

70 2301 76 2305 “
214 2298 318 2343 haec,
346 2297 488 2334 duobus
515 2309 565 2334 ex
591 2298 642 2334 eis
669 2296 942 2334 ambulantibus
973 2300 1136 2332 ostensus
1163 2299 1214 2330 est
1241 2295 1278 2330 in
1334 2294 1445 2332 Unde
1473 2295 1568 2331 Luc.
1590 2296 1655 2331 ult.
1676 2294 1696 2317 *
1723 2294 1860 2332 dicitur
1887 2296 1994 2345 quod
2023 2298 2123 2334 oculi
2138 2310 2269 2334 eorum
2297 2305 2394 2336 tene-

36 2389 37 2392 ,
214 2350 291 2388 alia
318 2350 457 2400 effigie,
486 2352 653 2387 euntibus
681 2351 718 2386 in
746 2349 885 2387 villam.
1333 2349 1481 2393 bantur,
1511 2359 1557 2384 ne
1585 2360 1668 2384 eum
1697 2355 1953 2397 agnoscerent.

72 2398 81 2446 ¹,
97 2405 118 2423 ¹·
267 2404 492 2441 Responnsso
521 2414 703 2440 mCENDUM
731 2402 850 2451 quod,
874 2400 971 2438 sicut
999 2400 1145 2437 dictum
1173 2407 1228 2436 est
1246 2400 1277 2447 ³¹⁸,
1386 2401 1443 2436 An
1462 2412 1620 2437 Tem-mm
1638 2412 1819 2438 DxCENDUM
1839 2402 1945 2450 quod
1971 2401 2065 2439 ratio
2092 2402 2153 2439 illa
2171 2412 2395 2452 sequeretur

44 2455 45 2458 ’
71 2458 74 2462 ’
216 2455 440 2494 resurrectio
477 2454 616 2493 Christi
643 2454 921 2492 manifestanda
954 2453 1023 2490 fuit
1055 2452 1279 2490 hominibus
1333 2453 1364 2490 si
1383 2453 1431 2490 ab
1451 2452 1596 2490 alienae
1625 2453 1761 2501 effigiei
1780 2462 1936 2503 aspectu
1964 2467 2044 2491 non
2063 2455 2219 2492 fuissent
2247 2457 2393 2500 reducti

214 2521 285 2559 per
311 2509 477 2546 modum
505 2520 584 2557 quo
617 2507 672 2546 eis
706 2507 837 2544 divina
865 2508 1092 2543 revelantur.
1129 2507 1279 2543 Innote-
1333 2506 1382 2543 ad
1410 2518 1500 2543 vere
1528 2505 1742 2543 videndum
1777 2506 1916 2543 Christi
1944 2507 2120 2555 effigiem.
2155 2508 2261 2545 Sicut
2289 2510 2393 2547 enim

215 2569 327 2600 scunt
347 2569 476 2600 autem
501 2561 633 2598 divina
651 2560 876 2598 hominibus
895 2565 907 2581 ⁶
935 2559 1152 2596 secundum
1171 2560 1278 2607 quod
1333 2558 1569 2607 Augustinus
1598 2558 1742 2596 ibidem
1760 2559 1780 2581 '¹‘
1799 2559 1898 2605 dicit,
1927 2566 2091 2597 tantum‘
2120 2573 2144 2597 a
2166 2562 2309 2599 Christo
2325 2563 2392 2610 sa-

215 2614 475 2652 diversimode
512 2622 600 2652 sunt
636 2614 772 2651 affecti.
811 2614 916 2650 Nam
944 2612 994 2649 illi
1031 2612 1099 2661 qui
1137 2611 1280 2649 habent
1333 2618 1390 2649 cta
1418 2618 1469 2649 est
1482 2613 1691 2661 permissio
1711 2619 1754 2648 ut
1772 2612 1911 2649 scilicet
1938 2612 2131 2661 praedicto
2151 2614 2271 2650 modo
2291 2614 2393 2652 oculi

215 2675 388 2705 mentem
414 2667 514 2704 bene
551 2666 797 2716 dispositam,
826 2666 1043 2703 secundum
1079 2664 1279 2702 veritatem
1334 2677 1471 2702 eorum
1499 2672 1728 2711 tenerentur,
1749 2677 1862 2714 usque
1889 2666 1939 2702 ad
1962 2672 2237 2703 sacramentum
2259 2669 2393 2716 pam‘s:

215 2719 347 2758 divina
377 2719 604 2770 percipiunt.
640 2719 694 2756 Illi
728 2726 858 2757 autem
894 2719 961 2768 qui
998 2718 1140 2755 habent
1171 2730 1279 2755 men·
1333 2724 1382 2764 ut,
1413 2719 1549 2755 unitate
1576 2719 1743 2767 corporis
1770 2719 1847 2754 eius
1870 2719 2104 2768 participata,
2129 2722 2314 2757 removeri
2340 2722 2392 2757 in-

215 2780 294 2811 tem
319 2785 402 2810 non
421 2774 519 2810 bene
547 2772 784 2822 dispositam,
805 2771 936 2809 divina
953 2770 1169 2821 percipiunt
1188 2783 1279 2808 cum
1332 2771 1521 2821 telligatur
1547 2770 1846 2820 impedimentum
1866 2772 2017 2816 inimici,
2038 2777 2076 2807 ut
2098 2772 2261 2809 Christus
2277 2775 2393 2822 possit

216 2826 387 2876 quadam
423 2825 648 2863 confusione
683 2824 884 2862 dubietatis
911 2826 974 2862 vel
1008 2824 1163 2861 erroris:
1201 2826 1279 2861 ani-
1333 2825 1500 2874 agnosci.
1543 2823 1654 2860 Unde
1683 2822 1825 2860 ibidem
1844 2822 1863 2844 '¹‘
1891 2822 2067 2860 subditur
2093 2824 2199 2872 quod
2231 2840 2250 2858 «
2272 2826 2391 2874 aperti

215 2879 324 2916 malis
352 2878 457 2916 enim
475 2880 586 2916 homo
616 2891 690 2916 non
710 2879 870 2928 percipit
897 2890 942 2915 ea
970 2890 1065 2927 quae
1091 2884 1175 2915 sunt
1202 2878 1279 2927 Spi-
1333 2884 1422 2913 sunt
1449 2875 1550 2913 oculi
1586 2887 1722 2912 eorum
1757 2883 1793 2912 et
1828 2883 2091 2923 cognoverunt
2123 2888 2214 2914 eum
2236 2892 2278 2914 »z
2315 2891 2390 2916 non

217 2933 308 2969 ritus
332 2933 415 2979 Dei,
442 2939 485 2968 ut
511 2931 649 2969 dicitur
675 2932 689 2968 I
722 2932 808 2968 Cor.
829 2943 851 2968 11
869 2930 900 2967 *.
930 2931 978 2968 Et
997 2930 1084 2968 ideo
1106 2930 1280 2968 Christus
1334 2929 1432 2979 quod
1449 2934 1534 2966 ante
1551 2928 1684 2965 clausis
1703 2929 1817 2965 oculis
1835 2929 2068 2965 ambularent
2077 2942 2090 2972 ,·
2110 2930 2176 2966 sed
2192 2931 2311 2968 inerat
2324 2932 2391 2968 ali-

217 2984 463 3034 quibusdam,
483 2984 532 3022 ad
560 2984 798 3022 credendum
819 2983 1021 3033 dispositis,
1041 2991 1128 3033 post
1156 2995 1279 3021 resur·
1334 2982 1422 3031 quid
1446 2995 1516 3031 quo
1541 2993 1615 3017 non
1634 2982 1843 3018 sinerentur
1861 2993 2066 3030 agnoscere
2085 2982 2184 3030 quod
2207 2982 2390 3031 videbant,

218 3036 428 3075 rectionem
455 3036 632 3087 apparuit
659 3036 699 3074 in
727 3049 797 3073 sua
825 3036 959 3084 effigie.
989 3036 1062 3074 Illis
1090 3044 1220 3074 autem
1240 3036 1279 3072 in
1334 3035 1433 3084 quod
1448 3034 1583 3071 scilicet
1610 3034 1733 3083 caligo
1753 3039 1786 3070 et
1804 3033 1935 3082 aliquis
1962 3035 2098 3071 humor
2114 3035 2205 3071 solet
2232 3037 2391 3084 efficere.

270 3158 287 3174 α
316 3149 380 3175 alia.
398 3163 418 3168 -
434 3149 524 3183 effigie
541 3149 640 3174 addunt
657 3149 697 3174 Pl.
1383 3147 1410 3179 η)
1430 3149 1634 3180 transformare.
1650 3160 1669 3164 -
1686 3146 1720 3177 P;
1739 3146 1851 3179 sufferre
1869 3146 1887 3175 1,
1900 3152 1928 3170 se
1948 3147 2096 3179 transferre
2109 3154 2161 3178 per
2178 3147 2225 3177 sG,
2244 3149 2393 3182 transferre

271 3185 286 3218 β
318 3185 376 3210 Hoc
392 3187 490 3210 autem.
507 3198 527 3204 -
544 3184 591 3210 Ed.
610 3191 643 3214 αὶ
663 3185 698 3211 Β
716 3184 765 3210 hoc
783 3185 821 3210 sG
840 3190 866 3210 et
883 3193 905 3214 c,
925 3185 1005 3216 Quod
1022 3185 1083 3216 ΡΠ,
1097 3185 1156 3210 Hoc
1174 3185 1260 3209 ceteri.
1331 3184 1417 3208 ceteri.
1435 3197 1454 3201 —
1472 3186 1501 3207 ut
1524 3182 1580 3206 alia
1601 3182 1622 3206 E
1642 3187 1667 3206 et
1691 3181 1764 3206 tertia
1771 3189 1778 3212 ;
1803 3181 1858 3205 alia
1884 3184 1913 3205 ut
1933 3181 1962 3209 F.
1981 3181 2007 3206 in
2032 3182 2086 3206 alia
2112 3183 2197 3207 ceteri.
2215 3197 2234 3201 -
2251 3183 2278 3208 in
2304 3188 2392 3210 monte

270 3220 298 3288 R
310 3221 396 3255 fallit.
412 3233 432 3239 —
451 3220 573 3245 Christus
591 3221 689 3245 addunt
706 3220 774 3246 PsG.
1332 3219 1429 3248 PFIac3
1449 3218 1476 3242 in
1496 3221 1620 3242 montem.
1764 3228 1773 3234 -

315 3255 454 3288 quidquid.
470 3269 491 3274 —
508 3255 632 3288 dtseipuli
650 3256 720 3281 addit
736 3255 818 3282 tertia.
1382 3252 1407 3287 θ)
1426 3253 1504 3278 enim.
1521 3267 1541 3271 -
1557 3255 1646 3277 autem
1666 3252 1693 3277 P.
1715 3252 1764 3275 Pro
1775 3251 1870 3284 fuisse,
1884 3251 1990 3285 sactum
2004 3252 2091 3284 juisse
2109 3253 2137 3278 Ρ.

272 3299 283 3316 ε
314 3291 471 3316 hominibus.
489 3304 509 3309 -
526 3290 704 3316 diversimode
723 3292 820 3316 addunt
838 3291 899 3317 ΡΕΙ,
1383 3288 1402 3322 ι)
1421 3291 1535 3313 tantum.
1547 3302 1566 3306 —
1583 3288 1652 3312 alias
1671 3291 1758 3312 tamen
1779 3294 1868 3318 margo
1888 3287 1916 3312 P.
1928 3300 1947 3305 -
1960 3287 2103 3318 permissio
2122 3287 2192 3312 FlsG
2212 3293 2236 3312 et
2249 3288 2390 3320 editiones;

271 3290 297 3361 ζζ
316 3326 520 3358 reputabuntur.
538 3340 558 3346 -
575 3326 773 3358 deputabuntur
790 3326 864 3352 tertia
882 3331 984 3359 praeter
1001 3326 1048 3351 sG.
1328 3324 1480 3356 promissio.

892 3406 1224 3439 Commentario,
1247 3403 1497 3436 Cardinalis
1518 3403 1719 3435 Caietani

124 3502 140 3512 ·
154 3497 193 3519 xx,
279 3495 385 3516 rmLUS
417 3486 518 3517 clarus
542 3495 579 3516 ex
602 3486 794 3526 Evangelio,
818 3486 851 3516 in
875 3495 941 3525 quo
969 3489 1111 3515 narratur
1134 3483 1277 3514 Christus
1332 3482 1524 3513 credendum
1547 3481 1724 3521 dispositis,
1748 3481 1974 3517 convenienter
2002 3481 2154 3521 apparuit
2181 3482 2213 3512 in
2236 3492 2296 3513 sua
2320 3483 2388 3524 effi-

41 3509 46 3548 ¹
89 3524 115 3530 ’
133 3549 195 3571 mv,
222 3497 365 3560 Tvisus
394 3530 494 3560 modo
521 3536 557 3560 ut
579 3530 766 3560 hortulanus
781 3530 814 3565 ⁴⁹,
837 3528 937 3559 modo
965 3534 1001 3558 ut
1025 3528 1209 3568 peregrinus
1232 3528 1276 3556 ⁴⁶³⁶.
1331 3526 1407 3567 gie:
1429 3525 1616 3566 quibusdam
1639 3529 1754 3560 autem,
1771 3525 1876 3555 minus
1899 3524 2068 3564 dispositis,
2085 3525 2311 3557 convenienter
2333 3536 2388 3566 ap-

277 3573 312 3603 In
336 3582 470 3613 corpore
501 3575 596 3604 unica
628 3574 807 3604 conclusio:
835 3573 980 3603 Christus
1006 3571 1211 3612 quibusdam,
1235 3570 1278 3601 ad
1327 3570 1442 3610 paruit
1464 3569 1496 3599 in
1520 3569 1587 3599 alia
1610 3568 1728 3610 effigie.
1752 3569 1916 3598 Probatur.
1940 3569 2141 3600 Resurrectio
2166 3569 2282 3600 Christi
2300 3580 2388 3601 reve-

250 809 261 821 ”
279 816 365 854 s's‘ln}
389 815 565 869 Kparere
593 820 810 857 secundum
837 819 1035 856 veritatem
1070 818 1141 856 nisi
1174 818 1281 867 quod
1336 818 1543 866 Gregorius
1571 818 1671 866 dicit,
1701 819 1740 856 in
1768 820 1938 857 Homilia
1956 821 1986 867 *,
2016 822 2123 869 quod
2150 823 2260 859 talem
2288 835 2327 860 se
2346 825 2396 860 eis
2422 809 2449 876 {Z

2423 778 2432 786 ⁸
2447 776 2501 797 Luc.
2513 782 2563 803 cap.
2572 782 2636 802 μιν,

2515 819 2537 849 ll.
2560 828 2635 850 xxm

2490 809 2511 876 53⁸²

2423 1139 2433 1149 ’
2447 1138 2498 1160 Lib.
2509 1138 2539 1164 11,
2554 1144 2634 1165 qu.1.1.

2426 1780 2435 1789 ⁸
2448 1778 2472 1798 1n
2488 1783 2593 1805 corpore.

2424 1882 2432 1890 ⁸
2452 1880 2502 1901 Lib.
2522 1880 2562 1906 111,
2585 1886 2635 1908 cap.

2422 1913 2476 1933 xxv,
2492 1912 2554 1928 num.
2570 1913 2603 1933 72·

2422 2307 2431 2316 ⁴
2447 2305 2513 2327 Vers.
2530 2306 2564 2327 16.

2419 2570 2428 2578 '
2436 2569 2490 2590 Loc.
2497 2569 2562 2591 cit.in
2570 2576 2630 2598 resp.

2418 2596 2447 2617 ad
2462 2602 2483 2617 2.

2419 2830 2428 2838 ⁸
2443 2828 2498 2850 Luc.
2509 2834 2559 2855 cap.
2568 2835 2630 2853 xxiv.

2418 2861 2478 2876 vers.
2492 2861 2524 2882 3¹-
