<?xml version="1.0" encoding="UTF-8"?>
<!DOCTYPE html PUBLIC "-//W3C//DTD XHTML 1.0 Transitional//EN"
    "http://www.w3.org/TR/xhtml1/DTD/xhtml1-transitional.dtd">
<html xmlns="http://www.w3.org/1999/xhtml" xml:lang="en" lang="en">
 <head>
  <title>
</title>
<meta http-equiv="Content-Type" content="text/html;charset=utf-8" />
  <meta name='ocr-system' content='tesseract 3.04.00' />
  <meta name='ocr-capabilities' content='ocr_page ocr_carea ocr_par ocr_line ocrx_word'/>
</head>
<body>
  <div class='ocr_page' id='page_1' title='image "./operaomniaiussui11thom_0353.png"; bbox 0 0 2872 3970; ppageno 0'>
   <div class='ocr_carea' id='block_1_1' title="bbox 43 0 107 99">
    <p class='ocr_par' dir='ltr' id='par_1_1' title="bbox 43 0 107 99">
     <span class='ocr_line' id='line_1_1' title="bbox 43 0 107 99; baseline 0 3871"><span class='ocrx_word' id='word_1_1' title='bbox 43 0 107 99; x_wconf 95' lang='lat' dir='ltr'> </span> 
     </span>
    </p>
   </div>
   <div class='ocr_carea' id='block_1_2' title="bbox 10 30 13 104">
    <p class='ocr_par' dir='ltr' id='par_1_2' title="bbox 10 30 13 104">
     <span class='ocr_line' id='line_1_2' title="bbox 10 30 13 104; baseline 0 3866"><span class='ocrx_word' id='word_1_2' title='bbox 10 30 13 104; x_wconf 95' lang='lat' dir='ltr'> </span> 
     </span>
    </p>
   </div>
   <div class='ocr_carea' id='block_1_3' title="bbox 891 264 1723 312">
    <p class='ocr_par' dir='ltr' id='par_1_3' title="bbox 891 264 1723 312">
     <span class='ocr_line' id='line_1_3' title="bbox 891 264 1723 312; baseline -0.001 -10"><span class='ocrx_word' id='word_1_3' title='bbox 891 265 1154 312; x_wconf 89' lang='lat' dir='ltr'>QUAESTIO</span> <span class='ocrx_word' id='word_1_4' title='bbox 1184 265 1339 311; x_wconf 91' lang='lat' dir='ltr'>XXVII,</span> <span class='ocrx_word' id='word_1_5' title='bbox 1369 264 1660 302; x_wconf 89' lang='lat' dir='ltr'>ARTICULUS</span> <span class='ocrx_word' id='word_1_6' title='bbox 1689 264 1723 301; x_wconf 94' lang='lat' dir='ltr'>V</span> 
     </span>
    </p>
   </div>
   <div class='ocr_carea' id='block_1_4' title="bbox 219 344 1278 520">
    <p class='ocr_par' dir='ltr' id='par_1_4' title="bbox 219 344 1278 520">
     <span class='ocr_line' id='line_1_4' title="bbox 219 344 1278 389; baseline -0.008 -7"><span class='ocrx_word' id='word_1_7' title='bbox 219 350 304 382; x_wconf 82' lang='lat' dir='ltr'>idem</span> <span class='ocrx_word' id='word_1_8' title='bbox 320 355 367 380; x_wconf 88' lang='lat' dir='ltr'>est</span> <span class='ocrx_word' id='word_1_9' title='bbox 381 347 514 389; x_wconf 82' lang='lat' dir='ltr'><strong>gratiam</strong></span> <span class='ocrx_word' id='word_1_10' title='bbox 534 345 790 378; x_wconf 88' lang='lat' dir='ltr'>sanctificationis</span> <span class='ocrx_word' id='word_1_11' title='bbox 813 345 957 376; x_wconf 87' lang='lat' dir='ltr'>sufficere</span> <span class='ocrx_word' id='word_1_12' title='bbox 973 344 1012 375; x_wconf 88' lang='lat' dir='ltr'>ad</span> <span class='ocrx_word' id='word_1_13' title='bbox 1028 344 1207 375; x_wconf 88' lang='lat' dir='ltr'>tollendum</span> <span class='ocrx_word' id='word_1_14' title='bbox 1230 345 1278 374; x_wconf 93' lang='lat' dir='ltr'>in-</span> 
     </span>
     <span class='ocr_line' id='line_1_5' title="bbox 219 389 1277 428; baseline -0.008 -3"><span class='ocrx_word' id='word_1_15' title='bbox 219 393 388 425; x_wconf 85' lang='lat' dir='ltr'>fallibiliter</span> <span class='ocrx_word' id='word_1_16' title='bbox 411 401 543 422; x_wconf 89' lang='lat' dir='ltr'>omnem</span> <span class='ocrx_word' id='word_1_17' title='bbox 569 390 778 421; x_wconf 79' lang='lat' dir='ltr'>sensualitatis</span> <span class='ocrx_word' id='word_1_18' title='bbox 803 395 930 420; x_wconf 86' lang='lat' dir='ltr'>motum</span> <span class='ocrx_word' id='word_1_19' title='bbox 959 394 1083 428; x_wconf 90' lang='lat' dir='ltr'>praeter</span> <span class='ocrx_word' id='word_1_20' title='bbox 1108 389 1277 424; x_wconf 86' lang='lat' dir='ltr'>rationem,</span> 
     </span>
     <span class='ocr_line' id='line_1_6' title="bbox 219 432 1278 474; baseline -0.007 -5"><span class='ocrx_word' id='word_1_21' title='bbox 219 443 251 469; x_wconf 89' lang='lat' dir='ltr'>et</span> <span class='ocrx_word' id='word_1_22' title='bbox 273 437 384 469; x_wconf 87' lang='lat' dir='ltr'>tollere</span> <span class='ocrx_word' id='word_1_23' title='bbox 407 436 564 467; x_wconf 85' lang='lat' dir='ltr'>fomitem.</span> <span class='ocrx_word' id='word_1_24' title='bbox 587 435 628 465; x_wconf 91' lang='lat' dir='ltr'>Et</span> <span class='ocrx_word' id='word_1_25' title='bbox 650 439 819 474; x_wconf 88' lang='lat' dir='ltr'>propterea</span> <span class='ocrx_word' id='word_1_26' title='bbox 843 442 946 472; x_wconf 91' lang='lat' dir='ltr'>usque</span> <span class='ocrx_word' id='word_1_27' title='bbox 970 432 1009 462; x_wconf 92' lang='lat' dir='ltr'>ad</span> <span class='ocrx_word' id='word_1_28' title='bbox 1029 433 1278 473; x_wconf 86' lang='lat' dir='ltr'>conceptionem</span> 
     </span>
     <span class='ocr_line' id='line_1_7' title="bbox 220 476 1278 520; baseline -0.007 -8"><span class='ocrx_word' id='word_1_29' title='bbox 220 481 346 517; x_wconf 85' lang='lat' dir='ltr'><strong>Christi,</strong></span> <span class='ocrx_word' id='word_1_30' title='bbox 370 481 403 510; x_wconf 93' lang='lat' dir='ltr'>in</span> <span class='ocrx_word' id='word_1_31' title='bbox 427 489 490 520; x_wconf 91' lang='lat' dir='ltr'>qua</span> <span class='ocrx_word' id='word_1_32' title='bbox 512 479 610 519; x_wconf 88' lang='lat' dir='ltr'>gratia</span> <span class='ocrx_word' id='word_1_33' title='bbox 633 477 759 508; x_wconf 89' lang='lat' dir='ltr'>abstulit</span> <span class='ocrx_word' id='word_1_34' title='bbox 777 476 934 513; x_wconf 86' lang='lat' dir='ltr'>fomitem,</span> <span class='ocrx_word' id='word_1_35' title='bbox 958 486 1026 506; x_wconf 93' lang='lat' dir='ltr'>non</span> <span class='ocrx_word' id='word_1_36' title='bbox 1042 476 1166 506; x_wconf 80' lang='lat' dir='ltr'>suffecit</span> <span class='ocrx_word' id='word_1_37' title='bbox 1180 477 1278 516; x_wconf 86' lang='lat' dir='ltr'>gratia</span> 
     </span>
    </p>
   </div>
   <div class='ocr_carea' id='block_1_5' title="bbox 154 520 1278 562">
    <p class='ocr_par' dir='ltr' id='par_1_5' title="bbox 92 517 1278 562">
     <span class='ocr_line' id='line_1_8' title="bbox 154 520 1278 562; baseline -0.003 -9.209"><span class='ocrx_word' id='word_1_38' title='bbox 154 543 193 559; x_wconf 88' lang='lat'>.,</span> <span class='ocrx_word' id='word_1_39' title='bbox 219 523 435 557; x_wconf 86' lang='lat' dir='ltr'>sanctificans:</span> <span class='ocrx_word' id='word_1_40' title='bbox 459 523 515 554; x_wconf 88' lang='lat' dir='ltr'>sed</span> <span class='ocrx_word' id='word_1_41' title='bbox 537 531 620 562; x_wconf 91' lang='lat' dir='ltr'>opus</span> <span class='ocrx_word' id='word_1_42' title='bbox 644 521 705 552; x_wconf 87' lang='lat' dir='ltr'>fuit</span> <span class='ocrx_word' id='word_1_43' title='bbox 727 521 833 552; x_wconf 91' lang='lat' dir='ltr'>divina</span> <span class='ocrx_word' id='word_1_44' title='bbox 856 520 1074 561; x_wconf 85' lang='lat' dir='ltr'>providentia,</span> <span class='ocrx_word' id='word_1_45' title='bbox 1099 526 1135 550; x_wconf 91' lang='lat' dir='ltr'>ut</span> <span class='ocrx_word' id='word_1_46' title='bbox 1158 521 1245 560; x_wconf 89' lang='lat' dir='ltr'>prius</span> <span class='ocrx_word' id='word_1_47' title='bbox 1262 521 1278 537; x_wconf 47' lang='grc' dir='ltr'>ὓ</span> 
     </span>
    </p>
   </div>
   <div class='ocr_carea' id='block_1_6' title="bbox 186 567 506 600">
    <p class='ocr_par' dir='ltr' id='par_1_6' title="bbox 186 567 506 600">
     <span class='ocr_line' id='line_1_9' title="bbox 186 567 506 600; baseline -0.013 1"><span class='ocrx_word' id='word_1_48' title='bbox 186 572 202 579; x_wconf 75' lang='grc'>”“</span> <span class='ocrx_word' id='word_1_49' title='bbox 220 568 414 600; x_wconf 80' lang='lat' dir='ltr'>declaratum</span> <span class='ocrx_word' id='word_1_50' title='bbox 435 567 506 598; x_wconf 89' lang='lat' dir='ltr'>fuit.</span> 
     </span>
    </p>
   </div>
   <div class='ocr_carea' id='block_1_7' title="bbox 218 608 1282 953">
    <p class='ocr_par' dir='ltr' id='par_1_7' title="bbox 218 608 1282 953">
     <span class='ocr_line' id='line_1_10' title="bbox 274 608 1279 651; baseline -0.006 -8"><span class='ocrx_word' id='word_1_51' title='bbox 274 612 325 644; x_wconf 88' lang='lat'>111.</span> <span class='ocrx_word' id='word_1_52' title='bbox 350 612 386 643; x_wconf 90' lang='lat' dir='ltr'>ln</span> <span class='ocrx_word' id='word_1_53' title='bbox 408 611 616 651; x_wconf 88' lang='lat' dir='ltr'>responsione</span> <span class='ocrx_word' id='word_1_54' title='bbox 640 609 680 640; x_wconf 90' lang='lat' dir='ltr'>ad</span> <span class='ocrx_word' id='word_1_55' title='bbox 703 608 891 644; x_wconf 88' lang='lat' dir='ltr'>secundum,</span> <span class='ocrx_word' id='word_1_56' title='bbox 915 614 1034 644; x_wconf 89' lang='lat' dir='ltr'>notate,</span> <span class='ocrx_word' id='word_1_57' title='bbox 1058 608 1172 648; x_wconf 86' lang='lat' dir='ltr'>garruli</span> <span class='ocrx_word' id='word_1_58' title='bbox 1189 618 1279 648; x_wconf 93' lang='lat' dir='ltr'>prae-</span> 
     </span>
     <span class='ocr_line' id='line_1_11' title="bbox 219 652 1279 696; baseline -0.007 -8"><span class='ocrx_word' id='word_1_59' title='bbox 219 656 374 688; x_wconf 90' lang='lat' dir='ltr'>dicatores</span> <span class='ocrx_word' id='word_1_60' title='bbox 401 654 557 696; x_wconf 87' lang='lat' dir='ltr'>passionis</span> <span class='ocrx_word' id='word_1_61' title='bbox 585 653 719 689; x_wconf 86' lang='lat' dir='ltr'>Christi,</span> <span class='ocrx_word' id='word_1_62' title='bbox 743 658 792 683; x_wconf 93' lang='lat' dir='ltr'>tot</span> <span class='ocrx_word' id='word_1_63' title='bbox 818 652 976 683; x_wconf 91' lang='lat' dir='ltr'>femineos</span> <span class='ocrx_word' id='word_1_64' title='bbox 1004 653 1176 686; x_wconf 84' lang='lat' dir='ltr'>clamores.</span> <span class='ocrx_word' id='word_1_65' title='bbox 1207 662 1279 682; x_wconf 88' lang='lat' dir='ltr'>mo-</span> 
     </span>
     <span class='ocr_line' id='line_1_12' title="bbox 219 696 1277 738; baseline -0.007 -6"><span class='ocrx_word' id='word_1_66' title='bbox 219 706 280 738; x_wconf 87' lang='lat' dir='ltr'>tus,</span> <span class='ocrx_word' id='word_1_67' title='bbox 297 705 374 736; x_wconf 86' lang='lat' dir='ltr'>etc.‚</span> <span class='ocrx_word' id='word_1_68' title='bbox 399 699 604 730; x_wconf 84' lang='lat' dir='ltr'>attribuentes</span> <span class='ocrx_word' id='word_1_69' title='bbox 627 697 742 728; x_wconf 89' lang='lat' dir='ltr'>Beatae</span> <span class='ocrx_word' id='word_1_70' title='bbox 766 697 889 736; x_wconf 90' lang='lat' dir='ltr'>Virgini</span> <span class='ocrx_word' id='word_1_71' title='bbox 911 697 945 727; x_wconf 90' lang='lat' dir='ltr'>in</span> <span class='ocrx_word' id='word_1_72' title='bbox 969 696 1081 727; x_wconf 91' lang='lat' dir='ltr'>dolore</span> <span class='ocrx_word' id='word_1_73' title='bbox 1104 697 1277 736; x_wconf 75' lang='lat' dir='ltr'>passionis!</span> 
     </span>
     <span class='ocr_line' id='line_1_13' title="bbox 218 740 1279 781; baseline -0.006 -6"><span class='ocrx_word' id='word_1_74' title='bbox 218 744 351 775; x_wconf 89' lang='lat' dir='ltr'>Pensate</span> <span class='ocrx_word' id='word_1_75' title='bbox 374 743 469 773; x_wconf 90' lang='lat' dir='ltr'>verba</span> <span class='ocrx_word' id='word_1_76' title='bbox 491 742 599 772; x_wconf 88' lang='lat' dir='ltr'>Basilii</span> <span class='ocrx_word' id='word_1_77' title='bbox 621 741 655 771; x_wconf 91' lang='lat' dir='ltr'>in</span> <span class='ocrx_word' id='word_1_78' title='bbox 678 741 780 771; x_wconf 89' lang='lat' dir='ltr'>littera</span> <span class='ocrx_word' id='word_1_79' title='bbox 803 741 911 771; x_wconf 88' lang='lat' dir='ltr'>allata:</span> <span class='ocrx_word' id='word_1_80' title='bbox 947 746 978 771; x_wconf 90' lang='lat' dir='ltr'>et</span> <span class='ocrx_word' id='word_1_81' title='bbox 1000 741 1154 781; x_wconf 88' lang='lat' dir='ltr'>percipite</span> <span class='ocrx_word' id='word_1_82' title='bbox 1177 740 1279 780; x_wconf 88' lang='lat' dir='ltr'>ipsam</span> 
     </span>
     <span class='ocr_line' id='line_1_14' title="bbox 219 783 1279 828; baseline -0.005 -9"><span class='ocrx_word' id='word_1_83' title='bbox 219 787 483 828; x_wconf 81' lang='lat' dir='ltr'>contemplationi</span> <span class='ocrx_word' id='word_1_84' title='bbox 499 785 700 816; x_wconf 86' lang='lat' dir='ltr'>admirativae</span> <span class='ocrx_word' id='word_1_85' title='bbox 715 790 793 815; x_wconf 87' lang='lat' dir='ltr'>tunc</span> <span class='ocrx_word' id='word_1_86' title='bbox 808 794 945 820; x_wconf 90' lang='lat' dir='ltr'>vacasse,</span> <span class='ocrx_word' id='word_1_87' title='bbox 963 783 1160 815; x_wconf 89' lang='lat' dir='ltr'>conferendo</span> <span class='ocrx_word' id='word_1_88' title='bbox 1173 784 1279 814; x_wconf 86' lang='lat' dir='ltr'>divina</span> 
     </span>
     <span class='ocr_line' id='line_1_15' title="bbox 218 827 1278 873; baseline -0.004 -11"><span class='ocrx_word' id='word_1_89' title='bbox 218 832 306 873; x_wconf 85' lang='lat' dir='ltr'>prius</span> <span class='ocrx_word' id='word_1_90' title='bbox 327 831 395 862; x_wconf 88' lang='lat' dir='ltr'>visa</span> <span class='ocrx_word' id='word_1_91' title='bbox 413 836 444 861; x_wconf 91' lang='lat' dir='ltr'>et</span> <span class='ocrx_word' id='word_1_92' title='bbox 459 830 518 860; x_wconf 89' lang='lat' dir='ltr'>sibi</span> <span class='ocrx_word' id='word_1_93' title='bbox 533 835 627 866; x_wconf 86' lang='lat' dir='ltr'>certa,</span> <span class='ocrx_word' id='word_1_94' title='bbox 644 829 792 860; x_wconf 89' lang='lat' dir='ltr'>humanis</span> <span class='ocrx_word' id='word_1_95' title='bbox 808 838 891 869; x_wconf 90' lang='lat' dir='ltr'>quae</span> <span class='ocrx_word' id='word_1_96' title='bbox 906 834 983 859; x_wconf 91' lang='lat' dir='ltr'>tunc</span> <span class='ocrx_word' id='word_1_97' title='bbox 998 827 1136 864; x_wconf 86' lang='lat' dir='ltr'>videbat,</span> <span class='ocrx_word' id='word_1_98' title='bbox 1153 837 1278 858; x_wconf 89' lang='lat' dir='ltr'>summa</span> 
     </span>
     <span class='ocr_line' id='line_1_16' title="bbox 219 872 1278 913; baseline -0.005 -6"><span class='ocrx_word' id='word_1_99' title='bbox 219 874 350 912; x_wconf 84' lang='lat' dir='ltr'>infimis,</span> <span class='ocrx_word' id='word_1_100' title='bbox 375 880 406 906; x_wconf 88' lang='lat' dir='ltr'>et</span> <span class='ocrx_word' id='word_1_101' title='bbox 428 884 446 905; x_wconf 93' lang='lat' dir='ltr'>e</span> <span class='ocrx_word' id='word_1_102' title='bbox 470 879 596 910; x_wconf 88' lang='lat' dir='ltr'>contra;</span> <span class='ocrx_word' id='word_1_103' title='bbox 628 879 659 904; x_wconf 92' lang='lat' dir='ltr'>et</span> <span class='ocrx_word' id='word_1_104' title='bbox 682 878 916 913; x_wconf 88' lang='lat' dir='ltr'>consequenter</span> <span class='ocrx_word' id='word_1_105' title='bbox 939 872 1089 903; x_wconf 83' lang='lat' dir='ltr'>affectum</span> <span class='ocrx_word' id='word_1_106' title='bbox 1113 873 1278 912; x_wconf 87' lang='lat' dir='ltr'>cogitatio-</span> 
     </span>
     <span class='ocr_line' id='line_1_17' title="bbox 219 917 1282 953; baseline -0.005 -2"><span class='ocrx_word' id='word_1_107' title='bbox 219 920 313 951; x_wconf 87' lang='lat' dir='ltr'>nibus</span> <span class='ocrx_word' id='word_1_108' title='bbox 329 928 510 950; x_wconf 90' lang='lat' dir='ltr'>consonum</span> <span class='ocrx_word' id='word_1_109' title='bbox 533 917 711 949; x_wconf 89' lang='lat' dir='ltr'>secundum</span> <span class='ocrx_word' id='word_1_110' title='bbox 730 922 850 947; x_wconf 85' lang='lat' dir='ltr'>rectam</span> <span class='ocrx_word' id='word_1_111' title='bbox 865 917 1023 947; x_wconf 85' lang='lat' dir='ltr'>rationem</span> <span class='ocrx_word' id='word_1_112' title='bbox 1038 917 1226 953; x_wconf 86' lang='lat' dir='ltr'>habentem;</span> <span class='ocrx_word' id='word_1_113' title='bbox 1243 922 1282 946; x_wconf 90' lang='lat' dir='ltr'>ut</span> 
     </span>
    </p>
   </div>
   <div class='ocr_carea' id='block_1_8' title="bbox 2316 275 2391 311">
    <p class='ocr_par' dir='ltr' id='par_1_8' title="bbox 2316 275 2391 311">
     <span class='ocr_line' id='line_1_18' title="bbox 2316 275 2391 311; baseline 0 0"><span class='ocrx_word' id='word_1_114' title='bbox 2316 275 2391 311; x_wconf 83' lang='lat'>297</span> 
     </span>
    </p>
   </div>
   <div class='ocr_carea' id='block_1_9' title="bbox 1332 341 2398 952">
    <p class='ocr_par' dir='ltr' id='par_1_9' title="bbox 1332 341 2395 472">
     <span class='ocr_line' id='line_1_19' title="bbox 1332 341 2394 383; baseline -0.001 -9"><span class='ocrx_word' id='word_1_115' title='bbox 1332 344 1528 380; x_wconf 86' lang='lat' dir='ltr'>condoleret,</span> <span class='ocrx_word' id='word_1_116' title='bbox 1553 350 1589 374; x_wconf 91' lang='lat' dir='ltr'>ut</span> <span class='ocrx_word' id='word_1_117' title='bbox 1612 349 1864 383; x_wconf 88' lang='lat' dir='ltr'>compateretur,</span> <span class='ocrx_word' id='word_1_118' title='bbox 1890 353 1964 373; x_wconf 86' lang='lat' dir='ltr'>curn</span> <span class='ocrx_word' id='word_1_119' title='bbox 1988 349 2052 373; x_wconf 88' lang='lat' dir='ltr'>tam</span> <span class='ocrx_word' id='word_1_120' title='bbox 2077 343 2237 373; x_wconf 89' lang='lat' dir='ltr'>excelsum</span> <span class='ocrx_word' id='word_1_121' title='bbox 2260 341 2325 373; x_wconf 84' lang='lat' dir='ltr'>tam</span> <span class='ocrx_word' id='word_1_122' title='bbox 2348 344 2394 373; x_wconf 92' lang='lat' dir='ltr'>vi-</span> 
     </span>
     <span class='ocr_line' id='line_1_20' title="bbox 1332 388 2395 427; baseline -0.001 -9"><span class='ocrx_word' id='word_1_123' title='bbox 1332 389 1423 424; x_wconf 89' lang='lat' dir='ltr'>libus,</span> <span class='ocrx_word' id='word_1_124' title='bbox 1442 394 1512 424; x_wconf 69' lang='lat' dir='ltr'>etc„</span> <span class='ocrx_word' id='word_1_125' title='bbox 1537 388 1727 424; x_wconf 85' lang='lat' dir='ltr'>subiectum,</span> <span class='ocrx_word' id='word_1_126' title='bbox 1745 397 1782 418; x_wconf 91' lang='lat' dir='ltr'>ex</span> <span class='ocrx_word' id='word_1_127' title='bbox 1799 388 1926 418; x_wconf 88' lang='lat' dir='ltr'>caritate</span> <span class='ocrx_word' id='word_1_128' title='bbox 1939 388 2078 427; x_wconf 87' lang='lat' dir='ltr'>propria,</span> <span class='ocrx_word' id='word_1_129' title='bbox 2094 397 2153 427; x_wconf 93' lang='lat' dir='ltr'>pro</span> <span class='ocrx_word' id='word_1_130' title='bbox 2172 388 2271 426; x_wconf 88' lang='lat' dir='ltr'>ipsius</span> <span class='ocrx_word' id='word_1_131' title='bbox 2287 389 2395 418; x_wconf 88' lang='lat' dir='ltr'>matris</span> 
     </span>
     <span class='ocr_line' id='line_1_21' title="bbox 1333 432 1861 472; baseline -0.004 -9"><span class='ocrx_word' id='word_1_132' title='bbox 1333 438 1364 463; x_wconf 90' lang='lat' dir='ltr'>et</span> <span class='ocrx_word' id='word_1_133' title='bbox 1386 432 1499 462; x_wconf 89' lang='lat' dir='ltr'>mundi</span> <span class='ocrx_word' id='word_1_134' title='bbox 1523 432 1633 467; x_wconf 86' lang='lat' dir='ltr'>salute,</span> <span class='ocrx_word' id='word_1_135' title='bbox 1656 432 1861 472; x_wconf 84' lang='lat' dir='ltr'>prospiceret.</span> 
     </span>
    </p>

    <p class='ocr_par' dir='ltr' id='par_1_10' title="bbox 1332 474 2398 952">
     <span class='ocr_line' id='line_1_22' title="bbox 1388 474 2395 516; baseline -0.001 -10"><span class='ocrx_word' id='word_1_136' title='bbox 1388 476 1440 506; x_wconf 89' lang='lat' dir='ltr'>IV.</span> <span class='ocrx_word' id='word_1_137' title='bbox 1466 476 1501 506; x_wconf 94' lang='lat' dir='ltr'>In</span> <span class='ocrx_word' id='word_1_138' title='bbox 1524 476 1734 516; x_wconf 86' lang='lat' dir='ltr'>responsione</span> <span class='ocrx_word' id='word_1_139' title='bbox 1759 475 1797 505; x_wconf 93' lang='lat' dir='ltr'>ad</span> <span class='ocrx_word' id='word_1_140' title='bbox 1820 475 1963 511; x_wconf 86' lang='lat' dir='ltr'>tertium,</span> <span class='ocrx_word' id='word_1_141' title='bbox 1989 474 2152 505; x_wconf 86' lang='lat' dir='ltr'>considera</span> <span class='ocrx_word' id='word_1_142' title='bbox 2176 476 2395 510; x_wconf 89' lang='lat' dir='ltr'>reverentiam,</span> 
     </span>
     <span class='ocr_line' id='line_1_23' title="bbox 1332 519 2396 559; baseline -0.001 -9"><span class='ocrx_word' id='word_1_143' title='bbox 1332 520 1523 550; x_wconf 88' lang='lat' dir='ltr'>modestiam</span> <span class='ocrx_word' id='word_1_144' title='bbox 1547 520 1799 559; x_wconf 88' lang='lat' dir='ltr'>sapientiamque</span> <span class='ocrx_word' id='word_1_145' title='bbox 1824 520 1901 549; x_wconf 88' lang='lat' dir='ltr'>tanti</span> <span class='ocrx_word' id='word_1_146' title='bbox 1925 519 2084 549; x_wconf 90' lang='lat' dir='ltr'>Doctoris.</span> <span class='ocrx_word' id='word_1_147' title='bbox 2110 519 2232 549; x_wconf 89' lang='lat' dir='ltr'>Invenit</span> <span class='ocrx_word' id='word_1_148' title='bbox 2256 519 2396 559; x_wconf 84' lang='lat' dir='ltr'>Chryso-</span> 
     </span>
     <span class='ocr_line' id='line_1_24' title="bbox 1333 563 2395 602; baseline -0.001 -8"><span class='ocrx_word' id='word_1_149' title='bbox 1333 569 1476 594; x_wconf 89' lang='lat' dir='ltr'>stomum</span> <span class='ocrx_word' id='word_1_150' title='bbox 1492 565 1525 594; x_wconf 91' lang='lat' dir='ltr'>in</span> <span class='ocrx_word' id='word_1_151' title='bbox 1541 564 1601 594; x_wconf 91' lang='lat' dir='ltr'>hac</span> <span class='ocrx_word' id='word_1_152' title='bbox 1616 564 1747 594; x_wconf 89' lang='lat' dir='ltr'>materia</span> <span class='ocrx_word' id='word_1_153' title='bbox 1763 564 1958 593; x_wconf 90' lang='lat' dir='ltr'>contrarium</span> <span class='ocrx_word' id='word_1_154' title='bbox 1974 563 2156 602; x_wconf 82' lang='lat' dir='ltr'>Augustino</span> <span class='ocrx_word' id='word_1_155' title='bbox 2170 563 2186 579; x_wconf 41' lang='grc' dir='ltr'><strong>ὓ</strong></span> <span class='ocrx_word' id='word_1_156' title='bbox 2205 564 2395 602; x_wconf 89' lang='lat' dir='ltr'>rationique.</span> 
     </span>
     <span class='ocr_line' id='line_1_25' title="bbox 1333 606 2397 647; baseline -0.001 -9"><span class='ocrx_word' id='word_1_157' title='bbox 1333 608 1410 638; x_wconf 90' lang='lat' dir='ltr'>Non</span> <span class='ocrx_word' id='word_1_158' title='bbox 1434 608 1590 643; x_wconf 87' lang='lat' dir='ltr'>clamavit,</span> <span class='ocrx_word' id='word_1_159' title='bbox 1615 607 1813 643; x_wconf 86' lang='lat' dir='ltr'>accusando,</span> <span class='ocrx_word' id='word_1_160' title='bbox 1839 607 2074 647; x_wconf 84' lang='lat' dir='ltr'>exaggerando,</span> <span class='ocrx_word' id='word_1_161' title='bbox 2099 613 2135 637; x_wconf 88' lang='lat' dir='ltr'>ut</span> <span class='ocrx_word' id='word_1_162' title='bbox 2158 606 2253 637; x_wconf 88' lang='lat' dir='ltr'>hodie</span> <span class='ocrx_word' id='word_1_163' title='bbox 2278 607 2397 637; x_wconf 89' lang='lat' dir='ltr'>faciunt</span> 
     </span>
     <span class='ocr_line' id='line_1_26' title="bbox 1333 651 2397 691; baseline -0.002 -9"><span class='ocrx_word' id='word_1_164' title='bbox 1333 652 1436 682; x_wconf 87' lang='lat' dir='ltr'>multi.</span> <span class='ocrx_word' id='word_1_165' title='bbox 1462 651 1696 682; x_wconf 84' lang='lat' dir='ltr'>Modestissime</span> <span class='ocrx_word' id='word_1_166' title='bbox 1720 651 1813 682; x_wconf 86' lang='lat' dir='ltr'>dixit:</span> <span class='ocrx_word' id='word_1_167' title='bbox 1838 651 1982 682; x_wconf 85' lang='lat' dir='ltr'>excessit.</span> <span class='ocrx_word' id='word_1_168' title='bbox 2007 651 2242 691; x_wconf 88' lang='lat' dir='ltr'>Sapientissime</span> <span class='ocrx_word' id='word_1_169' title='bbox 2266 652 2397 681; x_wconf 89' lang='lat' dir='ltr'>subiun-</span> 
     </span>
     <span class='ocr_line' id='line_1_27' title="bbox 1333 695 2397 736; baseline -0.001 -10"><span class='ocrx_word' id='word_1_170' title='bbox 1333 697 1378 726; x_wconf 87' lang='lat' dir='ltr'>xit</span> <span class='ocrx_word' id='word_1_171' title='bbox 1401 697 1497 726; x_wconf 90' lang='lat' dir='ltr'>verba</span> <span class='ocrx_word' id='word_1_172' title='bbox 1519 696 1588 736; x_wconf 89' lang='lat' dir='ltr'>ipsa</span> <span class='ocrx_word' id='word_1_173' title='bbox 1611 695 1721 726; x_wconf 88' lang='lat' dir='ltr'>reduci</span> <span class='ocrx_word' id='word_1_174' title='bbox 1743 705 1838 735; x_wconf 91' lang='lat' dir='ltr'>posse</span> <span class='ocrx_word' id='word_1_175' title='bbox 1862 695 1902 725; x_wconf 87' lang='lat' dir='ltr'>ad</span> <span class='ocrx_word' id='word_1_176' title='bbox 1925 705 2037 725; x_wconf 90' lang='lat' dir='ltr'>sanum</span> <span class='ocrx_word' id='word_1_177' title='bbox 2062 704 2208 725; x_wconf 88' lang='lat' dir='ltr'>sensum:</span> <span class='ocrx_word' id='word_1_178' title='bbox 2241 695 2397 735; x_wconf 90' lang='lat' dir='ltr'>quidquid</span> 
     </span>
     <span class='ocr_line' id='line_1_28' title="bbox 1334 739 2398 779; baseline -0.001 -9"><span class='ocrx_word' id='word_1_179' title='bbox 1334 746 1446 770; x_wconf 81' lang='lat' dir='ltr'>auctor</span> <span class='ocrx_word' id='word_1_180' title='bbox 1470 740 1617 774; x_wconf 86' lang='lat' dir='ltr'>senserit,</span> <span class='ocrx_word' id='word_1_181' title='bbox 1642 740 1813 770; x_wconf 85' lang='lat' dir='ltr'>subticens.</span> <span class='ocrx_word' id='word_1_182' title='bbox 1842 739 2039 779; x_wconf 89' lang='lat' dir='ltr'>Frequenter</span> <span class='ocrx_word' id='word_1_183' title='bbox 2061 740 2146 769; x_wconf 88' lang='lat' dir='ltr'>enim</span> <span class='ocrx_word' id='word_1_184' title='bbox 2167 739 2299 775; x_wconf 84' lang='lat' dir='ltr'>Auctor,</span> <span class='ocrx_word' id='word_1_185' title='bbox 2317 740 2398 769; x_wconf 91' lang='lat' dir='ltr'>sicut</span> 
     </span>
     <span class='ocr_line' id='line_1_29' title="bbox 1334 783 2397 824; baseline -0.001 -10"><span class='ocrx_word' id='word_1_186' title='bbox 1334 784 1367 814; x_wconf 91' lang='lat' dir='ltr'>in</span> <span class='ocrx_word' id='word_1_187' title='bbox 1383 784 1588 824; x_wconf 79' lang='lat' dir='ltr'>philosophia</span> <span class='ocrx_word' id='word_1_188' title='bbox 1611 784 1816 814; x_wconf 87' lang='lat' dir='ltr'>Aristotelem</span> <span class='ocrx_word' id='word_1_189' title='bbox 1840 789 1876 813; x_wconf 89' lang='lat' dir='ltr'>ut</span> <span class='ocrx_word' id='word_1_190' title='bbox 1892 784 2123 823; x_wconf 88' lang='lat' dir='ltr'>philosophum</span> <span class='ocrx_word' id='word_1_191' title='bbox 2140 783 2280 823; x_wconf 84' lang='lat' dir='ltr'>exponit,</span> <span class='ocrx_word' id='word_1_192' title='bbox 2306 783 2397 823; x_wconf 90' lang='lat' dir='ltr'>quid-</span> 
     </span>
     <span class='ocr_line' id='line_1_30' title="bbox 1335 826 2398 868; baseline -0.001 -10"><span class='ocrx_word' id='word_1_193' title='bbox 1335 828 1413 868; x_wconf 89' lang='lat' dir='ltr'>quid</span> <span class='ocrx_word' id='word_1_194' title='bbox 1436 829 1504 868; x_wconf 91' lang='lat' dir='ltr'>ipse</span> <span class='ocrx_word' id='word_1_195' title='bbox 1520 828 1706 858; x_wconf 84' lang='lat' dir='ltr'>Aristoteles</span> <span class='ocrx_word' id='word_1_196' title='bbox 1730 828 1861 858; x_wconf 87' lang='lat' dir='ltr'>senserit</span> <span class='ocrx_word' id='word_1_197' title='bbox 1876 828 1909 863; x_wconf 71' lang='lat'>*3</span> <span class='ocrx_word' id='word_1_198' title='bbox 1934 828 1976 857; x_wconf 89' lang='lat' dir='ltr'>ita</span> <span class='ocrx_word' id='word_1_199' title='bbox 2000 828 2032 857; x_wconf 91' lang='lat' dir='ltr'>in</span> <span class='ocrx_word' id='word_1_200' title='bbox 2056 828 2217 867; x_wconf 85' lang='lat' dir='ltr'>theologia</span> <span class='ocrx_word' id='word_1_201' title='bbox 2241 826 2398 859; x_wconf 85' lang='lat' dir='ltr'>Doctores</span> 
     </span>
     <span class='ocr_line' id='line_1_31' title="bbox 1334 871 2398 912; baseline 0 -10"><span class='ocrx_word' id='word_1_202' title='bbox 1334 878 1370 902; x_wconf 92' lang='lat' dir='ltr'>ut</span> <span class='ocrx_word' id='word_1_203' title='bbox 1394 872 1583 911; x_wconf 85' lang='lat' dir='ltr'>theologos,</span> <span class='ocrx_word' id='word_1_204' title='bbox 1610 871 1766 912; x_wconf 90' lang='lat' dir='ltr'>quidquid</span> <span class='ocrx_word' id='word_1_205' title='bbox 1797 872 1841 902; x_wconf 91' lang='lat' dir='ltr'>illi</span> <span class='ocrx_word' id='word_1_206' title='bbox 1868 877 2013 902; x_wconf 83' lang='lat' dir='ltr'>auctores</span> <span class='ocrx_word' id='word_1_207' title='bbox 2037 873 2207 907; x_wconf 88' lang='lat' dir='ltr'>senserint,</span> <span class='ocrx_word' id='word_1_208' title='bbox 2239 881 2398 912; x_wconf 85' lang='lat' dir='ltr'>exponere</span> 
     </span>
     <span class='ocr_line' id='line_1_32' title="bbox 1335 916 2263 952; baseline 0 -6"><span class='ocrx_word' id='word_1_209' title='bbox 1335 922 1479 952; x_wconf 86' lang='lat' dir='ltr'>conatur,</span> <span class='ocrx_word' id='word_1_210' title='bbox 1503 921 1539 946; x_wconf 90' lang='lat' dir='ltr'>ut</span> <span class='ocrx_word' id='word_1_211' title='bbox 1562 917 1595 946; x_wconf 93' lang='lat' dir='ltr'>in</span> <span class='ocrx_word' id='word_1_212' title='bbox 1619 926 1697 946; x_wconf 85' lang='lat' dir='ltr'>sano</span> <span class='ocrx_word' id='word_1_213' title='bbox 1722 916 1880 946; x_wconf 89' lang='lat' dir='ltr'>salventur</span> <span class='ocrx_word' id='word_1_214' title='bbox 1905 926 2017 946; x_wconf 90' lang='lat' dir='ltr'>eorurn</span> <span class='ocrx_word' id='word_1_215' title='bbox 2041 917 2135 946; x_wconf 89' lang='lat' dir='ltr'>verba</span> <span class='ocrx_word' id='word_1_216' title='bbox 2159 926 2263 946; x_wconf 91' lang='lat' dir='ltr'>sensu.</span> 
     </span>
    </p>
   </div>
   <div class='ocr_carea' id='block_1_10' title="bbox 1007 1070 1611 1122">
    <p class='ocr_par' dir='ltr' id='par_1_11' title="bbox 1007 1070 1611 1122">
     <span class='ocr_line' id='line_1_33' title="bbox 1007 1070 1611 1122; baseline -0.003 -10"><span class='ocrx_word' id='word_1_217' title='bbox 1007 1070 1324 1112; x_wconf 88' lang='lat' dir='ltr'>ARTICULUS</span> <span class='ocrx_word' id='word_1_218' title='bbox 1355 1070 1611 1122; x_wconf 81' lang='lat' dir='ltr'>QUINTUS</span> 
     </span>
    </p>
   </div>
   <div class='ocr_carea' id='block_1_11' title="bbox 581 1242 1501 1276">
    <p class='ocr_par' dir='ltr' id='par_1_12' title="bbox 581 1242 1501 1276">
     <span class='ocr_line' id='line_1_34' title="bbox 581 1242 1501 1276; baseline -0.002 -8"><span class='ocrx_word' id='word_1_219' title='bbox 581 1244 672 1276; x_wconf 78' lang='lat' dir='ltr'>Supra,</span> <span class='ocrx_word' id='word_1_220' title='bbox 691 1251 736 1276; x_wconf 90' lang='lat' dir='ltr'>qu.</span> <span class='ocrx_word' id='word_1_221' title='bbox 754 1251 799 1274; x_wconf 79' lang='lat' dir='ltr'>vn,</span> <span class='ocrx_word' id='word_1_222' title='bbox 818 1248 865 1268; x_wconf 81' lang='lat' dir='ltr'>art.</span> <span class='ocrx_word' id='word_1_223' title='bbox 886 1249 927 1274; x_wconf 89' lang='lat'>10,</span> <span class='ocrx_word' id='word_1_224' title='bbox 947 1243 978 1267; x_wconf 89' lang='lat' dir='ltr'>ad</span> <span class='ocrx_word' id='word_1_225' title='bbox 999 1249 1028 1272; x_wconf 87' lang='grc' dir='ltr'>ι;</span> <span class='ocrx_word' id='word_1_226' title='bbox 1048 1242 1079 1267; x_wconf 87' lang='grc' dir='ltr'>ΙΙΙ</span> <span class='ocrx_word' id='word_1_227' title='bbox 1098 1242 1182 1271; x_wconf 70' lang='lat' dir='ltr'>Sene„</span> <span class='ocrx_word' id='word_1_228' title='bbox 1203 1242 1261 1267; x_wconf 88' lang='lat' dir='ltr'>dist.</span> <span class='ocrx_word' id='word_1_229' title='bbox 1280 1249 1333 1273; x_wconf 84' lang='lat' dir='ltr'>xm,</span> <span class='ocrx_word' id='word_1_230' title='bbox 1353 1249 1397 1274; x_wconf 90' lang='lat' dir='ltr'>qu.</span> <span class='ocrx_word' id='word_1_231' title='bbox 1417 1250 1434 1273; x_wconf 81' lang='grc' dir='ltr'>ι,</span> <span class='ocrx_word' id='word_1_232' title='bbox 1454 1247 1501 1266; x_wconf 87' lang='lat' dir='ltr'>art.</span> 
     </span>
    </p>
   </div>
   <div class='ocr_carea' id='block_1_12' title="bbox 216 1330 1285 1909">
    <p class='ocr_par' dir='ltr' id='par_1_13' title="bbox 216 1330 1285 1845">
     <span class='ocr_line' id='line_1_35' title="bbox 257 1330 1280 1381; baseline -0.001 -13"><span class='ocrx_word' id='word_1_233' title='bbox 257 1344 319 1380; x_wconf 47' lang='lat'>³1³³</span> <span class='ocrx_word' id='word_1_234' title='bbox 338 1347 394 1381; x_wconf 54' lang='grc' dir='ltr'>εχ</span> <span class='ocrx_word' id='word_1_235' title='bbox 432 1344 454 1368; x_wconf 88' lang='lat' dir='ltr'>D</span> <span class='ocrx_word' id='word_1_236' title='bbox 475 1343 634 1374; x_wconf 78' lang='lat' dir='ltr'>QUINTUM</span> <span class='ocrx_word' id='word_1_237' title='bbox 654 1343 706 1368; x_wconf 78' lang='lat' dir='ltr'>Sic</span> <span class='ocrx_word' id='word_1_238' title='bbox 726 1342 960 1368; x_wconf 71' lang='lat' dir='ltr'>PRocnm’rUR.</span> <span class='ocrx_word' id='word_1_239' title='bbox 985 1330 1147 1368; x_wconf 89' lang='lat' dir='ltr'>Videtur</span> <span class='ocrx_word' id='word_1_240' title='bbox 1172 1331 1280 1379; x_wconf 90' lang='lat' dir='ltr'>quod</span> 
     </span>
     <span class='ocr_line' id='line_1_36' title="bbox 250 1372 1280 1443; baseline -0.001 -22"><span class='ocrx_word' id='word_1_241' title='bbox 250 1373 277 1400; x_wconf 60' lang='lat'>&#39;⁴&#39;</span> <span class='ocrx_word' id='word_1_242' title='bbox 352 1372 413 1443; x_wconf 47' lang='grc' dir='ltr'>’ᾗῇ</span> <span class='ocrx_word' id='word_1_243' title='bbox 433 1385 549 1421; x_wconf 91' lang='lat' dir='ltr'>Beata</span> <span class='ocrx_word' id='word_1_244' title='bbox 563 1384 678 1432; x_wconf 87' lang='lat' dir='ltr'>Virgo</span> <span class='ocrx_word' id='word_1_245' title='bbox 698 1396 767 1432; x_wconf 92' lang='lat' dir='ltr'>per</span> <span class='ocrx_word' id='word_1_246' title='bbox 786 1383 1122 1421; x_wconf 88' lang='lat' dir='ltr'>sanctificationem</span> <span class='ocrx_word' id='word_1_247' title='bbox 1144 1383 1183 1420; x_wconf 93' lang='lat' dir='ltr'>in</span> <span class='ocrx_word' id='word_1_248' title='bbox 1203 1391 1280 1420; x_wconf 89' lang='lat' dir='ltr'>ute-</span> 
     </span>
     <span class='ocr_line' id='line_1_37' title="bbox 242 1436 1279 1489; baseline 0 -16"><span class='ocrx_word' id='word_1_249' title='bbox 242 1467 254 1489; x_wconf 45' lang='lat'>2</span> <span class='ocrx_word' id='word_1_250' title='bbox 285 1475 287 1478; x_wconf 22' lang='lat' dir='ltr'><strong>f</strong></span> <span class='ocrx_word' id='word_1_251' title='bbox 358 1441 402 1482; x_wconf 26' lang='lat'>“6-</span> <span class='ocrx_word' id='word_1_252' title='bbox 433 1449 476 1473; x_wconf 94' lang='lat' dir='ltr'>ro</span> <span class='ocrx_word' id='word_1_253' title='bbox 505 1448 585 1473; x_wconf 94' lang='lat' dir='ltr'>non</span> <span class='ocrx_word' id='word_1_254' title='bbox 611 1437 815 1474; x_wconf 88' lang='lat' dir='ltr'>obtinuerit</span> <span class='ocrx_word' id='word_1_255' title='bbox 833 1436 971 1485; x_wconf 87' lang='lat' dir='ltr'>gratiae</span> <span class='ocrx_word' id='word_1_256' title='bbox 990 1436 1279 1486; x_wconf 87' lang='lat' dir='ltr'>plenitudinem,</span> 
     </span>
     <span class='ocr_line' id='line_1_38' title="bbox 231 1480 1283 1538; baseline 0.001 -13"><span class='ocrx_word' id='word_1_257' title='bbox 231 1498 237 1506; x_wconf 81' lang='lat'>‘</span> <span class='ocrx_word' id='word_1_258' title='bbox 355 1498 367 1521; x_wconf 66' lang='grc' dir='ltr'>ι’</span> <span class='ocrx_word' id='word_1_259' title='bbox 390 1480 513 1526; x_wconf 46' lang='lat' dir='ltr'>&amp;sive</span> <span class='ocrx_word' id='word_1_260' title='bbox 549 1489 832 1538; x_wconf 88' lang='lat' dir='ltr'>perfectionem.</span> <span class='ocrx_word' id='word_1_261' title='bbox 872 1490 958 1526; x_wconf 93' lang='lat' dir='ltr'>Hoc</span> <span class='ocrx_word' id='word_1_262' title='bbox 993 1489 1097 1526; x_wconf 90' lang='lat' dir='ltr'>enim</span> <span class='ocrx_word' id='word_1_263' title='bbox 1131 1489 1283 1526; x_wconf 90' lang='lat' dir='ltr'>videtur</span> 
     </span>
     <span class='ocr_line' id='line_1_39' title="bbox 221 1541 1283 1592; baseline 0 -13"><span class='ocrx_word' id='word_1_264' title='bbox 221 1541 410 1592; x_wconf 89' lang='lat' dir='ltr'>pertinere</span> <span class='ocrx_word' id='word_1_265' title='bbox 438 1543 487 1580; x_wconf 90' lang='lat' dir='ltr'>ad</span> <span class='ocrx_word' id='word_1_266' title='bbox 505 1542 747 1591; x_wconf 87' lang='lat' dir='ltr'>privilegium</span> <span class='ocrx_word' id='word_1_267' title='bbox 768 1542 921 1579; x_wconf 90' lang='lat' dir='ltr'>Christi:</span> <span class='ocrx_word' id='word_1_268' title='bbox 951 1543 1167 1579; x_wconf 89' lang='lat' dir='ltr'>secundum</span> <span class='ocrx_word' id='word_1_269' title='bbox 1190 1542 1283 1579; x_wconf 92' lang='lat' dir='ltr'>illud</span> 
     </span>
     <span class='ocr_line' id='line_1_40' title="bbox 222 1594 1282 1645; baseline -0.001 -12"><span class='ocrx_word' id='word_1_270' title='bbox 222 1596 325 1633; x_wconf 85' lang='lat' dir='ltr'>loan.</span> <span class='ocrx_word' id='word_1_271' title='bbox 341 1607 351 1632; x_wconf 93' lang='lat'>1</span> <span class='ocrx_word' id='word_1_272' title='bbox 365 1594 402 1632; x_wconf 69' lang='lat'>³¹²:</span> <span class='ocrx_word' id='word_1_273' title='bbox 431 1596 594 1632; x_wconf 82' lang='lat' dir='ltr'>Vidimus</span> <span class='ocrx_word' id='word_1_274' title='bbox 612 1607 709 1642; x_wconf 85' lang='lat' dir='ltr'>eum,</span> <span class='ocrx_word' id='word_1_275' title='bbox 731 1597 836 1644; x_wconf 85' lang='lat' dir='ltr'>quasi</span> <span class='ocrx_word' id='word_1_276' title='bbox 857 1596 1097 1645; x_wconf 83' lang='lat' dir='ltr'>Unigenitum</span> <span class='ocrx_word' id='word_1_277' title='bbox 1117 1608 1140 1632; x_wconf 92' lang='lat' dir='ltr'>a</span> <span class='ocrx_word' id='word_1_278' title='bbox 1158 1597 1282 1641; x_wconf 88' lang='lat' dir='ltr'>Patre,</span> 
     </span>
     <span class='ocr_line' id='line_1_41' title="bbox 216 1647 1283 1698; baseline 0 -13"><span class='ocrx_word' id='word_1_279' title='bbox 216 1647 372 1698; x_wconf 83' lang='lat' dir='ltr'>plenum</span> <span class='ocrx_word' id='word_1_280' title='bbox 390 1650 538 1698; x_wconf 86' lang='lat' dir='ltr'>gratiae</span> <span class='ocrx_word' id='word_1_281' title='bbox 555 1654 589 1685; x_wconf 88' lang='lat' dir='ltr'>et</span> <span class='ocrx_word' id='word_1_282' title='bbox 607 1650 777 1686; x_wconf 78' lang='lat' dir='ltr'>veritatis.</span> <span class='ocrx_word' id='word_1_283' title='bbox 809 1649 885 1685; x_wconf 91' lang='lat' dir='ltr'>Sed</span> <span class='ocrx_word' id='word_1_284' title='bbox 905 1660 950 1685; x_wconf 88' lang='lat' dir='ltr'>ea</span> <span class='ocrx_word' id='word_1_285' title='bbox 969 1660 1069 1697; x_wconf 88' lang='lat' dir='ltr'>quae</span> <span class='ocrx_word' id='word_1_286' title='bbox 1089 1656 1177 1685; x_wconf 87' lang='lat' dir='ltr'>sunt</span> <span class='ocrx_word' id='word_1_287' title='bbox 1195 1660 1283 1697; x_wconf 91' lang='lat' dir='ltr'>pro-</span> 
     </span>
     <span class='ocr_line' id='line_1_42' title="bbox 222 1700 1284 1750; baseline 0 -13"><span class='ocrx_word' id='word_1_288' title='bbox 222 1700 305 1750; x_wconf 85' lang='lat' dir='ltr'>pria</span> <span class='ocrx_word' id='word_1_289' title='bbox 334 1701 490 1748; x_wconf 77' lang='lat' dir='ltr'>Christi,</span> <span class='ocrx_word' id='word_1_290' title='bbox 519 1713 598 1737; x_wconf 91' lang='lat' dir='ltr'>non</span> <span class='ocrx_word' id='word_1_291' title='bbox 633 1708 721 1737; x_wconf 88' lang='lat' dir='ltr'>sunt</span> <span class='ocrx_word' id='word_1_292' title='bbox 755 1701 859 1738; x_wconf 89' lang='lat' dir='ltr'>alteri</span> <span class='ocrx_word' id='word_1_293' title='bbox 895 1701 1144 1738; x_wconf 91' lang='lat' dir='ltr'>attribuenda.</span> <span class='ocrx_word' id='word_1_294' title='bbox 1182 1702 1284 1749; x_wconf 87' lang='lat' dir='ltr'>Ergo</span> 
     </span>
     <span class='ocr_line' id='line_1_43' title="bbox 223 1753 1285 1803; baseline 0 -13"><span class='ocrx_word' id='word_1_295' title='bbox 223 1755 341 1791; x_wconf 89' lang='lat' dir='ltr'>Beata</span> <span class='ocrx_word' id='word_1_296' title='bbox 358 1753 475 1802; x_wconf 87' lang='lat' dir='ltr'>Virgo</span> <span class='ocrx_word' id='word_1_297' title='bbox 503 1753 781 1802; x_wconf 90' lang='lat' dir='ltr'>plenitudinem</span> <span class='ocrx_word' id='word_1_298' title='bbox 800 1753 1006 1802; x_wconf 89' lang='lat' dir='ltr'>gratiarum</span> <span class='ocrx_word' id='word_1_299' title='bbox 1032 1766 1112 1791; x_wconf 88' lang='lat' dir='ltr'>non</span> <span class='ocrx_word' id='word_1_300' title='bbox 1141 1754 1285 1803; x_wconf 90' lang='lat' dir='ltr'>accepit</span> 
     </span>
     <span class='ocr_line' id='line_1_44' title="bbox 224 1805 599 1845; baseline 0 -2"><span class='ocrx_word' id='word_1_301' title='bbox 224 1806 263 1844; x_wconf 90' lang='lat' dir='ltr'>in</span> <span class='ocrx_word' id='word_1_302' title='bbox 291 1805 599 1845; x_wconf 85' lang='lat' dir='ltr'>sanctificatione.</span> 
     </span>
    </p>

    <p class='ocr_par' dir='ltr' id='par_1_14' title="bbox 279 1859 1284 1909">
     <span class='ocr_line' id='line_1_45' title="bbox 279 1859 1284 1909; baseline 0 -13"><span class='ocrx_word' id='word_1_303' title='bbox 279 1871 313 1896; x_wconf 89' lang='lat'>2.</span> <span class='ocrx_word' id='word_1_304' title='bbox 343 1859 578 1906; x_wconf 75' lang='lat' dir='ltr'>PRAETEREA,</span> <span class='ocrx_word' id='word_1_305' title='bbox 607 1859 642 1896; x_wconf 92' lang='lat' dir='ltr'>ei</span> <span class='ocrx_word' id='word_1_306' title='bbox 670 1860 777 1909; x_wconf 91' lang='lat' dir='ltr'>quod</span> <span class='ocrx_word' id='word_1_307' title='bbox 812 1867 867 1896; x_wconf 87' lang='lat' dir='ltr'>est</span> <span class='ocrx_word' id='word_1_308' title='bbox 900 1861 1060 1908; x_wconf 89' lang='lat' dir='ltr'>plenum</span> <span class='ocrx_word' id='word_1_309' title='bbox 1096 1867 1132 1896; x_wconf 90' lang='lat' dir='ltr'>et</span> <span class='ocrx_word' id='word_1_310' title='bbox 1163 1859 1284 1908; x_wconf 88' lang='lat' dir='ltr'>perfe-</span> 
     </span>
    </p>
   </div>
   <div class='ocr_carea' id='block_1_13' title="bbox 224 1912 1284 1962">
    <p class='ocr_par' dir='ltr' id='par_1_15' title="bbox 224 1912 1284 1962">
     <span class='ocr_line' id='line_1_46' title="bbox 224 1912 1284 1962; baseline -0.001 -12"><span class='ocrx_word' id='word_1_311' title='bbox 224 1919 341 1960; x_wconf 88' lang='lat' dir='ltr'>ctum,</span> <span class='ocrx_word' id='word_1_312' title='bbox 369 1924 449 1949; x_wconf 90' lang='lat' dir='ltr'>non</span> <span class='ocrx_word' id='word_1_313' title='bbox 477 1919 589 1949; x_wconf 86' lang='lat' dir='ltr'>restat</span> <span class='ocrx_word' id='word_1_314' title='bbox 617 1912 760 1962; x_wconf 90' lang='lat' dir='ltr'>aliquid</span> <span class='ocrx_word' id='word_1_315' title='bbox 779 1913 1021 1950; x_wconf 89' lang='lat' dir='ltr'>addendum:</span> <span class='ocrx_word' id='word_1_316' title='bbox 1052 1912 1143 1961; x_wconf 90' lang='lat' dir='ltr'>quia</span> <span class='ocrx_word' id='word_1_317' title='bbox 1159 1913 1284 1962; x_wconf 86' lang='lat' dir='ltr'>perse-</span> 
     </span>
    </p>
   </div>
   <div class='ocr_carea' id='block_1_14' title="bbox 239 1347 422 1511">
    <p class='ocr_par' dir='ltr' id='par_1_16' title="bbox 239 1347 422 1511">
     <span class='ocr_line' id='line_1_47' title="bbox 239 1347 422 1511; baseline 0.044 -108"><span class='ocrx_word' id='word_1_318' title='bbox 239 1347 422 1511; x_wconf 95' lang='lat' dir='ltr'>   </span> 
     </span>
    </p>
   </div>
   <div class='ocr_carea' id='block_1_15' title="bbox 223 1965 1285 2014">
    <p class='ocr_par' dir='ltr' id='par_1_17' title="bbox 110 1950 1285 2019">
     <span class='ocr_line' id='line_1_48' title="bbox 223 1965 1285 2014; baseline -0.001 -11.096"><span class='ocrx_word' id='word_1_319' title='bbox 223 1970 321 2002; x_wconf 79' lang='lat' dir='ltr'>ctum</span> <span class='ocrx_word' id='word_1_320' title='bbox 349 1970 400 2002; x_wconf 88' lang='lat' dir='ltr'>est</span> <span class='ocrx_word' id='word_1_321' title='bbox 417 1966 479 2002; x_wconf 87' lang='lat' dir='ltr'>cui</span> <span class='ocrx_word' id='word_1_322' title='bbox 496 1965 589 2002; x_wconf 82' lang='lat' dir='ltr'>nihil</span> <span class='ocrx_word' id='word_1_323' title='bbox 606 1965 712 2009; x_wconf 85' lang='lat' dir='ltr'>deest,</span> <span class='ocrx_word' id='word_1_324' title='bbox 733 1972 775 2002; x_wconf 89' lang='lat' dir='ltr'>ut</span> <span class='ocrx_word' id='word_1_325' title='bbox 802 1965 939 2002; x_wconf 87' lang='lat' dir='ltr'>dicitur</span> <span class='ocrx_word' id='word_1_326' title='bbox 966 1965 1005 2001; x_wconf 92' lang='lat' dir='ltr'>in</span> <span class='ocrx_word' id='word_1_327' title='bbox 1031 1966 1076 2002; x_wconf 94' lang='lat' dir='ltr'>III</span> <span class='ocrx_word' id='word_1_328' title='bbox 1095 1967 1244 2014; x_wconf 81' lang='lat' dir='ltr'>Physic.</span> <span class='ocrx_word' id='word_1_329' title='bbox 1264 1965 1285 1986; x_wconf 75' lang='lat'>&#39;¹‘</span> 
     </span>
    </p>
   </div>
   <div class='ocr_carea' id='block_1_16' title="bbox 224 2017 1286 2226">
    <p class='ocr_par' dir='ltr' id='par_1_18' title="bbox 224 2017 1286 2226">
     <span class='ocr_line' id='line_1_49' title="bbox 225 2017 1284 2067; baseline 0.001 -13"><span class='ocrx_word' id='word_1_330' title='bbox 225 2017 301 2055; x_wconf 89' lang='lat' dir='ltr'>Sed</span> <span class='ocrx_word' id='word_1_331' title='bbox 329 2019 445 2055; x_wconf 88' lang='lat' dir='ltr'>Beata</span> <span class='ocrx_word' id='word_1_332' title='bbox 463 2017 579 2066; x_wconf 89' lang='lat' dir='ltr'>Virgo</span> <span class='ocrx_word' id='word_1_333' title='bbox 607 2019 860 2067; x_wconf 91' lang='lat' dir='ltr'>postmodum</span> <span class='ocrx_word' id='word_1_334' title='bbox 882 2018 1118 2055; x_wconf 85' lang='lat' dir='ltr'>additionem</span> <span class='ocrx_word' id='word_1_335' title='bbox 1145 2018 1284 2066; x_wconf 83' lang='lat' dir='ltr'>gratiae</span> 
     </span>
     <span class='ocr_line' id='line_1_50' title="bbox 224 2069 1286 2120; baseline 0 -12"><span class='ocrx_word' id='word_1_336' title='bbox 224 2069 399 2120; x_wconf 87' lang='lat' dir='ltr'>suscepit,</span> <span class='ocrx_word' id='word_1_337' title='bbox 420 2071 577 2120; x_wconf 89' lang='lat' dir='ltr'>quando</span> <span class='ocrx_word' id='word_1_338' title='bbox 607 2071 804 2108; x_wconf 90' lang='lat' dir='ltr'>Christum</span> <span class='ocrx_word' id='word_1_339' title='bbox 832 2071 1026 2120; x_wconf 88' lang='lat' dir='ltr'>concepit:</span> <span class='ocrx_word' id='word_1_340' title='bbox 1056 2071 1202 2108; x_wconf 89' lang='lat' dir='ltr'>dictum</span> <span class='ocrx_word' id='word_1_341' title='bbox 1230 2078 1286 2108; x_wconf 88' lang='lat' dir='ltr'>est</span> 
     </span>
     <span class='ocr_line' id='line_1_51' title="bbox 225 2123 1284 2174; baseline 0 -14"><span class='ocrx_word' id='word_1_342' title='bbox 225 2123 328 2161; x_wconf 88' lang='lat' dir='ltr'>enim</span> <span class='ocrx_word' id='word_1_343' title='bbox 352 2123 399 2170; x_wconf 88' lang='lat' dir='ltr'>ei,</span> <span class='ocrx_word' id='word_1_344' title='bbox 418 2125 513 2161; x_wconf 92' lang='lat' dir='ltr'>Luc.</span> <span class='ocrx_word' id='word_1_345' title='bbox 535 2123 606 2161; x_wconf 69' lang='lat'>1²¹⁶:</span> <span class='ocrx_word' id='word_1_346' title='bbox 637 2126 791 2174; x_wconf 86' lang='lat' dir='ltr'>Spiritus</span> <span class='ocrx_word' id='word_1_347' title='bbox 818 2126 973 2162; x_wconf 86' lang='lat' dir='ltr'>Sanctus</span> <span class='ocrx_word' id='word_1_348' title='bbox 999 2125 1228 2173; x_wconf 83' lang='lat' dir='ltr'>superveniet</span> <span class='ocrx_word' id='word_1_349' title='bbox 1247 2125 1284 2160; x_wconf 89' lang='lat' dir='ltr'>in</span> 
     </span>
     <span class='ocr_line' id='line_1_52' title="bbox 224 2177 1284 2226; baseline 0 -13"><span class='ocrx_word' id='word_1_350' title='bbox 224 2182 268 2214; x_wconf 86' lang='lat' dir='ltr'>te.</span> <span class='ocrx_word' id='word_1_351' title='bbox 302 2177 350 2213; x_wconf 88' lang='lat' dir='ltr'>Et</span> <span class='ocrx_word' id='word_1_352' title='bbox 377 2177 527 2223; x_wconf 90' lang='lat' dir='ltr'>iterum,</span> <span class='ocrx_word' id='word_1_353' title='bbox 548 2177 705 2226; x_wconf 88' lang='lat' dir='ltr'>quando</span> <span class='ocrx_word' id='word_1_354' title='bbox 733 2178 773 2214; x_wconf 92' lang='lat' dir='ltr'>in</span> <span class='ocrx_word' id='word_1_355' title='bbox 800 2177 961 2225; x_wconf 87' lang='lat' dir='ltr'>gloriam</span> <span class='ocrx_word' id='word_1_356' title='bbox 989 2185 1044 2214; x_wconf 89' lang='lat' dir='ltr'>est</span> <span class='ocrx_word' id='word_1_357' title='bbox 1076 2184 1284 2226; x_wconf 85' lang='lat' dir='ltr'>assumpta.</span> 
     </span>
    </p>
   </div>
   <div class='ocr_carea' id='block_1_17' title="bbox 202 2229 1286 2279">
    <p class='ocr_par' dir='ltr' id='par_1_19' title="bbox 202 2229 1286 2279">
     <span class='ocr_line' id='line_1_53' title="bbox 202 2229 1286 2279; baseline 0 -13"><span class='ocrx_word' id='word_1_358' title='bbox 202 2229 327 2277; x_wconf 78' lang='lat' dir='ltr'>&#39;Ergo</span> <span class='ocrx_word' id='word_1_359' title='bbox 355 2229 507 2266; x_wconf 90' lang='lat' dir='ltr'>videtur</span> <span class='ocrx_word' id='word_1_360' title='bbox 541 2230 648 2279; x_wconf 91' lang='lat' dir='ltr'>quod</span> <span class='ocrx_word' id='word_1_361' title='bbox 676 2242 755 2267; x_wconf 90' lang='lat' dir='ltr'>non</span> <span class='ocrx_word' id='word_1_362' title='bbox 790 2230 966 2267; x_wconf 91' lang='lat' dir='ltr'>habuerit</span> <span class='ocrx_word' id='word_1_363' title='bbox 993 2229 1032 2266; x_wconf 91' lang='lat' dir='ltr'>in</span> <span class='ocrx_word' id='word_1_364' title='bbox 1060 2242 1130 2267; x_wconf 90' lang='lat' dir='ltr'>sua</span> <span class='ocrx_word' id='word_1_365' title='bbox 1161 2230 1286 2279; x_wconf 88' lang='lat' dir='ltr'>prima</span> 
     </span>
    </p>
   </div>
   <div class='ocr_carea' id='block_1_18' title="bbox 226 2282 1287 2385">
    <p class='ocr_par' dir='ltr' id='par_1_20' title="bbox 226 2282 1287 2385">
     <span class='ocr_line' id='line_1_54' title="bbox 226 2282 1074 2332; baseline 0 -13"><span class='ocrx_word' id='word_1_366' title='bbox 226 2282 523 2320; x_wconf 89' lang='lat' dir='ltr'>sanctificatione</span> <span class='ocrx_word' id='word_1_367' title='bbox 549 2282 829 2332; x_wconf 89' lang='lat' dir='ltr'>plenitudinem</span> <span class='ocrx_word' id='word_1_368' title='bbox 856 2283 1074 2331; x_wconf 82' lang='lat' dir='ltr'>gratiarum.</span> 
     </span>
     <span class='ocr_line' id='line_1_55' title="bbox 280 2334 1287 2385; baseline 0.001 -13"><span class='ocrx_word' id='word_1_369' title='bbox 280 2334 314 2372; x_wconf 85' lang='lat'>3.</span> <span class='ocrx_word' id='word_1_370' title='bbox 344 2336 581 2382; x_wconf 78' lang='lat' dir='ltr'>PRAETEREA,</span> <span class='ocrx_word' id='word_1_371' title='bbox 609 2337 711 2373; x_wconf 88' lang='lat' dir='ltr'>Deus</span> <span class='ocrx_word' id='word_1_372' title='bbox 739 2349 813 2374; x_wconf 90' lang='lat' dir='ltr'>non</span> <span class='ocrx_word' id='word_1_373' title='bbox 836 2338 936 2385; x_wconf 85' lang='lat' dir='ltr'>facit</span> <span class='ocrx_word' id='word_1_374' title='bbox 962 2336 1103 2385; x_wconf 85' lang='lat' dir='ltr'>aliquid</span> <span class='ocrx_word' id='word_1_375' title='bbox 1117 2336 1287 2384; x_wconf 81' lang='lat' dir='ltr'>frustra.-</span> 
     </span>
    </p>
   </div>
   <div class='ocr_carea' id='block_1_19' title="bbox 52 2374 1285 2442">
    <p class='ocr_par' dir='ltr' id='par_1_21' title="bbox 52 2370 1285 2442">
     <span class='ocr_line' id='line_1_56' title="bbox 52 2374 1285 2442; baseline 0.001 -17"><span class='ocrx_word' id='word_1_376' title='bbox 52 2374 54 2379; x_wconf 40' lang='lat'><em>⁷</em></span> <span class='ocrx_word' id='word_1_377' title='bbox 107 2395 138 2434; x_wconf 55' lang='grc' dir='ltr'>ἰς</span> <span class='ocrx_word' id='word_1_378' title='bbox 174 2404 200 2442; x_wconf 57' lang='lat' dir='ltr'>-j</span> <span class='ocrx_word' id='word_1_379' title='bbox 225 2395 268 2425; x_wconf 92' lang='lat' dir='ltr'>ut</span> <span class='ocrx_word' id='word_1_380' title='bbox 294 2387 430 2425; x_wconf 88' lang='lat' dir='ltr'>dicitur</span> <span class='ocrx_word' id='word_1_381' title='bbox 448 2388 488 2426; x_wconf 90' lang='lat' dir='ltr'>in</span> <span class='ocrx_word' id='word_1_382' title='bbox 506 2389 521 2425; x_wconf 95' lang='lat' dir='ltr'>I</span> <span class='ocrx_word' id='word_1_383' title='bbox 540 2389 585 2426; x_wconf 88' lang='lat' dir='ltr'>de</span> <span class='ocrx_word' id='word_1_384' title='bbox 607 2390 719 2427; x_wconf 87' lang='lat' dir='ltr'>Coelo</span> <span class='ocrx_word' id='word_1_385' title='bbox 748 2395 781 2426; x_wconf 87' lang='lat' dir='ltr'>et</span> <span class='ocrx_word' id='word_1_386' title='bbox 807 2389 956 2427; x_wconf 89' lang='lat' dir='ltr'>Mundo</span> <span class='ocrx_word' id='word_1_387' title='bbox 974 2389 1005 2426; x_wconf 68' lang='lat'>²¹².</span> <span class='ocrx_word' id='word_1_388' title='bbox 1035 2390 1191 2426; x_wconf 86' lang='lat' dir='ltr'>Frustra</span> <span class='ocrx_word' id='word_1_389' title='bbox 1219 2401 1285 2426; x_wconf 91' lang='lat' dir='ltr'>au-</span> 
     </span>
    </p>
   </div>
   <div class='ocr_carea' id='block_1_20' title="bbox 49 2799 202 2899">
    <p class='ocr_par' dir='ltr' id='par_1_22' title="bbox 49 2791 202 2905">
     <span class='ocr_line' id='line_1_57' title="bbox 62 2799 202 2835; baseline -0.007 -5"><span class='ocrx_word' id='word_1_390' title='bbox 62 2799 63 2802; x_wconf 31' lang='lat'><em>*</em></span> <span class='ocrx_word' id='word_1_391' title='bbox 118 2820 131 2835; x_wconf 49' lang='grc' dir='ltr'>μ</span> <span class='ocrx_word' id='word_1_392' title='bbox 169 2807 202 2830; x_wconf 79' lang='lat' dir='ltr'>ad</span> 
     </span>
     <span class='ocr_line' id='line_1_58' title="bbox 49 2846 202 2899; baseline 0 -25"><span class='ocrx_word' id='word_1_393' title='bbox 49 2865 53 2874; x_wconf 78' lang='grc'>-,</span> <span class='ocrx_word' id='word_1_394' title='bbox 109 2846 136 2899; x_wconf 33' lang='grc' dir='ltr'>ζ’</span> <span class='ocrx_word' id='word_1_395' title='bbox 146 2866 202 2890; x_wconf 68' lang='lat'>⁸¹²9·</span> 
     </span>
    </p>
   </div>
   <div class='ocr_carea' id='block_1_21' title="bbox 0 236 214 3860">
    <p class='ocr_par' dir='ltr' id='par_1_23' title="bbox 0 236 214 3860">
     <span class='ocr_line' id='line_1_59' title="bbox 0 236 214 3860; baseline 0 0"><span class='ocrx_word' id='word_1_396' title='bbox 0 236 214 3860; x_wconf 95' lang='lat' dir='ltr'> </span> 
     </span>
    </p>
   </div>
   <div class='ocr_carea' id='block_1_22' title="bbox 225 2441 1286 2756">
    <p class='ocr_par' dir='ltr' id='par_1_24' title="bbox 225 2441 1286 2703">
     <span class='ocr_line' id='line_1_60' title="bbox 225 2441 1285 2491; baseline 0.001 -13"><span class='ocrx_word' id='word_1_397' title='bbox 225 2448 304 2479; x_wconf 88' lang='lat' dir='ltr'>tem</span> <span class='ocrx_word' id='word_1_398' title='bbox 321 2441 516 2479; x_wconf 88' lang='lat' dir='ltr'>habuisset</span> <span class='ocrx_word' id='word_1_399' title='bbox 534 2443 723 2491; x_wconf 89' lang='lat' dir='ltr'>quasdam</span> <span class='ocrx_word' id='word_1_400' title='bbox 741 2442 888 2490; x_wconf 85' lang='lat' dir='ltr'>gratias,</span> <span class='ocrx_word' id='word_1_401' title='bbox 904 2455 995 2479; x_wconf 90' lang='lat' dir='ltr'>cum</span> <span class='ocrx_word' id='word_1_402' title='bbox 1015 2454 1150 2480; x_wconf 90' lang='lat' dir='ltr'>earum</span> <span class='ocrx_word' id='word_1_403' title='bbox 1169 2455 1285 2479; x_wconf 92' lang='lat' dir='ltr'>usum</span> 
     </span>
     <span class='ocr_line' id='line_1_61' title="bbox 225 2495 1285 2543; baseline 0.002 -13"><span class='ocrx_word' id='word_1_404' title='bbox 225 2505 426 2543; x_wconf 90' lang='lat' dir='ltr'>nunquam</span> <span class='ocrx_word' id='word_1_405' title='bbox 447 2495 672 2533; x_wconf 89' lang='lat' dir='ltr'>exercuerit:</span> <span class='ocrx_word' id='word_1_406' title='bbox 694 2507 774 2532; x_wconf 92' lang='lat' dir='ltr'>non</span> <span class='ocrx_word' id='word_1_407' title='bbox 794 2495 898 2532; x_wconf 91' lang='lat' dir='ltr'>enim</span> <span class='ocrx_word' id='word_1_408' title='bbox 917 2495 1052 2543; x_wconf 89' lang='lat' dir='ltr'>legitur</span> <span class='ocrx_word' id='word_1_409' title='bbox 1069 2507 1156 2532; x_wconf 89' lang='lat' dir='ltr'>eam</span> <span class='ocrx_word' id='word_1_410' title='bbox 1177 2501 1194 2517; x_wconf 74' lang='lat'>‘⁸</span> <span class='ocrx_word' id='word_1_411' title='bbox 1219 2496 1285 2532; x_wconf 91' lang='lat' dir='ltr'>do—</span> 
     </span>
     <span class='ocr_line' id='line_1_62' title="bbox 225 2546 1286 2598; baseline 0.001 -14"><span class='ocrx_word' id='word_1_412' title='bbox 225 2546 360 2595; x_wconf 89' lang='lat' dir='ltr'>cuisse,</span> <span class='ocrx_word' id='word_1_413' title='bbox 389 2547 496 2596; x_wconf 92' lang='lat' dir='ltr'>quod</span> <span class='ocrx_word' id='word_1_414' title='bbox 524 2553 580 2584; x_wconf 86' lang='lat' dir='ltr'>est</span> <span class='ocrx_word' id='word_1_415' title='bbox 607 2557 712 2586; x_wconf 88' lang='lat' dir='ltr'>actus</span> <span class='ocrx_word' id='word_1_416' title='bbox 747 2548 971 2598; x_wconf 87' lang='lat' dir='ltr'>sapientiae;</span> <span class='ocrx_word' id='word_1_417' title='bbox 1010 2555 1075 2585; x_wconf 90' lang='lat' dir='ltr'>aut</span> <span class='ocrx_word' id='word_1_418' title='bbox 1102 2548 1286 2585; x_wconf 88' lang='lat' dir='ltr'>miracula</span> 
     </span>
     <span class='ocr_line' id='line_1_63' title="bbox 225 2599 1286 2650; baseline 0.002 -14"><span class='ocrx_word' id='word_1_419' title='bbox 225 2599 366 2644; x_wconf 89' lang='lat' dir='ltr'>fecisse,</span> <span class='ocrx_word' id='word_1_420' title='bbox 391 2600 499 2650; x_wconf 90' lang='lat' dir='ltr'>quod</span> <span class='ocrx_word' id='word_1_421' title='bbox 527 2609 582 2638; x_wconf 88' lang='lat' dir='ltr'>est</span> <span class='ocrx_word' id='word_1_422' title='bbox 607 2609 712 2639; x_wconf 91' lang='lat' dir='ltr'>actus</span> <span class='ocrx_word' id='word_1_423' title='bbox 739 2601 879 2650; x_wconf 87' lang='lat' dir='ltr'>gratiae</span> <span class='ocrx_word' id='word_1_424' title='bbox 902 2601 1013 2649; x_wconf 88' lang='lat' dir='ltr'>gratis</span> <span class='ocrx_word' id='word_1_425' title='bbox 1042 2602 1163 2638; x_wconf 89' lang='lat' dir='ltr'>datae.</span> <span class='ocrx_word' id='word_1_426' title='bbox 1193 2602 1286 2638; x_wconf 92' lang='lat' dir='ltr'>Non</span> 
     </span>
     <span class='ocr_line' id='line_1_64' title="bbox 227 2652 1030 2703; baseline 0.004 -14"><span class='ocrx_word' id='word_1_427' title='bbox 227 2663 316 2700; x_wconf 86' lang='lat' dir='ltr'>ergo</span> <span class='ocrx_word' id='word_1_428' title='bbox 344 2652 478 2691; x_wconf 85' lang='lat' dir='ltr'>habuit</span> <span class='ocrx_word' id='word_1_429' title='bbox 504 2654 784 2703; x_wconf 89' lang='lat' dir='ltr'>plenitudinem</span> <span class='ocrx_word' id='word_1_430' title='bbox 811 2655 1030 2703; x_wconf 88' lang='lat' dir='ltr'>gratiarum.</span> 
     </span>
    </p>

    <p class='ocr_par' dir='ltr' id='par_1_25' title="bbox 280 2705 1284 2756">
     <span class='ocr_line' id='line_1_65' title="bbox 280 2705 1284 2756; baseline 0.001 -13"><span class='ocrx_word' id='word_1_431' title='bbox 280 2705 353 2743; x_wconf 75' lang='lat' dir='ltr'>SED</span> <span class='ocrx_word' id='word_1_432' title='bbox 372 2718 518 2744; x_wconf 80' lang='lat' dir='ltr'>CONTRA</span> <span class='ocrx_word' id='word_1_433' title='bbox 536 2718 602 2744; x_wconf 80' lang='lat' dir='ltr'>EST</span> <span class='ocrx_word' id='word_1_434' title='bbox 620 2708 728 2756; x_wconf 92' lang='lat' dir='ltr'>quod</span> <span class='ocrx_word' id='word_1_435' title='bbox 747 2709 915 2756; x_wconf 89' lang='lat' dir='ltr'>Angelus</span> <span class='ocrx_word' id='word_1_436' title='bbox 934 2708 983 2744; x_wconf 91' lang='lat' dir='ltr'>ad</span> <span class='ocrx_word' id='word_1_437' title='bbox 1006 2720 1093 2745; x_wconf 91' lang='lat' dir='ltr'>eam</span> <span class='ocrx_word' id='word_1_438' title='bbox 1113 2707 1205 2744; x_wconf 88' lang='lat' dir='ltr'>dixit</span> <span class='ocrx_word' id='word_1_439' title='bbox 1220 2706 1234 2737; x_wconf 74' lang='grc' dir='ltr'>β</span> <span class='ocrx_word' id='word_1_440' title='bbox 1248 2707 1284 2745; x_wconf 70' lang='lat'>³¹²:</span> 
     </span>
    </p>
   </div>
   <div class='ocr_carea' id='block_1_23' title="bbox 190 2754 1286 2864">
    <p class='ocr_par' dir='ltr' id='par_1_26' title="bbox 178 2754 1286 2864">
     <span class='ocr_line' id='line_1_66' title="bbox 190 2754 1284 2810; baseline 0.002 -15"><span class='ocrx_word' id='word_1_441' title='bbox 190 2754 198 2766; x_wconf 88' lang='lat'><strong><em>&#39;</em></strong></span> <span class='ocrx_word' id='word_1_442' title='bbox 226 2759 318 2804; x_wconf 79' lang='lat' dir='ltr'>Ave,</span> <span class='ocrx_word' id='word_1_443' title='bbox 337 2761 462 2808; x_wconf 82' lang='lat' dir='ltr'>gratia</span> <span class='ocrx_word' id='word_1_444' title='bbox 483 2760 610 2809; x_wconf 87' lang='lat' dir='ltr'>plena.</span> <span class='ocrx_word' id='word_1_445' title='bbox 641 2761 759 2807; x_wconf 91' lang='lat' dir='ltr'>Quod</span> <span class='ocrx_word' id='word_1_446' title='bbox 788 2773 986 2810; x_wconf 87' lang='lat' dir='ltr'>exponens</span> <span class='ocrx_word' id='word_1_447' title='bbox 1011 2761 1284 2810; x_wconf 85' lang='lat' dir='ltr'>Hieronymus,</span> 
     </span>
     <span class='ocr_line' id='line_1_67' title="bbox 192 2810 1286 2864; baseline 0.003 -15.962"><span class='ocrx_word' id='word_1_448' title='bbox 192 2851 200 2862; x_wconf 60' lang='grc'><strong><em>,</em></strong></span> <span class='ocrx_word' id='word_1_449' title='bbox 227 2810 266 2848; x_wconf 91' lang='lat' dir='ltr'>in</span> <span class='ocrx_word' id='word_1_450' title='bbox 286 2811 473 2849; x_wconf 89' lang='lat' dir='ltr'>Sermone</span> <span class='ocrx_word' id='word_1_451' title='bbox 492 2813 538 2849; x_wconf 91' lang='lat' dir='ltr'>de</span> <span class='ocrx_word' id='word_1_452' title='bbox 554 2814 815 2863; x_wconf 85' lang='lat' dir='ltr'>Assumptione</span> <span class='ocrx_word' id='word_1_453' title='bbox 831 2814 862 2861; x_wconf 64' lang='lat'>³⁸,</span> <span class='ocrx_word' id='word_1_454' title='bbox 891 2813 997 2851; x_wconf 89' lang='lat' dir='ltr'>dicit:</span> <span class='ocrx_word' id='word_1_455' title='bbox 1026 2816 1140 2859; x_wconf 90' lang='lat' dir='ltr'>Bene,</span> <span class='ocrx_word' id='word_1_456' title='bbox 1160 2816 1286 2864; x_wconf 84' lang='lat' dir='ltr'>gratia</span> 
     </span>
    </p>
   </div>
   <div class='ocr_carea' id='block_1_24' title="bbox 224 2864 1288 3431">
    <p class='ocr_par' dir='ltr' id='par_1_27' title="bbox 224 2864 1288 3431">
     <span class='ocr_line' id='line_1_68' title="bbox 224 2864 1287 2917; baseline 0.003 -16"><span class='ocrx_word' id='word_1_457' title='bbox 224 2864 356 2913; x_wconf 85' lang='lat' dir='ltr'>plena:</span> <span class='ocrx_word' id='word_1_458' title='bbox 383 2866 468 2914; x_wconf 85' lang='lat' dir='ltr'>quia</span> <span class='ocrx_word' id='word_1_459' title='bbox 496 2868 624 2904; x_wconf 84' lang='lat' dir='ltr'>ceteris</span> <span class='ocrx_word' id='word_1_460' title='bbox 636 2880 709 2916; x_wconf 86' lang='lat' dir='ltr'>per</span> <span class='ocrx_word' id='word_1_461' title='bbox 721 2872 849 2917; x_wconf 89' lang='lat' dir='ltr'>partes</span> <span class='ocrx_word' id='word_1_462' title='bbox 870 2873 1106 2917; x_wconf 86' lang='lat' dir='ltr'>praestatur‚·</span> <span class='ocrx_word' id='word_1_463' title='bbox 1133 2869 1287 2904; x_wconf 89' lang='lat' dir='ltr'>Mariae</span> 
     </span>
     <span class='ocr_line' id='line_1_69' title="bbox 226 2920 1204 2970; baseline 0.002 -15"><span class='ocrx_word' id='word_1_464' title='bbox 226 2929 315 2955; x_wconf 82' lang='lat' dir='ltr'>vero</span> <span class='ocrx_word' id='word_1_465' title='bbox 341 2929 381 2954; x_wconf 90' lang='lat' dir='ltr'>se</span> <span class='ocrx_word' id='word_1_466' title='bbox 407 2923 521 2956; x_wconf 89' lang='lat' dir='ltr'>totam</span> <span class='ocrx_word' id='word_1_467' title='bbox 547 2920 658 2957; x_wconf 86' lang='lat' dir='ltr'>simul</span> <span class='ocrx_word' id='word_1_468' title='bbox 684 2921 816 2968; x_wconf 86' lang='lat' dir='ltr'>infudit</span> <span class='ocrx_word' id='word_1_469' title='bbox 833 2922 981 2970; x_wconf 85' lang='lat' dir='ltr'>gratiae</span> <span class='ocrx_word' id='word_1_470' title='bbox 1002 2920 1204 2969; x_wconf 82' lang='lat' dir='ltr'>plenitudo.</span> 
     </span>
     <span class='ocr_line' id='line_1_70' title="bbox 279 2970 1286 3022; baseline 0.002 -14"><span class='ocrx_word' id='word_1_471' title='bbox 279 2970 504 3008; x_wconf 65' lang='lat' dir='ltr'>Responnzo</span> <span class='ocrx_word' id='word_1_472' title='bbox 524 2983 705 3009; x_wconf 62' lang='lat' dir='ltr'>meramnum</span> <span class='ocrx_word' id='word_1_473' title='bbox 724 2973 842 3021; x_wconf 90' lang='lat' dir='ltr'>quod,</span> <span class='ocrx_word' id='word_1_474' title='bbox 863 2980 1007 3022; x_wconf 86' lang='lat' dir='ltr'>quanto</span> <span class='ocrx_word' id='word_1_475' title='bbox 1037 2973 1180 3022; x_wconf 85' lang='lat' dir='ltr'>aliquid</span> <span class='ocrx_word' id='word_1_476' title='bbox 1208 2985 1286 3010; x_wconf 90' lang='lat' dir='ltr'>ma-</span> 
     </span>
     <span class='ocr_line' id='line_1_71' title="bbox 227 3021 1285 3074; baseline 0.005 -16"><span class='ocrx_word' id='word_1_477' title='bbox 227 3021 282 3070; x_wconf 86' lang='lat' dir='ltr'>gis</span> <span class='ocrx_word' id='word_1_478' title='bbox 309 3022 592 3072; x_wconf 88' lang='lat' dir='ltr'>appropinquat</span> <span class='ocrx_word' id='word_1_479' title='bbox 627 3024 814 3074; x_wconf 91' lang='lat' dir='ltr'>principio</span> <span class='ocrx_word' id='word_1_480' title='bbox 843 3025 882 3062; x_wconf 92' lang='lat' dir='ltr'>in</span> <span class='ocrx_word' id='word_1_481' title='bbox 919 3025 1091 3074; x_wconf 89' lang='lat' dir='ltr'>quolibet</span> <span class='ocrx_word' id='word_1_482' title='bbox 1126 3037 1285 3073; x_wconf 81' lang='lat' dir='ltr'>genere,</span> 
     </span>
     <span class='ocr_line' id='line_1_72' title="bbox 227 3076 1284 3128; baseline 0.004 -17"><span class='ocrx_word' id='word_1_483' title='bbox 227 3082 332 3112; x_wconf 88' lang='lat' dir='ltr'>tanto</span> <span class='ocrx_word' id='word_1_484' title='bbox 369 3076 488 3123; x_wconf 85' lang='lat' dir='ltr'>magis</span> <span class='ocrx_word' id='word_1_485' title='bbox 516 3076 713 3126; x_wconf 90' lang='lat' dir='ltr'>participat</span> <span class='ocrx_word' id='word_1_486' title='bbox 750 3078 930 3115; x_wconf 87' lang='lat' dir='ltr'>effectum</span> <span class='ocrx_word' id='word_1_487' title='bbox 958 3078 1055 3115; x_wconf 92' lang='lat' dir='ltr'>illius</span> <span class='ocrx_word' id='word_1_488' title='bbox 1093 3078 1284 3128; x_wconf 89' lang='lat' dir='ltr'>principii:</span> 
     </span>
     <span class='ocr_line' id='line_1_73' title="bbox 228 3127 1287 3180; baseline 0.004 -16"><span class='ocrx_word' id='word_1_489' title='bbox 228 3128 332 3165; x_wconf 90' lang='lat' dir='ltr'>unde</span> <span class='ocrx_word' id='word_1_490' title='bbox 360 3127 448 3165; x_wconf 91' lang='lat' dir='ltr'>dicit</span> <span class='ocrx_word' id='word_1_491' title='bbox 476 3128 696 3178; x_wconf 85' lang='lat' dir='ltr'>Dionysius,</span> <span class='ocrx_word' id='word_1_492' title='bbox 725 3142 759 3166; x_wconf 83' lang='grc' dir='ltr'>ιν</span> <span class='ocrx_word' id='word_1_493' title='bbox 787 3143 869 3179; x_wconf 92' lang='lat' dir='ltr'>cap.</span> <span class='ocrx_word' id='word_1_494' title='bbox 903 3131 1002 3168; x_wconf 90' lang='lat' dir='ltr'>Cael.</span> <span class='ocrx_word' id='word_1_495' title='bbox 1027 3133 1150 3178; x_wconf 70' lang='lat' dir='ltr'>Hier„</span> <span class='ocrx_word' id='word_1_496' title='bbox 1180 3132 1287 3180; x_wconf 92' lang='lat' dir='ltr'>quod</span> 
     </span>
     <span class='ocr_line' id='line_1_74' title="bbox 229 3181 1287 3233; baseline 0.003 -16"><span class='ocrx_word' id='word_1_497' title='bbox 229 3181 361 3229; x_wconf 89' lang='lat' dir='ltr'>angeli,</span> <span class='ocrx_word' id='word_1_498' title='bbox 391 3181 458 3230; x_wconf 92' lang='lat' dir='ltr'>qui</span> <span class='ocrx_word' id='word_1_499' title='bbox 486 3189 574 3218; x_wconf 90' lang='lat' dir='ltr'>sunt</span> <span class='ocrx_word' id='word_1_500' title='bbox 601 3183 686 3219; x_wconf 92' lang='lat' dir='ltr'>Deo</span> <span class='ocrx_word' id='word_1_501' title='bbox 714 3182 1027 3232; x_wconf 88' lang='lat' dir='ltr'>propinquiores,</span> <span class='ocrx_word' id='word_1_502' title='bbox 1057 3184 1177 3232; x_wconf 83' lang='lat' dir='ltr'>magis</span> <span class='ocrx_word' id='word_1_503' title='bbox 1205 3196 1287 3233; x_wconf 90' lang='lat' dir='ltr'>par-</span> 
     </span>
     <span class='ocr_line' id='line_1_75' title="bbox 229 3232 1285 3285; baseline 0.003 -16"><span class='ocrx_word' id='word_1_504' title='bbox 229 3232 382 3283; x_wconf 87' lang='lat' dir='ltr'>ticipant</span> <span class='ocrx_word' id='word_1_505' title='bbox 418 3234 466 3271; x_wconf 89' lang='lat' dir='ltr'>de</span> <span class='ocrx_word' id='word_1_506' title='bbox 498 3234 730 3272; x_wconf 85' lang='lat' dir='ltr'>bonitatibus</span> <span class='ocrx_word' id='word_1_507' title='bbox 766 3235 904 3272; x_wconf 90' lang='lat' dir='ltr'>divinis</span> <span class='ocrx_word' id='word_1_508' title='bbox 941 3248 1060 3285; x_wconf 90' lang='lat' dir='ltr'>quam</span> <span class='ocrx_word' id='word_1_509' title='bbox 1097 3236 1285 3273; x_wconf 89' lang='lat' dir='ltr'>homines.</span> 
     </span>
     <span class='ocr_line' id='line_1_76' title="bbox 231 3285 1288 3337; baseline 0.003 -14"><span class='ocrx_word' id='word_1_510' title='bbox 231 3285 402 3323; x_wconf 86' lang='lat' dir='ltr'>Christus</span> <span class='ocrx_word' id='word_1_511' title='bbox 421 3295 550 3324; x_wconf 88' lang='lat' dir='ltr'>autem</span> <span class='ocrx_word' id='word_1_512' title='bbox 570 3295 626 3324; x_wconf 90' lang='lat' dir='ltr'>est</span> <span class='ocrx_word' id='word_1_513' title='bbox 643 3288 875 3337; x_wconf 89' lang='lat' dir='ltr'>principium</span> <span class='ocrx_word' id='word_1_514' title='bbox 903 3288 1052 3336; x_wconf 87' lang='lat' dir='ltr'>gratiae,</span> <span class='ocrx_word' id='word_1_515' title='bbox 1074 3289 1288 3326; x_wconf 90' lang='lat' dir='ltr'>secundum</span> 
     </span>
     <span class='ocr_line' id='line_1_77' title="bbox 231 3337 1287 3389; baseline 0.003 -14"><span class='ocrx_word' id='word_1_516' title='bbox 231 3337 466 3376; x_wconf 84' lang='lat' dir='ltr'>divinitatem</span> <span class='ocrx_word' id='word_1_517' title='bbox 494 3340 652 3389; x_wconf 90' lang='lat' dir='ltr'>quidem</span> <span class='ocrx_word' id='word_1_518' title='bbox 681 3341 951 3387; x_wconf 88' lang='lat' dir='ltr'>auctoritative,</span> <span class='ocrx_word' id='word_1_519' title='bbox 973 3342 1185 3378; x_wconf 85' lang='lat' dir='ltr'>secundum</span> <span class='ocrx_word' id='word_1_520' title='bbox 1217 3342 1287 3378; x_wconf 93' lang='lat' dir='ltr'>hu—</span> 
     </span>
     <span class='ocr_line' id='line_1_78' title="bbox 231 3391 1288 3431; baseline 0.004 -4"><span class='ocrx_word' id='word_1_521' title='bbox 231 3391 448 3429; x_wconf 87' lang='lat' dir='ltr'>manitatem</span> <span class='ocrx_word' id='word_1_522' title='bbox 465 3399 582 3430; x_wconf 64' lang='lat' dir='ltr'>veroY</span> <span class='ocrx_word' id='word_1_523' title='bbox 602 3393 948 3431; x_wconf 87' lang='lat' dir='ltr'>instrumentaliter:</span> <span class='ocrx_word' id='word_1_524' title='bbox 965 3394 1068 3430; x_wconf 91' lang='lat' dir='ltr'>unde</span> <span class='ocrx_word' id='word_1_525' title='bbox 1085 3402 1120 3430; x_wconf 90' lang='lat' dir='ltr'>et</span> <span class='ocrx_word' id='word_1_526' title='bbox 1134 3394 1288 3431; x_wconf 74' lang='lat' dir='ltr'>Ioan.1’¹e</span> 
     </span>
    </p>
   </div>
   <div class='ocr_carea' id='block_1_25' title="bbox 284 3504 1101 3610">
    <p class='ocr_par' dir='ltr' id='par_1_28' title="bbox 284 3504 1101 3610">
     <span class='ocr_line' id='line_1_79' title="bbox 285 3504 958 3541; baseline 0.006 -11"><span class='ocrx_word' id='word_1_527' title='bbox 285 3504 312 3539; x_wconf 82' lang='grc' dir='ltr'>α)</span> <span class='ocrx_word' id='word_1_528' title='bbox 331 3513 398 3532; x_wconf 82' lang='lat' dir='ltr'>eam.</span> <span class='ocrx_word' id='word_1_529' title='bbox 415 3521 435 3525; x_wconf 91' lang='lat'>—</span> <span class='ocrx_word' id='word_1_530' title='bbox 452 3511 500 3532; x_wconf 81' lang='lat' dir='ltr'>aut</span> <span class='ocrx_word' id='word_1_531' title='bbox 517 3508 590 3532; x_wconf 78' lang='lat' dir='ltr'>tertia</span> <span class='ocrx_word' id='word_1_532' title='bbox 609 3513 709 3541; x_wconf 85' lang='lat' dir='ltr'>praeter</span> <span class='ocrx_word' id='word_1_533' title='bbox 727 3508 779 3538; x_wconf 88' lang='lat' dir='ltr'>sG;</span> <span class='ocrx_word' id='word_1_534' title='bbox 798 3509 839 3541; x_wconf 85' lang='lat' dir='ltr'>pG</span> <span class='ocrx_word' id='word_1_535' title='bbox 858 3509 958 3534; x_wconf 84' lang='lat' dir='ltr'>abrasa.</span> 
     </span>
     <span class='ocr_line' id='line_1_80' title="bbox 285 3539 1101 3577; baseline 0.005 -12"><span class='ocrx_word' id='word_1_536' title='bbox 285 3539 310 3574; x_wconf 76' lang='grc' dir='ltr'>β)</span> <span class='ocrx_word' id='word_1_537' title='bbox 329 3540 411 3567; x_wconf 79' lang='lat' dir='ltr'>dixit.</span> <span class='ocrx_word' id='word_1_538' title='bbox 428 3556 447 3560; x_wconf 98' lang='lat'><em>-</em></span> <span class='ocrx_word' id='word_1_539' title='bbox 466 3543 530 3568; x_wconf 81' lang='lat' dir='ltr'>Luc.</span> <span class='ocrx_word' id='word_1_540' title='bbox 549 3543 566 3567; x_wconf 88' lang='grc' dir='ltr'><strong><em>Ι</em></strong></span> <span class='ocrx_word' id='word_1_541' title='bbox 580 3544 678 3568; x_wconf 89' lang='lat' dir='ltr'>addunt</span> <span class='ocrx_word' id='word_1_542' title='bbox 698 3543 760 3570; x_wconf 83' lang='lat' dir='ltr'>PGI.</span> <span class='ocrx_word' id='word_1_543' title='bbox 778 3544 847 3568; x_wconf 84' lang='lat' dir='ltr'>idem</span> <span class='ocrx_word' id='word_1_544' title='bbox 865 3552 880 3569; x_wconf 82' lang='lat' dir='ltr'>c</span> <span class='ocrx_word' id='word_1_545' title='bbox 898 3550 956 3576; x_wconf 86' lang='lat' dir='ltr'>post</span> <span class='ocrx_word' id='word_1_546' title='bbox 974 3545 1101 3577; x_wconf 82' lang='lat' dir='ltr'>Angelus.</span> 
     </span>
     <span class='ocr_line' id='line_1_81' title="bbox 284 3575 1009 3610; baseline 0.006 -10"><span class='ocrx_word' id='word_1_547' title='bbox 284 3575 311 3610; x_wconf 83' lang='grc' dir='ltr'>γ)</span> <span class='ocrx_word' id='word_1_548' title='bbox 330 3582 399 3602; x_wconf 78' lang='lat' dir='ltr'>vero.</span> <span class='ocrx_word' id='word_1_549' title='bbox 416 3591 436 3596; x_wconf 85' lang='lat'>--</span> <span class='ocrx_word' id='word_1_550' title='bbox 454 3577 474 3602; x_wconf 85' lang='lat' dir='ltr'>F</span> <span class='ocrx_word' id='word_1_551' title='bbox 493 3583 518 3602; x_wconf 86' lang='lat' dir='ltr'>et</span> <span class='ocrx_word' id='word_1_552' title='bbox 536 3580 623 3610; x_wconf 86' lang='lat' dir='ltr'>tertia;</span> <span class='ocrx_word' id='word_1_553' title='bbox 642 3582 730 3604; x_wconf 83' lang='lat' dir='ltr'>autem</span> <span class='ocrx_word' id='word_1_554' title='bbox 750 3580 789 3604; x_wconf 86' lang='lat' dir='ltr'>ed.</span> <span class='ocrx_word' id='word_1_555' title='bbox 808 3587 833 3609; x_wconf 83' lang='lat' dir='ltr'>a,</span> <span class='ocrx_word' id='word_1_556' title='bbox 852 3587 904 3605; x_wconf 89' lang='lat' dir='ltr'>om.</span> <span class='ocrx_word' id='word_1_557' title='bbox 925 3580 1009 3605; x_wconf 86' lang='lat' dir='ltr'>ceteri.</span> 
     </span>
    </p>
   </div>
   <div class='ocr_carea' id='block_1_26' title="bbox 372 3630 905 3657">
    <p class='ocr_par' dir='ltr' id='par_1_29' title="bbox 372 3630 905 3657">
     <span class='ocr_line' id='line_1_82' title="bbox 372 3630 905 3657; baseline 0.006 -4"><span class='ocrx_word' id='word_1_558' title='bbox 372 3630 481 3654; x_wconf 71' lang='lat' dir='ltr'>Summa</span> <span class='ocrx_word' id='word_1_559' title='bbox 498 3630 599 3657; x_wconf 59' lang='grc' dir='ltr'>Τιτῆσι..</span> <span class='ocrx_word' id='word_1_560' title='bbox 619 3631 649 3657; x_wconf 88' lang='lat' dir='ltr'>D.</span> <span class='ocrx_word' id='word_1_561' title='bbox 662 3632 776 3656; x_wconf 69' lang='lat' dir='ltr'>Tamus.</span> <span class='ocrx_word' id='word_1_562' title='bbox 792 3631 823 3657; x_wconf 82' lang='lat' dir='ltr'>T.</span> <span class='ocrx_word' id='word_1_563' title='bbox 843 3632 905 3657; x_wconf 87' lang='lat' dir='ltr'>VIII.</span> 
     </span>
    </p>
   </div>
   <div class='ocr_carea' id='block_1_27' title="bbox 1309 1339 1320 3613">
    <p class='ocr_par' dir='ltr' id='par_1_30' title="bbox 1309 1339 1320 3613">
     <span class='ocr_line' id='line_1_83' title="bbox 1309 1339 1320 3613; baseline 0 0"><span class='ocrx_word' id='word_1_564' title='bbox 1309 1339 1320 3613; x_wconf 95' lang='lat' dir='ltr'> </span> 
     </span>
    </p>
   </div>
   <div class='ocr_carea' id='block_1_28' title="bbox 128 1137 2376 1196">
    <p class='ocr_par' dir='ltr' id='par_1_31' title="bbox 128 1137 2376 1199">
     <span class='ocr_line' id='line_1_84' title="bbox 128 1137 2376 1196; baseline -0.001 1"><span class='ocrx_word' id='word_1_565' title='bbox 128 1137 134 1147; x_wconf 67' lang='lat'><strong><em>⁴</em></strong></span> <span class='ocrx_word' id='word_1_566' title='bbox 196 1183 199 1185; x_wconf 61' lang='lat'><strong>&gt;</strong></span> <span class='ocrx_word' id='word_1_567' title='bbox 243 1164 399 1196; x_wconf 89' lang='lat' dir='ltr'>UTRUM</span> <span class='ocrx_word' id='word_1_568' title='bbox 422 1164 568 1195; x_wconf 89' lang='lat' dir='ltr'><strong>BEATA</strong></span> <span class='ocrx_word' id='word_1_569' title='bbox 589 1163 720 1195; x_wconf 90' lang='lat' dir='ltr'>VIRGO</span> <span class='ocrx_word' id='word_1_570' title='bbox 745 1164 827 1194; x_wconf 86' lang='lat' dir='ltr'>PER</span> <span class='ocrx_word' id='word_1_571' title='bbox 850 1163 1281 1195; x_wconf 87' lang='lat' dir='ltr'>SANCTIFICATIONEM</span> <span class='ocrx_word' id='word_1_572' title='bbox 1305 1163 1349 1193; x_wconf 90' lang='lat' dir='ltr'>IN</span> <span class='ocrx_word' id='word_1_573' title='bbox 1365 1162 1514 1194; x_wconf 90' lang='lat' dir='ltr'>UTERO</span> <span class='ocrx_word' id='word_1_574' title='bbox 1540 1163 1808 1194; x_wconf 87' lang='lat' dir='ltr'>OBTINUERIT</span> <span class='ocrx_word' id='word_1_575' title='bbox 1832 1163 2024 1194; x_wconf 90' lang='lat' dir='ltr'>GRATIAE</span> <span class='ocrx_word' id='word_1_576' title='bbox 2048 1164 2376 1195; x_wconf 87' lang='lat' dir='ltr'>PLENITUDINEM</span> 
     </span>
    </p>
   </div>
   <div class='ocr_carea' id='block_1_29' title="bbox 1522 1242 2036 1275">
    <p class='ocr_par' dir='ltr' id='par_1_32' title="bbox 1522 1242 2036 1275">
     <span class='ocr_line' id='line_1_85' title="bbox 1522 1242 2036 1275; baseline 0.002 -9"><span class='ocrx_word' id='word_1_577' title='bbox 1522 1249 1545 1270; x_wconf 82' lang='lat'>2,</span> <span class='ocrx_word' id='word_1_578' title='bbox 1566 1242 1615 1275; x_wconf 69' lang='lat'>‘31⁰⁸</span> <span class='ocrx_word' id='word_1_579' title='bbox 1638 1249 1666 1272; x_wconf 73' lang='grc' dir='ltr'>ις</span> <span class='ocrx_word' id='word_1_580' title='bbox 1687 1242 1791 1274; x_wconf 81' lang='lat' dir='ltr'>Expos.</span> <span class='ocrx_word' id='word_1_581' title='bbox 1811 1243 1899 1268; x_wconf 82' lang='lat' dir='ltr'>salut.</span> <span class='ocrx_word' id='word_1_582' title='bbox 1916 1243 2036 1275; x_wconf 81' lang='lat' dir='ltr'>Angelic.</span> 
     </span>
    </p>
   </div>
   <div class='ocr_carea' id='block_1_30' title="bbox 1335 1329 2399 1487">
    <p class='ocr_par' dir='ltr' id='par_1_33' title="bbox 1335 1329 2399 1487">
     <span class='ocr_line' id='line_1_86' title="bbox 1335 1329 2398 1380; baseline 0.002 -13"><span class='ocrx_word' id='word_1_583' title='bbox 1335 1329 1489 1367; x_wconf 88' lang='lat' dir='ltr'>dieitur:</span> <span class='ocrx_word' id='word_1_584' title='bbox 1524 1331 1654 1368; x_wconf 86' lang='lat' dir='ltr'>Gratia</span> <span class='ocrx_word' id='word_1_585' title='bbox 1683 1337 1715 1367; x_wconf 90' lang='lat' dir='ltr'>et</span> <span class='ocrx_word' id='word_1_586' title='bbox 1742 1332 1876 1368; x_wconf 83' lang='lat' dir='ltr'>veritas</span> <span class='ocrx_word' id='word_1_587' title='bbox 1897 1343 1970 1380; x_wconf 89' lang='lat' dir='ltr'>per</span> <span class='ocrx_word' id='word_1_588' title='bbox 1992 1333 2116 1368; x_wconf 87' lang='lat' dir='ltr'>Iesum</span> <span class='ocrx_word' id='word_1_589' title='bbox 2141 1333 2325 1369; x_wconf 86' lang='lat' dir='ltr'>Christum</span> <span class='ocrx_word' id='word_1_590' title='bbox 2334 1334 2398 1380; x_wconf 87' lang='lat' dir='ltr'>fa-</span> 
     </span>
     <span class='ocr_line' id='line_1_87' title="bbox 1336 1383 2399 1434; baseline 0.002 -14"><span class='ocrx_word' id='word_1_591' title='bbox 1336 1389 1394 1420; x_wconf 87' lang='lat' dir='ltr'>cta</span> <span class='ocrx_word' id='word_1_592' title='bbox 1422 1389 1482 1420; x_wconf 90' lang='lat' dir='ltr'>est.</span> <span class='ocrx_word' id='word_1_593' title='bbox 1513 1384 1629 1420; x_wconf 90' lang='lat' dir='ltr'>Beata</span> <span class='ocrx_word' id='word_1_594' title='bbox 1649 1391 1778 1420; x_wconf 91' lang='lat' dir='ltr'>autem</span> <span class='ocrx_word' id='word_1_595' title='bbox 1797 1383 1912 1431; x_wconf 87' lang='lat' dir='ltr'>Virgo</span> <span class='ocrx_word' id='word_1_596' title='bbox 1932 1384 2056 1421; x_wconf 91' lang='lat' dir='ltr'>Maria</span> <span class='ocrx_word' id='word_1_597' title='bbox 2074 1385 2399 1434; x_wconf 88' lang='lat' dir='ltr'>propinquissima</span> 
     </span>
     <span class='ocr_line' id='line_1_88' title="bbox 1338 1436 2398 1487; baseline 0.003 -15"><span class='ocrx_word' id='word_1_598' title='bbox 1338 1436 1489 1473; x_wconf 89' lang='lat' dir='ltr'>Christo</span> <span class='ocrx_word' id='word_1_599' title='bbox 1518 1436 1587 1473; x_wconf 88' lang='lat' dir='ltr'>fuit</span> <span class='ocrx_word' id='word_1_600' title='bbox 1606 1437 1820 1473; x_wconf 88' lang='lat' dir='ltr'>secundum</span> <span class='ocrx_word' id='word_1_601' title='bbox 1840 1437 2137 1474; x_wconf 87' lang='lat' dir='ltr'>humanitatem:</span> <span class='ocrx_word' id='word_1_602' title='bbox 2169 1438 2259 1487; x_wconf 89' lang='lat' dir='ltr'>quia</span> <span class='ocrx_word' id='word_1_603' title='bbox 2288 1451 2333 1475; x_wconf 85' lang='lat' dir='ltr'>ex</span> <span class='ocrx_word' id='word_1_604' title='bbox 2353 1451 2398 1475; x_wconf 86' lang='lat' dir='ltr'>ea</span> 
     </span>
    </p>
   </div>
   <div class='ocr_carea' id='block_1_31' title="bbox 1337 1489 2414 1540">
    <p class='ocr_par' dir='ltr' id='par_1_34' title="bbox 1337 1489 2414 1540">
     <span class='ocr_line' id='line_1_89' title="bbox 1337 1489 2414 1540; baseline 0.002 -14"><span class='ocrx_word' id='word_1_605' title='bbox 1337 1489 1481 1538; x_wconf 90' lang='lat' dir='ltr'>accepit</span> <span class='ocrx_word' id='word_1_606' title='bbox 1509 1490 1723 1526; x_wconf 90' lang='lat' dir='ltr'>humanam</span> <span class='ocrx_word' id='word_1_607' title='bbox 1751 1497 1939 1526; x_wconf 89' lang='lat' dir='ltr'>naturam.</span> <span class='ocrx_word' id='word_1_608' title='bbox 1970 1491 2018 1527; x_wconf 89' lang='lat' dir='ltr'>Et</span> <span class='ocrx_word' id='word_1_609' title='bbox 2046 1490 2132 1527; x_wconf 91' lang='lat' dir='ltr'>ideo</span> <span class='ocrx_word' id='word_1_610' title='bbox 2152 1503 2244 1540; x_wconf 87' lang='lat' dir='ltr'>prae</span> <span class='ocrx_word' id='word_1_611' title='bbox 2268 1491 2414 1528; x_wconf 45' lang='lat' dir='ltr'>ceteris,</span> 
     </span>
    </p>
   </div>
   <div class='ocr_carea' id='block_1_32' title="bbox 1338 1542 2404 3178">
    <p class='ocr_par' dir='ltr' id='par_1_35' title="bbox 1338 1542 2399 1632">
     <span class='ocr_line' id='line_1_90' title="bbox 1338 1542 2399 1592; baseline 0.002 -13"><span class='ocrx_word' id='word_1_612' title='bbox 1338 1542 1526 1579; x_wconf 85' lang='lat' dir='ltr'>maiorem</span> <span class='ocrx_word' id='word_1_613' title='bbox 1554 1542 1686 1579; x_wconf 90' lang='lat' dir='ltr'>debuit</span> <span class='ocrx_word' id='word_1_614' title='bbox 1714 1555 1736 1579; x_wconf 90' lang='lat' dir='ltr'>a</span> <span class='ocrx_word' id='word_1_615' title='bbox 1765 1542 1916 1579; x_wconf 90' lang='lat' dir='ltr'>Christo</span> <span class='ocrx_word' id='word_1_616' title='bbox 1945 1543 2223 1592; x_wconf 87' lang='lat' dir='ltr'>plenitudinem</span> <span class='ocrx_word' id='word_1_617' title='bbox 2260 1543 2399 1592; x_wconf 87' lang='lat' dir='ltr'>gratiae</span> 
     </span>
     <span class='ocr_line' id='line_1_91' title="bbox 1338 1595 1522 1632; baseline 0 0"><span class='ocrx_word' id='word_1_618' title='bbox 1338 1595 1522 1632; x_wconf 89' lang='lat' dir='ltr'>obtinere.</span> 
     </span>
    </p>

    <p class='ocr_par' dir='ltr' id='par_1_36' title="bbox 1339 1649 2404 2373">
     <span class='ocr_line' id='line_1_92' title="bbox 1392 1649 2401 1699; baseline 0.002 -14"><span class='ocrx_word' id='word_1_619' title='bbox 1392 1650 1449 1685; x_wconf 88' lang='lat' dir='ltr'>An</span> <span class='ocrx_word' id='word_1_620' title='bbox 1483 1661 1618 1686; x_wconf 84' lang='lat' dir='ltr'>PRlMUM</span> <span class='ocrx_word' id='word_1_621' title='bbox 1655 1660 1753 1685; x_wconf 83' lang='lat' dir='ltr'>ERGO</span> <span class='ocrx_word' id='word_1_622' title='bbox 1791 1660 1972 1686; x_wconf 77' lang='lat' dir='ltr'>mCENDUM</span> <span class='ocrx_word' id='word_1_623' title='bbox 2000 1650 2106 1697; x_wconf 89' lang='lat' dir='ltr'>quod</span> <span class='ocrx_word' id='word_1_624' title='bbox 2140 1649 2350 1699; x_wconf 90' lang='lat' dir='ltr'>unicuique</span> <span class='ocrx_word' id='word_1_625' title='bbox 2379 1663 2401 1687; x_wconf 91' lang='lat' dir='ltr'>a</span> 
     </span>
     <span class='ocr_line' id='line_1_93' title="bbox 1339 1701 2400 1751; baseline 0.003 -14"><span class='ocrx_word' id='word_1_626' title='bbox 1339 1702 1423 1738; x_wconf 91' lang='lat' dir='ltr'>Deo</span> <span class='ocrx_word' id='word_1_627' title='bbox 1452 1701 1565 1738; x_wconf 90' lang='lat' dir='ltr'>datur</span> <span class='ocrx_word' id='word_1_628' title='bbox 1591 1701 1707 1748; x_wconf 89' lang='lat' dir='ltr'>gratia</span> <span class='ocrx_word' id='word_1_629' title='bbox 1736 1701 1952 1738; x_wconf 90' lang='lat' dir='ltr'>secundum</span> <span class='ocrx_word' id='word_1_630' title='bbox 1980 1702 2055 1738; x_wconf 91' lang='lat' dir='ltr'>hoc</span> <span class='ocrx_word' id='word_1_631' title='bbox 2083 1702 2131 1738; x_wconf 87' lang='lat' dir='ltr'>ad</span> <span class='ocrx_word' id='word_1_632' title='bbox 2160 1703 2267 1751; x_wconf 92' lang='lat' dir='ltr'>quod</span> <span class='ocrx_word' id='word_1_633' title='bbox 2300 1703 2400 1751; x_wconf 85' lang='lat' dir='ltr'>eligi-</span> 
     </span>
     <span class='ocr_line' id='line_1_94' title="bbox 1339 1753 2400 1803; baseline 0.003 -13"><span class='ocrx_word' id='word_1_634' title='bbox 1339 1762 1410 1790; x_wconf 86' lang='lat' dir='ltr'>tur.</span> <span class='ocrx_word' id='word_1_635' title='bbox 1441 1755 1488 1790; x_wconf 86' lang='lat' dir='ltr'>Et</span> <span class='ocrx_word' id='word_1_636' title='bbox 1508 1753 1598 1803; x_wconf 88' lang='lat' dir='ltr'>quia</span> <span class='ocrx_word' id='word_1_637' title='bbox 1628 1753 1812 1800; x_wconf 89' lang='lat' dir='ltr'>Christus,</span> <span class='ocrx_word' id='word_1_638' title='bbox 1842 1754 2073 1803; x_wconf 90' lang='lat' dir='ltr'>inquantum</span> <span class='ocrx_word' id='word_1_639' title='bbox 2102 1762 2157 1791; x_wconf 91' lang='lat' dir='ltr'>est</span> <span class='ocrx_word' id='word_1_640' title='bbox 2185 1756 2322 1803; x_wconf 90' lang='lat' dir='ltr'>homo,</span> <span class='ocrx_word' id='word_1_641' title='bbox 2352 1757 2400 1793; x_wconf 91' lang='lat' dir='ltr'>ad</span> 
     </span>
     <span class='ocr_line' id='line_1_95' title="bbox 1339 1806 2401 1858; baseline 0.004 -16"><span class='ocrx_word' id='word_1_642' title='bbox 1339 1808 1415 1843; x_wconf 93' lang='lat' dir='ltr'>hoc</span> <span class='ocrx_word' id='word_1_643' title='bbox 1442 1806 1511 1843; x_wconf 86' lang='lat' dir='ltr'>fuit</span> <span class='ocrx_word' id='word_1_644' title='bbox 1538 1806 1840 1855; x_wconf 84' lang='lat' dir='ltr'>praedestinatus</span> <span class='ocrx_word' id='word_1_645' title='bbox 1868 1814 1904 1843; x_wconf 90' lang='lat' dir='ltr'>et</span> <span class='ocrx_word' id='word_1_646' title='bbox 1932 1808 2072 1844; x_wconf 89' lang='lat' dir='ltr'>electus</span> <span class='ocrx_word' id='word_1_647' title='bbox 2100 1815 2142 1844; x_wconf 92' lang='lat' dir='ltr'>ut</span> <span class='ocrx_word' id='word_1_648' title='bbox 2170 1816 2267 1844; x_wconf 87' lang='lat' dir='ltr'>esset</span> <span class='ocrx_word' id='word_1_649' title='bbox 2289 1822 2401 1858; x_wconf 88' lang='lat' dir='ltr'>prae-</span> 
     </span>
     <span class='ocr_line' id='line_1_96' title="bbox 1339 1857 2400 1908; baseline 0.002 -12"><span class='ocrx_word' id='word_1_650' title='bbox 1339 1860 1536 1896; x_wconf 84' lang='lat' dir='ltr'>destinatus</span> <span class='ocrx_word' id='word_1_651' title='bbox 1555 1857 1567 1881; x_wconf 70' lang='grc' dir='ltr'><em>δ</em></span> <span class='ocrx_word' id='word_1_652' title='bbox 1595 1860 1711 1896; x_wconf 88' lang='lat' dir='ltr'>Filius</span> <span class='ocrx_word' id='word_1_653' title='bbox 1737 1860 1812 1896; x_wconf 87' lang='lat' dir='ltr'>Dei</span> <span class='ocrx_word' id='word_1_654' title='bbox 1837 1861 1873 1896; x_wconf 91' lang='lat' dir='ltr'>in</span> <span class='ocrx_word' id='word_1_655' title='bbox 1902 1862 2033 1897; x_wconf 80' lang='lat' dir='ltr'>virtute</span> <span class='ocrx_word' id='word_1_656' title='bbox 2059 1863 2356 1908; x_wconf 88' lang='lat' dir='ltr'>sanctificationis</span> <span class='ocrx_word' id='word_1_657' title='bbox 2370 1861 2400 1906; x_wconf 73' lang='lat'>²³⁴,</span> 
     </span>
     <span class='ocr_line' id='line_1_97' title="bbox 1339 1911 2402 1963; baseline 0.003 -15"><span class='ocrx_word' id='word_1_658' title='bbox 1339 1913 1415 1949; x_wconf 91' lang='lat' dir='ltr'>hoc</span> <span class='ocrx_word' id='word_1_659' title='bbox 1442 1911 1511 1949; x_wconf 89' lang='lat' dir='ltr'>fuit</span> <span class='ocrx_word' id='word_1_660' title='bbox 1537 1912 1740 1961; x_wconf 91' lang='lat' dir='ltr'>proprium</span> <span class='ocrx_word' id='word_1_661' title='bbox 1769 1912 1850 1958; x_wconf 89' lang='lat' dir='ltr'>sibi,</span> <span class='ocrx_word' id='word_1_662' title='bbox 1880 1920 1922 1949; x_wconf 91' lang='lat' dir='ltr'>ut</span> <span class='ocrx_word' id='word_1_663' title='bbox 1950 1913 2107 1950; x_wconf 90' lang='lat' dir='ltr'>haberet</span> <span class='ocrx_word' id='word_1_664' title='bbox 2134 1915 2249 1951; x_wconf 90' lang='lat' dir='ltr'>talem</span> <span class='ocrx_word' id='word_1_665' title='bbox 2283 1914 2402 1963; x_wconf 88' lang='lat' dir='ltr'>pleni-</span> 
     </span>
     <span class='ocr_line' id='line_1_98' title="bbox 1339 1965 2402 2014; baseline 0.002 -12"><span class='ocrx_word' id='word_1_666' title='bbox 1339 1965 1515 2002; x_wconf 88' lang='lat' dir='ltr'>tudinem</span> <span class='ocrx_word' id='word_1_667' title='bbox 1542 1965 1680 2012; x_wconf 86' lang='lat' dir='ltr'>gratiae</span> <span class='ocrx_word' id='word_1_668' title='bbox 1705 1965 1812 2014; x_wconf 90' lang='lat' dir='ltr'>quod</span> <span class='ocrx_word' id='word_1_669' title='bbox 1841 1966 2072 2003; x_wconf 88' lang='lat' dir='ltr'>redundaret</span> <span class='ocrx_word' id='word_1_670' title='bbox 2100 1966 2139 2003; x_wconf 91' lang='lat' dir='ltr'>in</span> <span class='ocrx_word' id='word_1_671' title='bbox 2159 1979 2316 2004; x_wconf 89' lang='lat' dir='ltr'>omnes:</span> <span class='ocrx_word' id='word_1_672' title='bbox 2346 1979 2402 2004; x_wconf 90' lang='lat' dir='ltr'>se-</span> 
     </span>
     <span class='ocr_line' id='line_1_99' title="bbox 1340 2018 2404 2069; baseline 0.002 -14"><span class='ocrx_word' id='word_1_673' title='bbox 1340 2019 1514 2055; x_wconf 90' lang='lat' dir='ltr'>cundum</span> <span class='ocrx_word' id='word_1_674' title='bbox 1550 2018 1657 2067; x_wconf 93' lang='lat' dir='ltr'>quod</span> <span class='ocrx_word' id='word_1_675' title='bbox 1693 2018 1830 2055; x_wconf 87' lang='lat' dir='ltr'>dicitur</span> <span class='ocrx_word' id='word_1_676' title='bbox 1866 2019 2056 2056; x_wconf 73' lang='lat' dir='ltr'>Ioan.1*:</span> <span class='ocrx_word' id='word_1_677' title='bbox 2095 2021 2154 2056; x_wconf 90' lang='lat' dir='ltr'>De</span> <span class='ocrx_word' id='word_1_678' title='bbox 2175 2021 2404 2069; x_wconf 86' lang='lat' dir='ltr'>plenitudine</span> 
     </span>
     <span class='ocr_line' id='line_1_100' title="bbox 1340 2072 2404 2121; baseline 0.002 -13"><span class='ocrx_word' id='word_1_679' title='bbox 1340 2074 1416 2108; x_wconf 89' lang='lat' dir='ltr'>eius</span> <span class='ocrx_word' id='word_1_680' title='bbox 1436 2083 1503 2108; x_wconf 89' lang='lat' dir='ltr'>nos</span> <span class='ocrx_word' id='word_1_681' title='bbox 1521 2083 1650 2108; x_wconf 89' lang='lat' dir='ltr'>omnes</span> <span class='ocrx_word' id='word_1_682' title='bbox 1668 2073 1887 2121; x_wconf 87' lang='lat' dir='ltr'>accepimus.</span> <span class='ocrx_word' id='word_1_683' title='bbox 1914 2072 1990 2109; x_wconf 91' lang='lat' dir='ltr'>Sed</span> <span class='ocrx_word' id='word_1_684' title='bbox 2010 2073 2127 2109; x_wconf 90' lang='lat' dir='ltr'>Beata</span> <span class='ocrx_word' id='word_1_685' title='bbox 2145 2073 2261 2121; x_wconf 88' lang='lat' dir='ltr'>Virgo</span> <span class='ocrx_word' id='word_1_686' title='bbox 2280 2073 2404 2111; x_wconf 89' lang='lat' dir='ltr'>Maria</span> 
     </span>
     <span class='ocr_line' id='line_1_101' title="bbox 1340 2123 2403 2175; baseline 0.004 -15"><span class='ocrx_word' id='word_1_687' title='bbox 1340 2132 1485 2165; x_wconf 83' lang='lat' dir='ltr'>tantam</span> <span class='ocrx_word' id='word_1_688' title='bbox 1503 2123 1642 2171; x_wconf 86' lang='lat' dir='ltr'>gratiae</span> <span class='ocrx_word' id='word_1_689' title='bbox 1663 2123 1826 2161; x_wconf 90' lang='lat' dir='ltr'>obtinuit</span> <span class='ocrx_word' id='word_1_690' title='bbox 1843 2124 2122 2173; x_wconf 90' lang='lat' dir='ltr'>plenitudinem</span> <span class='ocrx_word' id='word_1_691' title='bbox 2142 2133 2183 2162; x_wconf 91' lang='lat' dir='ltr'>ut</span> <span class='ocrx_word' id='word_1_692' title='bbox 2203 2134 2300 2163; x_wconf 88' lang='lat' dir='ltr'>esset</span> <span class='ocrx_word' id='word_1_693' title='bbox 2318 2139 2403 2175; x_wconf 91' lang='lat' dir='ltr'>pro-</span> 
     </span>
     <span class='ocr_line' id='line_1_102' title="bbox 1340 2176 2403 2228; baseline 0.002 -14"><span class='ocrx_word' id='word_1_694' title='bbox 1340 2176 1593 2226; x_wconf 88' lang='lat' dir='ltr'>pinquissima</span> <span class='ocrx_word' id='word_1_695' title='bbox 1625 2177 1771 2214; x_wconf 90' lang='lat' dir='ltr'>auctori</span> <span class='ocrx_word' id='word_1_696' title='bbox 1798 2177 1958 2224; x_wconf 88' lang='lat' dir='ltr'>gratiae:</span> <span class='ocrx_word' id='word_1_697' title='bbox 1996 2177 2045 2214; x_wconf 91' lang='lat' dir='ltr'>ita</span> <span class='ocrx_word' id='word_1_698' title='bbox 2074 2179 2181 2227; x_wconf 89' lang='lat' dir='ltr'>quod</span> <span class='ocrx_word' id='word_1_699' title='bbox 2216 2191 2308 2216; x_wconf 88' lang='lat' dir='ltr'>eum</span> <span class='ocrx_word' id='word_1_700' title='bbox 2336 2179 2403 2228; x_wconf 93' lang='lat' dir='ltr'>qui</span> 
     </span>
     <span class='ocr_line' id='line_1_103' title="bbox 1341 2229 2402 2280; baseline 0.002 -13"><span class='ocrx_word' id='word_1_701' title='bbox 1341 2238 1396 2267; x_wconf 89' lang='lat' dir='ltr'>est</span> <span class='ocrx_word' id='word_1_702' title='bbox 1423 2231 1561 2279; x_wconf 89' lang='lat' dir='ltr'>plenus</span> <span class='ocrx_word' id='word_1_703' title='bbox 1589 2229 1697 2266; x_wconf 92' lang='lat' dir='ltr'>omni</span> <span class='ocrx_word' id='word_1_704' title='bbox 1719 2229 1848 2277; x_wconf 88' lang='lat' dir='ltr'>gratia,</span> <span class='ocrx_word' id='word_1_705' title='bbox 1869 2229 1908 2266; x_wconf 90' lang='lat' dir='ltr'>in</span> <span class='ocrx_word' id='word_1_706' title='bbox 1933 2242 1973 2266; x_wconf 90' lang='lat' dir='ltr'>se</span> <span class='ocrx_word' id='word_1_707' title='bbox 2002 2230 2204 2280; x_wconf 81' lang='lat' dir='ltr'>reciperet3</span> <span class='ocrx_word' id='word_1_708' title='bbox 2243 2239 2289 2279; x_wconf 84' lang='lat' dir='ltr'>et,</span> <span class='ocrx_word' id='word_1_709' title='bbox 2311 2244 2402 2269; x_wconf 88' lang='lat' dir='ltr'>eum</span> 
     </span>
     <span class='ocr_line' id='line_1_104' title="bbox 1341 2282 2402 2332; baseline 0.003 -13"><span class='ocrx_word' id='word_1_710' title='bbox 1341 2283 1545 2332; x_wconf 91' lang='lat' dir='ltr'>pariendo,</span> <span class='ocrx_word' id='word_1_711' title='bbox 1575 2283 1871 2331; x_wconf 91' lang='lat' dir='ltr'>quodammodo</span> <span class='ocrx_word' id='word_1_712' title='bbox 1904 2282 2062 2330; x_wconf 89' lang='lat' dir='ltr'>gratiam</span> <span class='ocrx_word' id='word_1_713' title='bbox 2090 2284 2139 2321; x_wconf 90' lang='lat' dir='ltr'>ad</span> <span class='ocrx_word' id='word_1_714' title='bbox 2174 2296 2311 2322; x_wconf 90' lang='lat' dir='ltr'>omnes</span> <span class='ocrx_word' id='word_1_715' title='bbox 2339 2286 2402 2322; x_wconf 89' lang='lat' dir='ltr'>de-</span> 
     </span>
     <span class='ocr_line' id='line_1_105' title="bbox 1341 2336 1490 2373; baseline -0.007 0"><span class='ocrx_word' id='word_1_716' title='bbox 1341 2336 1490 2373; x_wconf 88' lang='lat' dir='ltr'>rivaret.</span> 
     </span>
    </p>

    <p class='ocr_par' dir='ltr' id='par_1_37' title="bbox 1340 2388 2402 2863">
     <span class='ocr_line' id='line_1_106' title="bbox 1394 2388 2402 2438; baseline 0.002 -12"><span class='ocrx_word' id='word_1_717' title='bbox 1394 2391 1451 2426; x_wconf 83' lang='lat' dir='ltr'>An</span> <span class='ocrx_word' id='word_1_718' title='bbox 1480 2401 1669 2426; x_wconf 77' lang='lat' dir='ltr'>SECUNDUM</span> <span class='ocrx_word' id='word_1_719' title='bbox 1697 2401 1879 2426; x_wconf 85' lang='lat' dir='ltr'>DICENDUM</span> <span class='ocrx_word' id='word_1_720' title='bbox 1907 2389 2013 2438; x_wconf 91' lang='lat' dir='ltr'>quod</span> <span class='ocrx_word' id='word_1_721' title='bbox 2043 2388 2082 2425; x_wconf 92' lang='lat' dir='ltr'>in</span> <span class='ocrx_word' id='word_1_722' title='bbox 2110 2389 2224 2426; x_wconf 89' lang='lat' dir='ltr'>rebus</span> <span class='ocrx_word' id='word_1_723' title='bbox 2253 2398 2402 2428; x_wconf 89' lang='lat' dir='ltr'>natura-</span> 
     </span>
     <span class='ocr_line' id='line_1_107' title="bbox 1341 2441 2401 2492; baseline 0.001 -13"><span class='ocrx_word' id='word_1_724' title='bbox 1341 2443 1440 2479; x_wconf 91' lang='lat' dir='ltr'>libus</span> <span class='ocrx_word' id='word_1_725' title='bbox 1467 2442 1595 2491; x_wconf 90' lang='lat' dir='ltr'>primo</span> <span class='ocrx_word' id='word_1_726' title='bbox 1633 2441 1791 2490; x_wconf 90' lang='lat' dir='ltr'>quidem</span> <span class='ocrx_word' id='word_1_727' title='bbox 1824 2450 1879 2478; x_wconf 89' lang='lat' dir='ltr'>est</span> <span class='ocrx_word' id='word_1_728' title='bbox 1912 2442 2092 2491; x_wconf 85' lang='lat' dir='ltr'>perfectio</span> <span class='ocrx_word' id='word_1_729' title='bbox 2128 2442 2401 2492; x_wconf 87' lang='lat' dir='ltr'>dispositionis:</span> 
     </span>
     <span class='ocr_line' id='line_1_108' title="bbox 1340 2494 2402 2546; baseline 0.001 -14"><span class='ocrx_word' id='word_1_730' title='bbox 1340 2503 1433 2545; x_wconf 89' lang='lat' dir='ltr'>puta</span> <span class='ocrx_word' id='word_1_731' title='bbox 1460 2507 1551 2532; x_wconf 89' lang='lat' dir='ltr'>cum</span> <span class='ocrx_word' id='word_1_732' title='bbox 1571 2494 1729 2531; x_wconf 86' lang='lat' dir='ltr'>materia</span> <span class='ocrx_word' id='word_1_733' title='bbox 1748 2502 1803 2531; x_wconf 89' lang='lat' dir='ltr'>est</span> <span class='ocrx_word' id='word_1_734' title='bbox 1821 2496 1983 2544; x_wconf 89' lang='lat' dir='ltr'>perfecte</span> <span class='ocrx_word' id='word_1_735' title='bbox 2010 2495 2057 2532; x_wconf 90' lang='lat' dir='ltr'>ad</span> <span class='ocrx_word' id='word_1_736' title='bbox 2082 2496 2246 2532; x_wconf 87' lang='lat' dir='ltr'>formam</span> <span class='ocrx_word' id='word_1_737' title='bbox 2275 2496 2402 2546; x_wconf 90' lang='lat' dir='ltr'>dispo-</span> 
     </span>
     <span class='ocr_line' id='line_1_109' title="bbox 1341 2547 2402 2598; baseline 0 -12"><span class='ocrx_word' id='word_1_738' title='bbox 1341 2548 1420 2586; x_wconf 86' lang='lat' dir='ltr'>sita.</span> <span class='ocrx_word' id='word_1_739' title='bbox 1452 2548 1632 2586; x_wconf 89' lang='lat' dir='ltr'>Secundo</span> <span class='ocrx_word' id='word_1_740' title='bbox 1661 2556 1790 2585; x_wconf 88' lang='lat' dir='ltr'>autern</span> <span class='ocrx_word' id='word_1_741' title='bbox 1819 2555 1874 2584; x_wconf 90' lang='lat' dir='ltr'>est</span> <span class='ocrx_word' id='word_1_742' title='bbox 1900 2547 2079 2597; x_wconf 85' lang='lat' dir='ltr'>perfectio</span> <span class='ocrx_word' id='word_1_743' title='bbox 2107 2548 2272 2595; x_wconf 90' lang='lat' dir='ltr'>formae,</span> <span class='ocrx_word' id='word_1_744' title='bbox 2303 2562 2402 2598; x_wconf 91' lang='lat' dir='ltr'>quae</span> 
     </span>
     <span class='ocr_line' id='line_1_110' title="bbox 1341 2601 2402 2651; baseline -0.001 -12"><span class='ocrx_word' id='word_1_745' title='bbox 1341 2610 1396 2639; x_wconf 88' lang='lat' dir='ltr'>est</span> <span class='ocrx_word' id='word_1_746' title='bbox 1423 2601 1567 2651; x_wconf 88' lang='lat' dir='ltr'>potior:</span> <span class='ocrx_word' id='word_1_747' title='bbox 1597 2613 1689 2637; x_wconf 92' lang='lat' dir='ltr'>narn</span> <span class='ocrx_word' id='word_1_748' title='bbox 1718 2609 1754 2637; x_wconf 92' lang='lat' dir='ltr'>et</span> <span class='ocrx_word' id='word_1_749' title='bbox 1782 2601 1862 2650; x_wconf 88' lang='lat' dir='ltr'>ipse</span> <span class='ocrx_word' id='word_1_750' title='bbox 1891 2602 1994 2638; x_wconf 87' lang='lat' dir='ltr'>calor</span> <span class='ocrx_word' id='word_1_751' title='bbox 2022 2608 2075 2637; x_wconf 89' lang='lat' dir='ltr'>est</span> <span class='ocrx_word' id='word_1_752' title='bbox 2102 2601 2302 2650; x_wconf 87' lang='lat' dir='ltr'>perfectior</span> <span class='ocrx_word' id='word_1_753' title='bbox 2336 2602 2402 2651; x_wconf 90' lang='lat' dir='ltr'>qui</span> 
     </span>
     <span class='ocr_line' id='line_1_111' title="bbox 1340 2653 2402 2704; baseline 0 -12"><span class='ocrx_word' id='word_1_754' title='bbox 1340 2654 1518 2704; x_wconf 91' lang='lat' dir='ltr'>provenit</span> <span class='ocrx_word' id='word_1_755' title='bbox 1546 2666 1592 2690; x_wconf 88' lang='lat' dir='ltr'>ex</span> <span class='ocrx_word' id='word_1_756' title='bbox 1619 2653 1743 2690; x_wconf 87' lang='lat' dir='ltr'>forma</span> <span class='ocrx_word' id='word_1_757' title='bbox 1772 2653 1886 2702; x_wconf 80' lang='lat' dir='ltr'>ignis,</span> <span class='ocrx_word' id='word_1_758' title='bbox 1915 2666 2034 2703; x_wconf 88' lang='lat' dir='ltr'>quam</span> <span class='ocrx_word' id='word_1_759' title='bbox 2063 2653 2122 2691; x_wconf 89' lang='lat' dir='ltr'>ille</span> <span class='ocrx_word' id='word_1_760' title='bbox 2151 2654 2217 2703; x_wconf 92' lang='lat' dir='ltr'>qui</span> <span class='ocrx_word' id='word_1_761' title='bbox 2253 2655 2301 2691; x_wconf 92' lang='lat' dir='ltr'>ad</span> <span class='ocrx_word' id='word_1_762' title='bbox 2328 2656 2402 2692; x_wconf 88' lang='lat' dir='ltr'>for-</span> 
     </span>
     <span class='ocr_line' id='line_1_112' title="bbox 1341 2706 2402 2756; baseline 0 -11"><span class='ocrx_word' id='word_1_763' title='bbox 1341 2720 1448 2745; x_wconf 91' lang='lat' dir='ltr'>mam</span> <span class='ocrx_word' id='word_1_764' title='bbox 1476 2707 1571 2755; x_wconf 87' lang='lat' dir='ltr'>ignis</span> <span class='ocrx_word' id='word_1_765' title='bbox 1599 2707 1836 2755; x_wconf 88' lang='lat' dir='ltr'>disponebat.</span> <span class='ocrx_word' id='word_1_766' title='bbox 1876 2706 2006 2744; x_wconf 88' lang='lat' dir='ltr'>Tertio</span> <span class='ocrx_word' id='word_1_767' title='bbox 2035 2715 2165 2744; x_wconf 91' lang='lat' dir='ltr'>autem</span> <span class='ocrx_word' id='word_1_768' title='bbox 2194 2715 2248 2743; x_wconf 89' lang='lat' dir='ltr'>est</span> <span class='ocrx_word' id='word_1_769' title='bbox 2282 2708 2402 2756; x_wconf 89' lang='lat' dir='ltr'>perfe-</span> 
     </span>
     <span class='ocr_line' id='line_1_113' title="bbox 1341 2759 2402 2808; baseline 0 -11"><span class='ocrx_word' id='word_1_770' title='bbox 1341 2761 1415 2798; x_wconf 91' lang='lat' dir='ltr'>ctio</span> <span class='ocrx_word' id='word_1_771' title='bbox 1443 2760 1549 2797; x_wconf 90' lang='lat' dir='ltr'>finis:</span> <span class='ocrx_word' id='word_1_772' title='bbox 1589 2759 1685 2797; x_wconf 88' lang='lat' dir='ltr'>sicut</span> <span class='ocrx_word' id='word_1_773' title='bbox 1713 2772 1804 2796; x_wconf 91' lang='lat' dir='ltr'>cum</span> <span class='ocrx_word' id='word_1_774' title='bbox 1823 2765 1834 2781; x_wconf 82' lang='lat'>⁸</span> <span class='ocrx_word' id='word_1_775' title='bbox 1863 2760 1958 2807; x_wconf 88' lang='lat' dir='ltr'>ignis</span> <span class='ocrx_word' id='word_1_776' title='bbox 1986 2761 2101 2797; x_wconf 88' lang='lat' dir='ltr'>habet</span> <span class='ocrx_word' id='word_1_777' title='bbox 2132 2760 2402 2808; x_wconf 88' lang='lat' dir='ltr'>perfectissime</span> 
     </span>
     <span class='ocr_line' id='line_1_114' title="bbox 1341 2812 2400 2863; baseline -0.001 -12"><span class='ocrx_word' id='word_1_778' title='bbox 1341 2826 1430 2851; x_wconf 89' lang='lat' dir='ltr'>suas</span> <span class='ocrx_word' id='word_1_779' title='bbox 1458 2813 1667 2863; x_wconf 88' lang='lat' dir='ltr'>qualitates,</span> <span class='ocrx_word' id='word_1_780' title='bbox 1688 2825 1776 2849; x_wconf 91' lang='lat' dir='ltr'>cum</span> <span class='ocrx_word' id='word_1_781' title='bbox 1808 2813 1856 2849; x_wconf 93' lang='lat' dir='ltr'>ad</span> <span class='ocrx_word' id='word_1_782' title='bbox 1885 2814 2014 2849; x_wconf 91' lang='lat' dir='ltr'>locum</span> <span class='ocrx_word' id='word_1_783' title='bbox 2039 2825 2154 2849; x_wconf 89' lang='lat' dir='ltr'>suum</span> <span class='ocrx_word' id='word_1_784' title='bbox 2174 2812 2400 2862; x_wconf 83' lang='lat' dir='ltr'>pervenerit.</span> 
     </span>
    </p>

    <p class='ocr_par' dir='ltr' id='par_1_38' title="bbox 1340 2865 2403 3178">
     <span class='ocr_line' id='line_1_115' title="bbox 1394 2865 2402 2916; baseline 0 -12"><span class='ocrx_word' id='word_1_785' title='bbox 1394 2867 1442 2904; x_wconf 92' lang='lat' dir='ltr'>Et</span> <span class='ocrx_word' id='word_1_786' title='bbox 1471 2866 1641 2903; x_wconf 89' lang='lat' dir='ltr'>similiter</span> <span class='ocrx_word' id='word_1_787' title='bbox 1668 2865 1707 2902; x_wconf 91' lang='lat' dir='ltr'>in</span> <span class='ocrx_word' id='word_1_788' title='bbox 1736 2866 1852 2902; x_wconf 88' lang='lat' dir='ltr'>Beata</span> <span class='ocrx_word' id='word_1_789' title='bbox 1880 2865 2033 2913; x_wconf 89' lang='lat' dir='ltr'>Virgine</span> <span class='ocrx_word' id='word_1_790' title='bbox 2061 2865 2130 2902; x_wconf 84' lang='lat' dir='ltr'>fuit</span> <span class='ocrx_word' id='word_1_791' title='bbox 2156 2866 2290 2914; x_wconf 89' lang='lat' dir='ltr'>triplex</span> <span class='ocrx_word' id='word_1_792' title='bbox 2318 2879 2402 2916; x_wconf 89' lang='lat' dir='ltr'>per-</span> 
     </span>
     <span class='ocr_line' id='line_1_116' title="bbox 1340 2917 2401 2968; baseline 0.001 -12"><span class='ocrx_word' id='word_1_793' title='bbox 1340 2919 1451 2956; x_wconf 91' lang='lat' dir='ltr'>fectio</span> <span class='ocrx_word' id='word_1_794' title='bbox 1480 2918 1630 2967; x_wconf 91' lang='lat' dir='ltr'>gratiae.</span> <span class='ocrx_word' id='word_1_795' title='bbox 1668 2917 1988 2967; x_wconf 78' lang='lat' dir='ltr'>Prima-quidem</span> <span class='ocrx_word' id='word_1_796' title='bbox 2024 2918 2133 2967; x_wconf 91' lang='lat' dir='ltr'>quasi</span> <span class='ocrx_word' id='word_1_797' title='bbox 2167 2918 2401 2968; x_wconf 90' lang='lat' dir='ltr'>dispositiva,</span> 
     </span>
     <span class='ocr_line' id='line_1_117' title="bbox 1341 2971 2403 3022; baseline 0 -13"><span class='ocrx_word' id='word_1_798' title='bbox 1341 2985 1411 3022; x_wconf 89' lang='lat' dir='ltr'>per</span> <span class='ocrx_word' id='word_1_799' title='bbox 1438 2984 1558 3021; x_wconf 90' lang='lat' dir='ltr'>quam</span> <span class='ocrx_word' id='word_1_800' title='bbox 1577 2971 1808 3008; x_wconf 89' lang='lat' dir='ltr'>reddebatur</span> <span class='ocrx_word' id='word_1_801' title='bbox 1835 2971 1975 3007; x_wconf 91' lang='lat' dir='ltr'>idonea</span> <span class='ocrx_word' id='word_1_802' title='bbox 1999 2971 2047 3007; x_wconf 90' lang='lat' dir='ltr'>ad</span> <span class='ocrx_word' id='word_1_803' title='bbox 2067 2972 2142 3007; x_wconf 92' lang='lat' dir='ltr'>hoc</span> <span class='ocrx_word' id='word_1_804' title='bbox 2170 2972 2277 3020; x_wconf 94' lang='lat' dir='ltr'>quod</span> <span class='ocrx_word' id='word_1_805' title='bbox 2306 2981 2403 3009; x_wconf 87' lang='lat' dir='ltr'>esset</span> 
     </span>
     <span class='ocr_line' id='line_1_118' title="bbox 1342 3023 2402 3072; baseline 0 -10"><span class='ocrx_word' id='word_1_806' title='bbox 1342 3034 1465 3062; x_wconf 89' lang='lat' dir='ltr'>mater</span> <span class='ocrx_word' id='word_1_807' title='bbox 1493 3024 1650 3061; x_wconf 89' lang='lat' dir='ltr'>Christi:</span> <span class='ocrx_word' id='word_1_808' title='bbox 1689 3031 1726 3060; x_wconf 89' lang='lat' dir='ltr'>et</span> <span class='ocrx_word' id='word_1_809' title='bbox 1754 3025 1848 3060; x_wconf 91' lang='lat' dir='ltr'>haec</span> <span class='ocrx_word' id='word_1_810' title='bbox 1876 3023 1944 3060; x_wconf 85' lang='lat' dir='ltr'>fuit</span> <span class='ocrx_word' id='word_1_811' title='bbox 1979 3023 2158 3072; x_wconf 88' lang='lat' dir='ltr'>perfectio</span> <span class='ocrx_word' id='word_1_812' title='bbox 2193 3025 2402 3062; x_wconf 89' lang='lat' dir='ltr'>sanctifica-</span> 
     </span>
     <span class='ocr_line' id='line_1_119' title="bbox 1341 3076 2402 3125; baseline 0.001 -11"><span class='ocrx_word' id='word_1_813' title='bbox 1341 3078 1465 3114; x_wconf 88' lang='lat' dir='ltr'>tionis.</span> <span class='ocrx_word' id='word_1_814' title='bbox 1506 3077 1685 3114; x_wconf 89' lang='lat' dir='ltr'>Secunda</span> <span class='ocrx_word' id='word_1_815' title='bbox 1721 3083 1849 3113; x_wconf 90' lang='lat' dir='ltr'>autern</span> <span class='ocrx_word' id='word_1_816' title='bbox 1877 3076 2056 3125; x_wconf 89' lang='lat' dir='ltr'>perfectio</span> <span class='ocrx_word' id='word_1_817' title='bbox 2093 3077 2232 3124; x_wconf 88' lang='lat' dir='ltr'>gratiae</span> <span class='ocrx_word' id='word_1_818' title='bbox 2267 3078 2336 3114; x_wconf 90' lang='lat' dir='ltr'>fuit</span> <span class='ocrx_word' id='word_1_819' title='bbox 2363 3078 2402 3115; x_wconf 91' lang='lat' dir='ltr'>in</span> 
     </span>
     <span class='ocr_line' id='line_1_120' title="bbox 1342 3129 2401 3178; baseline 0.001 -11"><span class='ocrx_word' id='word_1_820' title='bbox 1342 3132 1459 3167; x_wconf 89' lang='lat' dir='ltr'>Beata</span> <span class='ocrx_word' id='word_1_821' title='bbox 1473 3129 1626 3177; x_wconf 89' lang='lat' dir='ltr'>Virgine</span> <span class='ocrx_word' id='word_1_822' title='bbox 1647 3141 1692 3165; x_wconf 90' lang='lat' dir='ltr'>ex</span> <span class='ocrx_word' id='word_1_823' title='bbox 1711 3129 1924 3178; x_wconf 87' lang='lat' dir='ltr'>praesentia</span> <span class='ocrx_word' id='word_1_824' title='bbox 1943 3129 2026 3166; x_wconf 90' lang='lat' dir='ltr'>Filii</span> <span class='ocrx_word' id='word_1_825' title='bbox 2041 3129 2112 3166; x_wconf 90' lang='lat' dir='ltr'>Dei</span> <span class='ocrx_word' id='word_1_826' title='bbox 2132 3130 2171 3166; x_wconf 89' lang='lat' dir='ltr'>in</span> <span class='ocrx_word' id='word_1_827' title='bbox 2191 3130 2272 3166; x_wconf 89' lang='lat' dir='ltr'>eius</span> <span class='ocrx_word' id='word_1_828' title='bbox 2291 3139 2401 3168; x_wconf 90' lang='lat' dir='ltr'>utero</span> 
     </span>
    </p>
   </div>
   <div class='ocr_carea' id='block_1_33' title="bbox 1315 3182 2402 3232">
    <p class='ocr_par' dir='ltr' id='par_1_39' title="bbox 1315 3182 2402 3232">
     <span class='ocr_line' id='line_1_121' title="bbox 1315 3182 2402 3232; baseline 0.002 -13"><span class='ocrx_word' id='word_1_829' title='bbox 1315 3222 1316 3231; x_wconf 13' lang='grc' dir='ltr'>ἵ</span> <span class='ocrx_word' id='word_1_830' title='bbox 1343 3182 1536 3219; x_wconf 89' lang='lat' dir='ltr'>incarnati.</span> <span class='ocrx_word' id='word_1_831' title='bbox 1567 3182 1696 3219; x_wconf 87' lang='lat' dir='ltr'>Tertia</span> <span class='ocrx_word' id='word_1_832' title='bbox 1723 3190 1853 3218; x_wconf 91' lang='lat' dir='ltr'>autem</span> <span class='ocrx_word' id='word_1_833' title='bbox 1876 3182 2054 3231; x_wconf 89' lang='lat' dir='ltr'>perfectio</span> <span class='ocrx_word' id='word_1_834' title='bbox 2083 3191 2137 3219; x_wconf 91' lang='lat' dir='ltr'>est</span> <span class='ocrx_word' id='word_1_835' title='bbox 2165 3183 2262 3230; x_wconf 88' lang='lat' dir='ltr'>finis,</span> <span class='ocrx_word' id='word_1_836' title='bbox 2283 3196 2402 3232; x_wconf 88' lang='lat' dir='ltr'>quam</span> 
     </span>
    </p>
   </div>
   <div class='ocr_carea' id='block_1_34' title="bbox 1342 3235 2402 3445">
    <p class='ocr_par' dir='ltr' id='par_1_40' title="bbox 1343 3235 1681 3282">
     <span class='ocr_line' id='line_1_122' title="bbox 1343 3235 1681 3282; baseline -0.003 -10"><span class='ocrx_word' id='word_1_837' title='bbox 1343 3236 1459 3273; x_wconf 87' lang='lat' dir='ltr'>habet</span> <span class='ocrx_word' id='word_1_838' title='bbox 1487 3235 1525 3271; x_wconf 91' lang='lat' dir='ltr'>in</span> <span class='ocrx_word' id='word_1_839' title='bbox 1553 3235 1681 3282; x_wconf 89' lang='lat' dir='ltr'>gloria.</span> 
     </span>
    </p>

    <p class='ocr_par' dir='ltr' id='par_1_41' title="bbox 1342 3288 2402 3445">
     <span class='ocr_line' id='line_1_123' title="bbox 1396 3288 2402 3338; baseline 0.002 -14"><span class='ocrx_word' id='word_1_840' title='bbox 1396 3288 1515 3335; x_wconf 91' lang='lat' dir='ltr'>Quod</span> <span class='ocrx_word' id='word_1_841' title='bbox 1535 3296 1663 3324; x_wconf 90' lang='lat' dir='ltr'>autem</span> <span class='ocrx_word' id='word_1_842' title='bbox 1684 3289 1852 3325; x_wconf 90' lang='lat' dir='ltr'>secunda</span> <span class='ocrx_word' id='word_1_843' title='bbox 1871 3289 2050 3337; x_wconf 88' lang='lat' dir='ltr'>perfectio</span> <span class='ocrx_word' id='word_1_844' title='bbox 2071 3289 2115 3325; x_wconf 90' lang='lat' dir='ltr'>sit</span> <span class='ocrx_word' id='word_1_845' title='bbox 2134 3289 2260 3338; x_wconf 87' lang='lat' dir='ltr'>potior</span> <span class='ocrx_word' id='word_1_846' title='bbox 2283 3302 2402 3338; x_wconf 86' lang='lat' dir='ltr'>quarn</span> 
     </span>
     <span class='ocr_line' id='line_1_124' title="bbox 1342 3341 2400 3391; baseline 0.002 -14"><span class='ocrx_word' id='word_1_847' title='bbox 1342 3341 1477 3390; x_wconf 70' lang='lat' dir='ltr'>prima,</span> <span class='ocrx_word' id='word_1_848' title='bbox 1508 3349 1544 3377; x_wconf 88' lang='lat' dir='ltr'>et</span> <span class='ocrx_word' id='word_1_849' title='bbox 1571 3341 1677 3378; x_wconf 87' lang='lat' dir='ltr'>tertia</span> <span class='ocrx_word' id='word_1_850' title='bbox 1714 3354 1832 3390; x_wconf 90' lang='lat' dir='ltr'>quam</span> <span class='ocrx_word' id='word_1_851' title='bbox 1871 3342 2058 3389; x_wconf 87' lang='lat' dir='ltr'>secunda,</span> <span class='ocrx_word' id='word_1_852' title='bbox 2088 3350 2189 3391; x_wconf 87' lang='lat' dir='ltr'>patet</span> <span class='ocrx_word' id='word_1_853' title='bbox 2226 3342 2400 3391; x_wconf 78' lang='lat' dir='ltr'>quidem,</span> 
     </span>
     <span class='ocr_line' id='line_1_125' title="bbox 1343 3394 2402 3445; baseline 0.002 -15"><span class='ocrx_word' id='word_1_854' title='bbox 1343 3406 1423 3430; x_wconf 90' lang='lat' dir='ltr'>uno</span> <span class='ocrx_word' id='word_1_855' title='bbox 1452 3394 1584 3441; x_wconf 86' lang='lat' dir='ltr'>modo,</span> <span class='ocrx_word' id='word_1_856' title='bbox 1614 3406 1683 3443; x_wconf 89' lang='lat' dir='ltr'>per</span> <span class='ocrx_word' id='word_1_857' title='bbox 1709 3394 1973 3431; x_wconf 90' lang='lat' dir='ltr'>liberationem</span> <span class='ocrx_word' id='word_1_858' title='bbox 2002 3408 2023 3431; x_wconf 90' lang='lat' dir='ltr'>a</span> <span class='ocrx_word' id='word_1_859' title='bbox 2052 3397 2165 3432; x_wconf 88' lang='lat' dir='ltr'>malo.</span> <span class='ocrx_word' id='word_1_860' title='bbox 2196 3396 2299 3432; x_wconf 88' lang='lat' dir='ltr'>Nam</span> <span class='ocrx_word' id='word_1_861' title='bbox 2327 3395 2402 3445; x_wconf 87' lang='lat' dir='ltr'>pri-</span> 
     </span>
    </p>
   </div>
   <div class='ocr_carea' id='block_1_35' title="bbox 1341 3508 2402 3613">
    <p class='ocr_par' dir='ltr' id='par_1_42' title="bbox 1341 3508 2402 3613">
     <span class='ocr_line' id='line_1_126' title="bbox 1395 3508 2402 3542; baseline 0 -9"><span class='ocrx_word' id='word_1_862' title='bbox 1395 3508 1420 3542; x_wconf 80' lang='grc' dir='ltr'>δ)</span> <span class='ocrx_word' id='word_1_863' title='bbox 1438 3509 1664 3541; x_wconf 79' lang='lat' dir='ltr'>praedestinatus.</span> <span class='ocrx_word' id='word_1_864' title='bbox 1682 3523 1701 3527; x_wconf 86' lang='lat'>—</span> <span class='ocrx_word' id='word_1_865' title='bbox 1719 3509 1780 3535; x_wconf 84' lang='lat' dir='ltr'>Om.</span> <span class='ocrx_word' id='word_1_866' title='bbox 1795 3509 1823 3535; x_wconf 84' lang='grc' dir='ltr'>Ρ.</span> <span class='ocrx_word' id='word_1_867' title='bbox 1837 3510 1886 3533; x_wconf 81' lang='lat' dir='ltr'>Pro</span> <span class='ocrx_word' id='word_1_868' title='bbox 1905 3509 2011 3536; x_wconf 82' lang='lat' dir='ltr'>virtute,</span> <span class='ocrx_word' id='word_1_869' title='bbox 2027 3509 2139 3533; x_wconf 79' lang='lat' dir='ltr'>veritate</span> <span class='ocrx_word' id='word_1_870' title='bbox 2151 3509 2249 3539; x_wconf 84' lang='lat' dir='ltr'>ABCE,</span> <span class='ocrx_word' id='word_1_871' title='bbox 2265 3509 2362 3534; x_wconf 82' lang='lat' dir='ltr'>virtute</span> <span class='ocrx_word' id='word_1_872' title='bbox 2377 3513 2402 3534; x_wconf 79' lang='lat' dir='ltr'>et</span> 
     </span>
     <span class='ocr_line' id='line_1_127' title="bbox 1341 3545 2178 3577; baseline 0 -8"><span class='ocrx_word' id='word_1_873' title='bbox 1341 3545 1455 3569; x_wconf 83' lang='lat' dir='ltr'>veritate</span> <span class='ocrx_word' id='word_1_874' title='bbox 1474 3545 1514 3570; x_wconf 90' lang='lat' dir='ltr'>ed.</span> <span class='ocrx_word' id='word_1_875' title='bbox 1533 3552 1558 3570; x_wconf 81' lang='lat' dir='ltr'>a.</span> <span class='ocrx_word' id='word_1_876' title='bbox 1578 3546 1628 3569; x_wconf 86' lang='lat' dir='ltr'>Pro</span> <span class='ocrx_word' id='word_1_877' title='bbox 1647 3545 1874 3577; x_wconf 73' lang='lat' dir='ltr'>sanctificationis,</span> <span class='ocrx_word' id='word_1_878' title='bbox 1893 3545 2079 3577; x_wconf 74' lang='lat' dir='ltr'>sanctificandi</span> <span class='ocrx_word' id='word_1_879' title='bbox 2097 3545 2178 3569; x_wconf 79' lang='lat' dir='ltr'>tertia.</span> 
     </span>
     <span class='ocr_line' id='line_1_128' title="bbox 1397 3581 1797 3613; baseline 0.003 -9"><span class='ocrx_word' id='word_1_880' title='bbox 1397 3583 1419 3613; x_wconf 72' lang='grc' dir='ltr'>ε)</span> <span class='ocrx_word' id='word_1_881' title='bbox 1438 3588 1506 3606; x_wconf 85' lang='lat' dir='ltr'>cum.</span> <span class='ocrx_word' id='word_1_882' title='bbox 1525 3595 1543 3599; x_wconf 92' lang='lat'>—</span> <span class='ocrx_word' id='word_1_883' title='bbox 1563 3584 1625 3606; x_wconf 86' lang='lat' dir='ltr'>tunc</span> <span class='ocrx_word' id='word_1_884' title='bbox 1643 3581 1675 3612; x_wconf 85' lang='lat' dir='ltr'>G,</span> <span class='ocrx_word' id='word_1_885' title='bbox 1695 3588 1748 3605; x_wconf 88' lang='lat' dir='ltr'>om.</span> <span class='ocrx_word' id='word_1_886' title='bbox 1770 3581 1797 3605; x_wconf 88' lang='grc' dir='ltr'>Ρ.</span> 
     </span>
    </p>
   </div>
   <div class='ocr_carea' id='block_1_36' title="bbox 2227 3631 2259 3656">
    <p class='ocr_par' dir='ltr' id='par_1_43' title="bbox 2227 3631 2259 3656">
     <span class='ocr_line' id='line_1_129' title="bbox 2227 3631 2259 3656; baseline 0.031 -1"><span class='ocrx_word' id='word_1_887' title='bbox 2227 3631 2259 3656; x_wconf 84' lang='lat'>38</span> 
     </span>
    </p>
   </div>
   <div class='ocr_carea' id='block_1_37' title="bbox 2425 571 2638 598">
    <p class='ocr_par' dir='ltr' id='par_1_44' title="bbox 2425 571 2638 598">
     <span class='ocr_line' id='line_1_130' title="bbox 2425 571 2638 598; baseline 0 -6"><span class='ocrx_word' id='word_1_888' title='bbox 2425 573 2433 582; x_wconf 80' lang='grc'><em>·</em></span> <span class='ocrx_word' id='word_1_889' title='bbox 2459 571 2495 592; x_wconf 82' lang='lat' dir='ltr'>Cf.</span> <span class='ocrx_word' id='word_1_890' title='bbox 2517 578 2563 598; x_wconf 82' lang='lat' dir='ltr'>arg.</span> <span class='ocrx_word' id='word_1_891' title='bbox 2588 571 2638 592; x_wconf 75' lang='lat' dir='ltr'>Sea</span> 
     </span>
    </p>
   </div>
   <div class='ocr_carea' id='block_1_38' title="bbox 2423 600 2515 619">
    <p class='ocr_par' dir='ltr' id='par_1_45' title="bbox 2423 600 2515 619">
     <span class='ocr_line' id='line_1_131' title="bbox 2423 600 2515 619; baseline -0.011 0"><span class='ocrx_word' id='word_1_892' title='bbox 2423 600 2515 619; x_wconf 84' lang='lat' dir='ltr'>contra.</span> 
     </span>
    </p>
   </div>
   <div class='ocr_carea' id='block_1_39' title="bbox 2425 685 2639 944">
    <p class='ocr_par' dir='ltr' id='par_1_46' title="bbox 2425 685 2639 944">
     <span class='ocr_line' id='line_1_132' title="bbox 2425 685 2635 717; baseline -0.005 -10"><span class='ocrx_word' id='word_1_893' title='bbox 2425 687 2433 696; x_wconf 79' lang='lat'>⁸</span> <span class='ocrx_word' id='word_1_894' title='bbox 2442 685 2503 717; x_wconf 56' lang='lat' dir='ltr'>Vide</span> <span class='ocrx_word' id='word_1_895' title='bbox 2512 685 2565 707; x_wconf 83' lang='lat' dir='ltr'>VIII</span> <span class='ocrx_word' id='word_1_896' title='bbox 2574 685 2635 713; x_wconf 78' lang='lat' dir='ltr'>Phy-</span> 
     </span>
     <span class='ocr_line' id='line_1_133' title="bbox 2425 718 2634 739; baseline 0.005 -6"><span class='ocrx_word' id='word_1_897' title='bbox 2425 718 2465 733; x_wconf 71' lang='lat' dir='ltr'>src.</span> <span class='ocrx_word' id='word_1_898' title='bbox 2481 718 2530 739; x_wconf 83' lang='lat' dir='ltr'>cap.</span> <span class='ocrx_word' id='word_1_899' title='bbox 2543 718 2558 736; x_wconf 79' lang='grc' dir='ltr'>ι,</span> <span class='ocrx_word' id='word_1_900' title='bbox 2569 718 2611 734; x_wconf 62' lang='grc' dir='ltr'>ιιι</span> <span class='ocrx_word' id='word_1_901' title='bbox 2629 728 2634 736; x_wconf 78' lang='grc'><em>,</em></span> 
     </span>
     <span class='ocr_line' id='line_1_134' title="bbox 2425 738 2639 762; baseline 0 -3"><span class='ocrx_word' id='word_1_902' title='bbox 2425 738 2601 762; x_wconf 82' lang='lat' dir='ltr'>s.Th.lect.m;I</span> <span class='ocrx_word' id='word_1_903' title='bbox 2624 744 2639 759; x_wconf 89' lang='lat' dir='ltr'>e</span> 
     </span>
     <span class='ocr_line' id='line_1_135' title="bbox 2426 764 2636 790; baseline 0 -4"><span class='ocrx_word' id='word_1_904' title='bbox 2426 765 2489 786; x_wconf 84' lang='lat' dir='ltr'>Coel.</span> <span class='ocrx_word' id='word_1_905' title='bbox 2505 767 2528 786; x_wconf 85' lang='lat' dir='ltr'>et</span> <span class='ocrx_word' id='word_1_906' title='bbox 2545 764 2636 790; x_wconf 67' lang='lat' dir='ltr'>Mund„</span> 
     </span>
     <span class='ocr_line' id='line_1_136' title="bbox 2425 792 2635 818; baseline 0 -6"><span class='ocrx_word' id='word_1_907' title='bbox 2425 797 2476 818; x_wconf 79' lang='lat' dir='ltr'>cap.</span> <span class='ocrx_word' id='word_1_908' title='bbox 2485 798 2514 818; x_wconf 77' lang='lat' dir='ltr'>iv,</span> <span class='ocrx_word' id='word_1_909' title='bbox 2523 798 2545 812; x_wconf 92' lang='lat' dir='ltr'>n.</span> <span class='ocrx_word' id='word_1_910' title='bbox 2554 792 2576 818; x_wconf 80' lang='lat'>8,</span> <span class='ocrx_word' id='word_1_911' title='bbox 2585 797 2635 818; x_wconf 83' lang='lat' dir='ltr'>cap.</span> 
     </span>
     <span class='ocr_line' id='line_1_137' title="bbox 2426 823 2639 870; baseline 0 -5"><span class='ocrx_word' id='word_1_912' title='bbox 2426 851 2443 865; x_wconf 83' lang='lat' dir='ltr'>s.</span> <span class='ocrx_word' id='word_1_913' title='bbox 2458 844 2504 865; x_wconf 77' lang='lat' dir='ltr'>rh.</span> <span class='ocrx_word' id='word_1_914' title='bbox 2523 823 2639 870; x_wconf 44' lang='lat'>132⁵&amp;</span> 
     </span>
     <span class='ocr_line' id='line_1_138' title="bbox 2425 870 2638 896; baseline 0 -5"><span class='ocrx_word' id='word_1_915' title='bbox 2425 877 2492 895; x_wconf 80' lang='lat' dir='ltr'>xx1x;</span> <span class='ocrx_word' id='word_1_916' title='bbox 2508 870 2638 896; x_wconf 79' lang='lat' dir='ltr'>111cap.u,</span> 
     </span>
     <span class='ocr_line' id='line_1_139' title="bbox 2426 896 2637 924; baseline 0 -6"><span class='ocrx_word' id='word_1_917' title='bbox 2426 903 2447 918; x_wconf 90' lang='lat' dir='ltr'>n.</span> <span class='ocrx_word' id='word_1_918' title='bbox 2461 903 2491 924; x_wconf 77' lang='lat'>¹2,</span> <span class='ocrx_word' id='word_1_919' title='bbox 2503 903 2521 918; x_wconf 87' lang='lat' dir='ltr'>s.</span> <span class='ocrx_word' id='word_1_920' title='bbox 2529 896 2573 918; x_wconf 89' lang='lat' dir='ltr'>Th.</span> <span class='ocrx_word' id='word_1_921' title='bbox 2585 897 2637 918; x_wconf 83' lang='lat' dir='ltr'>lect.</span> 
     </span>
     <span class='ocr_line' id='line_1_140' title="bbox 2426 930 2466 944; baseline 0 0"><span class='ocrx_word' id='word_1_922' title='bbox 2426 931 2438 944; x_wconf 77' lang='lat' dir='ltr'>V</span> <span class='ocrx_word' id='word_1_923' title='bbox 2460 930 2466 944; x_wconf 93' lang='lat' dir='ltr'>I</span> 
     </span>
    </p>
   </div>
   <div class='ocr_carea' id='block_1_40' title="bbox 2425 824 2510 841">
    <p class='ocr_par' dir='ltr' id='par_1_47' title="bbox 2425 824 2510 841">
     <span class='ocr_line' id='line_1_141' title="bbox 2425 824 2510 841; baseline 0 -2"><span class='ocrx_word' id='word_1_924' title='bbox 2425 824 2466 841; x_wconf 79' lang='lat' dir='ltr'>xu.</span> <span class='ocrx_word' id='word_1_925' title='bbox 2489 824 2510 839; x_wconf 84' lang='lat' dir='ltr'>n.</span> 
     </span>
    </p>
   </div>
   <div class='ocr_carea' id='block_1_41' title="bbox 2441 930 2475 945">
    <p class='ocr_par' dir='ltr' id='par_1_48' title="bbox 2441 930 2475 945">
     <span class='ocr_line' id='line_1_142' title="bbox 2441 930 2475 945; baseline 0.029 -1"><span class='ocrx_word' id='word_1_926' title='bbox 2441 930 2475 945; x_wconf 87' lang='lat'>11.</span> 
     </span>
    </p>
   </div>
   <div class='ocr_carea' id='block_1_42' title="bbox 2527 1863 2541 1887">
    <p class='ocr_par' dir='ltr' id='par_1_49' title="bbox 2527 1863 2541 1887">
     <span class='ocr_line' id='line_1_143' title="bbox 2527 1863 2541 1887; baseline 0 0"><span class='ocrx_word' id='word_1_927' title='bbox 2527 1863 2541 1887; x_wconf 83' lang='grc' dir='ltr'>δ</span> 
     </span>
    </p>
   </div>
   <div class='ocr_carea' id='block_1_43' title="bbox 2431 1897 2640 1950">
    <p class='ocr_par' dir='ltr' id='par_1_50' title="bbox 2431 1897 2640 1950">
     <span class='ocr_line' id='line_1_144' title="bbox 2431 1897 2640 1924; baseline 0 -6"><span class='ocrx_word' id='word_1_928' title='bbox 2431 1898 2440 1907; x_wconf 79' lang='lat'>⁴</span> <span class='ocrx_word' id='word_1_929' title='bbox 2453 1897 2490 1918; x_wconf 83' lang='lat' dir='ltr'>Ad</span> <span class='ocrx_word' id='word_1_930' title='bbox 2503 1897 2576 1924; x_wconf 62' lang='lat' dir='ltr'>Rom„</span> <span class='ocrx_word' id='word_1_931' title='bbox 2590 1903 2640 1924; x_wconf 85' lang='lat' dir='ltr'>cap.</span> 
     </span>
     <span class='ocr_line' id='line_1_145' title="bbox 2431 1929 2558 1950; baseline 0 -6"><span class='ocrx_word' id='word_1_932' title='bbox 2431 1930 2446 1950; x_wconf 86' lang='grc' dir='ltr'>ι,</span> <span class='ocrx_word' id='word_1_933' title='bbox 2462 1929 2520 1945; x_wconf 84' lang='lat' dir='ltr'>vers.</span> <span class='ocrx_word' id='word_1_934' title='bbox 2535 1931 2558 1950; x_wconf 85' lang='lat'>4.</span> 
     </span>
    </p>
   </div>
   <div class='ocr_carea' id='block_1_44' title="bbox 2432 2024 2476 2045">
    <p class='ocr_par' dir='ltr' id='par_1_51' title="bbox 2432 2024 2476 2045">
     <span class='ocr_line' id='line_1_146' title="bbox 2432 2024 2476 2045; baseline 0 -11"><span class='ocrx_word' id='word_1_935' title='bbox 2432 2025 2440 2034; x_wconf 85' lang='lat'><strong>.</strong></span> <span class='ocrx_word' id='word_1_936' title='bbox 2455 2024 2476 2045; x_wconf 69' lang='lat' dir='ltr'>V</span> 
     </span>
    </p>
   </div>
   <div class='ocr_carea' id='block_1_45' title="bbox 2479 2030 2523 2045">
    <p class='ocr_par' dir='ltr' id='par_1_52' title="bbox 2479 2030 2523 2045">
     <span class='ocr_line' id='line_1_147' title="bbox 2479 2030 2523 2045; baseline 0 0"><span class='ocrx_word' id='word_1_937' title='bbox 2479 2030 2523 2045; x_wconf 74' lang='lat' dir='ltr'>erS.</span> 
     </span>
    </p>
   </div>
   <div class='ocr_carea' id='block_1_46' title="bbox 2540 2023 2572 2045">
    <p class='ocr_par' dir='ltr' id='par_1_53' title="bbox 2540 2023 2572 2045">
     <span class='ocr_line' id='line_1_148' title="bbox 2540 2023 2572 2045; baseline -0.031 0"><span class='ocrx_word' id='word_1_938' title='bbox 2540 2023 2572 2045; x_wconf 83' lang='lat'>16.</span> 
     </span>
    </p>
   </div>
  </div>
 </body>
</html>
