2872 3970
2368 253 2474 279 XXXIII

414 326 636 369 Sententia
680 326 761 366 ista
793 339 818 365 a
851 325 1057 365 Caietano
1093 324 1229 372 citata,
1264 324 1421 378 pluries
1465 325 1580 378 apud
1613 325 1658 365 S.
1682 324 1896 365 Thomam
1941 324 2106 379 legitur,
2138 325 2252 365 nulla
2291 325 2476 366 indicata

289 389 552 431 auctoritate.
589 388 673 435 Sic,
710 386 826 433 infra,
861 399 930 440 qu.
966 399 1068 434 xxn,
1097 392 1170 427 art.
1207 385 1245 434 5,
1281 399 1370 440 arg.
1412 398 1455 433 1;
1491 399 1561 439 qu.
1586 398 1702 434 XLIX,
1737 388 1876 434 art-3,
1910 399 1997 441 arg.
2030 399 2062 426 1.
2097 387 2215 435 Item,
2250 387 2306 427 III
2340 387 2471 434 Sent„

289 451 385 492 dist.
420 463 522 498 xxn,
558 455 632 490 art.
670 461 707 496 2,
744 461 802 501 qu
816 453 842 487 ⁸.
869 460 906 496 2,
943 447 1034 487 Sed
1060 451 1166 488 cont.
1202 449 1319 495 Item,
1355 447 1469 500 apud
1504 447 1547 488 S.
1583 448 1944 495 Bonaventuram,
1978 448 2039 487 IV
2063 448 2189 495 Sent„
2222 448 2319 489 dist.
2355 461 2472 497 XLV1,

289 519 365 553 art.
408 525 441 560 1,
476 524 547 565 qu.
589 523 638 559 1;
674 514 716 550 et
748 509 924 550 Halens.
959 509 1078 549 Sum.
1121 509 1260 549 Theol.
1295 514 1399 562 part.
1434 509 1502 557 ΙΙΙ,
1538 522 1608 562 qu.
1643 521 1730 557 xix,
1766 509 1922 550 memb.
1959 521 1999 560 4.

414 574 610 614 Habetur
642 571 684 611 in
718 571 873 611 Officio
908 570 1232 618 Defunctorum,
1269 583 1377 623 resp.
1404 581 1462 609 vn
1495 570 1549 610 ad
1582 571 1731 611 Matut.
1768 570 1811 611 S.
1836 571 2091 619 Bernardus,
2122 570 2258 611 Serm.
2282 572 2400 612 XLII
2423 571 2476 612 de

288 635 496 682 Diversis,
533 647 648 674 num.
684 632 724 681 5,
759 632 896 686 ipsam
930 632 1099 687 allegat.

414 757 496 810 Qu.
521 769 606 805 V111,
642 761 718 796 art.
749 766 787 808 7,
823 769 911 810 arg.
943 768 990 795 1:
1031 771 1048 792 ι(
1077 755 1149 795 Ad
1183 755 1393 795 rationem
1427 755 1540 796 enim
1575 755 1721 809 capitis
1756 755 1937 809 pertinet
1970 755 2088 809 quod
2118 756 2267 796 influat
2298 770 2473 797 sensum

291 825 333 860 et
365 825 531 860 motum
563 819 606 859 in
641 817 860 858 membra:
896 823 942 857 ut
975 816 1076 857 dicit
1108 817 1321 870 quaedam
1354 817 1514 872 glossa,
1549 816 1613 856 ad
1638 817 1846 870 Ephes.1,
1882 829 2011 870 super
2043 817 2157 864 illud,
2181 818 2328 871 Ipsum
2361 817 2479 859 dedit

288 883 423 935 caput
451 886 529 922 etc.
558 897 577 917 »

414 942 529 983 Nihil
562 942 646 982 tale
669 941 711 982 in
736 941 895 982 Glossa
927 953 1057 995 super
1088 946 1252 981 textum
1285 940 1412 980 istum
1441 941 1637 994 reperies.
1673 941 1921 982 Alexander
1942 942 2155 991 Halensis,
2181 943 2300 984 Sum.
2333 945 2472 984 Theol.

289 1010 395 1059 part.
429 1005 499 1052 III,
534 1016 605 1057 qu.
639 1015 711 1052 ΧΠ,
746 1003 904 1044 memb.
941 1015 978 1051 2,
1014 1008 1088 1042 art.
1130 1015 1163 1050 1,
1198 1001 1239 1042 in
1273 1002 1517 1042 solutione:
1566 1018 1583 1039 ‹
1613 1003 1740 1043 Unde
1782 1003 1846 1044 ad
1878 1004 2031 1044 Coloss.
2065 1018 2090 1052 1,
2125 1005 2214 1059 ipse
2245 1009 2310 1046 est
2347 1009 2480 1060 caput

289 1065 483 1120 corporis
519 1065 757 1112 Ecclesiae,
795 1065 980 1117 Glossa:
1020 1063 1165 1118 Capiti
1192 1063 1336 1103 omnia
1368 1063 1557 1103 subiecta
1588 1068 1693 1104 sunt
1721 1065 1784 1105 ad
1810 1066 2085 1119 operandum,
2120 1067 2171 1106 id
2197 1070 2356 1115 autem,
2393 1069 2473 1108 sci-

290 1128 388 1168 licet
422 1132 560 1181 caput,
583 1129 720 1181 supra
753 1127 938 1167 locatum
971 1129 1037 1166 est
1066 1125 1130 1166 ad
1156 1125 1470 1172 consulendum,
1505 1125 1608 1178 quia
1640 1126 1776 1179 ipsius
1807 1128 1980 1167 animae
2000 1128 2310 1180 quodammodo
2341 1130 2473 1170 vicem

284 1189 406 1242 gerit
433 1191 573 1242 caput.
606 1189 654 1228 In
687 1189 770 1228 hoc
805 1187 925 1242 quod
959 1187 1070 1235 dicit,
1105 1186 1170 1227 ad
1195 1186 1471 1241 operandum,
1508 1187 1696 1227 ostendit
1737 1188 1961 1241 quomodo
2006 1196 2149 1229 motus
2185 1196 2249 1230 est
2281 1205 2306 1230 a
2340 1192 2474 1245 capite

289 1251 333 1290 in
367 1250 583 1290 membris.
633 1250 680 1290 In
714 1250 796 1289 hoc
839 1248 959 1303 quod
1002 1248 1114 1296 dicit,
1149 1248 1213 1288 ad
1240 1248 1554 1295 consulendum,
1591 1248 1779 1289 ostendit
1822 1250 1942 1302 quod
1986 1263 2139 1291 sensus
2181 1258 2245 1292 est
2285 1252 2338 1292 ab
2381 1253 2474 1306 ipso

289 1312 334 1352 in
366 1311 571 1352 membris
598 1326 635 1351 ».
684 1310 843 1351 Glossa
875 1309 930 1350 ab
964 1309 1143 1350 Halensi
1193 1310 1319 1350 citata
1362 1310 1588 1350 Ordinaria
1630 1316 1695 1350 est
1727 1311 1922 1351 Anselmi
1960 1311 2002 1351 in
2037 1311 2195 1353 dictum
2238 1313 2380 1354 locum
2419 1315 2482 1355 ad

295 1372 450 1414 Coloss.
484 1386 510 1413 1.

414 1495 497 1547 Qu.
533 1507 573 1543 x,
608 1501 682 1535 art.
725 1507 758 1542 1,
794 1507 883 1549 arg.
925 1507 973 1535 1:
1013 1510 1032 1531 ε
1059 1494 1176 1534 Dicit
1209 1494 1321 1535 enim
1355 1495 1546 1535 Isidorus
1581 1494 1700 1549 quod
1734 1495 1920 1536 Trinitas
1959 1496 2040 1536 sibi
2073 1498 2153 1538 soli
2188 1504 2290 1539 nota
2323 1506 2398 1548 est,
2435 1507 2476 1540 et

289 1556 453 1597 homini
487 1561 710 1610 assumpto
738 1571 774 1596 ι».

414 1617 584 1659 Eodem
617 1616 752 1658 modo
786 1608 962 1658 refertur
996 1630 1048 1657 ex
1075 1616 1243 1657 Isidoro
1278 1631 1302 1656 a
1335 1617 1390 1656 D.
1415 1616 1597 1665 Thoma,
1621 1617 1662 1657 in
1686 1618 1742 1658 III
1766 1618 1892 1666 Sent„
1920 1619 2014 1659 dist.
2039 1632 2126 1668 XIV,
2151 1627 2225 1662 art.
2253 1634 2290 1670 2,
2316 1629 2400 1676 qua
2404 1656 2411 1663 .
2439 1637 2471 1672 ι,

291 1693 381 1736 arg.
422 1693 456 1720 1.
504 1679 549 1720 S.
584 1680 900 1727 Bonaventura,
935 1679 992 1719 III
1025 1679 1153 1725 Sent,
1189 1679 1283 1718 dist.
1308 1690 1395 1726 XIV,
1430 1684 1504 1718 art.
1537 1691 1568 1726 1,
1605 1692 1675 1732 qu.
1698 1692 1738 1727 11,
1773 1693 1861 1735 arg.
1886 1682 1925 1729 3,
1961 1681 2045 1721 sic:
2087 1698 2104 1718 «
2131 1683 2247 1730 Item,
2283 1684 2475 1726 lszdorus

290 1741 344 1783 de
383 1741 612 1782 Trz'nztate:
653 1741 844 1781 Trinitas
874 1740 959 1780 sibz
985 1739 1070 1780 soli
1097 1742 1199 1780 nota
1232 1743 1298 1779 est
1325 1743 1369 1779 et
1397 1712 1568 1779 homini,
1593 1743 1811 1794 assumpto
1839 1758 1874 1782 ».

415 1802 618 1850 Isidorus,
653 1803 709 1842 ΙΙΙ
743 1802 869 1849 Seni„
906 1801 975 1841 lib.
1000 1803 1029 1850 Ι,
1066 1815 1154 1855 cap.
1177 1813 1233 1849 111,
1263 1815 1302 1841 n.
1333 1814 1372 1841 1:
1413 1817 1430 1838 ιι
1458 1801 1565 1843 Sola
1599 1801 1711 1842 enim
1745 1803 1931 1843 Trinitas
1964 1804 2045 1844 sibi
2078 1805 2243 1860 integre
2277 1813 2379 1847 nota
2413 1815 2476 1848 est

292 1870 334 1905 et
357 1865 599 1905 humanitas
622 1877 648 1904 a
670 1863 842 1904 Christo
875 1868 1085 1917 suscepta,
1122 1876 1233 1916 quae
1266 1862 1388 1903 tertia
1421 1868 1486 1903 est
1517 1863 1559 1903 in
1593 1863 1799 1904 Trinitate
1833 1878 2018 1919 persona
2046 1883 2080 1907 »
2115 1867 2233 1915 Item,
2259 1868 2300 1908 in
2329 1869 2473 1921 Quae-

289 1926 498 1967 stionibus
538 1926 583 1966 in
614 1925 829 1972 Efficiam,
867 1938 936 1978 qu.
971 1936 1072 1972 XLn,
1107 1938 1146 1965 n.
1183 1926 1232 1965 3:
1273 1941 1290 1962 ‹
1320 1924 1426 1965 Sola
1469 1925 1581 1965 enim
1624 1926 1705 1966 sibi
1739 1925 1903 1982 integre
1945 1934 2047 1968 nota
2090 1935 2154 1969 est
2195 1929 2394 1979 Trinitas,
2435 1938 2476 1972 et

291 1987 542 2030 humanitati
575 1993 811 2042 susceptae,
846 1999 962 2044 quae
990 1986 1113 2027 tertia
1146 1992 1210 2026 est
1243 1987 1284 2026 in
1318 1986 1525 2027 Trinitate
1559 2000 1745 2041 persona
1773 2005 1807 2028 ›

415 2109 536 2158 Ibid.,
560 2123 648 2164 arg.
674 2111 726 2150 3:
765 2125 784 2146 ‹
810 2108 930 2149 Illud
956 2108 1074 2162 quod
1100 2109 1296 2149 convenit
1313 2108 1426 2148 Filio
1447 2109 1538 2149 Dei
1556 2111 1643 2163 per
1671 2114 1887 2159 naturam,
1925 2114 2121 2154 convenit
2144 2115 2258 2155 Filio
2290 2116 2475 2158 hominis

282 2175 369 2227 per
393 2172 599 2225 gratiam,
635 2177 682 2211 ut
715 2171 986 2226 Augustinus
1021 2170 1122 2210 dicit
1154 2170 1196 2210 in
1230 2170 1339 2210 libro
1373 2170 1425 2210 de
1465 2171 1507 2210 T
1500 2171 1674 2212 rz'm'tate
1701 2189 1735 2212 ›.

415 2234 462 2274 In
496 2233 552 2273 ΙΙΙ
586 2233 712 2280 Sent„
749 2231 844 2273 dist.
868 2245 954 2280 xm,
991 2245 1061 2286 qu.
1084 2244 1139 2280 111,
1174 2238 1248 2273 art.
1281 2245 1313 2280 1,
1339 2232 1430 2272 Sed
1456 2236 1615 2280 contra,
1646 2239 1688 2273 et
1718 2234 1788 2274 De
1815 2235 1957 2282 Verit„
1994 2249 2064 2290 qu.
2089 2250 2201 2286 xx1x,
2225 2244 2299 2279 art.
2327 2252 2364 2288 2,
2389 2240 2480 2281 Sed

291 2299 451 2342 contra,
488 2294 736 2349 Augustino
770 2294 978 2342 tribuitur,
1013 2294 1179 2347 absque
1212 2293 1361 2334 indice.
1481 2288 1483 2291 ”

417 2357 488 2398 Ab
523 2356 713 2403 Halensi‚
748 2355 868 2396 Sum.
910 2355 1051 2396 Theol.
1085 2361 1190 2409 part.
1224 2356 1293 2404 III,
1329 2369 1399 2409 qu.
1434 2369 1488 2404 111,
1525 2357 1680 2397 memb.
1723 2370 1756 2404 1,
1793 2362 1833 2397 et
1866 2371 1934 2411 qu.
1971 2370 2026 2407 vr,
2062 2366 2135 2401 art.
2174 2374 2206 2409 1,
2242 2364 2398 2404 memb.
2438 2377 2470 2412 1,

291 2419 540 2474 Augustino
574 2417 849 2466 adscribitur;
884 2423 925 2458 et
958 2417 1132 2471 quidem
1154 2417 1283 2471 priori
1316 2418 1414 2458 loco
1449 2418 1509 2458 sic
1543 2418 1660 2458 dicit:
1702 2435 1719 2455 «
1749 2418 1971 2472 Quidquid
2011 2423 2212 2462 convenit
2244 2423 2354 2464 Filio
2389 2426 2472 2466 Dei

292 2494 368 2535 per
401 2486 606 2528 naturam,
630 2479 832 2520 convenit
865 2479 975 2519 Filio
1009 2478 1194 2519 hominis
1226 2492 1303 2533 per
1334 2479 1540 2534 gratiam;
1576 2486 1616 2520 et
1650 2493 1673 2520 e
1706 2493 1929 2521 converso.
1980 2482 2107 2523 Unde
2140 2485 2320 2526 sumitur
2353 2487 2471 2540 quod

292 2541 504 2596 quidquid
537 2541 738 2582 convenit
771 2541 881 2581 Filio
929 2541 1029 2588 Dei,
1076 2540 1277 2581 convenit
1322 2541 1433 2581 Filio
1481 2541 1683 2590 hominis,
1730 2548 1771 2582 et
1814 2556 1836 2582 e
1877 2556 2088 2584 converso
2117 2559 2166 2594 »;
2218 2552 2259 2586 et
2301 2547 2471 2589 inferius

293 2605 336 2644 in
379 2602 534 2644 eodem
567 2603 789 2643 membro:
840 2619 858 2639 ‹
887 2602 1152 2650 Dicendum,
1188 2602 1308 2656 quod
1351 2602 1420 2643 illa
1461 2603 1609 2658 regula
1642 2603 1762 2644 Beati
1796 2604 2027 2659 Augustini
2073 2612 2136 2646 est
2169 2607 2469 2664 intelligenda:

296 2664 521 2718 Quidquid
547 2665 742 2705 convenit
770 2670 847 2705 etc.
877 2680 894 2702 »

418 2726 620 2767 Similiter
651 2732 693 2766 et
725 2725 1130 2773 Autissiodorensis,
1155 2725 1274 2766 Sum.
1299 2731 1402 2779 part.
1426 2727 1494 2774 III,
1519 2732 1635 2767 tract.
1660 2728 1689 2775 Ι,
1714 2740 1803 2780 cap.
1828 2740 1853 2775 1,
1879 2741 1948 2781 qu.
1975 2740 2058 2777 vm,
2084 2729 2255 2770 recitata
2284 2731 2470 2783 quadam

295 2787 512 2842 opinione,
530 2787 613 2828 ait:
653 2803 672 2824 ‹
700 2787 862 2827 Contra
894 2787 1002 2827 hanc
1032 2787 1280 2840 opinionem
1305 2793 1370 2827 est
1399 2788 1629 2828 auctoritas
1653 2788 1697 2829 S.
1717 2789 1949 2843 Augustini
1983 2790 2172 2839 dicentis,
2197 2791 2316 2844 quod
2350 2793 2469 2847 quid-

294 2850 399 2904 quid
433 2849 542 2889 inest
574 2848 684 2888 Filio
707 2848 791 2888 Dei
822 2861 899 2902 per
931 2854 1136 2896 naturam,
1161 2849 1271 2889 inest
1303 2848 1412 2889 Filio
1446 2849 1632 2890 hominis
1666 2863 1741 2904 per
1773 2851 1953 2905 gratiam
1981 2867 2015 2891 »

419 2911 552 2965 Hugo
577 2923 603 2950 a
623 2909 668 2950 S.
692 2909 879 2957 Victore,
906 2909 985 2963 Qq.
1008 2910 1052 2950 in
1086 2910 1223 2964 Epist
1254 2910 1317 2950 ad
1343 2911 1479 2958 Rom„
1506 2924 1575 2964 qu.
1599 2923 1685 2959 xix,
1710 2911 1989 2952 Ambrosium
2023 2912 2148 2953 huius
2182 2914 2294 2977 effati
2328 2922 2468 2956 aucto-

295 2986 384 3014 rem
418 2972 549 3026 ponit
586 2971 649 3011 Cf.
675 2983 785 3024 quae
819 2970 1038 3011 diximus
1028 2985 1070 3011 in
1103 2978 1205 3012 nota
1237 2972 1292 3012 ad
1326 2985 1395 3025 qu.
1430 2985 1484 3020 111,
1519 2978 1593 3013 art.
1629 2975 1668 3020 6,
1704 2986 1790 3027 arg.
1826 2974 1866 3013 3.

421 3093 504 3145 Qu.
527 3105 568 3140 x,
603 3098 677 3133 art.
705 3104 742 3140 2,
777 3091 831 3132 ad
861 3105 909 3132 1:
950 3108 968 3129 ‹
997 3092 1184 3144 Quidam
1217 3099 1359 3134 autem
1394 3093 1549 3141 dicunt,
1585 3093 1667 3133 hoc
1701 3106 1796 3134 esse
1828 3094 2150 3150 intelligendum
2179 3096 2232 3138 de
2265 3098 2352 3139 filio
2386 3100 2469 3140 Dei

295 3155 517 3209 adoptivo,
551 3167 638 3194 non
673 3153 726 3193 de
760 3153 937 3193 naturali
966 3169 1001 3193 ».

419 3215 632 3263 Halensis,
672 3215 790 3255 Sum.
834 3214 972 3255 Theol.
1012 3221 1116 3268 part.
1151 3215 1219 3263 III,
1255 3224 1336 3268 qu.v
1359 3229 1444 3264 x111,
1480 3216 1635 3256 memb.
1671 3227 1710 3267 4,
1747 3222 1842 3270 qua.
1873 3230 1905 3265 1,
1941 3217 1982 3257 in
2017 3232 2124 3272 resp.
2160 3220 2214 3260 ad
2255 3234 2300 3261 1:
2341 3238 2357 3258 ‹
2386 3223 2468 3262 Vel

296 3277 416 3318 aliter
456 3276 693 3318 secundum
737 3277 964 3317 Rabanum
999 3281 1040 3316 et
1071 3275 1247 3316 Bedam.
1293 3277 1403 3316 Cum
1448 3277 1599 3317 dicitur
1640 3278 1802 3318 nescire
1842 3278 1971 3328 filius,
2007 3280 2251 3336 intelligitur
2289 3282 2341 3322 de
2380 3283 2466 3324 filio

296 3338 517 3392 adoptivo.
552 3338 680 3380 Unde
713 3338 914 3386 subdunt,
949 3350 1035 3378 non
1070 3337 1122 3377 de
1158 3337 1404 3392 Unigenito,
1439 3338 1516 3378 sed
1551 3338 1604 3378 de
1637 3338 1843 3394 adoptivo
1877 3340 1963 3381 filio
1998 3341 2080 3382 hoc
2114 3342 2271 3383 dixisse
2300 3360 2334 3384 ›.

420 3400 626 3441 Rabanus
660 3400 847 3454 quidem,
886 3399 1112 3440 Commeat.
1146 3399 1190 3439 in
1224 3399 1380 3440 Matth.
1415 3400 1485 3440 lib.
1509 3400 1601 3448 VII,
1636 3400 1690 3440 ad
1724 3414 1813 3456 cap.
1837 3414 1954 3451 xxw,
1984 3416 2094 3443 vers.
2119 3405 2190 3452 36,
2223 3405 2283 3445 sic
2316 3405 2466 3446 habet:

301 3477 322 3498 ‹
349 3462 458 3517 Legi
492 3475 669 3516 quoque
702 3462 743 3502 in
778 3461 998 3502 cuiusdam
1030 3460 1139 3500 libro
1173 3460 1304 3501 filium
1338 3461 1460 3510 hunc,
1485 3462 1558 3515 qui
1590 3462 1672 3502 hoc
1706 3463 1803 3503 loco
1839 3464 2021 3517 ponitur,
2053 3478 2140 3505 non
2174 3466 2465 3521 Unigenitum,

298 3522 375 3562 sed
408 3523 670 3577 adoptivum,
706 3523 787 3563 hoc
822 3528 886 3563 est
917 3523 1123 3576 populum
1158 3522 1455 3572 Christianum,
1479 3524 1588 3564 velle
1624 3524 1809 3580 intelligi.
1846 3525 1892 3566 Si
1917 3526 2027 3567 enim
2051 3526 2133 3567 hoc
2156 3527 2208 3567 de
2231 3528 2466 3584 Unigenito
