2872 3970
986 274 1249 320 QUAESTIO
1278 275 1362 322 LV,
1392 274 1683 312 ARTICULUS
1712 276 1726 311 1

2359 277 2431 312 515

629 532 1043 610 QUAESTIO
1083 533 2073 611 QUINQUAGESIMAQUINTA

742 653 827 693 DE
858 652 1400 694 MANIFESTATIONE
1433 653 1958 694 RESURRECTIONIS

1100 766 1134 790 IN
1163 766 1230 791 SEX
1256 765 1458 791 ARTICULOS
1485 766 1597 791 DIVISA

347 871 452 897 mum:
487 858 810 896 considerandum
845 867 900 896 est
939 859 987 896 de
1022 857 1324 896 manifestatione
1349 862 1353 902 ἰ

115 924 131 954 ³.
139 921 188 955 2¹¹·
198 915 237 938 ¹¹¹·
265 869 344 952 D
348 911 635 960 resurrectionis
653 911 684 948 ³¹⁶.

119 1076 144 1097 a

108 1944 113 1980 J
145 1952 206 1976 ew.

103 2607 105 2610 Α
136 2634 172 2658 ψ
193 2627 195 2630 .

257 959 313 1002 Et
341 963 440 1001 circa
467 965 543 1001 hoc
571 971 809 1013 quaeruntur
836 977 912 1001 sex.

318 1017 470 1054 Primo:
500 1024 632 1054 utrum
651 1017 875 1054 resurrectio
897 1016 1035 1054 Christi
1055 1015 1237 1053 omnibus
1254 1016 1325 1052 ho-

371 1069 540 1106 minibus
566 1075 583 1091 ⁸
616 1069 848 1106 manifestari
884 1069 1078 1116 debuerit,
1112 1081 1161 1105 an
1198 1069 1325 1105 solum

372 1122 604 1172 quibusdam
635 1121 861 1171 specialibus
889 1121 1124 1159 hominibus.

319 1175 520 1213 Secundo:
550 1182 682 1212 utrum
708 1174 838 1212 fuisset
866 1174 1100 1212 conveniens
1128 1174 1247 1222 quod,
1273 1174 1326 1210 eis

371 1227 602 1273 videntibus,
631 1234 852 1275 resurgeret.

1431 858 1584 895 Tertio:
1622 866 1755 896 utrum
1790 867 1878 909 post
1915 860 2233 897 resurrectionem
2266 861 2440 898 debuerit

1485 931 1576 956 cum
1604 920 1682 956 suis
1710 920 1906 970 discipulis
1934 922 2164 959 conversari.

1432 982 1602 1028 Quarto:
1642 989 1773 1019 utrum
1801 982 1912 1019 fuerit
1948 983 2183 1020 conveniens
2218 985 2324 1032 quod
2362 984 2440 1021 suis

1486 1042 1680 1091 discipulis
1708 1043 1747 1079 in
1776 1044 1898 1081 aliena
1927 1045 2049 1092 effigie
2078 1054 2287 1094 appareret.

1433 1104 1598 1151 Quinto:
1619 1112 1751 1141 utrum
1771 1106 2088 1143 resurrectionem
2109 1119 2219 1143 suam
2239 1119 2441 1155 argumen-

1486 1165 1532 1201 tis
1560 1166 1800 1203 manifestare
1829 1167 2013 1203 debuerit.

1434 1227 1571 1264 Sexto:
1602 1227 1648 1263 de
1678 1227 1905 1264 sufficientia
1932 1228 2085 1265 illorum
2111 1238 2439 1277 argumentorum.

1076 1327 1395 1370 ARTICULUS
1425 1328 1631 1370 PRIMUS

625 1419 782 1451 UTRUM
805 1419 1110 1451 RESURRECTIO
1136 1419 1309 1450 CHRISTI
1333 1419 1552 1450 DEBUERIT
1576 1419 1768 1452 OMNfflus
1793 1421 2085 1453 MANIFESTARI

689 1499 781 1531 Supra,
799 1505 845 1530 qu.
863 1505 946 1529 xxxvr,
965 1502 1012 1522 art.
1033 1505 1063 1528 ες
1086 1497 1229 1529 Compend.
1251 1497 1349 1524 Tlteol..
1369 1505 1423 1529 cap.
1444 1505 1586 1528 ccxuwm
1606 1499 1615 1522 Ι
1636 1498 1673 1523 ad
1694 1499 1768 1528 Cor„
1788 1506 1844 1532 cap.
1864 1507 1904 1528 ιν,
1923 1500 1980 1526 lect.
2000 1508 2018 1525 1.

303 1595 454 1644 &dri-15(
476 1589 499 1614 D
527 1588 663 1613 Palmum
689 1588 742 1612 stc
767 1588 1003 1613 PROCEDrrUR.
1032 1575 1194 1612 Videtur
1220 1575 1328 1624 quod

294 1621 456 1690 5⁸7¹?ssst
478 1628 703 1666 resurrectio
746 1628 886 1665 Christi
926 1628 1102 1665 debuerit
1145 1628 1328 1665 omnibus

285 1683 328 1736 τῇ
343 1698 403 1727 κς
422 1681 721 1718 manifestari.
765 1681 871 1718 Sicut
907 1681 1011 1718 enim
1047 1681 1203 1730 publico
1240 1693 1328 1729 pec-

323 1711 419 1770 ζ”’“»393)
433 1723 466 1770 K
479 1742 563 1771 cato
592 1734 753 1770 debetur
770 1745 898 1783 poena
925 1733 1090 1783 publica,
1112 1734 1328 1770 secundum

267 1786 360 1824 illud
378 1788 393 1824 I
417 1789 512 1824 Tim.
529 1799 552 1823 v
565 1786 596 1833 ³²,
617 1788 835 1823 Peccantem
855 1799 984 1823 coram
1004 1788 1174 1824 omnibus
1192 1798 1330 1836 argue,-

1381 1575 1465 1612 ciali
1493 1588 1654 1613 munere
1682 1576 1834 1624 gratiae,
1864 1577 1960 1614 sicut
1979 1590 2023 1614 ea
2051 1590 2151 1626 quae
2180 1578 2361 1616 divinitus
2389 1592 2443 1616 re-

1381 1630 1567 1665 velantur.
1608 1629 1790 1675 Quorum
1819 1629 1997 1678 quidem,
2027 1638 2068 1667 ut
2096 1631 2305 1681 Dionysius
2333 1632 2442 1678 dicit,

1382 1680 1421 1717 in
1449 1681 1546 1718 libro
1578 1682 1730 1718 Caelest.
1760 1684 1870 1719 Hier.
1890 1682 1929 1728 ²¹⁸,
1959 1683 2055 1719 haec
2083 1691 2138 1720 est
2165 1685 2224 1720 lex
2262 1684 2443 1722 divinitus
2473 1695 2482 1705 ·

1381 1733 1567 1780 instituta,
1598 1742 1640 1770 ut
1667 1747 1690 1771 a
1717 1735 1801 1771 Deo
1840 1734 2060 1771 immediate
2098 1737 2359 1784 superioribus
2387 1750 2443 1774 re—

1381 1787 1574 1834 velentur,
1603 1786 1744 1835 quibus
1772 1787 2030 1824 mediantibus
2067 1789 2284 1826 deferantur
2311 1790 2361 1826 ad
2389 1790 2444 1826 in-

267 1839 319 1878 ita
345 1839 482 1876 merito
507 1839 663 1888 publico
692 1839 854 1875 debetur
870 1839 1089 1887 praemium
1116 1838 1327 1888 publicum.
1353 1848 1357 1887 1
1381 1839 1559 1876 seriores:
1599 1839 1695 1876 sicut
1732 1847 1834 1888 patet
1870 1839 1909 1876 in
1947 1840 2188 1877 ordinatione
2225 1842 2445 1879 caelestium

268 1892 345 1930 Sed
373 1892 523 1929 claritas
559 1893 836 1928 resurrectionis
864 1897 914 1928 est
935 1893 1149 1940 praemium
1184 1892 1328 1928 humili-

266 1946 349 1982 tatis
369 1945 575 1994 passionis.-
601 1951 644 1980 ut
671 1943 907 1991 Augustinus
932 1943 1032 1987 dicit,
1052 1956 1164 1993 super
1182 1946 1289 1981 Ioan.
1309 1944 1329 1965 ’²‘

269 1997 371 2035 Cum
399 2009 489 2045 ergo
517 1996 644 2046 passio
674 1996 814 2033 Christi
850 1996 961 2033 fuerit
997 1996 1179 2033 omnibus
1207 1996 1329 2033 mani-

267 2050 413 2095 testata,
442 2061 490 2086 eo
517 2049 670 2098 publice
698 2049 876 2098 patiente,
898 2049 1051 2086 videtur
1077 2050 1184 2098 quod
1211 2049 1330 2096 gloria

269 2102 555 2140 resurrectionis
569 2101 688 2150 ipsius
703 2101 885 2138 omnibus
899 2101 1130 2138 manifestari
1143 2101 1328 2138 debuerit.

323 2166 358 2191 2.
389 2156 618 2200 PRAETEREA,
639 2154 735 2191 sicut
753 2154 880 2203 passio
902 2153 1041 2190 Christi
1065 2154 1263 2190 ordinatur
1281 2153 1331 2190 ad

269 2215 441 2245 nostram
469 2208 642 2254 salutem,
672 2207 722 2243 ita
750 2214 786 2244 et
813 2206 896 2243 eius
920 2205 1165 2243 resurrectio:
1196 2218 1330 2242 secun-

269 2261 367 2298 dum
395 2260 488 2297 illud
507 2261 618 2297 Rom.
634 2272 669 2296 1v
686 2259 726 2296 *z
755 2261 976 2296 Resurrexit
990 2265 1144 2309 propter
1162 2260 1330 2306 iustifica-

268 2315 405 2351 tionem
434 2319 609 2350 nostram.
640 2313 717 2350 Sed
745 2312 837 2349 illud
866 2312 974 2361 quod
1002 2312 1051 2348 ad
1078 2323 1331 2348 communem

269 2365 468 2403 utilitatem
504 2365 685 2415 pertinet,
722 2365 904 2402 omnibus
940 2364 1053 2401 debet
1089 2364 1329 2401 manifestari.

270 2419 372 2467 Ergo
401 2418 626 2456 resurrectio
660 2418 800 2455 Christi
834 2417 1016 2454 omnibus
1044 2411 1177 2454 debuit
1209 2416 1332 2454 mani-

269 2471 406 2517 festari,
435 2478 472 2508 et
498 2483 579 2508 non
606 2470 817 2520 specialiter
835 2470 1080 2519 quibusdam.

327 2524 360 2561 3.
391 2525 622 2567 PRAETEREA,
642 2523 694 2560 illi
713 2523 854 2572 quibus
873 2522 1110 2560 manifestata
1135 2530 1191 2559 est
1209 2534 1332 2559 resur-

271 2576 398 2624 rectio,
418 2577 572 2614 fuerunt
597 2575 881 2613 resurrectionis
909 2583 1040 2612 testes:
1069 2575 1174 2611 unde
1197 2575 1334 2612 dicitur

270 2631 351 2667 Act.
371 2629 459 2666 111.*;
495 2630 614 2672 Quem
641 2630 742 2666 Deus
768 2630 952 2666 suscitavit
982 2641 1006 2665 a
1028 2629 1204 2665 mortuis:
1230 2630 1333 2665 cuius

272 2695 340 2720 nos
366 2687 468 2719 testes
493 2693 630 2719 sumus.
668 2682 755 2719 Hoc
782 2689 913 2718 autem
940 2680 1204 2718 testimonium
1239 2681 1333 2718 fere-

271 2735 364 2772 bant
399 2734 551 2784 publice
589 2734 860 2783 praedicando.
900 2734 1019 2781 Quod
1056 2733 1215 2782 quidem
1253 2745 1333 2770 non

272 2787 453 2825 convenit
470 2786 712 2824 mulieribus:
733 2787 950 2824 secundum
969 2786 1062 2823 illud
1081 2787 1095 2823 I
1119 2787 1205 2823 Cor.
1221 2798 1280 2823 X1v
1294 2786 1331 2822 *z

255 2841 454 2878 'Mulieres
472 2841 508 2876 in
529 2840 688 2877 ecclesiis
704 2845 868 2884 taceant;
886 2847 923 2876 et
941 2841 955 2876 1
978 2841 1073 2877 Tim.
1090 2851 1111 2875 11
1124 2838 1161 2875 ²¹⁶:
1186 2840 1334 2876 Docere

272 2893 422 2930 mulieri
447 2904 521 2930 non
544 2894 730 2942 permitto.
759 2893 861 2940 Ergo
885 2891 1037 2929 videtur
1064 2891 1172 2940 quod
1200 2891 1333 2928 incon-

272 2945 469 2983 venienter
509 2945 732 2982 resurrectio
771 2944 910 2982 Christi
946 2944 1183 2981 manifestata
1223 2944 1333 2981 fuerit

272 2997 399 3058 primo
435 2997 661 3035 mulieribus
698 3009 818 3047 quam
854 2997 1078 3034 hominibus
1104 2995 1119 3026 β
1157 3008 1332 3034 commu-

274 3058 380 3087 mter.

328 3103 402 3140 sm>
429 3114 573 3140 CONTRA
601 3115 667 3140 EST
701 3103 809 3152 quod
840 3102 978 3140 dicitur
1003 3103 1083 3139 Act.
1104 3103 1177 3139 x*:
1214 3103 1332 3144 Quem

273 3157 375 3193 Deus
400 3156 584 3192 suscitavit
600 3157 706 3192 tertia
733 3156 802 3202 die,
823 3161 856 3192 et
873 3155 970 3192 dedit
992 3167 1076 3192 eum
1097 3155 1332 3202 manifestum

262 3210 368 3257 fieri,
398 3220 472 3245 non
501 3209 605 3245 omni
624 3209 777 3258 populo,
801 3208 866 3245 sed
890 3209 1036 3245 testibus
1058 3207 1333 3257 praeordinatis

274 3273 299 3298 a
325 3261 419 3298 Deo.

328 3314 552 3351 Rnspounzo
570 3324 752 3351 memnon
770 3313 877 3362 quod
904 3325 1041 3349 eorum
1067 3324 1166 3361 quae
1194 3323 1332 3358 cogno-

275 3373 452 3410 scuntur,
481 3365 674 3414 quaedam
701 3373 985 3413 cognoscuntur
1020 3363 1220 3401 communi
1252 3365 1332 3410 lege

275 3425 451 3464 naturae3
487 3418 680 3467 quaedam
707 3426 837 3455 autem
865 3424 1148 3465 cognoscuntur
1175 3428 1222 3452 ex
1249 3427 1332 3464 spe-

1383 1891 1597 1939 spirituum.
1635 1893 1692 1928 Ea
1719 1904 1812 1928 vero
1842 1904 1941 1940 quae
1977 1893 2167 1941 pertinent
2202 1895 2250 1930 ad
2278 1895 2446 1931 suturam

1382 1943 1554 1991 gloriam,
1579 1956 1832 1981 communem
1861 1944 2069 1982 hominum
2097 1945 2355 1993 cognitionem
2383 1960 2446 1985 ex-

2497 1695 2554 1721 Cnp.
2570 1700 2600 1715 iv.

1383 1996 1542 2033 cedunt:
1564 1997 1781 2033 secundum
1800 1997 1892 2033 illud
1912 1997 2028 2034 Isaiae
2049 2011 2131 2035 wa
2145 1999 2181 2035 *ε
2217 2000 2351 2036 Oculus
2371 2013 2445 2037 non
2477 2013 2486 2022 ·
2512 2011 2546 2033 'er

1382 2049 1485 2094 vidit,
1514 2050 1633 2095 Deus,
1663 2052 1799 2099 absque
1825 2056 1876 2095 te,
1907 2063 2002 2099 quae
2027 2054 2237 2100 preparasti
2267 2053 2446 2102 diligenti·
2475 2044 2553 2091 1=,⁰ver

1383 2103 1450 2138 bus
1476 2107 1520 2137 te.
1559 2102 1607 2138 Et
1634 2101 1722 2138 ideo
1750 2101 1976 2139 huiusmodi
2004 2102 2052 2139 ab
2081 2103 2239 2140 homine
2273 2117 2355 2143 non
2382 2117 2445 2142 co-

1383 2162 1621 2201 gnoscuntur
1643 2153 1716 2190 nisi
1744 2154 1925 2191 divinitus
1944 2156 2128 2192 revelata:
2159 2156 2254 2193 sicut
2281 2158 2445 2206 Aposto-

1384 2207 1444 2242 lus
1472 2206 1578 2253 dicit,
1608 2207 1622 2242 Ι
1654 2207 1741 2243 Cor.
1762 2206 1839 2243 11*:
1876 2208 1996 2244 Nobis
2033 2209 2207 2245 revelavit
2242 2210 2345 2246 Deus
2373 2223 2446 2260 per
2473 2219 2483 2230 ⁸
2521 2226 2549 2241 oc
2572 2226 2591 2241 σι
2624 2226 2676 2241 vers

1385 2260 1560 2308 Spiritum
1594 2271 1714 2295 suum.
1762 2259 1865 2305 Quia
1892 2259 2003 2307 igitur
2036 2260 2208 2297 Christus
2243 2263 2446 2299 resurrexit
2475 2253 2482 2268 ¹

1385 2311 1548 2359 gloriosa
1577 2311 1864 2358 resurrectione,
1884 2311 1972 2348 ideo
2001 2311 2083 2349 eius
2111 2314 2336 2351 resurrectio
2364 2327 2444 2352 non

1386 2364 1494 2401 omni
1507 2365 1654 2413 populo
1669 2364 1905 2400 manifestata
1921 2372 1987 2411 est,
2003 2365 2070 2401 sed
2090 2365 2335 2414 quibusdam,
2351 2380 2445 2416 quo-

1386 2429 1474 2453 rum
1493 2416 1710 2454 testimonio
1731 2417 1938 2454 deferretur
1956 2417 1996 2454 in
2015 2417 2179 2454 aliorum
2198 2419 2383 2456 notitiam.

1439 2470 1496 2506 AD
1525 2482 1659 2506 PmMUM
1688 2481 1785 2506 ERGO
1807 2482 1987 2507 DICENDUM
2015 2470 2122 2518 quod
2149 2471 2276 2520 passio
2306 2472 2445 2510 Christi

1386 2530 1540 2571 peracta
1575 2529 1630 2558 est
1657 2521 1696 2558 in
1724 2534 1884 2570 corpore
1913 2522 2041 2559 adhuc
2075 2523 2239 2560 habente
2267 2532 2444 2562 naturam

1387 2574 1623 2624 passibilem,
1653 2587 1752 2623 quae
1781 2574 1981 2611 communi
2010 2576 2089 2623 lege
2122 2583 2213 2613 nota
2241 2584 2295 2613 est
2323 2577 2444 2614 omni-

1387 2628 1470 2664 bus.
1501 2628 1550 2664 Et
1577 2627 1664 2664 ideo
1692 2627 1819 2676 passio
1840 2627 1979 2664 Christi
2007 2628 2115 2664 omni
2134 2630 2280 2677 populo
2308 2629 2444 2666 imme-

1387 2680 1486 2718 diate
1505 2679 1737 2717 manifestari
1755 2679 1889 2728 potuit.
1918 2680 2160 2717 Resurrectio
2180 2689 2310 2718 autem
2336 2682 2444 2719 Chri-

1387 2733 1432 2770 sti
1450 2733 1546 2769 facta
1565 2740 1620 2770 est
1632 2745 1705 2782 per
1721 2733 1885 2782 gloriam
1904 2734 2036 2779 Patris,
2056 2741 2098 2769 ut
2116 2735 2323 2782 Apostolus
2344 2734 2442 2781 dicit,

1386 2787 1496 2823 Rom.
1513 2798 1547 2822 vl
1560 2785 1591 2821 ³⁸.
1613 2786 1661 2822 Et
1679 2785 1766 2822 ideo
1786 2785 2005 2822 immediate
2024 2785 2258 2831 manifestata
2277 2795 2343 2833 est,
2364 2799 2443 2824 non

1387 2837 1580 2884 omnibus,
1610 2837 1677 2874 sed
1705 2837 1950 2886 quibusdam.

1441 2890 1559 2937 Quod
1578 2898 1708 2926 autem
1734 2889 1884 2938 publice
1910 2890 2156 2938 peccantibus
2174 2891 2327 2939 publica
2352 2904 2443 2941 poe-

1386 2956 1437 2980 na
1455 2942 1667 2991 imponitur
1685 2941 1714 2987 ²¹⁶,
1735 2941 2021 2989 intelligendum
2041 2950 2096 2979 est
2115 2943 2162 2979 de
2181 2955 2308 2991 poena
2335 2956 2444 2993 prae-

1387 2995 1502 3032 sentis
1529 2995 1639 3032 vitae.
1680 2995 1726 3031 Et
1754 2994 1924 3031 similiter
1949 2994 2103 3043 publica
2130 2995 2264 3032 merita
2291 2997 2443 3045 publice

1385 3047 1589 3097 praemiari
1617 3054 1776 3096 oportet,
1797 3054 1838 3083 ut
1861 3046 1922 3083 alii
1949 3055 2219 3095 provocentur.
2251 3049 2326 3085 Sed
2352 3061 2444 3098 poe-

1386 3113 1458 3137 nae
1487 3107 1523 3136 et
1550 3099 1720 3148 praemia
1738 3099 1886 3135 futurae
1913 3099 2012 3135 vitae
2040 3112 2119 3136 non
2143 3100 2294 3148 publice
2323 3102 2444 3139 omni-

1386 3153 1459 3189 bus
1478 3152 1779 3189 manifestantur:
1810 3151 1877 3188 sed
1896 3151 2105 3200 specialiter
2127 3152 2196 3189 illis
2216 3153 2282 3202 qui
2301 3154 2350 3191 ad
2369 3155 2445 3192 hoc

1386 3204 1642 3254 praeordinati
1669 3211 1757 3240 sunt
1784 3216 1807 3240 a
1834 3205 1930 3240 Deo.

1440 3258 1496 3293 AD
1516 3269 1704 3294 SECUNDUM
1724 3268 1903 3293 DICENDUM
1923 3257 2030 3305 quod
2051 3257 2276 3295 resurrectio
2292 3259 2442 3305 Christi,

1386 3309 1482 3346 sicut
1511 3316 1566 3345 est
1584 3309 1632 3345 ad
1651 3320 1903 3345 communem
1932 3309 2109 3346 omnium
2138 3311 2310 3358 salutern,
2332 3311 2382 3348 ita
2404 3312 2444 3349 in

1386 3361 1560 3398 notitiam
1580 3360 1757 3398 omnium
1776 3361 1966 3409 pervenit:
1988 3373 2068 3398 non
2087 3362 2243 3411 quidem
2264 3363 2318 3400 sic
2335 3365 2443 3413 quod

1387 3413 1605 3451 immediate
1634 3413 1815 3449 omnibus
1844 3413 2161 3463 manifestaretur;
2191 3415 2257 3452 sed
2285 3416 2443 3465 quibus-

328 3531 357 3562 α)
375 3531 532 3557 hominibus.
549 3545 569 3550 ——
586 3531 647 3557 Om.
666 3531 696 3557 P.
714 3531 764 3556 Pro
787 3530 944 3563 specialibus
968 3530 1124 3556 hominibus.
1149 3528 1333 3560 spiritualibus

275 3565 480 3596 hominibusstc,
499 3566 655 3598 spectaubus
668 3566 793 3598 personis
810 3566 828 3595 Ι,
847 3565 997 3597 specialiter
1010 3564 1135 3597 personis
1154 3564 1182 3589 P.

1440 3527 1466 3561 β)
1486 3527 1641 3552 hominibus.
1659 3541 1678 3546 —
1695 3527 1816 3552 omnibus
1835 3527 1915 3552 CsDE
1934 3534 1951 3551 a
1970 3532 1995 3551 et
2013 3527 2084 3552 tertia
2103 3532 2205 3560 praeter
2223 3527 2254 3553 G.

2473 2796 2482 2806 ⁸
2495 2795 2563 2817 vers.
2579 2802 2603 2822 4.

2474 2953 2484 2964 ·
2497 2953 2525 2975 ι).
2540 2953 2594 2980 983.
