2872 3970
29 2322 49 2336 ¹¹
95 2338 101 2344 .
117 2329 148 2349 ¹7·

71 2480 130 2531 ¹11⁸,
139 2487 178 2510 qu.
189 2488 221 2509 iv,

939 275 1201 323 QUAESTIO
1229 275 1312 320 Vll,

239 358 396 389 derativae
426 357 612 396 passionum
642 355 764 395 optime
794 355 952 384 salvantur
982 356 1015 384 in
1044 355 1187 385 Christo:
1220 354 1296 384 dum

237 402 383 432 animum
412 401 457 431 sic
479 401 678 430 habituatum
708 399 793 429 intus
822 399 948 434 habuit,
978 404 1043 428 tam
1071 400 1152 429 circa
1176 398 1297 428 divitias

239 455 337 486 quam
359 446 441 475 circa
463 453 610 479 venerea,
634 448 670 473 ut
693 443 819 482 penitus
842 442 991 472 abiecerit
1013 443 1066 472 illa
1088 453 1106 472 a
1129 452 1162 472 se
1185 451 1297 472 secun-

238 489 317 520 dum
339 494 457 519 rectam
475 489 641 518 rationem.
664 487 705 517 Et
719 485 793 516 ideo
810 495 934 516 summe
950 486 983 516 in
1000 495 1039 516 eo
1056 486 1298 516 commendatur

238 539 271 563 et
293 533 459 563 liberalitas
483 537 514 562 et
536 530 770 570 magnificentia
794 535 825 560 et
847 531 1066 569 temperantia.

294 575 480 608 Secundum
491 580 539 606 est
550 574 658 615 quoad
669 580 757 604 actus
769 574 962 604 exercitium.
980 574 1021 603 Et
1036 574 1080 603 sic
1092 583 1158 603 non
1172 578 1299 613 oportet

239 620 403 651 Christum
418 620 523 650 omnis
534 619 656 649 virtutis
667 618 798 658 proprio
814 623 887 647 actu
903 617 1049 647 exteriori
1064 617 1127 647 uti:
1145 618 1298 656 quoniam

238 673 407 704 nunquam
429 663 488 694 fuit
510 668 637 702 tempus
660 671 727 702 quo
746 662 940 691 conveniens
956 666 1037 691 esset
1052 670 1207 700 personae
1223 670 1299 691 suae

239 707 330 748 quod
352 713 492 738 uteretur
515 707 675 742 omnibus,
699 705 754 735 sed
777 705 935 744 aliquibus
957 710 1091 735 tantum.
1124 705 1299 744 Nunquam

239 752 326 782 enim
349 751 409 782 fuit
430 757 557 791 tempus
580 749 691 781 utendi
706 748 951 789 magnificentia,
976 758 1058 788 quae
1075 754 1121 779 est
1137 749 1219 779 circa
1234 759 1300 779 ma-

1346 271 1637 310 ARTICULUS
1666 271 1711 307 III
2338 277 2408 314 109

1348 360 1429 390 gnos
1452 355 1613 389 sumptus:
1647 349 1722 389 quia
1751 357 1918 388 nunquam
1949 347 2007 377 fuit
2039 347 2232 376 conveniens
2262 351 2298 376 ut
2328 350 2409 375 esset

1349 394 1435 424 dives
1459 400 1490 424 et
1511 395 1641 424 haberet
1663 392 1748 423 unde
1771 401 1905 432 magnos
1928 396 2074 430 sumptus
2097 390 2222 425 faceret,
2247 390 2312 429 qui,
2337 398 2408 419 cum

1349 443 1429 468 esset
1450 438 1610 468 Dominus
1633 437 1789 472 omnium,
1805 437 1920 477 factus
1943 440 1989 466 est
2011 444 2131 476 egenus
2149 439 2284 474 propter
2307 443 2366 463 nos
2381 434 2408 463 ἢ

1350 482 1391 512 Et
1409 481 1483 512 ideo
1502 482 1535 511 in
1551 482 1653 511 littera
1672 486 1744 510 actu
1767 480 1959 510 liberalitatis
1983 478 2096 509 dicitur
2115 488 2201 513 usus,
2218 487 2284 507 non
2301 482 2409 507 autem

1350 531 1423 555 actu
1446 525 1709 565 magnificentiae.

1406 570 1441 599 In
1465 569 1576 600 eadem
1598 569 1807 608 responsione
1831 567 1871 597 ad
1893 567 2031 602 tertium,
2056 565 2182 596 attende
2207 564 2295 604 quod
2319 569 2410 594 caute

1351 613 1474 643 Auctor
1496 613 1639 652 loquitur
1667 611 1815 652 negando
1846 612 1879 641 in
1903 611 2030 641 Christo
2055 610 2301 644 continentiam,
2333 607 2411 638 dum

1351 657 1463 687 limitat
1486 657 1700 686 continentiae
1731 656 1886 685 rationem
1910 654 1949 685 ad
1972 654 2148 684 Aristotelis
2178 662 2282 683 usum.
2317 652 2410 688 Nam,

1351 700 1508 731 sumendo
1526 700 1740 730 continentiae
1755 709 1876 730 nomen
1893 705 1924 729 et
1939 699 2095 728 rationem
2111 697 2327 728 cummuniori
2340 705 2410 731 usu,

1351 745 1429 774 nihil
1452 745 1600 784 prohibet
1623 743 1786 774 Christum
1810 744 2027 773 continentem
2051 742 2219 782 appellare.

1036 901 1353 943 ARTICULUS
1387 903 1616 946 TERTIUS

944 1004 1101 1035 UTRUM
1125 1003 1168 1034 IN
1192 1003 1381 1034 CHRISTO
1405 1005 1430 1034 F
1434 1005 1564 1036 UERIT
1589 1006 1710 1036 FIDES

425 1093 501 1123 Infra,
520 1098 566 1118 art.

585 1100 615 1124 4;
635 1097 681 1117 art.
700 1091 724 1121 8,
745 1091 776 1115 ad
797 1098 826 1121 2;
846 1095 892 1116 art.
911 1098 936 1123 9,
956 1091 988 1114 ad
1009 1097 1040 1121 1;
1058 1090 1080 1115 1·
1100 1090 1155 1120 11¹⁶,
1176 1098 1220 1122 qu.
1239 1098 1294 1122 va,
1314 1096 1361 1116 art.
1382 1090 1406 1121 5,
1425 1092 1456 1115 ad
1478 1091 1506 1122 33
1527 1092 1557 1115 III
1577 1092 1660 1120 Sene„
1681 1092 1738 1116 dist.
1757 1099 1810 1122 xm,
1829 1100 1873 1124 qu.
1893 1099 1910 1120 1,
1930 1097 1974 1116 art.
1995 1099 2018 1121 2,
2038 1091 2087 1123 qu‘
2109 1097 2132 1120 1,
2152 1090 2182 1114 ad
2204 1096 2231 1119 ις

324 1129 382 1154 dist.
399 1136 481 1158 xxxw.
500 1133 545 1153 art.
566 1134 588 1159 2,
608 1128 639 1152 ad
660 1127 689 1158 3;
709 1127 750 1157 IV,
770 1127 826 1151 dist.
845 1133 929 1155 xxxm,
949 1133 992 1158 qu.
1010 1133 1047 1157 111,
1067 1131 1112 1151 art.
1132 1133 1156 1156 2,
1175 1126 1206 1151 ad
1225 1125 1255 1156 65
1276 1126 1318 1151 De
1340 1126 1428 1155 Verit„
1449 1134 1493 1159 qu.
1512 1134 1576 1157 xxix,
1597 1132 1642 1151 art.
1661 1133 1687 1157 4,
1706 1127 1738 1150 ad
1758 1127 1805 1157 15;
1826 1127 1867 1151 De
1884 1127 1988 1155 Virtut.‚
2008 1134 2052 1159 qu.
2071 1134 2104 1156 1v,
2124 1130 2170 1150 art.
2192 1132 2214 1155 1,
2235 1126 2265 1149 ad
2288 1132 2328 1151 12.

359 1252 374 1265 ‚.
400 1243 404 1246 -
450 1230 473 1254 D
492 1228 650 1253 TERTIUM
669 1227 721 1252 s1c
741 1226 974 1251 PROCEDITUR.
1005 1213 1165 1251 Videtur
1192 1214 1299 1263 quod

308 1269 316 1277 ⁴
424 1281 430 1303 :=
452 1269 492 1305 in
521 1267 672 1305 Christo
700 1267 810 1304 fuerit
837 1267 945 1304 fides.
975 1266 1088 1303 Fides
1117 1266 1221 1303 enim
1245 1274 1300 1303 est

434 1320 617 1358 nobilior
643 1320 762 1357 virtus
791 1331 910 1368 quam
936 1319 1094 1356 virtutes
1122 1320 1299 1366 morales,

297 1390 309 1403 κ
329 1368 394 1410 5⁹²3)
408 1368 544 1423 puta
571 1372 821 1422 temperantia
849 1379 885 1408 et
912 1371 1123 1409 liberalitas.
1158 1372 1300 1408 Huius-

242 1426 350 1465 modi
378 1434 508 1464 autem
534 1425 692 1463 virtutes
728 1425 882 1462 fuerunt
909 1424 948 1461 in
978 1425 1148 1472 Christo,
1178 1432 1220 1462 ut
1247 1424 1302 1461 di-

242 1488 348 1518 ctum
376 1487 431 1516 est
448 1479 479 1516 ²¹².
508 1480 678 1516 Multum
706 1490 796 1526 ergo
824 1477 944 1526 magis
971 1477 1039 1514 fuit
1067 1477 1106 1514 in
1125 1490 1172 1514 eo
1191 1477 1300 1514 fides.

298 1545 332 1569 2.
353 1533 584 1578 ΡΒΑΕΤΕΒΕΑ,
601 1531 774 1568 Christus
793 1543 873 1567 non
893 1530 1023 1567 docuit
1036 1530 1193 1567 virtutes
1207 1543 1302 1579 quas

243 1585 324 1635 ipse
346 1597 426 1622 non
445 1583 596 1622 habuit:
627 1584 842 1620 secundum
866 1583 958 1620 illud
976 1584 1057 1620 Act.
1078 1596 1087 1620 1
1106 1583 1143 1620 *ε
1177 1585 1304 1633 Coepit

242 1640 346 1675 Iesus
371 1638 508 1686 facere
535 1643 568 1674 et
595 1637 738 1674 docere.
778 1635 854 1673 Sed
891 1637 938 1672 de
969 1635 1121 1672 Christo
1149 1635 1302 1683 dicitur,

243 1692 343 1728 Heb.
371 1690 461 1737 xn*‚
482 1689 589 1739 quod
613 1697 668 1726 est
695 1695 825 1726 auctor
852 1694 885 1725 et
912 1695 1189 1726 consummator
1195 1689 1302 1738 fidei.

246 1744 348 1792 Ergo
376 1743 415 1780 in
443 1755 490 1780 eo
519 1741 686 1779 maxime
713 1741 782 1778 fuit
809 1741 917 1778 fides.

300 1796 333 1833 3.
364 1797 594 1840 PRAETEREA,
620 1794 809 1844 quidquid
837 1801 892 1830 est
919 1793 1214 1843 imperfectionis
1242 1806 1304 1830 ex-

245 1847 409 1886 cluditur
436 1860 458 1885 a
484 1847 614 1884 beatis.
652 1847 728 1884 Sed
756 1846 796 1883 in
823 1845 941 1883 beatis
974 1854 1029 1883 est
1059 1846 1176 1883 fides:
1213 1859 1305 1883 narn

245 1913 361 1951 super
388 1900 480 1937 illud
507 1902 617 1937 Rom.
643 1899 702 1946 1²⁸,
730 1900 872 1936 Iustitia
890 1900 963 1935 Dei
985 1899 1169 1936 revelatur
1196 1901 1232 1936 in
1262 1912 1305 1936 eo

245 1967 295 1992 ex
309 1953 393 2003 fide
411 1955 449 1990 in
465 1953 600 2002 fidem,
621 1951 710 1989 dicit
729 1952 865 1989 Glossa
883 1951 921 1988 *z
952 1952 996 1988 de
1005 1952 1088 2000 fide
1106 1954 1306 1990 verborum

245 2013 279 2044 et
303 2008 383 2056 spei
415 2007 452 2043 in
476 2006 599 2054 fidem
631 2017 758 2042 rerum
786 2011 819 2041 et
845 2006 987 2054 speciei.
1026 2005 1127 2053 Ergo
1156 2004 1307 2042 videtur

246 2059 354 2109 quod
383 2058 499 2096 etiam
535 2058 575 2095 in
604 2057 755 2095 Christo
792 2057 903 2094 fuerit
929 2057 1045 2094 fides:
1085 2070 1176 2095 cum
1213 2057 1307 2094 nihil

247 2110 542 2161 imperfectionis
569 2110 758 2160 importet.

300 2165 374 2202 SED
403 2176 548 2201 CONTRA
575 2175 640 2200 Esr
668 2163 775 2212 quod
804 2162 941 2200 dicitur
965 2164 1064 2200 Heb.
1085 2175 1119 2199 XI
1138 2162 1169 2210 ²¹⁶,
1199 2163 1306 2212 quod

236 2217 337 2266 fides
355 2223 406 2254 est
424 2222 687 2266 argumentum
707 2229 782 2253 non
802 2217 1071 2265 apparentium.
1102 2216 1178 2252 Sed
1199 2215 1307 2252 Chri-

248 2278 305 2308 sto
325 2269 420 2307 nihil
437 2269 505 2306 fuit
524 2281 604 2306 non
623 2280 828 2318 apparens:
853 2269 1070 2305 secundum
1089 2267 1181 2305 illud
1200 2269 1307 2317 quod

248 2322 340 2360 dixit
358 2322 393 2359 ei
412 2323 557 2369 Petrus,
577 2323 681 2358 Ioan.
701 2323 767 2358 ult.
784 2321 821 2358 *z
851 2323 906 2359 Tu
926 2323 1053 2358 omnia
1073 2323 1175 2358 nosti.
1205 2322 1306 2370 Ergo

248 2375 288 2413 in
317 2374 469 2412 Christo
497 2386 577 2411 non
604 2374 674 2411 fuit
700 2373 808 2411 fides.
1216 2394 1218 2396 v

300 2429 524 2466 REsponnsso
552 2439 733 2465 DICENDUM
765 2427 892 2476 quod,
922 2426 1018 2464 sicut
1053 2426 1093 2463 in
1130 2427 1309 2464 Secunda

248 2482 359 2518 Parte
377 2480 398 2502 ‘⁸
424 2480 571 2518 dictum
598 2488 664 2527 est⁷
685 2479 880 2517 obiectum
906 2479 998 2517 fidei
1017 2487 1072 2516 est
1099 2491 1158 2517 res
1177 2479 1308 2522 divina

249 2546 330 2572 non
355 2531 449 2570 visa.
478 2532 641 2570 Habitus
669 2540 798 2570 autem
826 2532 985 2580 virtutis,
1012 2532 1108 2569 sicut
1135 2540 1171 2569 et
1199 2532 1307 2582 quili-

248 2587 313 2623 bet
331 2585 440 2634 alius,
460 2585 591 2635 recipit
609 2585 778 2635 speciem
797 2585 845 2622 ab
865 2585 1027 2622 obiecto.
1057 2587 1105 2622 Et
1125 2585 1225 2633 ideo,
1246 2598 1307 2622 ex-

1353 1216 1459 1251 cluso
1487 1216 1594 1263 quod
1624 1228 1683 1251 res
1709 1215 1840 1252 divina
1864 1228 1944 1253 non
1971 1216 2017 1252 sit
2038 1222 2054 1238 ‘²
2082 1217 2176 1264 visa,
2203 1218 2415 1255 excluditur

1354 1267 1448 1304 ratio
1465 1267 1567 1304 fidei.
1591 1268 1763 1304 Christus
1783 1276 1912 1305 autem
1931 1267 1995 1305 inf3
2010 1269 2136 1318 primo
2157 1270 2307 1307 instanti
2323 1283 2413 1307 suae

1354 1320 1615 1369 conceptionis
1641 1322 1753 1370 plene
1774 1321 1867 1358 vidit
1893 1322 2021 1358 Deum
2047 1335 2116 1370 per
2139 1323 2353 1370 essentiam,
2374 1331 2416 1360 ut

1354 1373 1450 1410 infra
1463 1373 1483 1395 ’¹‘
1502 1373 1644 1423 patebit
1658 1379 1684 1410 Υ.
1706 1374 1816 1411 Unde
1836 1374 1932 1410 fides
1952 1374 1991 1411 in
2011 1387 2057 1411 eo
2078 1387 2159 1412 esse
2179 1388 2260 1413 non
2278 1376 2413 1425 potuit.

1409 1427 1466 1462 AD
1495 1438 1629 1463 PRIMUM
1658 1439 1755 1463 ERGO
1783 1439 1964 1464 DICENDUM
2000 1428 2106 1476 quod
2134 1428 2231 1465 fides
2263 1436 2319 1465 est
2346 1441 2415 1466 no-

1355 1478 1467 1516 bilior
1485 1477 1498 1500 δ
1526 1478 1728 1516 virtutibus
1757 1479 1984 1527 moralibus,
2014 1480 2105 1529 quia
2137 1489 2192 1517 est
2219 1480 2318 1518 circa
2346 1494 2414 1519 no-

1355 1531 1531 1568 biliorem
1551 1531 1765 1568 materiam:
1787 1532 1854 1569 sed
1873 1540 2002 1569 tamen
2021 1533 2201 1582 importat
2219 1534 2415 1582 quendam

1357 1584 1547 1621 defectum
1567 1584 1606 1620 in
1625 1584 1912 1634 comparatione
1932 1586 1980 1622 ad
2000 1585 2102 1622 illam
2121 1586 2333 1634 materiam,
2349 1587 2416 1636 qui

1357 1637 1524 1673 defectus
1544 1636 1583 1673 in
1604 1637 1754 1674 Christo
1783 1650 1863 1674 non
1890 1637 1969 1674 fuit.
2000 1639 2047 1675 Et
2073 1638 2160 1675 ideo
2186 1651 2266 1675 non
2294 1640 2417 1688 potuit

1358 1690 1397 1726 in
1417 1702 1463 1726 eo
1484 1701 1565 1726 esse
1584 1689 1699 1726 fides:
1727 1690 1811 1726 licet
1829 1690 1967 1727 fuerint
1985 1690 2024 1727 in
2044 1703 2090 1727 eo
2110 1691 2267 1728 virtutes
2291 1704 2417 1729 mora-

1358 1743 1423 1788 les,
1444 1754 1543 1791 quae
1563 1741 1602 1778 in
1622 1742 1681 1779 sui
1707 1742 1852 1779 ratione
1872 1742 2096 1780 huiusmodi
2122 1744 2310 1780 defectum
2338 1757 2418 1781 non

1359 1794 1566 1843 important
1592 1807 1662 1843 per
1689 1795 2018 1843 comparationem
2045 1796 2094 1832 ad
2123 1809 2210 1833 suas
2229 1797 2416 1834 materias.

1412 1849 1469 1883 AD
1489 1859 1677 1884 SECUNDUM
1691 1860 1872 1884 DICENDUM
1892 1848 1998 1896 quod
2018 1848 2199 1885 meritum
2218 1849 2309 1886 fidei
2328 1862 2419 1886 con-

1360 1899 1452 1936 sistit
1488 1899 1528 1936 in
1565 1900 1641 1936 hoc
1677 1900 1783 1949 quod
1811 1901 1951 1946 homo,
1990 1913 2036 1937 ex
2074 1901 2289 1939 obedientia
2326 1902 2417 1949 Dei,

1360 1952 1513 1990 assentit
1550 1952 1627 1989 istis
1662 1965 1761 2002 quae
1799 1965 1878 1989 non
1915 1953 2034 1990 videt:
2075 1955 2290 1992 secundum
2327 1955 2419 1992 illud

1359 2007 1470 2043 Rom.
1492 2005 1557 2042 1²¹²:
1587 2006 1650 2042 Ad
1675 2006 1917 2043 obediendum
1943 2007 2042 2054 fidei
2067 2008 2103 2043 in
2133 2009 2302 2045 omnihus
2328 2020 2418 2058 gen·
2447 2015 2457 2024 ¹

1360 2060 1453 2095 tibus
1474 2071 1549 2107 pro
1569 2063 1580 2079 ε
1609 2060 1759 2095 nomine
1786 2060 1872 2095 eius.
1913 2059 2183 2096 Obedientiam
2211 2068 2341 2097 autem
2371 2061 2419 2098 ad

1361 2112 1490 2147 Deum
1517 2110 1736 2159 plenissime
1765 2111 1899 2148 habuit
1918 2111 2109 2149 Christus:
2140 2113 2356 2150 secundum
2379 2113 2420 2150 il-

1361 2164 1427 2200 lud
1463 2164 1619 2213 Philipp.
1648 2176 1669 2200 11
1694 2163 1731 2200 ³¹²:
1769 2166 1904 2201 Factus
1932 2170 1982 2201 est
2018 2165 2188 2202 obediens
2224 2178 2337 2215 usque
2372 2167 2423 2203 ad

1361 2222 1530 2253 mortem.
1569 2217 1618 2252 Et
1645 2215 1698 2252 sic
1725 2215 1819 2252 nihil
1846 2217 1894 2253 ad
1922 2217 2104 2254 meritum
2131 2218 2324 2267 pertinens
2352 2219 2420 2257 do-

1361 2268 1438 2306 cuit
1465 2269 1572 2318 quod
1600 2268 1680 2318 ipse
1708 2268 1950 2306 excellentius
1977 2281 2057 2306 non
2085 2269 2269 2319 impleret.

1414 2322 1471 2358 AD
1498 2333 1656 2359 TERTmM
1683 2334 1863 2359 DICENDUM
1891 2323 2010 2371 quod,
2031 2321 2127 2359 sicut
2151 2323 2287 2360 Glossa
2305 2324 2325 2345 ’¹‘
2351 2323 2420 2361 ibi-

1361 2375 1452 2411 dem
1480 2374 1586 2421 dicit,
1605 2374 1705 2422 fides
1726 2376 1883 2424 proprie
1916 2381 1966 2412 est
1994 2388 2067 2424 qua
2095 2376 2295 2412 creduntur
2327 2389 2422 2425 quae

1363 2440 1436 2464 non
1465 2427 1635 2465 videntur
1652 2426 1683 2463 ³¹⁵.
1723 2427 1799 2464 Sed
1827 2427 1923 2464 fides
1951 2440 2050 2476 quae
2083 2435 2138 2464 est
2165 2440 2296 2465 rerum
2323 2428 2420 2465 visa-

1363 2492 1468 2526 rum,
1498 2479 1706 2529 improprie
1735 2479 1888 2528 dicitur‚
1917 2488 1953 2517 et
1980 2481 2196 2517 secundum
2224 2481 2421 2530 quandam

1362 2532 1661 2580 similitudinem,
1682 2540 1870 2582 quantum
1899 2533 1946 2570 ad
1975 2533 2239 2570 certitudinem
2266 2541 2331 2570 aut
2357 2533 2421 2570 fir-

1363 2585 1535 2623 mitatem
1563 2585 1816 2622 adhaesionis.

303 2717 331 2751 α)
351 2724 402 2742 non
421 2717 465 2742 sit.
482 2730 502 2734 —
518 2717 554 2742 sit
572 2724 623 2741 non
643 2717 663 2741 F
683 2722 708 2742 et
726 2716 806 2742 tertia.

304 2752 330 2822 βξ
350 2753 385 2778 in.
403 2766 423 2771 -
439 2759 457 2776 α
475 2751 496 2776 F.
515 2757 541 2793 et
558 2752 639 2777 tertia.
680 2786 687 2792 ·

302 2796 319 2822 γ
344 2787 456 2820 patebit.
473 2801 493 2806 —
510 2787 614 2812 ducetur
631 2791 712 2812 τοι-ιιι.

1415 2716 1440 2750 δ)
1461 2717 1582 2742 nobilior.
1600 2731 1619 2735 —
1637 2717 1724 2741 virtus
1742 2717 1811 2741 addit
1830 2716 1911 2741 tertia.

1415 2751 1437 2786 ε)
1452 2759 1514 2784 pro.
1532 2766 1551 2770 -
1569 2752 1714 2783 Editiones;
1735 2752 1770 2777 in.

923 2866 1255 2903 Commenta-ria
1277 2866 1529 2900 Cardinalis
1551 2865 1752 2899 Caietam

311 2965 418 2986 rrimus
441 2954 524 2985 tertii
546 2953 668 2984 articuli
691 2953 792 2983 clarus
813 2959 869 2989 est,
893 2953 933 2984 de
954 2953 1017 2984 fide
1041 2963 1123 2994 quae
1143 2959 1190 2984 est
1211 2954 1309 2984 virtus

253 2967 502 3039 Ttheologica‚
526 2997 689 3037 inquirens
712 3006 752 3027 an
774 2997 868 3027 fuerit
889 2997 924 3028 in
948 2997 1085 3028 Christo.

307 3043 344 3074 In
359 3052 493 3083 corpore
509 3041 631 3072 articuli
646 3041 741 3071 unica
756 3046 802 3071 est
817 3041 992 3076 conclusio,
1014 3042 1198 3081 responsiva
1213 3050 1310 3081 quae-

252 3088 314 3118 sito
336 3087 496 3128 negative:
522 3086 561 3116 In
580 3085 707 3115 Christo
732 3094 796 3115 non
815 3085 924 3125 potuit
945 3094 1012 3115 esse
1023 3085 1121 3125 fides.
1144 3085 1308 3116 Probatur.

255 3127 516 3162 Obiectum'fidei
535 3135 582 3160 est
596 3139 644 3159 res
661 3129 767 3159 divina
781 3138 848 3159 non
864 3129 939 3158 visa.
962 3129 1059 3168 Ergo,
1076 3129 1204 3159 excluso
1221 3128 1311 3169 quod

253 3184 303 3205 res
326 3174 432 3206 divina
454 3175 494 3205 sit
515 3183 583 3204 non
605 3174 681 3209 visa,
704 3182 772 3203 non
794 3177 936 3202 remanet
958 3173 1037 3202 ratio
1061 3171 1145 3202 fidei.
1169 3173 1254 3212 Ergo
1277 3173 1311 3202 in

255 3218 382 3249 Christo
397 3228 465 3250 non
480 3217 587 3258 potuit
602 3226 669 3247 esse
684 3216 773 3247 fides.
796 3234 820 3238 —
841 3215 1043 3246 Antecedens
1059 3225 1097 3246 ex
1112 3217 1210 3256 priori
1224 3221 1312 3256 patet

253 3262 362 3293 Libro.
384 3281 408 3285 -
429 3262 535 3293 Prima
557 3261 785 3301 consequentia
807 3260 975 3300 probatur:
1007 3259 1081 3299 quia
1103 3260 1228 3290 habitus
1250 3260 1310 3289 vir-

252 3307 329 3336 tutis
351 3306 462 3346 recipit
484 3306 624 3346 speciem
647 3305 685 3334 ab
709 3304 846 3340 obiecto,
870 3304 951 3334 sicut
974 3303 1069 3333 etiam
1085 3303 1217 3342 quilibet
1232 3303 1311 3333 alius

254 3350 389 3381 habitus.
404 3368 428 3372 -
449 3349 596 3381 Secunda
610 3358 686 3379 vero
703 3348 932 3388 consequentia
946 3347 1111 3387 probatur:
1129 3347 1204 3386 quia
1220 3346 1311 3377 Chri-

254 3398 321 3424 stus
343 3394 382 3424 ab
405 3394 532 3424 instanti
554 3402 629 3424 suae
653 3392 872 3432 conceptionis
903 3391 997 3431 plene
1020 3389 1097 3420 vidit
1120 3390 1226 3420 Deum
1255 3400 1312 3430 per

256 3437 434 3469 essentiam.

311 3480 348 3512 11.
372 3480 435 3513 Sed
458 3481 595 3512 occurrit
617 3481 722 3511 statim
745 3480 796 3510 hic
819 3479 963 3515 dubium,
987 3488 1062 3509 cum
1079 3479 1241 3509 obiectum
1257 3479 1311 3508 ha-

256 3523 330 3554 beat
350 3525 506 3556 rationem
527 3525 676 3556 materiae
700 3525 782 3555 circa
805 3533 902 3563 quam
924 3528 1064 3553 versatur
1086 3523 1220 3558 habitus,
1245 3531 1311 3562 quo

257 3572 352 3607 pacto
375 3577 413 3598 ex
435 3566 562 3599 defectu
584 3569 732 3599 materiae
756 3568 838 3598 circa
857 3577 953 3607 quarn
976 3571 1081 3607 potest
1095 3566 1203 3597 inferri
1225 3565 1311 3597 defe-

1363 2959 1432 2984 ctus
1447 2954 1587 2984 habitus:
1605 2963 1679 2984 cum
1698 2953 1860 2992 contingat
1882 2961 2057 2992 pauperem
2073 2962 2140 2982 esse
2156 2952 2362 2993 magnificum
2379 2954 2424 2994 (et

1363 2997 1402 3028 de
1427 2997 1554 3028 Christo
1578 2998 1641 3027 hoc
1664 2997 1727 3027 iam
1743 2995 1760 3014 *
1782 2996 1972 3026 affirmatum
1996 2996 2072 3035 est),
2097 3002 2128 3026 et
2150 3002 2257 3027 tamen
2281 2996 2422 3028 defectus

1363 3041 1553 3077 divitiarum,
1577 3050 1633 3071 seu
1656 3049 1846 3079 magnorum
1869 3045 2067 3079 sumptuum,
2091 3041 2174 3070 circa
2197 3050 2279 3081 quos
2295 3047 2341 3071 est
2356 3051 2423 3072 ma-

1363 3085 1554 3125 gnificentia,
1578 3085 1755 3114 intervenit.
1781 3083 1848 3114 Cur
1869 3093 1937 3114 non
1956 3089 2061 3123 potest
2084 3085 2226 3114 similiter
2249 3084 2311 3115 dici
2334 3085 2423 3125 quod

1364 3130 1396 3159 in
1421 3128 1548 3159 Christo
1572 3128 1632 3158 fuit
1654 3127 1729 3158 fidei
1751 3128 1893 3163 habitus,
1924 3128 2069 3167 quamvis
2093 3127 2228 3158 defuerit
2250 3129 2333 3159 illius
2356 3139 2423 3159 ma—

1364 3173 1440 3203 teria
1463 3173 1545 3202 circa
1569 3181 1681 3211 quam,
1706 3171 1824 3201 scilicet
1846 3181 1895 3202 res
1919 3171 2024 3202 divina
2047 3181 2114 3202 non
2137 3181 2308 3212 apparens:
2342 3174 2424 3203 sicut

1365 3217 1423 3246 fuit
1446 3217 1478 3246 in
1505 3225 1544 3246 eo
1567 3215 1818 3255 magnificentia,
1849 3216 1993 3255 quamvis
2022 3215 2105 3246 illius
2134 3215 2268 3247 defuerit
2293 3218 2423 3247 materia

1365 3261 1447 3290 circa
1471 3257 1587 3299 quam?
2044 3287 2047 3290 f

1419 3303 1470 3333 Ad
1492 3304 1555 3333 hoc
1579 3303 1692 3333 dicitur
1715 3303 1813 3343 quod,
1838 3304 1982 3343 quamvis
1998 3304 2128 3334 materia
2144 3304 2225 3334 circa
2242 3313 2338 3344 quam
2354 3314 2423 3335 ver-

1364 3352 1449 3378 satur
1464 3348 1562 3377 virtus
1578 3352 1608 3377 et
1624 3347 1786 3378 obiectum
1806 3347 1985 3378 coincidere
2001 3348 2210 3384 inveniantur,
2235 3348 2294 3378 alia
2316 3354 2423 3379 tamen

1365 3396 1412 3421 est
1434 3391 1513 3421 ratio
1537 3390 1678 3421 formalis
1702 3391 1835 3427 obiecti,
1867 3397 1898 3421 et
1920 3392 1979 3421 alia
2001 3393 2080 3422 ratio
2112 3392 2239 3431 propria
2262 3393 2421 3423 materiae.

1365 3435 1405 3465 Et
1427 3434 1512 3470 ideo,
1536 3435 1562 3465 si
1585 3434 1710 3466 deficiat
1733 3435 1852 3475 aliquid
1875 3436 1933 3465 sub
1949 3436 2071 3466 ratione
2087 3436 2245 3471 materiae,
2265 3445 2332 3466 non
2348 3445 2423 3475 pro-

1364 3484 1472 3518 pterea
1495 3484 1622 3518 oportet
1645 3478 1779 3510 deficere
1802 3480 1961 3510 habitum:
1987 3479 2042 3510 sed
2065 3480 2089 3509 si
2106 3478 2211 3509 deficit
2227 3480 2285 3509 sub
2301 3480 2423 3510 ratione

1366 3522 1490 3553 formali
1513 3523 1646 3559 obiecti,
1671 3528 1798 3563 oportet
1821 3523 1944 3553 habitus
1968 3523 2051 3553 illius
2077 3524 2233 3553 rationem
2256 3522 2423 3554 formalem

1366 3566 1510 3598 deficere.
1543 3567 1583 3597 Et
1606 3567 1632 3597 si
1654 3567 1850 3607 impossibile
1873 3566 1933 3597 fuit
1962 3573 1993 3597 et
2023 3573 2069 3597 est
2099 3567 2261 3597 obiectum
2293 3566 2424 3607 aliquod

2439 430 2448 439 ⁴
2459 428 2479 449 Π
2489 428 2523 450 ad
2533 428 2587 450 Cor.
2599 434 2650 456 cap.

2438 461 2616 508 Ef'.¹’.1lt².‘⁵eaf;³.·
2626 466 2649 502 i

2438 514 2497 529 vers.
2511 507 2547 536 36.
2642 497 2649 507 ⁹

2539 1234 2555 1250 α

2443 1379 2453 1389 ·
2464 1379 2510 1406 Qu.
2521 1384 2599 1405 xxxiv,
2611 1381 2652 1399 art.

2442 1412 2458 1432 4
2540 1442 2556 1466 Υ

2539 1484 2553 1509 δ

2472 2014 2538 2035 Vers.
2554 2020 2574 2041 5.

2448 2171 2458 2182 ⁸
2471 2169 2538 2191 Vers.
2554 2170 2575 2191 8.

2449 2332 2458 2342 ³
2473 2330 2530 2352 Ord.
2543 2331 2605 2358 Aug.

2448 2434 2457 2444 ⁴
2473 2433 2500 2454 D.
2516 2432 2572 2454 606.

2452 2999 2462 3008 ⁸
2473 3000 2524 3020 Art.
2545 2998 2662 3026 praeced„

2450 3024 2479 3045 ad
2493 3031 2512 3053 3.
