2872 3970
62 651 96 694 ‘.=
105 686 111 694 .
125 670 188 700 9⁰4?

62 727 267 776 ‘'gg-‘cem'

181 759 266 775 flmsssc.

999 277 1261 323 QUAESTIO
1290 278 1393 324 XIV,
1422 277 1713 314 ARTICULUS
1741 277 1771 313 ΙΙ

2398 275 2463 311 181

297 356 447 393 cessitas
475 355 667 401 naturalis,
688 367 788 404 quae
808 354 1055 403 consequitur
1077 354 1262 403 principia
1290 367 1355 391 na-
1380 355 1383 386 l
1410 355 1548 392 horum
1580 355 1810 401 defectuum,
1832 367 1902 391 nec
1930 367 1998 403 per
2026 363 2239 403 respectum
2264 354 2312 391 ad
2332 355 2468 390 volun-

295 407 447 445 turalia:
468 416 561 457 puta
574 409 752 454 formam,
773 407 869 444 sicut
887 407 1145 443 necessarium
1159 414 1214 443 est
1228 407 1356 455 ignem

296 461 516 506 calefacere;
552 462 614 497 vel
641 460 858 505 materiam,
888 459 983 495 sicut
1010 459 1268 496 necessarium
1301 467 1356 495 est

296 524 437 561 corpus
465 525 512 550 ex
539 512 734 550 contrariis
762 511 1023 561 compositum
1051 511 1217 548 dissolvi.

349 565 573 602 Secundum
601 564 713 612 igitur
731 565 831 601 hanc
858 563 1120 600 necessitatem
1139 576 1238 613 quae
1265 576 1355 600 con-

295 617 467 666 sequitur
485 617 698 663 materiam,
718 627 859 666 corpus
879 616 1018 653 Christi
1047 615 1262 652 subiectum
1287 616 1357 653 fuit

294 669 505 709 necessitati
533 669 665 707 mortis
683 669 715 715 ²³⁶,
742 677 778 706 et
805 668 969 706 aliorum
997 668 1222 705 huiusmodi
1256 669 1356 707 defe-

294 729 439 761 ctuum.
469 721 585 768 Quia,
613 722 710 759 sicut
737 721 883 758 dictum
911 729 966 758 est
984 720 1022 767 ³¹²,
1051 722 1278 770 beneplacito
1306 722 1355 758 di-

294 775 404 815 vinae
428 775 623 813 voluntatis
655 775 790 812 Christi
815 775 925 811 carni
944 775 1224 823 permittebatur
1242 785 1358 823 agere

294 833 328 865 et
338 829 423 877 pati
439 839 535 877 quae
546 828 723 886 propria:
740 827 837 863 haec
855 834 985 864 autem
1003 826 1206 863 necessitas
1225 838 1357 863 causa-

293 882 356 929 tur
383 891 430 916 ex
456 878 651 929 principiis
678 880 874 917 humanae
902 878 1036 923 carnis,
1057 886 1099 916 ut
1118 878 1263 916 dictum
1290 886 1355 915 est.

299 979 302 981 Α
348 931 388 970 Si
415 939 546 971 autem
573 932 782 981 loquamur
814 932 861 968 de
890 931 1110 968 necessitate
1150 930 1357 968 coactionis

295 985 511 1022 secundum
539 985 647 1034 quod
674 992 861 1034 repugnat
889 991 1047 1021 naturae
1075 983 1275 1032 corporali,
1305 983 1357 1020 sic

295 1036 435 1074 iterum
470 1049 611 1086 corpus
650 1037 805 1084 Christi,
843 1037 1059 1073 secundum
1096 1035 1358 1073 conditionem

294 1089 474 1139 propriae
511 1097 690 1136 naturae,
719 1088 929 1138 necessitati
966 1089 1155 1126 subiacuit
1191 1096 1227 1126 et
1261 1088 1358 1126 clavi

295 1141 521 1192 perforantis
549 1150 585 1179 et
611 1142 749 1191 flagelli
782 1142 1036 1191 percutientis.
1073 1165 1099 1168 —
1133 1142 1358 1179 Secundum

295 1207 389 1232 vero
409 1195 516 1244 quod
535 1195 738 1233 necessitas
756 1195 838 1233 talis
857 1203 1044 1244 repugnat
1061 1194 1259 1241 voluntati,
1277 1206 1358 1231 ma-

294 1246 476 1293 nifestum
503 1255 559 1284 est
585 1248 694 1297 quod
721 1248 761 1286 in
781 1248 932 1285 Christo
960 1259 1042 1284 non
1062 1247 1130 1284 fuit
1158 1247 1359 1284 necessitas

347 1377 374 1412 γ)
395 1377 608 1404 deliberativam.
623 1392 643 1396 —
661 1378 854 1404 deliberantem
872 1379 957 1404 tertia.

1408 414 1524 445 tatem
1543 407 1732 451 divinam;
1753 420 1823 444 nec
1842 420 1911 456 per
1930 415 2144 456 respectum
2164 408 2212 444 ad
2231 408 2468 443 voluntatem

1409 461 1623 497 humanam
1643 460 1781 497 Christi
1809 460 1992 506 absolute,
2018 467 2132 508 prout
2160 459 2330 508 sequitur
2357 458 2467 495 ratio-

1409 524 1499 548 nem
1519 512 1804 549 deliberativam
1823 517 1856 557 γ;
1887 512 1953 548 sed
1973 513 2099 548 solum
2126 512 2340 548 secundum
2360 519 2467 548 natu-

1409 566 1527 601 ralem
1546 572 1698 615 motum
1717 565 1935 611 voluntatis,
1955 572 2069 613 prout
2088 564 2224 600 scilicet
2252 564 2468 600 naturaliter

1410 617 1542 665 refugit
1570 625 1735 654 mortem
1763 625 1798 653 et
1826 617 1996 666 corporis
2024 625 2266 653 nocumenta.

1463 671 1519 706 Ao
1540 682 1674 707 ptumum
1694 682 1791 707 ERGO
1811 682 1991 706 DICENDUM
2011 670 2118 718 quod
2138 669 2309 706 Christus
2333 668 2468 711 dicitur

1410 722 1550 759 oblatus
1578 724 1664 771 quia
1691 723 1821 767 voluit,
1851 730 1886 758 et
1921 723 2116 758 voluntate
2153 721 2300 767 divina,
2329 729 2366 758 et
2399 733 2467 757 vo-

1409 775 1550 811 luntate
1570 775 1742 812 humana
1761 774 1964 811 deliberata
1978 774 2014 811 *z
2036 774 2120 811 licet
2138 786 2243 810 mors
2262 781 2359 810 esset
2378 785 2467 810 con-

1409 834 1465 863 tra
1501 828 1715 864 naturalem
1751 834 1903 864 motum
1940 827 2145 864 voluntatis
2182 827 2397 873 humanae,
2427 834 2469 862 ut

1411 878 1500 915 dicit
1518 880 1782 916 Damascenus
1800 879 1830 916 *.

1463 933 1519 969 AD
1548 934 1738 969 sECUNDtJM
1763 940 1865 981 patet
1893 932 2090 981 responsio
2119 944 2164 968 ex
2193 931 2299 969 dictis
2317 931 2347 967 ³¹⁵.

1463 985 1520 1020 AD
1547 996 1705 1021 TERTIUM
1733 997 1912 1022 DICENDUM
1941 985 2048 1033 quod
2066 985 2159 1021 nihil
2186 985 2254 1021 fuit
2278 983 2469 1033 potentius

1411 1048 1530 1085 quam
1558 1036 1687 1073 anima
1715 1037 1852 1073 Christi
1881 1038 2069 1074 absolute:
2104 1036 2198 1074 nihil
2225 1045 2354 1074 tamen
2381 1048 2469 1085 pro-

1412 1088 1515 1125 hibet
1543 1089 1686 1137 aliquid
1714 1089 1826 1126 fuisse
1854 1090 2045 1138 potentius
2071 1098 2260 1138 quantum
2289 1089 2337 1126 ad
2365 1089 2470 1125 hunc

1412 1141 1611 1187 effectum;
1641 1141 1736 1178 sicut
1763 1144 1894 1183 clavus
1923 1143 1971 1179 ad
1998 1143 2283 1191 perforandum.
2320 1142 2367 1178 Et
2395 1142 2471 1178 hoc

1413 1193 1498 1230 dico
1527 1194 1741 1231 secundum
1769 1195 1876 1243 quod
1904 1194 2031 1231 anima
2051 1194 2188 1231 Christi
2210 1194 2471 1231 consideratur

1412 1247 1628 1284 secundum
1655 1246 1852 1296 propriam
1879 1255 2120 1284 naturamet
2147 1247 2336 1283 virtutem.

970 1467 1303 1500 Commentariis.
1324 1466 1575 1498 cardinalis
1599 1467 1798 1499 Caietani

356 1565 462 1586 nurus
477 1553 701 1594 intelligendus
714 1559 761 1584 est
775 1559 811 1584 ut
825 1554 916 1584 iacet.
926 1572 950 1576 -
961 1554 996 1584 ln
1020 1563 1155 1594 corpore
1177 1553 1243 1583 duo
1259 1552 1357 1582 fiunt:

296 1566 479 1639 Tprimo‚
502 1598 635 1638 ponitur
657 1607 722 1628 una
745 1597 904 1628 distinctio
928 1598 1122 1633 bimembris,
1148 1607 1223 1627 cum
1247 1596 1358 1627 condi—

294 1643 437 1673 tionibus
452 1642 681 1678 membrorum,
699 1647 730 1672 et
744 1642 976 1682 multiplicitate
995 1643 1178 1681 utriusque;
1203 1640 1357 1676 secundo,

296 1686 507 1727 respondetur
530 1686 675 1726 quaesito
698 1686 797 1716 tribus
821 1686 1092 1716 conclusionibus.

350 1731 520 1761 Distinctio
544 1735 600 1760 est.
634 1730 811 1760 Necessitas
842 1735 888 1760 est
918 1730 1052 1769 duplex:
1084 1729 1276 1765 coactionis,
1307 1728 1357 1759 vel

294 1774 455 1805 naturalis.
480 1773 634 1804 Conditio
657 1774 850 1804 necessitatis
874 1774 1048 1804 coactionis
1073 1779 1119 1804 est
1142 1772 1231 1813 quod
1250 1778 1297 1802 est
1319 1773 1357 1802 ab

297 1819 483 1848 extrinseco.
515 1817 732 1858 Multiplicitas
755 1818 822 1848 eius
845 1823 892 1848 est
915 1817 1004 1858 quod
1027 1818 1235 1848 contrariatur
1258 1826 1358 1856 quan-

296 1861 405 1902 doque
416 1867 557 1898 naturae‚
570 1861 766 1901 quandoque
778 1862 949 1892 voluntati:
967 1862 1043 1901 quia
1057 1867 1123 1891 tam
1134 1866 1245 1891 natura
1261 1869 1359 1900 quam

294 1906 443 1939 voluntas
466 1911 513 1936 est
535 1906 730 1946 principium
752 1906 970 1941 intrinsecum,
990 1905 1043 1935 illa
1066 1910 1174 1935 autem
1190 1910 1236 1934 est
1251 1905 1289 1934 ab
1307 1913 1359 1934 ex-

294 1950 443 1981 trinseco.
466 1968 490 1972 —
513 1949 666 1981 Conditio
682 1950 876 1980 necessitatis
890 1949 1040 1979 naturalis
1064 1954 1111 1979 est
1133 1947 1223 1988 quod
1247 1957 1359 1978 conse-

295 1995 406 2035 quitur
427 1994 622 2034 principium
644 1994 797 2024 naturale.
821 1993 1039 2033 Multiplicitas
1063 1994 1131 2023 eius
1149 1998 1196 2023 est
1219 1993 1294 2032 quia
1308 1992 1360 2022 vel

297 2038 504 2078 consequitur
526 2037 674 2074 formam,
698 2038 749 2068 vel
771 2038 946 2074 materiam,

349 2081 456 2112 Prima
479 2082 644 2113 conclusio
669 2087 733 2112 est:
759 2082 886 2122 Corpus
904 2081 1032 2117 Christi,
1056 2081 1230 2112 secundum
1255 2089 1360 2111 neces-

293 2126 421 2158 sitatem
444 2127 626 2157 naturalem
641 2131 883 2166 consequentem
898 2125 1077 2161 materiam,
1101 2125 1274 2156 subiectum
1288 2124 1363 2167 suit

296 2170 477 2202 necessitati
499 2170 621 2206 mortis,
638 2175 670 2200 et
690 2170 833 2200 aliorum
855 2169 1038 2200 huiusmodi
1056 2170 1248 2211 defectuum.
1282 2169 1360 2199 Pro—

295 2215 398 2247 batur.
423 2214 520 2245 Carni
542 2214 661 2245 Christi
682 2214 924 2254 permittebatur
939 2223 1031 2254 agere
1047 2219 1079 2244 et
1092 2215 1159 2254 pati
1174 2223 1257 2254 quae
1273 2218 1361 2244 erant

295 2259 434 2299 propria.
459 2258 522 2289 Sed
544 2258 714 2289 necessitas
733 2258 851 2288 horum
870 2257 1055 2288 defectuum
1071 2264 1216 2289 causatur
1233 2267 1271 2288 ex
1285 2267 1360 2298 pro-

296 2303 373 2343 priis
397 2303 507 2333 carnis
531 2303 628 2342 Ergo.

352 2346 500 2377 Secunda
522 2346 688 2377 conclusio
713 2351 774 2377 est:
801 2345 928 2387 Corpus
946 2346 1075 2382 Christi,
1094 2345 1268 2377 secundum
1284 2355 1360 2376 con-

294 2390 450 2422 ditionem
467 2391 625 2431 propriae
648 2395 796 2426 naturae,
811 2390 972 2421 subiacuit
986 2390 1166 2421 necessitati
1183 2390 1361 2421 coactionis

294 2435 509 2476 repugnantis
532 2440 671 2465 naturae
693 2435 881 2475 corporali:
908 2440 944 2464 ut
966 2439 1054 2474 patet
1077 2433 1116 2465 de
1139 2435 1230 2465 clavo
1253 2433 1360 2474 perfo-

295 2483 386 2510 rante
409 2483 440 2509 et
462 2478 589 2519 flagello
612 2480 821 2519 percutiente.

353 2522 461 2566 Tertia
492 2522 658 2566 conclusio
687 2528 749 2553 est:
781 2523 820 2553 In
847 2522 974 2553 Christo
1007 2532 1072 2553 non
1090 2523 1164 2564 fuit
1190 2523 1361 2555 necessitas

295 2567 475 2597 coactionis
498 2567 709 2608 repugnantis
731 2567 891 2597 voluntati
913 2567 1042 2598 divinae
1057 2572 1115 2598 aut
1131 2567 1292 2598 humanae
1307 2568 1361 2598 ab·

296 2611 410 2646 solute,
433 2610 490 2641 sed
510 2611 615 2641 solum
637 2610 811 2642 secundum
834 2612 1016 2642 naturalem
1039 2616 1160 2641 motum
1176 2611 1359 2642 voluntatis.

255 2665 259 2667 ’
297 2655 387 2685 Haec
411 2655 576 2685 conclusio
606 2665 675 2686 non
702 2655 789 2685 aliter
815 2655 984 2695 probatur,
1009 2655 1064 2686 sed
1087 2665 1126 2686 ex
1148 2655 1360 2686 declaratione

296 2699 508 2729 terminorum
523 2698 711 2739 relinquitur
727 2698 855 2729 evidens
871 2699 957 2739 apud
971 2700 1151 2739 theologos.
1177 2699 1361 2730 Declaratur

296 2741 457 2782 siquidem
478 2742 627 2773 voluntas
649 2743 803 2778 absolute,
827 2743 890 2773 hoc
906 2749 962 2779 est,
987 2753 1188 2783 consequens
1204 2744 1360 2774 rationem

297 2785 538 2816 deliberantem:
557 2792 588 2817 et
603 2787 773 2822 naturalis,
786 2793 883 2827 prout
897 2788 1079 2818 naturaliter
1090 2787 1207 2827 refugit
1222 2793 1360 2818 mortem

298 2831 508 2870 corporisque
530 2837 736 2862 nocumenta.

353 2873 390 2904 11.
415 2874 479 2904 Ubi
501 2880 578 2905 nota
600 2876 704 2915 primo
729 2875 828 2915 quod,
852 2875 938 2916 apud
955 2876 1132 2906 Auctorem
1155 2876 1217 2911 hic,
1242 2875 1360 2906 delibe-

296 2917 378 2948 ratio
401 2923 449 2948 est
471 2924 559 2949 actus
581 2919 720 2950 rationis.
744 2920 785 2950 Et
806 2920 954 2950 voluntas
977 2919 1092 2950 dicitur
1115 2919 1284 2956 deliberata
1307 2919 1362 2950 de-

1409 1553 1605 1583 nominative
1629 1563 1646 1583 a
1665 1554 1786 1584 ratione
1810 1553 2018 1584 deliberante:
2044 1560 2075 1584 et
2098 1555 2270 1591 causaliter,
2295 1555 2370 1595 quia
2394 1565 2471 1585 con-

1410 1597 1554 1636 sequitur
1577 1598 1733 1627 rationem
1756 1597 1992 1628 deliberantem.
2017 1598 2109 1636 Quae
2125 1599 2245 1629 scilicet
2259 1600 2349 1635 ratio,
2367 1599 2472 1629 omni—

1410 1640 1469 1670 bus
1493 1640 1707 1677 consideratis,
1731 1642 1894 1672 concludit
1917 1642 2036 1682 aliquid
2051 1652 2118 1673 esse
2135 1643 2255 1673 malum
2271 1644 2321 1673 vel
2337 1644 2470 1679 bonurn,

1410 1683 1600 1724 fugiendum
1622 1686 1673 1715 vel
1696 1686 1974 1726 prosequendum:
2004 1692 2035 1716 et
2057 1687 2200 1726 sequitur
2226 1692 2334 1717 motus
2356 1687 2472 1717 volun-

1410 1729 1480 1758 tatis
1504 1729 1678 1759 conformis
1701 1730 1756 1759 tali
1778 1731 1908 1765 rationi,
1933 1736 2085 1770 appetens
2108 1731 2158 1760 vel
2181 1730 2316 1770 fugiens,
2340 1731 2396 1770 qui
2414 1740 2473 1761 vo-

1411 1777 1500 1802 catur
1522 1773 1670 1803 voluntas
1694 1773 1873 1804 deliberata.

1465 1815 1622 1847 Naturalis
1646 1822 1753 1847 autem
1775 1817 1923 1847 voluntas
1946 1823 2079 1848 vocatur
2101 1823 2208 1848 motus
2231 1818 2284 1848 ille
2300 1818 2473 1848 voluntatis

1412 1860 1468 1898 qui
1491 1861 1699 1900 consequitur
1721 1862 1878 1891 rationem
1894 1861 2186 1901 apprehendentem
2202 1862 2326 1892 bonum
2341 1862 2391 1892 vel
2407 1871 2474 1892 ma-

1411 1903 1489 1939 lum,
1513 1913 1581 1934 non
1605 1904 1808 1934 consideratis
1833 1905 1982 1935 omnibus
2007 1906 2264 1941 circumstantiis,
2289 1905 2344 1935 sed
2367 1907 2474 1945 ipsum

1411 1946 1537 1977 nudum
1561 1949 1724 1978 obiectum
1748 1950 1881 1985 bonum,
1905 1954 1983 1989 puta
2004 1950 2111 1985 vitam,
2136 1950 2312 1985 sanitatem,
2336 1950 2386 1979 vel
2407 1959 2474 1979 ma-

1411 1990 1490 2027 lum,
1514 1997 1591 2031 puta
1613 1998 1761 2028 mortem,
1786 1992 2011 2029 infirmitatem,
2035 1993 2199 2033 flagellari,
2225 1999 2255 2024 et
2278 1993 2473 2024 huiusmodi.

1412 2034 1463 2064 Ad
1485 2035 1671 2066 huiusmodi
1695 2037 1781 2066 enim
1804 2037 2092 2077 apprehensionem
2122 2038 2264 2077 sequitur
2291 2038 2475 2068 naturaliter

1412 2084 1520 2109 motus
1543 2080 1715 2110 voluntatis
1737 2081 1849 2111 volens
1872 2082 1996 2111 bonum
2019 2081 2069 2112 vel
2092 2082 2206 2111 nolens
2228 2082 2359 2112 malurn.

1467 2123 1509 2159 Et
1531 2129 1655 2160 tamen,
1680 2130 1716 2154 ut
1739 2124 1860 2155 dictum
1884 2131 1943 2160 est,
1967 2125 2167 2165 superaddita
2190 2126 2304 2155 rationi
2328 2125 2475 2156 conside-

1411 2168 1534 2198 ratione
1558 2169 1880 2205 circumstantiarum,
1909 2175 1987 2209 puta
2009 2171 2091 2199 mori
2114 2175 2245 2209 propter
2266 2170 2390 2199 bonum
2412 2170 2474 2199 vir-

1411 2212 1498 2248 tutis,
1522 2213 1664 2252 sequitur
1686 2213 1720 2243 in
1736 2213 1900 2243 voluntate
1922 2219 2030 2243 motus
2045 2214 2208 2244 volitionis
2223 2219 2371 2253 respectu
2386 2214 2472 2249 mali,

1411 2260 1490 2296 puta
1512 2257 1622 2286 mortis
1645 2262 1776 2297 propter
1798 2257 1972 2293 iustitiam„
1985 2263 2016 2287 et
2036 2257 2200 2287 nolitionis
2222 2262 2369 2297 respectu
2384 2258 2472 2293 boni,

1412 2305 1490 2339 puta
1505 2301 1587 2330 vitae
1607 2310 1683 2330 cum
1698 2300 1888 2331 detrimento
1904 2301 2035 2331 virtutis.
2060 2301 2179 2331 Renuit
2194 2301 2352 2340 siquidem
2367 2301 2473 2331 vivere

1412 2353 1488 2374 cum
1503 2343 1640 2380 defectu,
1654 2345 1748 2374 etiam
1760 2345 1918 2385 negativo,
1932 2345 2000 2375 talis
2013 2350 2101 2375 actus
2113 2345 2246 2380 virtutis,
2259 2350 2337 2385 puta
2348 2344 2473 2375 redem-

1412 2388 1532 2427 ptionis
1554 2389 1722 2419 humanae.

1468 2431 1519 2462 111.
1544 2432 1579 2462 In
1602 2434 1810 2472 responsione
1834 2432 1873 2463 ad
1896 2434 2040 2468 tertium,
2062 2431 2136 2462 vide
2159 2431 2248 2472 quod
2270 2432 2394 2462 Auctor
2415 2441 2472 2462 ne-

1413 2476 1590 2506 cessitatem
1613 2478 1787 2509 coactionis
1811 2477 1984 2507 contrariae
2008 2477 2144 2516 corpori,
2168 2485 2265 2516 quam
2288 2477 2321 2506 in
2337 2485 2472 2515 corpore

1413 2520 1535 2550 articuli
1557 2527 1703 2560 respectu
1727 2522 1869 2561 corporis
1886 2521 2002 2551 Christi
2020 2521 2137 2560 posuit,
2154 2521 2205 2551 hic
2222 2519 2361 2550 extendit
2377 2520 2472 2550 etiam

1413 2563 1453 2594 ad
1475 2565 1615 2594 animam
1631 2564 1747 2595 Christi
1771 2565 1947 2595 secundum
1970 2566 2132 2605 propriam
2154 2570 2298 2594 naturam
2323 2569 2353 2594 et
2374 2563 2472 2593 virtu-

1412 2613 1488 2638 tem.
1513 2608 1598 2646 Quia
1620 2610 1765 2648 superius
1780 2610 1796 2625 '⁶
1821 2609 1941 2639 dictum
1964 2615 2010 2639 est
2034 2608 2123 2649 quod
2146 2609 2250 2638 anima
2274 2607 2399 2643 Christi,
2423 2617 2472 2638 se-

1414 2651 1557 2682 cundum
1580 2653 1742 2692 propriam
1763 2659 1909 2683 naturam
1932 2658 1963 2683 et
1982 2653 2140 2686 virtutem,
2164 2662 2232 2682 non
2255 2657 2378 2691 poterat
2400 2660 2472 2681 mu-

1413 2701 1478 2726 tare
1501 2697 1677 2726 naturalem
1708 2707 1836 2727 cursum
1862 2706 1984 2727 rerum:
2015 2696 2191 2726 secundum
2223 2705 2319 2735 quem
2350 2700 2473 2725 constat

1414 2739 1540 2770 clavum
1564 2750 1631 2770 esse
1654 2741 1868 2780 potentiorem
1897 2741 1936 2771 ad
1961 2740 2187 2780 perforandum
2211 2748 2337 2770 carnem
2359 2739 2472 2768 huma-

1413 2794 1488 2814 nam
1512 2794 1610 2824 quam
1625 2785 1730 2814 anima
1753 2785 1791 2814 sit
1809 2790 1923 2824 potens
1940 2794 2060 2815 servare
2077 2793 2193 2823 corpus
2209 2784 2351 2819 illaesum
2368 2792 2385 2812 a
2400 2792 2471 2822 per-

1415 2827 1589 2865 foratione3
1615 2829 1768 2868 quoniam
1790 2829 1853 2858 hoc
1876 2838 1943 2858 non
1966 2829 2032 2858 sine
2051 2827 2204 2858 miraculo
2229 2826 2326 2857 fieret.
2350 2826 2391 2856 Et
2409 2827 2472 2856 hoc

1416 2877 1463 2902 est
1486 2871 1575 2911 quod
1598 2872 1699 2902 littera
1722 2872 1825 2902 docet.

2496 779 2505 788 ⁸
2519 778 2547 799 D.
2562 784 2612 806 905·

2498 882 2508 911 ¹.
2516 883 2550 902 De
2559 881 2619 903 Fide
2629 882 2708 909 Orth„

2496 908 2535 929 llb.
2542 908 2579 935 111,
2589 914 2706 936 capum,

2496 940 2557 955 xxiv.

2497 963 2506 971 ·
2521 961 2545 982 In
2560 966 2665 988 corpore.

2499 2609 2508 2618 ⁴
2521 2608 2567 2635 Qu.
2578 2614 2629 2634 xm,
2639 2611 2710 2636 art.3.
