2872 3970
194 421 275 452 erat
305 412 345 450 in
378 423 539 461 corpore
568 411 707 449 Christi
744 411 1050 460 repraesentabat
1083 412 1251 448 futuram

107 452 138 478 ⁵
193 464 399 505 claritatem
426 464 598 514 corporis
625 463 727 509 eius,
755 463 806 500 ita
833 463 978 500 claritas
1005 464 1250 500 vestimento-

115 528 148 562 ς’
194 521 284 557 ‘tum
302 516 383 554 eius
410 514 580 564 designat
601 516 770 552 futuram
790 515 996 552 claritatem
1017 523 1248 562 sanctorum,

110 565 162 624 spsss
194 581 294 620 quae
321 567 562 617 superabitur
589 580 611 605 a
633 567 797 604 claritate
818 567 968 613 Christi,
989 567 1084 604 sicut
1107 569 1251 605 candor

192 621 292 661 nivis
319 627 520 670 superatur
546 632 569 657 a
597 620 763 656 candore
782 625 797 648 Υ
825 619 925 656 solis.
967 621 1079 657 Unde
1107 621 1250 668 Grego-

193 669 391 719 medica,
410 672 550 710 XXXII
567 672 756 718 Moral.*,
773 672 880 721 quod
897 672 1123 709 vestimenta
1143 672 1250 709 Chri-

119 721 166 770 Ῠ
194 724 373 765 ffl'iacta
388 731 478 762 sunt
503 724 760 774 splendentia,
790 726 875 773 quia
904 726 941 761 in
968 736 1152 772 supernae
1178 725 1250 762 cla-

193 779 312 817 maiix
341 778 503 814 culmine
532 778 652 814 sancti
677 788 805 813 omnes
831 778 867 813 ei
892 777 973 813 luce
1000 778 1154 814 iustitiae
1170 778 1252 825 ful-

135 830 166 881 5’
192 828 319 882 gentes
344 827 607 890 adhaerebunt.
644 830 803 866 Vestium
831 831 929 866 enim
957 831 1108 866 nomine
1130 831 1251 876 iustos,

28 537 46 594 31?

174 1134 177 1135 ν
196 1111 225 1150 ’ζ’
243 1121 358 1147 ‘xi-urus
382 1115 505 1155 quaerit
520 1124 561 1145 an
575 1114 628 1146 illa
650 1114 772 1145 claritas
788 1124 870 1155 quae
893 1115 1038 1155 apparuit
1055 1115 1088 1145 in
1109 1114 1247 1151 Christo,

133 1178 155 1195 g
194 1126 346 1199 Tfiaerit
373 1158 494 1189 claritas
525 1167 607 1198 quae
638 1159 770 1198 ponitur
796 1168 860 1188 una
890 1168 927 1188 ex
951 1164 1089 1199 quatuor
1122 1158 1249 1188 dotibus

125 1199 162 1241 ᾖ,
191 1203 335 1244 eorporis
356 1202 499 1242 gloriosi:
522 1203 587 1232 hoc
606 1207 653 1232 est
675 1202 762 1232 enim
785 1211 935 1242 quaerere
951 1212 992 1232 an
1007 1202 1101 1232 fuerit
1117 1202 1250 1232 claritas

138 1251 150 1279 ζ
189 1246 348 1290 μενέω-α.
371 1246 414 1276 Et
434 1246 596 1286 quaeritur
617 1247 681 1276 hoc
704 1245 744 1276 ad
766 1245 974 1276 differentiam
998 1246 1144 1276 claritatis
1167 1255 1250 1285 quae

192 1290 267 1331 alias
281 1299 434 1331 apparere
443 1294 566 1330 potest:
586 1295 622 1320 ut
636 1290 670 1320 in
685 1290 847 1320 nativitate
862 1290 995 1320 Domini
1007 1289 1121 1320 dicitur
1132 1290 1149 1307 ⁵*
1161 1289 1250 1329 quod

137 1331 145 1375 3,
192 1331 326 1383 claritas
346 1333 410 1365 Dei
431 1333 647 1375 circumfulsit
669 1333 753 1369 illos,
770 1339 802 1364 et
823 1334 857 1363 in
872 1334 1102 1364 resurrectione
1118 1333 1251 1363 Domini

134 1371 296 1420 ζῂρῆξείἰ
323 1377 358 1408 in
380 1377 519 1408 claritate
549 1376 682 1407 candida
711 1382 926 1418 apparuerunt
943 1378 970 1407 ἦ
1006 1376 1140 1407 Constat
1163 1377 1249 1406 enim

182 1414 376 1460 'fluitismodi
399 1421 553 1451 claritates
578 1430 647 1451 non
669 1429 737 1451 esse
761 1421 913 1451 claritates
936 1429 1109 1460 corporum
1132 1420 1250 1460 glorio-

190 1465 321 1500 stiram.
346 1465 388 1495 Et
409 1469 578 1504 propterea
599 1465 652 1495 hic
674 1465 708 1494 in
731 1465 953 1504 quaestionem
975 1465 1106 1494 vertitur
1135 1474 1176 1494 an
1198 1463 1251 1494 illa

192 1509 314 1541 claritas
335 1509 468 1539 Domini
490 1509 524 1539 in
546 1507 821 1548 transfiguratione
843 1508 938 1538 fuerit
960 1509 1042 1538 sicut
1064 1507 1165 1538 dictae
1188 1508 1251 1538 cla-

208 1554 216 1560 “
240 1588 248 1594 q
306 1561 379 1583 :an
401 1551 496 1583 fuerit
519 1552 641 1583 claritas
664 1553 808 1592 corporis
829 1552 970 1592 gloriosi.

131 1591 169 1639 ’,
211 1594 225 1638 ,’
239 1592 283 1633 Π.
296 1594 332 1627 In
342 1605 478 1636 corpore
493 1595 558 1626 duo
574 1595 670 1626 fiunt:
682 1597 798 1636 primo,
809 1596 940 1636 ponitur
956 1595 1120 1626 conclusio
1134 1600 1165 1626 et
1175 1605 1250 1635 pro-

147 1671 148 1674 ,
191 1634 299 1681 bdffin
308 1639 468 1676 ¹secundo,
482 1649 520 1669 ex
535 1638 588 1669 illa
602 1639 778 1670 excluditur
794 1639 905 1679 opinio
917 1639 1065 1679 Hugonis
1081 1639 1120 1669 de
1133 1639 1249 1670 Sancto

130 1679 155 1717 ἕξ
192 1677 322 1722 Victore
336 1684 364 1714 ἐ
388 1682 564 1714 Conclusio
589 1689 636 1713 est
657 1683 777 1714 habens
792 1683 870 1714 duas
885 1688 1005 1723 partes:
1032 1683 1174 1713 Claritas
1193 1683 1250 1712 illa

124 1723 161 1766 ἵζ’
183 1721 266 1771 fiii
277 1727 412 1758 claritas
433 1727 565 1768 gloriae
586 1732 741 1767 quantum
764 1727 807 1758 ad
829 1727 1007 1763 essentiam,
1025 1731 1056 1757 et
1070 1736 1134 1756 non
1150 1735 1251 1767 quan-

131 1767 162 1800 ὁ,
193 1776 259 1806 m
279 1771 323 1805 ad
336 1771 466 1802 modum
482 1771 616 1801 essendi.
639 1771 793 1802 Probatur
811 1771 961 1811 primum.
985 1770 1117 1801 Claritas
1132 1771 1251 1810 gloriae

131 1814 351 1859 {4351an
372 1815 411 1849 ab
434 1815 540 1845 anima
561 1815 596 1844 in
612 1824 739 1855 corpus.
764 1814 896 1848 Claritas
913 1814 1030 1845 Christi
1053 1814 1190 1844 derivata
1205 1819 1252 1844 est

192 1855 348 1893 a'deitate
379 1863 411 1888 et
433 1859 538 1890 anima
566 1859 601 1888 in
624 1868 751 1898 corpus.
781 1858 878 1898 Ergo.
900 1875 924 1880 -
946 1858 1049 1888 Maior
1071 1863 1117 1888 est
1139 1858 1251 1898 Augu-

142 1908 162 1940 ,sp
216 1900 230 1911 '⁶
256 1903 285 1939 '‚
306 1902 349 1933 ad
369 1902 576 1932 Dioscorum.
599 1920 622 1924 -
645 1902 752 1932 Minor
775 1908 821 1933 est
843 1901 1032 1932 Damasceni
1055 1900 1163 1941 quoad
1186 1900 1251 1931 dei-

186 1906 301 1978 &lm
338 1943 457 1985 Quoad
489 1946 629 1975 animam
662 1955 758 1981 vero,
789 1945 961 1985 probatur:
997 1945 1072 1984 quia
1103 1954 1172 1974 non
1206 1950 1253 1975 est

193 1982 502 2030 adapta-omino
533 1993 673 2029 potestas
705 1989 866 2020 derivandi
897 1989 1031 2029 gloriam
1058 1989 1182 2018 animae
1213 1988 1253 2018 ad

194 2042 387 2075 corginnart
406 2033 644 2073 dispensatione
666 2042 708 2063 ne
729 2032 929 2064 redundaret.

134 2079 148 2110 5³15-
197 2076 488 2120 φχᾼξμοςυειεὶεικριιιῖ
505 2077 658 2118 probatur
681 2087 719 2107 ex
735 2076 910 2108 differentia
924 2077 1005 2107 inter
1021 2076 1166 2106 claritatis
1182 2085 1253 2106 mo-

149 2134 155 2143 *
218 2119 254 2157 ‘s
275 2120 401 2160 essendi
422 2120 580 2153 diversos:
613 2121 748 2156 scilicet,
771 2120 823 2151 vel
851 2130 908 2160 per
929 2119 1066 2151 modum
1096 2119 1253 2159 qualitatis

166 2198 170 2202 ,
211 2203 212 2206 ¹
239 2158 425 2201 '‘''*anentis;
449 2162 500 2194 vel
522 2167 580 2204 'per
601 2163 737 2195 modum
759 2164 914 2204 passionis
937 2160 1135 2194 transeuntis.
1169 2163 1253 2193 Nam

140 2207 169 2237 i
193 2209 300 2256 primo
322 2207 423 2239 modo
447 2213 494 2238 est
517 2208 638 2238 claritas
661 2207 780 2248 gloriae
803 2208 898 2238 etiam
922 2207 1029 2247 quoad
1046 2206 1182 2237 modum
1206 2216 1253 2237 es—

194 2250 387 2284 ehnffiissn'on
401 2251 555 2282 secundo.
579 2251 678 2289 Quod
696 2250 914 2282 manifestatur
931 2261 968 2281 ex
983 2251 1043 2281 alia
1061 2250 1252 2280 differentia:

164 2327 168 2334 ,
195 2297 439 2337 quin-corpora¹
454 2295 594 2335 gloriosa
615 2301 690 2326 sunt
711 2295 822 2327 affecta
845 2295 982 2326 claritate
1005 2295 1048 2324 ita
1070 2299 1107 2324 ut
1128 2299 1255 2325 natura-

130 2338 165 2347 ”
195 2339 438 2382 hgerfulgeann
461 2340 526 2370 hoc
544 2344 653 2370 autern
666 2339 868 2370 miraculose.
891 2339 933 2369 Et
949 2338 1123 2369 declaratur
1137 2337 1254 2368 modus

147 2390 150 2392 ’
196 2376 336 2418 &sendiz
361 2383 443 2415 sicut
461 2383 573 2415 lumen
588 2383 623 2414 in
637 2392 718 2414 aere.
742 2383 926 2414 Declaratur
944 2382 1149 2413 miraculum:
1174 2382 1255 2412 sicut

142 2427 357 2471 -²‚an1bulate
379 2432 475 2469 super
490 2436 598 2467 aquaS.
618 2426 660 2457 Et
675 2426 860 2457 auctoritate
875 2426 1021 2467 Dionysii
1038 2425 1253 2456 confirmatur.

154 2495 157 2499 ‚
200 2485 207 2491 ⁴·
225 2470 228 2474 ’
250 2468 374 2502 Deinde
398 2469 576 2502 excluditur
598 2470 709 2510 opinio
733 2470 881 2510 Hugonis
905 2470 943 2500 de
967 2469 1084 2500 Sancto
1106 2469 1253 2505 Victore,

131 2515 161 2549 gg.
196 2513 309 2555 qui-'in
330 2515 395 2545 hoe
416 2514 559 2545 secundo
587 2514 695 2557 *differt
725 2514 833 2554 quoad
855 2515 960 2549 verba,
985 2514 1061 2553 quia
1089 2513 1173 2544 dotis
1195 2523 1254 2543 no-

132 2558 149 2592 J*
196 2559 284 2596 mine
298 2565 382 2592 >usus
404 2564 462 2595 est,
478 2567 562 2598 quae
585 2558 663 2598 quid
685 2557 786 2589 fixum
801 2567 914 2589 sonare
928 2557 1062 2588 videtur.
1087 2557 1150 2588 Sed
1173 2557 1254 2588 forte

138 2619 158 2638 1
197 2601 306 2644 quoad
326 2612 396 2640 rem
413 2602 502 2636 idem
515 2603 626 2633 sentit:
651 2602 770 2633 scilicet
785 2601 875 2642 quod
890 2602 1058 2641 assumpsit
1074 2601 1183 2631 dotem
1206 2609 1254 2631 se-

134 2645 157 2679 s
198 2642 340 2688 cundum
363 2646 540 2682 essentiam,
563 2655 632 2677 non
653 2645 832 2677 secundum
854 2645 990 2676 modum
1014 2644 1152 2681 essendi,
1175 2644 1256 2675 idest

143 2702 150 2726 g
196 2685 265 2732 iton
287 2699 344 2730 per
365 2689 501 2720 modum
523 2689 616 2720 dotis.
639 2708 664 2712 -
686 2686 804 2720 Omnia
828 2690 910 2720 clara
932 2694 1006 2720 sunt
1028 2690 1060 2719 in
1083 2689 1194 2719 littera.

131 2743 151 2770 μ
202 2730 304 2775 ἶΨῘῘΙ.
328 2733 421 2764 Circa
434 2734 591 2770 rationem
613 2733 734 2767 litterae
757 2733 891 2764 dubium
915 2733 1060 2763 occurrit.
1078 2733 1165 2763 Tum
1181 2733 1256 2772 quia

156 2778 172 2791 ’“
197 2777 335 2811 Mida
355 2777 495 2814 videtur,
519 2786 558 2807 ex
580 2777 644 2808 hoc
674 2777 763 2817 quod
793 2787 861 2807 non
884 2782 931 2807 est
953 2777 1101 2816 adempta
1127 2776 1254 2806 Christo

139 2839 160 2846 -›
198 2826 337 2861 potestas
360 2820 522 2852 derivandi
543 2821 678 2861 gloriam
701 2821 825 2851 animae
848 2820 887 2851 ad
911 2830 1044 2860 corpus,
1067 2820 1254 2851 inferendo:

160 2864 173 2903 .‘
199 2862 286 2907 Ergo
306 2865 408 2905 gloria
429 2865 483 2896 illa
505 2864 643 2896 derivata
665 2870 711 2895 est
734 2865 773 2895 ab
796 2865 912 2895 anima.
946 2865 976 2894 A
998 2874 1093 2904 posse
1115 2873 1256 2903 namque

152 2939 169 2947 ,,
199 2906 239 2946 ad
260 2918 328 2940 esse
350 2918 419 2940 non
440 2909 524 2939 valet
545 2914 768 2949 argumentum
784 2909 811 2938 *.

247 2950 341 2982 'Tum
363 2953 448 2993 quia,
472 2953 498 2982 si
520 2952 621 2992 gloria
642 2952 695 2982 illa
718 2951 855 2982 derivata
879 2956 925 2981 est
948 2952 986 2981 ab
1010 2952 1115 2981 anima
1133 2952 1165 2981 in
1186 2961 1256 2981 cor-

199 3002 270 3036 pus,
285 3005 361 3036 ergo
383 3005 452 3026 non
475 3001 522 3026 est
543 2995 743 3033 miraculosa,
760 2995 815 3026 sed
833 2995 998 3025 naturalis:
1024 2996 1178 3035 quoniam
1196 3004 1255 3034 pro

155 3039 166 3067 ss
199 3038 255 3070 mo
275 3044 422 3080 tempore
444 3039 662 3075 redundantia,
685 3040 773 3079 prius
795 3039 963 3078 prohibita,
986 3038 1162 3068 naturalem
1186 3048 1256 3068 cur-

200 3091 272 3118 tum
294 3093 390 3115 suurn
411 3083 497 3114 fecit.
521 3083 562 3114 Et
584 3083 629 3113 sic
651 3088 757 3113 totum
772 3083 958 3122 oppositum
974 3081 1113 3112 videtur:
1138 3082 1257 3112 scilicet

136 3126 140 3157 s
202 3126 291 3172 quod
311 3137 380 3158 non
403 3136 471 3157 esse
494 3126 615 3157 clarum
639 3125 755 3156 Christi
779 3135 896 3165 corpus
923 3131 988 3156 erat
1010 3125 1255 3162 miraculosum,

147 3171 162 3198 ἲ,
200 3169 277 3211 quia
298 3170 488 3201 miraculose
503 3169 754 3210 suspendebatur
769 3169 977 3199 redundantia
992 3170 1116 3199 animae
1132 3168 1171 3199 ad
1187 3178 1257 3199 cor-

147 3219 152 3226 ‘
180 3216 182 3218 ’
273 3223 282 3251 ;
314 3213 435 3254 fulgere
463 3218 571 3244 autem
600 3218 665 3243 erat
691 3212 851 3248 naturale,
883 3213 958 3252 quia
985 3212 1043 3242 sibi
1072 3211 1258 3242 derelictum

138 3280 158 3286 γ,
233 3262 236 3264 ·
262 3256 351 3288 ebat.

71 3322 74 3330 .
205 3300 308 3338 '‘XIV.
332 3300 384 3332 Ad
405 3301 469 3331 hoc
491 3300 606 3331 dicitur
628 3299 727 3340 quod,
744 3300 818 3339 quia
838 3298 1030 3339 dispensatio
1047 3304 1093 3329 est
1108 3299 1189 3329 sicut
1205 3308 1258 3328 ex-

204 3345 309 3385 oeptio
332 3343 490 3385 quaedam
505 3354 523 3374 a
537 3344 646 3384 regula
659 3343 807 3383 generali,
823 3348 860 3373 ut
874 3348 960 3383 patet
975 3342 1152 3373 secundum
1168 3351 1257 3372 corn-

182 3396 185 3397 ’
203 3396 336 3425 mmem
358 3398 453 3419 usum
475 3388 652 3423 Ecclesiae;
677 3393 709 3417 et
730 3387 912 3426 regulariter
930 3387 1034 3416 anima
1050 3387 1140 3416 beata
1162 3386 1258 3425 glori-

145 3429 162 3473 3
203 3427 278 3471 ficut
291 3441 407 3473 corpus
423 3431 512 3473 quod
527 3432 655 3467 animat,
667 3436 703 3461 ut
714 3431 911 3470 Augustinus
927 3429 1002 3460 dicit
1013 3430 1043 3466 *3
1061 3439 1097 3459 ac
1112 3439 1169 3469 per
1183 3429 1256 3464 hoe,

205 3468 280 3506 δὶιιῄ
302 3475 407 3506 anima
430 3475 546 3506 Christi
568 3474 663 3505 fuerit
685 3475 775 3504 beata
798 3475 836 3504 ab
859 3474 949 3503 initio
973 3474 1032 3509 sui,
1054 3472 1188 3503 debebat
1210 3482 1258 3503 re-

205 3518 352 3559 gulatiter
372 3519 470 3560 ipsius
493 3528 610 3559 corpus
632 3519 808 3559 gloriosum
836 3527 903 3548 esse
927 3527 965 3547 ex
986 3517 1120 3547 naturali
1142 3516 1258 3547 redun-

897 281 1159 328 QUAESTIO
1188 282 1311 328 XLV,
1341 282 1633 319 ARTICULUS
1660 283 1690 319 ΙΙ

194 379 221 399 ¹..
247 347 312 399 ΑΒ
331 372 489 398 Teanum
515 371 696 397 memnon
723 359 842 408 quod,
863 358 959 396 sicut
977 359 1124 395 claritas
1151 371 1249 408 quae
1268 357 1277 397 -Ι
1305 371 1394 408 quos
1429 361 1499 396 sibi
1533 360 1728 409 adiunget,
1766 361 1972 409 significat.-
2012 361 2226 397 secundum
2268 361 2360 398 illud

124 943 167 989 'fi-1¹
196 942 206 965 ἶ
217 946 228 966 Τ
239 959 272 997 4γ)
283 944 415 985 'eandm-e.
433 973 453 978 -
469 959 611 992 splendore
629 959 678 984 Isi-1
697 965 723 985 et
742 959 876 990 editiones,
901 959 1026 984 claritate
1046 959 1188 990 splendore
1206 959 1257 991 pH.

2284 281 2356 331 431

1305 411 1420 448 Isaiae
1447 423 1531 448 xmx
1549 411 1586 448 *z
1622 413 1696 448 His
1728 413 1895 448 omnibus
1929 413 2024 450 velut
2055 419 2272 450 ornamento
2301 426 2360 451 ve-

1304 465 1420 500 stieris
1438 464 1468 500 ²¹⁸.

1355 516 1491 552 Nubes
1519 523 1645 552 autem
1675 515 1801 552 lucida
1833 516 2016 564 significat
2045 517 2204 566 Spiritus
2234 517 2360 554 Sancti

1303 568 1474 616 gloriam,
1490 570 1551 604 vel
1566 570 1733 605 virtutem
1746 574 1957 615 paternam,
1974 577 2016 605 ut
2031 569 2215 616 Origenes
2230 570 2318 606 dicit
2327 570 2358 614 ²¹²,

1304 633 1374 669 per
1400 632 1516 669 quam
1547 619 1665 656 sancti
1693 619 1732 656 in
1760 621 1886 657 futura
1912 621 2030 668 gloria
2057 629 2312 670 protegentur.
2335 644 2360 648 —

1305 672 1495 719 Quamvis
1510 672 1624 709 etiam
1638 672 1910 709 convenienter
1923 673 2133 721 significare
2146 681 2274 722 posset
2288 675 2360 711 cla-

1304 725 1451 761 ritatem
1479 724 1616 761 mundi
1643 724 1826 770 innovati,
1847 737 1946 773 quae
1966 726 2034 762 erit
2061 734 2279 763 sanctorum
2307 733 2361 763 ta-

1305 777 1568 814 bernaculum.
1598 777 1721 820 Unde,
1742 777 1854 813 Petro
1874 778 2100 826 disponente
2118 775 2362 815 tabernacula

1304 830 1438 876 facere,
1467 829 1591 866 nubes
1619 828 1745 865 lucida
1772 829 1979 878 discipulos
2007 830 2263 867 obumbravit.

289 1052 291 1054 -
860 1036 1196 1068 Commentario.
1217 1036 1470 1069 cardinalis
1490 1039 1692 1072 Caietam

1303 1115 1409 1147 dantia
1432 1118 1555 1148 animae
1578 1119 1687 1148 beatae
1703 1119 1743 1149 ad
1759 1129 1874 1159 corpus
1891 1119 1980 1159 quod
1995 1119 2147 1150 vivificat:
2167 1138 2190 1142 -
2212 1120 2268 1150 sed
2287 1122 2362 1161 quia

1304 1159 1449 1190 Christus
1464 1162 1566 1191 voluit
1581 1163 1656 1201 pati,
1674 1168 1704 1192 et
1727 1163 1759 1192 in
1775 1163 1985 1193 similitudine
2007 1161 2116 1193 cdrnis
2133 1165 2259 1203 peccati
2270 1165 2286 1180 ³*
2302 1174 2362 1194 no-

1303 1203 1427 1233 biscum
1451 1207 1639 1241 conversari,
1664 1206 1828 1245 suspendit
1850 1207 2006 1236 actualem
2029 1206 2270 1237 redundantiam
2293 1208 2361 1248 glo-

1303 1247 1367 1277 riae
1389 1248 1421 1277 in
1446 1257 1563 1288 corpus
1586 1250 1625 1278 ab
1648 1250 1753 1279 anima
1775 1259 1841 1279 sua.
1877 1250 1917 1280 Et
1944 1251 2007 1280 hoc
2031 1255 2078 1280 est
2107 1250 2301 1290 dispensasse
2328 1252 2362 1281 in

1303 1291 1442 1330 generali
1464 1293 1572 1331 regula
1594 1292 1830 1323 redundantiae.
1855 1293 1902 1323 Ex
1925 1303 1989 1333 qua
2005 1293 2214 1333 dispensativa
2229 1304 2362 1334 suspen-

1303 1335 1393 1364 sione
1409 1336 1539 1366 actualis
1554 1336 1780 1366 redundantiae
1804 1336 1923 1367 factum
1940 1343 1986 1367 est
2004 1342 2040 1367 ut
2055 1347 2171 1377 corpus
2187 1345 2363 1369 remaneret

1303 1378 1465 1418 passibile,
1489 1385 1602 1419 utpote
1625 1390 1693 1410 non
1716 1379 1861 1410 dotatum
1884 1381 2046 1411 actualiter
2069 1380 2172 1411 adhuc
2195 1383 2234 1412 ab
2257 1383 2362 1412 anima

1303 1422 1420 1461 gloria;
1455 1429 1486 1453 et
1509 1429 1544 1453 ut
1567 1424 1672 1454 anima
1701 1424 1780 1454 nihil
1802 1425 1908 1454 minus
1935 1425 2098 1464 potestatis
2121 1425 2154 1455 in
2178 1434 2211 1455 se
2234 1426 2363 1456 haberet

1304 1475 1402 1505 quam
1425 1467 1460 1502 si,
1479 1467 1687 1498 redundando
1704 1468 1875 1503 actualiter,
1893 1469 2144 1498 communicaret
2159 1470 2286 1508 corpori
2301 1479 2361 1500 suo

1303 1509 1448 1555 gloriam.
1482 1511 1569 1541 Nihil
1597 1512 1683 1541 enim
1713 1521 1751 1541 ex
1773 1512 1837 1541 hoc
1863 1512 1987 1542 animae
2018 1511 2203 1551 ademptum
2227 1518 2273 1542 est
2302 1514 2362 1543 nisi

1304 1554 1434 1584 actualis
1456 1554 1664 1585 redundantia
1679 1554 1719 1585 ad
1733 1561 1876 1595 tempus:
1902 1565 1939 1585 ex
1955 1565 2022 1595 quo
2039 1561 2162 1586 constat
2176 1565 2243 1586 non
2259 1557 2362 1587 minui

1303 1597 1402 1637 ipsius
1426 1599 1550 1628 animae
1573 1598 1750 1629 secundum
1773 1608 1806 1628 se
1832 1604 2033 1638 potestatem.
2068 1599 2109 1629 Et
2138 1605 2306 1639 propterea
2328 1601 2362 1630 in

1303 1641 1404 1671 littera
1428 1641 1541 1672 dicitur
1565 1641 1653 1682 quod
1681 1652 1744 1672 non
1769 1647 1816 1672 est
1837 1652 1901 1682 per
1923 1642 2189 1682 dispensationem
2216 1643 2363 1683 adempta

1307 1685 1434 1715 Christo
1453 1690 1599 1725 potestas
1621 1685 1790 1716 derivandi
1809 1686 1952 1727 gloriam
1971 1687 2098 1716 animae
2113 1687 2156 1716 ad
2171 1696 2298 1726 corpus.
2322 1687 2364 1717 Et

1305 1729 1379 1768 quia
1402 1728 1442 1759 de
1458 1729 1541 1759 facto
1565 1730 1710 1769 apparuit
1732 1729 1832 1768 gloria
1846 1730 1880 1759 in
1896 1739 2030 1769 corpore
2048 1730 2164 1760 Christi
2178 1736 2361 1766 monstrata,

1304 1772 1344 1802 ad
1365 1772 1429 1802 hoc
1451 1778 1488 1802 ut
1509 1773 1659 1812 Apostoli
1681 1772 1824 1803 viderent
1843 1773 1894 1802 vel
1917 1773 2083 1803 modicum
2106 1773 2228 1804 futurae
2244 1774 2363 1813 gloriae

1304 1821 1378 1855 post
1400 1817 1680 1852 resurrectionem;
1705 1826 1905 1856 consequens
1921 1822 1967 1846 est
1985 1822 2021 1847 ut
2034 1817 2134 1856 gloria
2149 1818 2201 1847 illa
2219 1827 2287 1847 non
2303 1818 2363 1848 alia

1304 1858 1399 1889 fuerit
1430 1869 1527 1899 quam
1563 1860 1615 1890 illa
1645 1869 1728 1899 quae
1756 1866 1802 1890 est
1830 1860 1930 1899 ipsius
1955 1860 2071 1890 Christi
2097 1861 2241 1900 propria,
2266 1870 2364 1900 quam

1305 1908 1428 1933 constat
1451 1904 1489 1932 ab
1513 1904 1618 1933 anima
1641 1903 1783 1933 derivari.
1813 1903 1979 1943 Alioquin,
2003 1913 2071 1934 non
2094 1903 2282 1934 ostendisset
2303 1905 2364 1934 illis

1304 1947 1438 1987 gloriam
1462 1956 1562 1982 suam,
1586 1945 1642 1976 sed
1665 1947 1771 1976 aliam:
1797 1956 1871 1977 cum
1893 1952 2000 1977 tamen
2024 1948 2173 1984 Ioannes,
2198 1948 2254 1988 qui
2275 1947 2363 1984 vidit,

1305 1990 1388 2021 dicat
1403 1991 1436 2020 *:
1466 1990 1607 2020 Vidimus·
1627 1990 1771 2031 gloriam
1795 1991 1873 2021 eius.
1898 1991 2058 2028 Quocirca
2082 1992 2166 2031 quia,
2182 1992 2286 2031 posita
2305 2001 2364 2031 po-

1305 2039 1416 2064 testate
1440 2033 1618 2070 derivandi,
1643 2033 1777 2064 dubium
1806 2044 1874 2064 non
1897 2040 1944 2064 est
1975 2035 2054 2074 quin
2077 2035 2228 2065 derivatio
2256 2040 2365 2066 secuta

1306 2077 1416 2114 fuerit;
1447 2077 1521 2108 ideo
1551 2077 1675 2108 suffecit
1701 2078 1836 2108 Auctori
1858 2083 2049 2118 potestatem
2077 2078 2238 2109 derivandi
2261 2079 2365 2109 decla-

1305 2131 1399 2156 rasse,
1410 2130 1470 2160 pro
1486 2120 1655 2151 manifesto
1671 2121 1854 2161 relinquens
1870 2121 1959 2162 quod
1974 2121 2137 2152 actualiter
2152 2121 2289 2152 derivata
2305 2129 2362 2153 est.

1360 2165 1401 2194 Et
1424 2164 1498 2194 licet
1527 2165 1647 2194 claritas
1670 2164 1739 2201 illa,
1763 2165 1859 2195 relata
1885 2164 1924 2195 ad
1947 2165 2086 2196 animam
2110 2165 2245 2201 Christi,
2269 2165 2364 2196 fuerit

1306 2218 1373 2238 non
1396 2208 1594 2244 miraculosa,
1619 2207 1674 2238 sed
1696 2208 1854 2244 naturalis,
1878 2214 1915 2239 ut
1938 2208 2118 2239 obiiciendo
2143 2208 2266 2245 dicitur,
2290 2210 2365 2249 quia

1306 2253 1397 2282 beata
1421 2257 1486 2281 erat
1508 2252 1613 2282 anima
1636 2251 1772 2288 Christi;
1796 2252 1892 2282 relata
1910 2257 2018 2282 tamen
2041 2252 2080 2282 ad
2103 2262 2220 2292 corpus
2237 2253 2363 2289 Christi,

1307 2296 1497 2326 miraculosa
1520 2300 1594 2331 erat,
1619 2296 1694 2334 quia
1717 2305 1833 2335 corpus
1856 2295 1935 2326 illud
1958 2296 2052 2326 etiam
2079 2301 2156 2326 tunc
2180 2302 2245 2326 erat
2266 2297 2365 2336 passi-

1307 2339 1386 2370 bile:
1410 2339 1500 2379 quod
1515 2339 1602 2369 enim
1618 2348 1734 2379 corpus
1756 2339 1903 2379 passibile
1919 2339 2037 2379 fulgeat
2059 2340 2140 2370 sicut
2155 2340 2212 2375 sol,
2229 2341 2365 2370 miracu-

1308 2383 1414 2413 losum
1437 2388 1493 2413 est.
1523 2383 1661 2418 Verum,
1685 2383 1711 2412 si
1738 2382 1875 2413 derivata
1903 2383 2042 2413 totaliter
2070 2382 2181 2413 fuisset
2203 2383 2303 2423 gloria
2326 2384 2364 2414 ab

1308 2427 1413 2457 anima
1432 2426 1549 2457 Christi
1571 2427 1605 2456 in
1628 2436 1755 2466 corpus,
1771 2436 1838 2457 non
1854 2425 1964 2457 fuisset
1978 2427 2077 2466 gloria
2093 2427 2293 2463 miraculosa,
2310 2427 2366 2458 sed

1307 2471 1473 2500 naturalis:
1499 2469 1683 2500 reddidisset
1706 2469 1863 2510 siquidem
1887 2479 2003 2510 corpus
2026 2470 2163 2500 totaliter
2178 2470 2365 2510 gloriosum,

1309 2515 1390 2544 sicut
1408 2513 1508 2544 modo
1525 2519 1572 2544 est
1586 2519 1660 2553 post
1675 2514 1948 2544 resurrectionem.
1973 2513 2035 2544 Sed
2054 2515 2207 2553 quoniam
2222 2523 2290 2544 non
2305 2515 2366 2544 nisi

1308 2567 1365 2598 per
1387 2557 1523 2588 modum
1547 2557 1712 2587 cuiusdam
1728 2558 1882 2597 passionis
1906 2558 2028 2587 claritas
2042 2558 2094 2588 illa
2110 2567 2128 2587 a
2145 2558 2279 2588 naturali
2295 2558 2366 2597 qui-

1309 2602 1382 2641 dem
1405 2601 1494 2632 fonte
1517 2602 1641 2631 animae
1655 2602 1764 2631 beatae
1787 2602 1821 2631 in
1837 2611 1953 2641 corpus
1970 2600 2140 2637 descendit,
2157 2601 2229 2631 ideo
2250 2611 2366 2641 corpus

1309 2656 1376 2676 non
1399 2645 1533 2676 reddidit
1555 2645 1730 2685 gloriosum
1753 2645 1945 2684 simpliciter.
1980 2645 2021 2674 Et
2043 2644 2115 2675 ideo
2139 2645 2366 2676 miraculosum

1309 2689 1369 2720 fuit
1393 2695 1429 2719 ut
1444 2698 1561 2729 corpus
1577 2699 1644 2719 non
1659 2689 1835 2728 gloriosum
1851 2688 1993 2728 fulgeret.
2018 2688 2169 2718 Concede
2186 2698 2260 2728 ergo
2277 2688 2366 2728 quod

1309 2739 1482 2773 utrumque
1497 2733 1726 2763 miraculosum
1741 2731 1815 2762 fuit:
1840 2732 1959 2762 scilicet
1983 2737 2013 2762 et
2032 2741 2147 2772 corpus
2164 2731 2279 2762 Christi
2298 2741 2366 2762 non

1310 2776 1449 2816 fulgere;
1481 2782 1512 2806 et
1534 2777 1579 2806 sic
1610 2775 1730 2816 fulgere
1760 2777 1793 2805 in
1815 2775 2099 2815 transfiguratione.
2135 2775 2197 2806 Sed
2226 2776 2366 2815 prim-um

1310 2826 1430 2860 spectat
1453 2820 1492 2850 ad
1514 2820 1655 2860 primum
1685 2825 1716 2849 et
1739 2820 1829 2859 quasi
1852 2819 2026 2849 universale
2050 2819 2283 2858 antiquumque
2306 2820 2366 2849 rni-

1310 2865 1454 2895 raculum
1477 2864 1510 2894 in
1532 2864 1749 2893 incarnatione
1771 2862 1900 2898 factum,
1917 2872 1984 2902 quo
2007 2872 2159 2902 suspensa
2182 2868 2228 2892 est
2250 2862 2366 2893 redun-

1310 2908 1415 2938 dantia
1437 2907 1555 2947 gloriae
1580 2907 1617 2936 ab
1641 2907 1746 2936 anima
1768 2907 1802 2936 in
1825 2916 1941 2946 corpus
1957 2905 2082 2941 Christi,
2099 2911 2135 2936 ut
2149 2906 2278 2936 haberet
2296 2916 2367 2937 cor-

1310 2961 1370 2992 pus
1392 2950 1548 2991 passibile,
1573 2959 1631 2990 pro
1654 2955 1761 2980 nostra
1779 2950 1878 2979 salute
1901 2948 2079 2985 moriendo,
2097 2955 2156 2980 etc.
2181 2949 2366 2981 Secundum

1311 3000 1417 3025 autem
1441 2999 1561 3034 spectat
1583 2993 1622 3023 ad
1641 2993 1776 3033 speciale
1799 2993 1999 3028 miraculum,
2017 3002 2083 3032 quo
2099 3002 2185 3023 nunc
2205 2993 2367 3024 actualiter

1311 3037 1438 3078 corpori
1453 3037 1602 3077 passibili,
1620 3042 1690 3072 etc.‚
1707 3037 1892 3076 praestitum
1909 3042 1954 3066 est
1970 3042 2005 3066 ut
2020 3036 2163 3076 fulgeret.
2188 3037 2229 3066 Et
2244 3037 2366 3067 ratione

1310 3083 1405 3112 huius
1423 3082 1456 3111 in
1471 3081 1573 3111 littera
1590 3080 1704 3110 dicitur
1721 3080 1810 3120 quod
1826 3079 1885 3110 fuit
1897 3080 2002 3120 fulgor
2014 3079 2130 3110 Christi
2145 3081 2365 3111 miraculosus.

1366 3125 1407 3155 Et
1429 3134 1486 3164 per
1508 3125 1586 3154 haec
1609 3129 1695 3164 patet
1718 3124 1836 3153 solutio
1861 3124 2071 3154 obiectorum.

1365 3169 1404 3198 V.
1429 3168 1464 3198 In
1496 3168 1703 3207 responsione
1735 3167 1774 3197 ad
1805 3168 1949 3203 tertium,
1979 3167 2102 3197 Auctor
2131 3167 2171 3197 ad
2200 3169 2367 3208 mysticam

1310 3212 1419 3242 transit
1442 3212 1615 3247 rationem,
1640 3211 1822 3250 relinquens
1852 3220 1910 3250 pro
1934 3210 2101 3242 manifesto
2130 3211 2209 3242 nihil
2239 3209 2366 3242 officere

1312 3255 1441 3286 claritati
1463 3255 1620 3294 gloriosae
1644 3255 1786 3294 corporis
1809 3254 1926 3284 Christi
1949 3255 1974 3284 si
1989 3259 2074 3285 tanta
2091 3260 2137 3285 est
2160 3254 2248 3295 quod
2272 3256 2366 3286 etiam

1311 3296 1490 3338 splendidas
1511 3303 1613 3328 vestes
1637 3297 1759 3333 efficiat,
1784 3303 1815 3328 et
1836 3298 1938 3328 nubes
1960 3298 2080 3328 lucidas
2102 3297 2220 3334 reddat,
2240 3308 2299 3338 per
2318 3308 2367 3328 ra-

2390 420 2399 430 ·
2413 419 2478 441 vers.
2495 420 2527 442 ¹8.

2387 470 2398 480 ⁸
2412 469 2447 491 cf.
2463 469 2508 491 Gre
2526 485 2531 491 .
2546 470 2603 491 Mo·

2386 495 2509 517 ral.lib.X
2534 502 2599 526 ,cap-

2386 527 2449 548 xxrx,
2464 522 2492 543 al.
2507 528 2564 548 xxn,
2575 528 2599 543 m

2386 551 2431 569 vet.
2446 554 2512 570 xxut.

2387 574 2397 585 ⁸
2418 573 2496 596 Tract.
2520 574 2552 596 ΠΙ
2574 574 2600 596 in

2386 599 2471 621 Mami.

2387 1175 2398 1185 ⁸
2411 1174 2449 1196 Ad
2461 1174 2535 1201 Rom„
2547 1179 2599 1201 cap.

2387 1206 2434 1227 vm,
2452 1206 2510 1222 vers.
2525 1207 2545 1229 3.

2389 1996 2400 2007 ⁶
2421 1996 2486 2017 Ioan.
2509 2002 2560 2024 cap.
2584 2002 2604 2023 ι,

2389 2028 2449 2044 vers.
2465 2029 2499 2048 ¹4·

1312 3342 1438 3373 diorum
1462 3351 1594 3372 suorum
1617 3342 1830 3372 emissionem.
1865 3342 1954 3372 Haec
1984 3343 2069 3372 enim
2101 3351 2167 3372 non
2200 3342 2240 3372 ad
2265 3343 2368 3382 ipsam
2405 3347 2410 3351 “

1312 3391 1454 3426 spectant
1477 3386 1666 3421 claritatem,
1690 3385 1745 3416 sed
1775 3385 1814 3416 ad
1839 3386 1938 3425 ipsius
1962 3385 2101 3420 effectus.
2137 3386 2172 3416 In
2194 3386 2257 3416 hoc
2281 3387 2367 3416 enim

1311 3429 1497 3469 magnitudo
1525 3429 1604 3459 lucis
1634 3429 1776 3468 corporis
1799 3429 1916 3460 Christi
1940 3429 2131 3466 ostenditur,
2155 3435 2186 3459 et
2217 3429 2368 3469 graduata

1311 3473 1395 3504 illius
1427 3473 1641 3513 participatio:
1669 3472 1747 3503 dum
1778 3479 1880 3503 vestes
1910 3474 2155 3513 propinquiores
2183 3473 2366 3513 splendent;

1311 3518 1413 3547 nubes
1436 3522 1543 3547 autem
1566 3517 1719 3547 remotior
1741 3516 1846 3547 lucida
1869 3516 1914 3546 fit.
