2872 3970
12 508 27 546 '‘3'
74 515 147 538 oArt.
163 521 182 540 ι,
196 513 224 534 ad
238 518 259 534 2.

15 946 40 981 “is
73 950 85 961 ⁸
97 947 167 971 Num.
182 954 213 970 vr.

76 2269 90 2280 ·
102 2266 157 2290 ιω.
173 2267 211 2291 cit.

3 2908 30 2930 ’ἵζ’
84 2912 102 2960 ἒ
110 2911 158 2939 Qu.
171 2917 200 2940 u,
214 2916 256 2934 an.
270 2919 291 2941 3,

1011 256 1273 303 QUAESTIO
1302 256 1366 299 ΙΙΙ,
1398 255 1689 293 ARTICULUS
1717 256 1782 292 VII

308 338 414 376 potest
436 336 569 365 assumi:
595 334 669 375 quia
692 335 810 365 scilicet
833 344 889 374 per
907 335 1068 374 propriam
1091 335 1276 364 terminatur
1292 344 1368 364 con-

309 379 469 410 stituendo
493 379 596 415 illam;
619 388 677 419 per
699 379 844 413 alienam,
868 387 935 408 non
959 378 1182 408 constituendo
1205 378 1301 408 illam.

364 423 495 453 Diversa
518 432 650 462 quoque
680 422 759 452 ratio
784 427 830 452 est
858 422 1030 461 utrobique
1053 421 1251 452 terminandi.
1286 422 1369 452 Nam

310 471 341 497 et
363 466 470 496 divina
491 475 627 506 persona
650 466 797 496 terminat
820 475 857 495 ex
881 475 937 495 sua
951 464 1115 500 infinitate,
1139 471 1251 504 utpote
1268 466 1370 495 aliena

309 519 445 550 persona
467 510 639 540 subsistens
660 510 695 539 in
718 509 778 539 alia
796 514 907 538 natura
930 508 1064 548 (dictum
1081 515 1127 539 est
1143 509 1228 538 enim
1248 510 1369 549 supra*

310 553 400 594 quod
426 554 592 593 proprium
616 558 662 583 est
685 553 808 583 divinae
837 562 1008 592 personae,
1033 553 1074 582 ob
1099 553 1148 582 sui
1170 552 1369 588 infinitatem,

310 598 478 628 subsistere
500 597 596 626 simul
610 597 643 626 in
660 596 788 626 diversis
803 596 952 635 naturis);
978 601 1008 626 et
1023 602 1134 626 natura
1149 597 1288 626 humana
1303 606 1370 626 non

309 641 454 676 naturali,
477 640 532 670 sed
555 639 753 670 obedientiae
776 640 929 679 potentia,
952 645 1140 679 personatur
1163 649 1220 679 per
1235 641 1371 670 alienam

309 693 490 724 personam.
517 684 657 714 Persona
679 689 786 714 autem
809 683 964 718 Socratis,
986 693 1055 713 non
1079 693 1116 713 ex
1140 684 1246 723 aliqua
1269 685 1371 714 excel-

309 729 422 763 lentia,
447 727 502 758 sed
531 737 569 757 ex
598 727 732 757 naturali
762 727 993 766 adaequatione
1022 728 1169 757 terminat
1198 728 1371 766 personali-

310 777 358 803 ter
379 775 524 801 naturam
547 780 654 801 suam:
680 776 710 801 et
733 780 751 801 e
775 775 884 801 conua
906 776 1018 801 natura
1041 780 1097 801 sua
1124 772 1306 801 naturaliter
1326 778 1372 802 est

309 825 368 855 per
388 814 475 845 illam
498 814 711 854 adaequabilis
734 814 951 854 personaliter.
984 815 1025 844 Et
1047 815 1122 844 hinc
1145 815 1239 845 etiam
1258 825 1372 854 prove-

310 860 358 889 nit
376 859 475 899 quod,
493 868 567 888 cum
591 858 751 898 quaelibet
766 868 903 898 persona
919 858 1025 888 divina
1040 859 1079 888 sit
1101 858 1234 895 infinita,
1252 860 1372 898 quaeli-

310 904 364 934 bet
385 911 557 943 personare
579 907 685 942 potest
706 902 937 932 humanitatem
960 903 1052 938 hanc,
1077 912 1144 932 non
1168 912 1206 932 ex
1228 903 1372 942 indigen-

309 947 354 977 tia
375 945 516 982 naturae‚
539 952 575 976 ut
598 946 719 976 dictum
743 951 789 976 est
811 947 844 981 ὓ,
868 946 923 976 sed
947 955 984 976 ex
1007 945 1195 976 sufficientia
1217 956 1372 986 personae

286 990 450 1033 -potentis
474 991 712 1020 communicare
734 989 779 1020 illi
809 995 940 1020 naturae
964 990 1059 1020 etiam
1085 999 1176 1019 suam
1199 988 1372 1030 personali-

309 1039 418 1065 tatem.
453 1034 501 1064 Ex
523 1034 572 1064 his
601 1039 709 1064 autem
731 1034 827 1063 habes
858 1033 947 1073 quod
969 1043 1037 1063 non
1061 1034 1166 1063 solum
1190 1034 1373 1074 dependen-

310 1079 354 1108 tia
385 1078 480 1108 huius
515 1078 719 1108 humanitatis
751 1083 897 1117 respectu
933 1078 1129 1117 singularum
1165 1087 1373 1117 personarum

312 1121 489 1152 divinarum
518 1121 627 1161 quoad
649 1122 782 1157 assumi,
808 1126 854 1152 est
877 1121 1071 1152 diversarum
1103 1122 1263 1152 rationum
1293 1123 1375 1152 inter

311 1175 361 1203 se;
385 1165 442 1196 sed
456 1166 551 1196 etiam
571 1165 660 1205 quod
683 1164 895 1205 dependentia
917 1175 974 1195 seu
997 1166 1177 1195 terminatio
1201 1167 1296 1196 huius
1315 1167 1374 1196 hu-

310 1210 469 1240 manitatis
492 1214 639 1249 respectu
661 1208 785 1239 divinae
807 1218 974 1249 personae,
999 1215 1030 1239 et
1051 1216 1198 1249 respectu
1219 1219 1374 1249 personae

310 1254 475 1294 propriae,
499 1258 573 1283 sunt
595 1253 789 1283 diversarum
812 1253 989 1288 rationum;
1014 1253 1088 1283 licet
1121 1263 1233 1283 omnes
1257 1264 1374 1284 conve-

311 1298 400 1327 niant
422 1297 456 1327 in
479 1306 543 1327 una
566 1297 732 1327 communi
755 1297 878 1327 ratione
901 1297 1037 1333 termini,
1062 1298 1138 1337 quia
1160 1298 1279 1327 scilicet
1301 1303 1375 1328 sunt

312 1340 352 1371 ad
374 1350 555 1380 personam.

366 1385 443 1415 Ruit
466 1394 541 1424 ergo
565 1394 583 1414 a
606 1384 821 1415 fundamentis
851 1384 995 1424 undique
1023 1384 1140 1415 fabrica
1164 1385 1300 1416 Scotica.
1335 1386 1376 1415 Et

311 1429 436 1459 merito.
461 1428 626 1466 Quoniam
641 1429 723 1459 hanc
737 1429 968 1459 humanitatem
984 1430 1147 1468 personari
1161 1430 1256 1459 simul
1272 1440 1289 1459 a
1305 1430 1376 1469 plu-

311 1473 398 1503 ribus
421 1473 565 1512 personis
593 1472 706 1502 divinis
729 1473 808 1502 nihil
832 1472 918 1503 aliud
947 1479 993 1503 est
1017 1482 1114 1512 quam
1138 1474 1375 1504 communicare

311 1517 387 1546 huic
410 1517 598 1546 humanitati
620 1516 727 1556 plures
750 1517 990 1556 personalitates
1013 1517 1130 1547 alienas
1153 1517 1300 1553 infinitas,
1321 1527 1376 1557 ap-

311 1559 506 1600 propriando
522 1560 590 1590 illas
605 1560 660 1590 illi.
684 1560 725 1590 Et
743 1570 800 1600 per
815 1561 893 1590 haec
909 1566 996 1600 patet
1011 1570 1108 1600 quare
1124 1567 1280 1601 repugnat
1294 1562 1377 1591 hanc

312 1605 544 1634 humanitatem
574 1604 689 1634 habere
718 1604 814 1634 simul
843 1604 951 1644 plures
977 1605 1216 1644 personalitates
1248 1611 1375 1641 creatas,

313 1653 368 1678 aut
391 1653 528 1678 creatam
551 1653 582 1678 et
604 1648 786 1684 increatam,
808 1649 883 1688 quia
899 1649 1019 1678 scilicet
1034 1650 1206 1688 utrobique
1223 1655 1303 1679 esset
1318 1650 1378 1679 im-

312 1692 442 1732 plicatio
456 1691 786 1728 contradictoriorum‚
799 1692 877 1722 dum
892 1698 1004 1722 natura
1019 1693 1098 1723 haec
1114 1693 1147 1722 in
1163 1694 1292 1732 propria
1307 1703 1378 1733 per-

313 1736 479 1766 sonalitate
497 1741 671 1775 poneretur
686 1745 750 1766 una
765 1745 903 1775 persona
919 1746 993 1766 cum
1009 1737 1069 1766 alia
1084 1746 1239 1776 persona:
1265 1742 1295 1766 et
1310 1746 1378 1766 non

313 1785 468 1819 repugnat
490 1779 605 1809 habere
630 1779 724 1809 simul
745 1780 851 1819 plures
870 1779 1108 1819 personalitates
1124 1781 1287 1815 increatas,
1305 1781 1379 1819 quia

313 1832 371 1863 per
392 1824 456 1853 hoc
478 1831 546 1852 non
570 1823 700 1863 ponitur
722 1832 821 1852 unam
843 1833 1015 1863 personam
1039 1824 1157 1853 assumi
1174 1824 1208 1853 in
1224 1824 1378 1853 unitatem

313 1866 515 1907 personalem
538 1867 665 1897 alterius
688 1876 854 1906 personae.

369 1911 410 1941 Et
432 1911 511 1940 haec
533 1920 592 1950 pro
615 1919 704 1941 nunc
727 1910 885 1941 sufficiant
908 1910 947 1941 de
970 1911 1029 1941 hac
1053 1911 1251 1950 quaestione.

369 1955 422 1985 IX.
446 1954 482 1984 ln
505 1954 622 1984 eodem
649 1955 793 1991 articulo,
817 1956 851 1985 in
875 1955 960 1985 calce
984 1956 1138 1994 corporis,
1163 1956 1245 1985 circa
1268 1961 1379 1985 aucto—

313 1999 439 2030 ritatem
450 1999 603 2035 Anselmi,
616 1998 743 2029 adverte
759 1998 849 2038 quod
864 1999 1045 2035 Durandus,
1062 2000 1094 2029 in
1108 1999 1149 2029 111
1162 1999 1258 2035 Sent„
1277 1999 1346 2029 dist.
1357 2010 1378 2035 1,

315 2053 370 2084 qu.
395 2053 445 2078 111,
469 2042 602 2072 latenter
631 2043 733 2082 arguit
761 2043 938 2073 Auctorem
968 2043 1058 2083 quasi
1085 2049 1301 2083 exponentem
1323 2053 1380 2083 per

314 2087 348 2128 ly
378 2095 477 2117 unum
508 2086 712 2127 eumdemque
739 2087 898 2117 hominem
921 2096 1092 2127 personam
1121 2087 1309 2123 humanam,
1334 2087 1380 2118 di-

315 2140 400 2166 cens,
422 2136 532 2160 contra
553 2131 636 2160 hanc
659 2131 907 2170 expositionem:
937 2131 1107 2161 Anselmus
1129 2131 1275 2162 concedit
1295 2132 1381 2172 quod

316 2184 382 2205 una
392 2183 536 2214 persona
559 2175 730 2214 assumpsit
750 2175 919 2210 hominem,
936 2180 967 2205 et
989 2180 1088 2216 negat
1096 2176 1210 2215 plures
1220 2185 1381 2215 personas

309 2228 408 2259 posse
423 2228 586 2249 assumere
598 2229 696 2249 unum
708 2219 887 2249 hominem.-
902 2219 976 2249 Non
990 2219 1185 2260 intelligitur
1196 2220 1380 2260 igiturper-

316 2272 397 2293 sona
414 2272 478 2302 per
497 2263 585 2293 haec.
617 2262 679 2293 Sed
703 2263 858 2302 quoniam
880 2262 1119 2293 Durandusmet
1139 2263 1349 2303 postmodum
1364 2265 1380 2281 ἦ

2431 258 2480 305 67

1423 334 1498 364 dicit
1521 334 1710 364 Anselmum
1734 333 1836 364 dicere
1854 334 1908 369 sic,
1933 332 2192 376 Impossibilejest
2201 336 2314 374 plures
2324 346 2484 376 personas

1423 379 1548 408 divinas
1571 387 1638 408 esse
1661 388 1758 408 unam
1776 387 1952 417 personam
1975 387 2047 407 cum
2072 388 2136 407 uno
2153 379 2324 419 eodemque
2345 381 2483 416 homine,

1424 432 1462 452 ex
1485 423 1657 462 seipsomet
1680 421 1918 452 convincendus
1943 427 1997 451 est.
2033 422 2204 452 Anselmus
2227 423 2355 453 volebat
2378 425 2484 454 exclu-

1424 466 1497 496 dere
1521 465 1641 505 aliquid
1664 465 1753 505 quod
1775 466 1876 505 possit
1899 465 1956 495 sub
1980 466 2143 505 apparenti
2160 468 2346 505 quaestione
2362 468 2484 498 cadere.

1423 510 1498 539 Non
1521 515 1627 549 potest
1650 515 1756 539 autem
1780 509 1868 539 aliter
1891 508 2001 539 cadere
2030 510 2088 539 sub
2113 512 2274 549 apparenti
2299 513 2484 550 quaestione

1425 553 1513 593 quod
1535 554 1642 593 plures
1666 563 1821 592 personae
1844 553 1968 583 divinae
1992 554 2053 583 sint
2076 563 2140 583 una
2162 563 2307 593 persona,
2331 556 2391 585 nisi
2411 557 2485 595 quia

1425 598 1590 627 unirentur
1612 597 1644 626 in
1661 607 1724 626 una
1747 606 1883 636 persona
1902 597 2041 627 humana
2065 597 2110 636 (et
2125 598 2169 627 sic
2186 599 2316 637 exponit
2331 600 2483 639 Auctor):

1424 651 1492 671 non
1514 642 1599 671 enim
1622 646 1727 680 potest
1742 641 1873 680 intelligi
1890 641 1979 680 quod
1994 641 2055 670 sint
2070 641 2176 680 plures
2192 651 2346 681 personae
2363 643 2486 674 divinae

1425 686 1458 714 in
1480 695 1545 715 una
1567 694 1703 724 persona
1727 684 1842 720 divina,
1867 686 1942 724 quia
1965 685 2028 714 hoc
2051 686 2155 715 statim
2175 685 2266 715 offert
2281 693 2486 726 apparentem

1424 729 1515 759 valde
1540 728 1834 758 contradictionem.
1870 727 2070 768 Exponendo
2094 730 2188 768 igitur
2210 731 2397 760 sententiam
2420 731 2486 761 An-

1426 773 1526 808 selmi,
1544 773 1665 812 optime
1681 773 1714 802 in
1730 772 1831 802 littera
1850 773 1971 802 dictum
1991 778 2046 808 est,
2063 773 2127 803 sive
2144 780 2358 813 praeponatur
2373 775 2405 815 ly
2422 785 2487 805 una

1420 826 1564 856 persona
1581 826 1655 846 curn
1672 826 1736 846 uno
1760 816 1931 856 eodemque
1953 817 2090 852 homine,
2108 818 2172 847 sive
2188 827 2255 847 non
2274 825 2488 858 praeponatur

1426 861 1459 900 ly
1475 870 1540 890 una
1549 870 1703 900 persona,
1722 866 1752 890 et
1768 860 1897 896 dicatur,
1915 860 2112 900 Impossibile
2135 866 2182 891 est
2203 871 2365 892 assumere
2389 873 2487 893 unum

1427 904 1623 944 eundemque
1659 905 1827 934 hominem.
1867 905 1985 935 Sensus
2023 905 2108 934 enirn
2143 915 2269 945 semper
2302 912 2349 936 est
2382 907 2486 938 idem:

1427 949 1546 978 scilicet
1583 948 1672 987 quod
1701 948 1897 987 impossibile
1928 954 1974 978 est
2003 949 2108 988 plures
2138 959 2288 988 personas
2328 961 2487 982 assumere

1427 1002 1525 1021 unam
1548 1001 1727 1030 personam.
1751 1010 1774 1014 —
1796 992 1864 1022 Nec
1887 991 1919 1022 id
1943 992 2032 1031 quod
2055 993 2163 1023 obiicit
2186 993 2355 1024 Durandus
2374 996 2486 1026 obstat.

1428 1035 1511 1072 Quia
1535 1035 1620 1065 aliud
1637 1041 1682 1065 est
1706 1035 1819 1071 dicere,
1836 1037 1970 1066 assumit
1991 1037 2149 1066 hominem
2161 1045 2172 1067 .·
2194 1043 2225 1067 et
2244 1038 2338 1074 aliud,
2355 1040 2489 1070 assumit

1428 1089 1527 1109 unum
1551 1079 1745 1119 eundemque
1767 1080 1935 1109 hominem.
1970 1080 2052 1109 Nam
2083 1082 2184 1120 prima
2210 1083 2405 1121 propositio,
2431 1085 2488 1114 etsi

1428 1128 1475 1153 est
1497 1123 1673 1162 aliqualiter
1695 1124 1878 1163 impropria,
1902 1124 2057 1163 glossatur
2071 1130 2178 1154 tamen
2202 1125 2291 1164 quod
2306 1127 2488 1166 intelligitur

1429 1166 1537 1206 quoad
1559 1172 1719 1196 naturam:
1745 1172 1780 1196 ut
1802 1173 1888 1206 patet
1911 1177 1948 1197 ex
1971 1168 2131 1207 Magistro,
2145 1169 2178 1198 in
2202 1169 2242 1199 ΙΙΙ
2259 1169 2355 1206 8εηῐ.,
2369 1171 2438 1201 dist.
2457 1182 2486 1202 v.

1428 1210 1575 1242 Secunda
1598 1216 1715 1246 autem,
1739 1217 1868 1250 propter
1891 1211 1923 1251 ly
1947 1221 2046 1241 unum
2069 1213 2273 1253 eundemque,
2296 1215 2427 1244 trahitur
2450 1215 2489 1245 ad

1428 1254 1630 1285 individuum
1649 1254 1820 1284 subsistens
1836 1255 1870 1284 in
1885 1260 1996 1285 natura
2012 1255 2160 1291 humana,
2178 1257 2267 1296 quod
2284 1264 2406 1288 constat
2422 1269 2488 1289 esse

1429 1299 1649 1338 suppositum:
1673 1298 1780 1328 nullus
1804 1299 1890 1328 enim
1913 1309 1996 1329 unus
2020 1300 2119 1330 homo
2143 1300 2302 1331 invenitur
2324 1302 2356 1331 in
2379 1308 2490 1332 natura

1429 1343 1568 1373 humana
1592 1348 1753 1381 assumpta
1775 1343 1836 1372 nisi
1859 1342 1957 1372 Filius
1981 1344 2051 1373 Dei.

1495 1387 1533 1416 X.
1559 1387 1594 1416 In
1611 1386 1726 1416 eodem
1742 1391 1830 1416 sexto
1848 1387 1990 1422 articulo,
2013 1388 2045 1417 in
2061 1389 2269 1427 responsione
2285 1389 2325 1419 ad
2340 1391 2489 1429 primum,

1430 1431 1556 1461 adverte
1580 1430 1745 1470 diligenter
1760 1431 1855 1460 verba
1870 1431 2018 1461 Auctoris
2041 1431 2128 1467 dum,
2144 1433 2205 1462 hac
2213 1434 2376 1472 positione
2382 1435 2489 1475 facta,

1430 1475 1505 1505 dicit
1537 1474 1626 1514 quod
1653 1480 1718 1504 tres
1744 1484 1906 1514 personae
1935 1480 2038 1505 essent
2070 1485 2152 1506 unus
2182 1477 2295 1513 homo,
2327 1483 2357 1507 et
2386 1483 2489 1509 tamen

1431 1528 1494 1549 non
1506 1523 1682 1558 propterea
1705 1523 1809 1548 essent
1831 1528 1915 1548 unus
1931 1519 1947 1535 ὓ
1969 1519 2173 1559 simpliciter‚·
2196 1526 2265 1550 aut:
2281 1540 2304 1543 —
2328 1532 2391 1552 non
2410 1532 2490 1562 pro-

1425 1568 1538 1603 pterea
1554 1567 1635 1592 esset
1657 1572 1739 1592 unus
1761 1563 1856 1592 homo
1873 1563 2067 1602 simpliciter.
2088 1564 2173 1593 Dixit
2190 1565 2274 1594 enim
2290 1566 2367 1595 haec
2384 1567 2490 1602 ambo,

1431 1612 1562 1646 propter
1578 1606 1786 1636 differentiam
1803 1616 1885 1645 quae
1902 1612 1983 1636 esset
1997 1607 2080 1637 inter
2095 1617 2196 1637 unum
2220 1608 2326 1639 Deum
2343 1615 2374 1639 et
2389 1620 2490 1640 unum

1431 1651 1598 1680 hominem
1609 1651 1642 1680 in
1657 1651 1756 1679 tribus
1768 1651 1922 1689 personis.
1943 1650 2107 1687 Quoniam
2119 1657 2180 1681 tres
2192 1661 2347 1691 personae
2359 1654 2404 1683 sic
2419 1660 2493 1684 sunt

1431 1704 1515 1724 unus
1539 1694 1626 1723 Deus
1650 1693 1739 1732 quod
1762 1699 1835 1723 sunt
1858 1704 1941 1723 unus
1956 1704 2092 1724 numero
2116 1695 2213 1731 Deus,
2231 1702 2261 1725 et
2285 1703 2331 1726 est
2353 1698 2396 1727 ibi
2420 1708 2492 1728 vere

1432 1747 1516 1768 unus
1540 1738 1627 1767 Deus
1646 1737 1839 1776 simpliciter.
1875 1737 1938 1767 Sed
1965 1743 2026 1767 tres
2049 1748 2204 1777 personae
2227 1741 2272 1769 sic
2291 1747 2395 1771 essent
2410 1752 2493 1771 unus

1432 1782 1533 1811 homo
1547 1780 1636 1820 quod
1651 1790 1718 1810 non
1731 1787 1835 1810 essent
1850 1791 1933 1810 unus
1946 1791 2081 1811 numero
2098 1782 2214 1812 homo:
2233 1784 2308 1823 quia
2323 1785 2429 1815 nullus
2447 1795 2493 1815 es-

1433 1830 1480 1854 set
1495 1826 1539 1854 ibi
1555 1834 1638 1854 unus
1654 1833 1790 1854 numero
1813 1825 1914 1854 homo
1931 1826 2112 1855 communis
2135 1826 2217 1856 Patri
2234 1833 2264 1856 et
2280 1828 2361 1858 Filio
2379 1835 2409 1858 et
2424 1829 2494 1868 Spi-

1433 1869 1506 1898 ritui
1530 1868 1658 1903 Sancto,
1676 1868 1757 1898 sicut
1780 1874 1826 1898 est
1849 1878 1932 1898 unus
1954 1879 2089 1899 numero
2106 1869 2193 1899 Deus
2215 1873 2395 1901 communis
2411 1873 2494 1902 Patri

1435 1918 1466 1942 et
1481 1912 1563 1942 Filio
1580 1918 1611 1942 et
1627 1912 1757 1951 Spiritui
1781 1912 1908 1942 Sancto.
1933 1913 1974 1942 Et
1995 1913 2137 1943 similiter
2159 1924 2227 1944 non
2250 1921 2331 1945 esset
2352 1916 2396 1946 ibi
2411 1927 2494 1947 unus

1434 1957 1535 1986 homo
1559 1956 1760 1995 simpliciter:
1791 1957 1866 1996 quia
1888 1966 1956 1986 non
1980 1962 2061 1987 esset
2088 1958 2188 1988 homo
2211 1969 2295 1989 unus
2318 1960 2494 1991 secundum

1434 2006 1579 2030 naturam
1596 2006 1627 2030 et
1642 2010 1822 2039 personam,
1840 2010 1937 2040 quam
1961 2001 2115 2031 unitatem
2130 2002 2280 2042 importat
2296 2013 2379 2034 unus
2394 2005 2494 2035 homo

1435 2045 1628 2084 simpliciter.
1653 2043 1715 2074 Sed
1735 2050 1838 2074 essent
1853 2050 1915 2074 tres
1937 2045 2083 2075 homines
2099 2055 2234 2076 numero
2254 2047 2287 2077 in
2307 2058 2370 2077 una
2385 2054 2495 2079 natura

1434 2089 1591 2118 humana:
1617 2089 1691 2127 quia
1708 2094 1812 2118 essent
1830 2089 1936 2128 plures
1960 2098 2114 2128 personae
2137 2090 2294 2121 humanae
2318 2092 2495 2122 secundum

1435 2142 1532 2162 unam
1555 2138 1700 2162 naturam
1716 2133 1899 2162 humanam.
1915 2151 1938 2155 -
1956 2133 2019 2163 Sed
2035 2134 2189 2172 quoniam
2204 2135 2266 2164 hoc
2286 2135 2325 2165 ad
2341 2137 2495 2167 vocabula

1434 2182 1565 2216 spectat,
1581 2177 1669 2216 parvi
1692 2176 1795 2212 refert,
1813 2177 1837 2206 si
1854 2178 1950 2207 scitur
1966 2177 2043 2216 quid
2062 2183 2143 2207 esset
2161 2179 2194 2208 in
2210 2188 2253 2214 re,
2271 2180 2495 2219 qualitercum-

1436 2230 1499 2260 que
1523 2221 1760 2260 exprimeretur.

1100 2400 1417 2442 ARTICULUS
1447 2400 1714 2442 SEPTIMUS

560 2491 716 2522 UTRUM
739 2491 831 2522 UNA
853 2491 1052 2522 PERSONA
1075 2492 1225 2523 DIVINA
1247 2492 1395 2523 POSSIT
1418 2493 1647 2524 ASSUMERE
1670 2493 1784 2524 DUAs
1812 2493 2015 2524 NATURAS
2039 2494 2251 2525 HUMANAS

1169 2571 1200 2595 111
1221 2571 1303 2600 Sent.,
1324 2571 1383 2596 dist.
1401 2579 1419 2601 1,
1440 2579 1482 2603 qu.
1502 2579 1530 2601 u,
1549 2577 1595 2597 art.
1616 2571 1639 2596 5.

436 2688 440 2696 ¹
466 2673 482 2684 s
527 2661 551 2685 D
571 2660 748 2685 SEPTIMUM
767 2660 819 2685 stc
838 2660 1073 2686 PROCEDITUR.
1094 2649 1255 2686 Videtur
1273 2650 1379 2698 quod
1432 2657 1515 2686 sent
1542 2650 1670 2698 plures
1698 2650 1896 2687 homines:
1927 2651 2017 2699 quia
2044 2652 2171 2699 plures
2200 2651 2376 2688 homines
2404 2661 2493 2690 sunt

354 2790 358 2801 ι
380 2769 455 2799 JV«

336 2799 349 2811 .
407 2799 471 2841 ᾧ)

318 2858 434 2895 habet
462 2857 564 2895 aliud
584 2857 828 2907 suppositum
854 2867 1004 2907 praeter
1024 2860 1265 2909 suppositum
1296 2872 1379 2909 per-

318 2923 436 2948 sonae
456 2910 620 2957 divinae‚
641 2918 683 2947 ut
702 2922 747 2946 ex
775 2923 891 2959 supra
908 2911 928 2933 ³⁸³
955 2911 1062 2948 dictis
1081 2920 1193 2961 patet.
1225 2913 1264 2950 Si
1290 2925 1379 2961 ergo

317 2960 485 3012 ponatur
512 2976 593 3000 esse
613 2975 692 3000 una
718 2975 883 3011 persona
901 2963 1031 3001 divina
1058 2977 1258 3002 assumens
1284 2966 1380 3002 duas

318 3017 510 3053 humanas
524 3024 689 3061 naturas,
706 3023 802 3052 esset
815 3028 941 3052 unum
955 3018 1199 3065 suppositum
1213 3018 1380 3055 duarum

318 3075 544 3106 naturarum
579 3068 753 3105 eiusdem
781 3068 930 3116 speciei.
973 3069 1092 3115 Quod
1124 3070 1275 3107 videtur
1310 3070 1379 3107 im-

316 3120 458 3170 plicare
484 3121 841 3158 contradictionem:
872 3133 952 3157 non
980 3121 1083 3158 enim
1103 3130 1238 3159 natura
1265 3123 1380 3160 unius

319 3173 458 3223 speciei
477 3174 748 3223 multiplicatur
766 3172 838 3209 nisi
865 3175 1081 3211 secundum
1100 3174 1380 3212 distinctionem

319 3226 622 3275 suppositorum.

375 3290 409 3315 2.
439 3280 669 3325 Pmranm,
691 3280 763 3316 hac
782 3278 1045 3327 suppositione
1065 3279 1172 3326 facta,
1193 3291 1273 3316 non
1291 3292 1379 3328 pos-

321 3339 376 3368 set
393 3331 468 3368 diei
491 3332 597 3380 quod
616 3344 782 3381 persona
801 3332 930 3368 divina
950 3331 1144 3368 incarnata
1163 3339 1259 3368 esset
1277 3344 1379 3369 unus

321 3383 462 3431 homo:
492 3384 583 3434 quia
601 3396 680 3421 non
709 3385 865 3422 haberet
892 3397 1012 3421 unam
1038 3392 1215 3421 naturam
1242 3385 1378 3421 huma-

321 3441 424 3472 nam.
461 3436 639 3474 Similiter
673 3437 786 3474 etiam
814 3449 893 3474 non
921 3444 1049 3486 posset
1083 3436 1156 3474 dici
1189 3438 1295 3486 quod
1323 3450 1378 3474 es-

375 3555 550 3592 aeytotaln'ter.
561 3573 581 3579 -
599 3559 690 3590 emh
708 3560 893 3592 corporaliter.

529 2713 608 2737 una
621 2712 787 2749 persona
805 2701 935 2738 divina
949 2714 1029 2738 non
1051 2702 1170 2751 possit
1184 2714 1379 2739 assumere
1432 2703 1632 2751 supposito
1652 2703 1825 2749 distincti,
1847 2711 1882 2739 et
1900 2703 1952 2740 ibi
1977 2711 2073 2740 esset
2092 2716 2216 2740 unum
2235 2712 2383 2740 tantum
2403 2718 2491 2755 sup-

529 2753 626 2790 duas
660 2758 814 2790 naturas
848 2754 1051 2791 humanas.
1094 2756 1243 2791 Natura
1275 2755 1379 2792 enim
1433 2756 1613 2804 positum.
1644 2757 1745 2803 Ergo
1765 2756 1955 2804 praedicta
1969 2755 2106 2805 positio
2126 2764 2223 2793 esset
2241 2756 2400 2794 omnino
2421 2758 2491 2795 irn-

485 2798 518 2841 N
530 2813 725 2854 assumpta
743 2805 783 2842 in
802 2806 983 2855 mysterio
1003 2806 1272 2844 incarnationis
1299 2820 1380 2844 non
1433 2808 1634 2856 possibilis.

1489 2861 1522 2897 3.
1553 2862 1789 2907 Paaeraam,
1819 2861 1858 2897 in
1893 2861 2161 2897 incarnationis
2199 2862 2379 2910 mysterio
2414 2870 2491 2900 tota

1433 2913 1563 2950 divina
1598 2921 1732 2950 natura
1761 2921 1815 2949 est
1842 2913 1947 2949 unita
1974 2913 2041 2949 toti
2069 2922 2226 2950 naturae
2261 2923 2490 2964 assumptae,

1433 2966 1529 3003 idest
1556 2966 1707 3002 cuilibet
1734 2965 1830 3013 parti
1859 2965 1959 3002 eius:
1997 2974 2051 3002 est
2079 2966 2182 3003 enim
2212 2967 2384 3004 Christus
2406 2981 2491 3017 per-

1423 3020 1547 3066 fectus
1573 3020 1675 3054 Deus
1693 3024 1726 3054 et
1746 3019 1932 3067 perfectus
1950 3019 2073 3064 homo,
2093 3025 2186 3056 totus
2212 3021 2313 3056 Deus
2340 3026 2373 3056 et
2399 3027 2492 3058 totus

1433 3073 1563 3116 homo,
1592 3078 1634 3106 ut
1661 3071 1924 3106 Damascenus
1951 3070 2056 3118 dicit,
2086 3071 2126 3108 in
2154 3073 2198 3108 ΙΙΙ
2227 3071 2322 3108 libro
2345 3072 2375 3109 ²¹⁶.
2415 3074 2490 3111 Sed

1434 3124 1532 3160 duae
1568 3124 1763 3159 humanae
1798 3130 1955 3160 naturae
1992 3136 2071 3160 non
2105 3133 2262 3173 possent
2295 3125 2455 3162 totaliter
2474 3132 2490 3148 α

1434 3175 1504 3212 sibi
1531 3175 1697 3211 invicem
1725 3175 1844 3212 uniri:
1881 3175 1972 3224 quia
1999 3185 2190 3225 oporteret
2224 3178 2329 3226 quod
2362 3178 2490 3216 anima

1434 3228 1548 3264 unius
1569 3235 1665 3264 esset
1692 3227 1798 3264 unita
1817 3228 1968 3277 corpori
1996 3229 2158 3276 alterius,
2180 3237 2215 3266 et
2242 3231 2348 3279 quod
2376 3231 2490 3268 etiam

1433 3281 1513 3317 duo
1541 3292 1704 3329 corpora
1731 3289 1856 3317 essent
1883 3281 2008 3329 simul,
2029 3283 2135 3330 quod
2161 3283 2274 3319 etiam
2302 3283 2490 3321 confusio-

1433 3345 1523 3369 nem
1552 3333 1748 3370 induceret
1775 3341 2010 3371 naturarum.
2047 3336 2138 3371 Non
2167 3347 2255 3382 ergo
2290 3343 2344 3371 est
2371 3336 2490 3384 possi-

1433 3385 1506 3422 bile
1526 3385 1632 3434 quod
1651 3390 1816 3434 persona
1843 3386 1973 3423 divina
2000 3387 2096 3424 duas
2120 3388 2309 3424 humanas
2337 3396 2490 3426 naturas

1434 3446 1654 3475 assumeret.

2519 1528 2529 1539 ⁸
2538 1528 2570 1549 Ita
2580 1534 2601 1550 n.
2609 1528 2679 1550 aadd.
2688 1525 2732 1553 116,-

2519 1555 2534 1576 Ρ
2551 1555 2602 1576 add.
2619 1555 2695 1580 homo,
2709 1559 2730 1576 et

2518 1587 2564 1602 om.
2572 1583 2637 1603 aut...
2643 1581 2732 1609 simpli-

2519 1608 2585 1629 citer.

2519 3075 2529 3086 ’
2543 3075 2579 3096 De
2591 3075 2649 3096 Fide
2662 3076 2727 3097 Orth.

2517 3102 2558 3123 lib.
2571 3102 2609 3128 ΠΙ,
2625 3108 2674 3129 cap.
2688 3108 2728 3123 vn.

2615 3138 2632 3153 α,
