2872 3970
25 223 56 266 Ἰ,ει

963 278 1224 325 QUAESTIO
1253 280 1357 326 xlx,
1385 279 1676 318 ARTICULUS
1703 281 1718 317 1

2349 278 2424 326 239

854 510 1262 586 QUAESTIO
1298 512 1834 568 DECIMANONA

703 629 792 668 DE
832 628 1146 670 UNITATE
1187 630 1657 672 OPERATIONIS
1699 631 1978 672 CHRISTI

1037 743 1072 768 IN
1101 743 1272 774 QUATUOR
1298 744 1498 770 ARTICULOS
1525 745 1638 770 DIVISA

333 857 438 883 emma
472 844 798 882 considerandum
833 852 888 881 est
919 845 967 882 de
995 845 1138 882 unitate
1174 857 1307 895 opera-

331 897 446 935 tionis
474 897 613 935 Christi
631 897 661 934 *.

250 950 299 988 Et
325 950 425 987 circa
451 951 527 988 hoc
555 957 793 999 quaeruntur
820 957 996 999 quatuor.

302 1002 455 1040 Primo:
477 1010 617 1044 ,utrum
644 1002 684 1039 in
713 1002 865 1040 Christo
884 1003 930 1039 sit
947 1015 1026 1039 una
1054 1002 1224 1052 operatio
1253 1003 1308 1040 di-

354 1055 519 1093 vinitatis
547 1063 584 1092 et
610 1055 868 1103 humanitatis,
898 1057 961 1092 vel
987 1057 1126 1104 plures.

11 887 23 895 ”
75 928 77 930 q
98 902 145 930 ἶςιι.
166 902 223 924 nvn,

346 1615 679 1674 Dionysms
699 1636 720 1661 11
739 1636 822 1673 cap.
850 1625 896 1661 de
917 1626 1001 1662 Div.
1022 1625 1136 1661 Nom.
1157 1624 1196 1660 ³¹⁶.-
1222 1626 1304 1661 Dzs-

247 1681 348 1713 creta
375 1681 498 1714 autem
525 1683 576 1714 est
602 1679 866 1727 benignissima
893 1679 994 1714 circa
1022 1689 1089 1714 nos
1119 1678 1193 1714 Dei
1223 1689 1305 1726 ope-

87 1777 89 1779 *
242 1716 343 1766 ratio
364 1741 437 1779 per
463 1731 533 1767 hoc
560 1730 668 1780 quod,
696 1730 897 1766 secundum
925 1742 1003 1776 nos,
1033 1742 1082 1767 ex
1109 1731 1223 1775 nohis,
1253 1732 1305 1766 in-

80 1779 127 1817 hp
246 1787 352 1832 tegre
377 1794 535 1832 vereque
561 1785 803 1820 humanatum
824 1781 839 1812 β
866 1788 917 1819 est
942 1784 1101 1819 Verbum
1128 1783 1227 1831 quod
1256 1788 1306 1819 est

245 1846 360 1884 supra
386 1837 635 1882 substantiam,
656 1841 690 1871 et
716 1837 868 1884 operari
893 1841 926 1871 et
946 1837 1030 1884 pati
1056 1847 1306 1884 quaec-umque

246 1888 434 1925 humanae
466 1890 544 1925 eius
581 1889 798 1937 divinaeque
830 1889 1038 1937 operationi
1075 1892 1307 1936 congruunt.-

238 1940 314 1978 ‘ubi
331 1952 453 1978 unam
472 1940 736 1990 operationem
755 1939 930 1977 nominat
956 1941 1170 1976 humanam
1196 1947 1232 1976 et
1251 1939 1305 1975 di-

163 2041 166 2045 ·
245 1993 390 2041 vinam,
419 2005 520 2043 quae
547 1993 586 2030 in
615 1993 763 2030 Graeco
791 1992 929 2029 dicitur
954 1993 1181 2038 theandrica,
1210 1992 1306 2029 idest

95 2045 98 2048 ’
132 2055 146 2067 ’·
177 2048 219 2078 ¹V1
245 2047 448 2085 Dei-virilis
474 2046 505 2083 ³¹⁸.
552 2045 718 2097 Videtur,
753 2045 867 2093 igitur
900 2057 982 2082 esse
1020 2057 1098 2082 una
1135 2045 1305 2094 operatio

83 2129 98 2150 η,
246 2099 459 2148 composita
485 2099 526 2136 in
555 2098 717 2136 Christo.

86 2163 124 2187 ÷0
301 2163 335 2189 2.
356 2153 588 2198 PRAETER-EA,
608 2151 827 2201 principalis
848 2150 991 2199 agentis
1010 2158 1047 2187 et
1065 2150 1306 2187 instrumenti

99 2212 101 2214 ’
246 2212 303 2242 est
335 2216 415 2242 una
451 2206 532 2242 sola
560 2204 742 2253 operatio.
783 2204 859 2241 Sed
895 2205 1068 2240 humana
1104 2211 1239 2240 natura
1266 2203 1305 2240 in

212 2274 220 2312 ζ
248 2256 400 2295 Christo
437 2257 506 2295 fuit
541 2257 840 2294 instrumentum
876 2256 1045 2293 divinae:
1083 2263 1126 2293 ut
1152 2268 1269 2304 supra
1286 2255 1306 2278 ’¹‘

213 2327 220 2364 5
247 2309 393 2347 dictum
421 2318 487 2347 est.
517 2311 618 2358 Ergo
647 2310 784 2347 eadem
812 2309 983 2358 operatio
1012 2316 1067 2345 est
1091 2308 1242 2345 divinae
1271 2316 1307 2345 et

213 2380 220 2392 ¹
247 2364 442 2400 humanae
469 2370 628 2400 naturae
646 2368 662 2391 Υ
690 2363 730 2400 in
759 2362 922 2399 Christo.

303 2415 337 2453 3.
366 2417 606 2462 Pmmam,
635 2427 727 2453 cum
763 2415 803 2452 in
832 2414 982 2452 Christo
1011 2415 1111 2451 duae
1148 2421 1305 2452 naturae

246 2467 288 2506 in
314 2481 394 2506 una
429 2468 626 2518 hypostasi
652 2470 714 2505 vel
740 2480 906 2517 persona
942 2467 1034 2514 sint,
1064 2479 1219 2504 necesse
1253 2475 1308 2504 est

247 2533 374 2558 unum
402 2529 438 2558 et
455 2521 562 2563 idem,
583 2533 664 2558 esse
685 2521 792 2571 quod
819 2521 981 2570 pertinet
1001 2521 1050 2556 ad
1069 2519 1307 2569 hypostasim

247 2575 311 2611 vel
336 2585 554 2624 personam.
585 2574 661 2612 Sed
681 2573 852 2623 operatio
879 2573 1042 2622 pertinet
1060 2574 1108 2610 ad
1128 2574 1307 2622 hyposta-

248 2626 322 2664 sim
339 2627 403 2664 vel
427 2639 655 2676 personam:
685 2626 780 2664 nihil
799 2626 902 2663 enim
923 2633 1103 2675 operatur
1126 2626 1198 2662 nisi
1218 2638 1307 2675 sup-

247 2679 418 2729 positum
436 2679 665 2726 subsistens3
694 2680 799 2717 unde
828 2687 874 2724 et,
900 2679 1113 2715 secundum
1136 2678 1307 2716 Philoso-

190 2740 195 2746 ·
215 2757 221 2780 :
247 2731 373 2782 phum
390 2732 423 2779 ²¹²,
451 2738 552 2770 actus
578 2739 662 2770 sunt
682 2733 942 2782 singularium.
973 2733 1074 2779 Ergo
1095 2731 1135 2768 in
1155 2731 1306 2768 Christo

189 2784 221 2816 -3
246 2791 304 2822 est
329 2797 410 2822 una
437 2793 474 2822 et
500 2786 637 2822 eadem
665 2785 836 2834 operatio
865 2784 1069 2822 divinitatis
1104 2792 1140 2821 et
1172 2785 1308 2821 huma-

215 2835 222 2870 ἶ
248 2837 383 2875 nitatis.

206 2887 214 2895 ⁶
252 2889 254 2892 ’
301 2902 338 2938 4.
367 2891 605 2937 PRAETEREA,
635 2890 743 2927 sicuti
771 2902 853 2927 esse
888 2897 943 2926 est
970 2890 1184 2939 hypostasis
1220 2889 1308 2926 sub-

249 2943 423 2990 sistentis,
451 2943 502 2981 ita
529 2943 644 2980 etiam
672 2951 708 2980 et
736 2941 897 2992 operari.
937 2943 1014 2979 Sed
1040 2949 1198 2991 propter
1224 2942 1308 2979 uni-

248 3003 366 3034 tatem
392 2996 608 3046 hypostasis
641 3003 697 3032 est
724 2995 763 3031 in
793 2995 944 3032 Christo
973 3007 1098 3031 unum
1126 3006 1228 3040 esse,
1267 3002 1309 3030 ut

217 3076 223 3082 .
249 3060 366 3098 supra
383 3048 404 3071 *
430 3049 576 3085 dictum
595 3055 660 3084 est.
691 3049 792 3095 Ergo
813 3055 849 3083 et
866 3055 1023 3096 propter
1041 3047 1206 3084 eandem
1224 3047 1308 3084 uni-

249 3108 366 3139 tatem
393 3109 449 3138 est
476 3101 515 3137 in
545 3100 696 3137 Christo
724 3112 803 3136 una
832 3099 1014 3148 operatio.

306 3154 339 3191 5.
369 3155 600 3200 PRAETEREA,
620 3152 688 3189 ubi
716 3159 771 3188 est
797 3164 923 3188 unum
950 3158 1163 3200 operatum,
1183 3151 1235 3188 ibi
1255 3159 1310 3188 est

203 3209 224 3242 '‚
249 3218 329 3244 una
348 3206 530 3256 operatio.
561 3205 638 3243 Sed
656 3204 760 3241 idem
786 3211 988 3253 operatum
1008 3211 1086 3241 erat
1105 3203 1308 3241 divinitatis

10 3260 60 3303 i
178 3271 225 3293 -112
251 3266 288 3296 et
314 3258 576 3304 humanitatis:
607 3257 703 3294 sicut
722 3256 867 3293 sanatio
896 3256 1035 3305 leprosi
1054 3256 1085 3302 *,
1113 3258 1176 3292 vel
1195 3256 1308 3292 susci-

11 3306 16 3327 ἴ
74 3284 224 3346 Qu,
250 3311 340 3349 tatio
368 3311 511 3349 mortui
529 3311 560 3347 ²¹⁸.
590 3311 691 3358 Ergo
711 3309 863 3346 videtur
889 3308 997 3357 quod
1024 3308 1063 3345 in
1084 3308 1234 3345 Christo
1264 3308 1309 3344 sit

64 3368 122 3403 ι’,
122 3346 225 3402 πη
250 3375 330 3414 una
355 3371 505 3401 tanturn
540 3362 710 3412 operatio
745 3361 948 3398 divinitatis
983 3368 1020 3397 et
1051 3360 1306 3397 humanitatis.

305 3500 338 3570 ag
350 3506 378 3528 ct
395 3503 577 3528 humanitatis.
594 3517 615 3522 -
632 3503 693 3528 Om.
712 3502 798 3528 ABCI.

306 3536 322 3569 β
353 3538 534 3564 humanatum.
551 3553 571 3558 —·
589 3539 624 3569 1²3
642 3538 812 3563 humanatus.

305 3571 333 3607 γ)
351 3577 474 3603 naturae.
490 3587 511 3594 —
528 3574 548 3598 F
567 3578 594 3599 et
610 3573 684 3598 tertia
702 3577 803 3605 praeter
821 3571 860 3602 G3
879 3579 932 3597 om.

1416 847 1616 884 Secundo:
1655 854 1786 884 utrum
1814 847 1853 884 in
1882 848 2033 885 Christo
2062 848 2134 885 sint
2161 850 2289 898 plures
2326 862 2417 899 ope-

1468 899 1632 936 rationes
1660 901 1874 938 secundum
1902 902 2115 938 humanam
2142 909 2329 939 naturam.

1415 952 1567 989 Tertio:
1603 960 1734 989 utrum
1763 953 1934 990 Christus
1962 954 2176 991 secundum
2204 955 2418 992 humanam

1469 1004 1733 1053 operationem
1761 1005 1903 1055 aliquid
1931 1006 2002 1042 sibi
2029 1007 2220 1043 meruerit.

1416 1057 1582 1103 Quarto:
1603 1065 1734 1094 utrum
1747 1070 1817 1107 per
1835 1071 1921 1095 eam
1940 1059 2082 1108 aliquid
2097 1059 2278 1096 meruerit
2291 1060 2415 1097 nobis.

1060 1173 1377 1215 ARTICULUS
1408 1174 1612 1216 PRIMUS

446 1265 603 1297 UTRUM
626 1265 670 1296 IN
694 1264 883 1296 CHRISTO
907 1264 974 1296 slT
997 1265 1185 1296 TANTUM
1208 1266 1299 1296 UNA
1323 1265 1541 1297 OPERATIO
1565 1267 1826 1298 DIVINITATIS
1849 1268 1906 1298 ET
1925 1268 2226 1299 HUMANITATIS

654 1343 686 1368 111
705 1343 788 1372 Sent„
808 1343 866 1368 dist.
885 1351 955 1373 xvn1‚
974 1348 1020 1369 art.
1041 1349 1071 1374 1;
1090 1344 1124 1368 1v
1145 1344 1220 1368 Cont.
1241 1345 1328 1373 Gent„
1348 1352 1403 1377 cap.
1421 1352 1508 1374 xxxv¹;
1529 1345 1570 1369 De
1591 1345 1681 1373 Verit„
1701 1353 1745 1378 qu.
1764 1354 1803 1377 xx,
1823 1351 1868 1371 art.
1889 1353 1912 1377 1,
1930 1346 1963 1370 ad
1983 1354 2011 1377 23

686 1379 728 1404 De
749 1378 851 1404 Um‘one
874 1379 948 1403 Verb.
968 1379 1092 1408 lncani„
1110 1386 1154 1411 qu.
1173 1386 1190 1409 1,
1210 1384 1256 1404 art.
1277 1380 1350 1408 1.ad
1371 1378 1416 1411 163
1436 1384 1482 1405 art.
1503 1379 1531 1411 5;
1554 1380 1696 1412 compend.
1719 1381 1815 1411 Theol„
1835 1389 1890 1413 cap.
1909 1388 1986 1407 ccxu.

1414 1468 1488 1505 SED
1517 1480 1660 1505 CONTRA
1688 1480 1754 1505 EST
1781 1469 1887 1517 quod
1906 1469 2159 1516 ¹Ambrosius,
2180 1470 2219 1507 in
2254 1473 2284 1508 II
2317 1472 2413 1510 libro

1360 1520 1410 1557 ad
1426 1521 1647 1557 Gratianum
1665 1523 1980 1570 Imperatorem,
1949 1522 1969 1544 ’¹‘
2001 1522 2107 1559 dicit:
2135 1525 2252 1565 Quem
2271 1525 2323 1561 ad
2339 1538 2413 1562 mo-

1359 1573 1447 1609 dum
1475 1574 1603 1610 eadem
1622 1576 1787 1623 operatio
1815 1574 1980 1611 diversae
2005 1581 2055 1611 est
2067 1577 2282 1624 potestatis?
2307 1578 2414 1614 Nun-

1359 1626 1448 1674 quid
1471 1638 1524 1662 szc
1545 1632 1663 1675 potest
1689 1628 1813 1662 minor
1840 1628 2147 1675 quemadmodum
2175 1631 2297 1666 maior
2333 1643 2415 1679 ope-

1360 1678 1467 1714 rari?
1493 1679 1568 1715 Aut
1595 1691 1670 1715 una
1689 1681 1852 1728 operatio
1875 1686 1993 1728 potest
2013 1692 2088 1716 esse
2109 1683 2172 1718 uhi
2197 1682 2340 1719 diversa
2366 1689 2416 1720 est

1358 1731 1587 1768 substantia?

1412 1784 1635 1820 RESPONDEO
1654 1795 1834 1820 monimum
1854 1785 1970 1832 quod,
1992 1784 2086 1821 sicut
2105 1798 2220 1834 supra
2233 1786 2253 1808 '¹‘
2272 1787 2416 1825 dictum
2443 1798 2453 1808 ·
2473 1798 2519 1824 Qu·
2539 1797 2653 1824 praeced„

1360 1842 1415 1871 est
1433 1834 1462 1881 δ,
1492 1835 1669 1872 haeretici
1704 1835 1770 1884 qui
1797 1845 2019 1896 posuerunt
2036 1837 2075 1873 in
2109 1838 2259 1875 Christo
2296 1852 2416 1877 unam
2443 1827 2484 1845 ’ω’
2503 1830 2521 1845 ”
2539 1854 2553 1879 δ

1359 1889 1609 1933 voluntatem,
1629 1896 1842 1936 posuerunt
1869 1889 1982 1926 etiarn
2010 1889 2049 1925 in
2075 1889 2158 1938 ipso
2178 1903 2297 1928 unam
2326 1904 2416 1941 ope-

1360 1940 1559 1977 rationem.
1601 1917 1650 1977 'Et
1678 1948 1721 1976 ut
1755 1953 1892 1978 eorum
1925 1942 2056 1990 opinio
2089 1955 2248 1980 erronea
2280 1945 2416 1981 melius

1360 1993 1597 2040 intelligatur,
1617 1993 1941 2031 considerandum
1965 2002 2020 2031 est
2041 1996 2159 2043 quod,
2179 1996 2416 2046 ubicumque

1360 2054 1448 2082 sunt
1475 2047 1586 2094 plura
1613 2046 1760 2094 agentia
1788 2046 1972 2094 ordinata,
2002 2047 2156 2085 inferius
2188 2057 2368 2086 movetur
2395 2063 2418 2087 a

1360 2098 1564 2147 superiori:
1602 2098 1698 2135 sicut
1724 2098 1764 2135 in
1792 2099 1950 2136 homine
1985 2111 2125 2148 corpus
2162 2109 2342 2139 movetur-
2368 2102 2415 2139 ab

1360 2151 1508 2196 anima,
1539 2158 1574 2187 et
1602 2151 1796 2188 inferiores
1833 2151 1932 2188 vires
1960 2165 1982 2188 a
2010 2152 2166 2189 ratione.
2207 2154 2269 2191 Sic
2305 2154 2417 2203 igitur

1360 2204 1527 2240 actiones
1555 2211 1592 2239 et
1619 2211 1747 2240 motus
1775 2203 1959 2241 inferioris
1987 2204 2162 2254 principii
2190 2214 2278 2243 sunt
2295 2207 2416 2255 magis

1360 2264 1516 2306 operata
1552 2256 1743 2305 quaedam
1771 2268 1890 2304 quarn
1925 2257 2181 2305 operationes:
2219 2258 2258 2295 id
2286 2267 2415 2297 autem

1360 2310 1467 2358 quod
1494 2308 1655 2358 pertinet
1674 2309 1722 2345 ad
1742 2321 1968 2357 supremum
1986 2309 2228 2358 principium,
2249 2319 2304 2348 est
2326 2324 2414 2361 pro-

1360 2362 1440 2411 prie
1461 2361 1642 2410 operatio.
1674 2363 1769 2398 Puta
1797 2361 1827 2397 si
1853 2361 2025 2398 dicamus
2044 2362 2083 2398 in
2102 2362 2260 2399 homine
2280 2365 2388 2412 quod
2402 2369 2414 2385 ⁸
2541 2379 2555 2395 ε

1361 2414 1569 2460 ambulare,
1591 2414 1698 2463 quod
1726 2421 1780 2450 est
1807 2415 1963 2463 pedum,
1985 2422 2020 2450 et
2038 2415 2203 2463 palpare,
2224 2416 2331 2464 quod
2359 2423 2414 2452 est

1361 2479 1562 2514 manuum,
1585 2475 1673 2503 sunt
1700 2467 1892 2515 quaedam
1920 2466 2087 2503 hominis
2115 2475 2287 2516 operata,
2317 2480 2413 2517 quo-

1361 2533 1449 2557 rum
1477 2532 1602 2557 unum
1630 2527 1809 2568 operatur
1830 2519 1958 2556 anima
1975 2531 2044 2568 per
2066 2520 2194 2568 pedes,
2215 2519 2316 2556 aliud
2344 2533 2415 2569 per

1361 2585 1520 2610 manus:
1560 2580 1596 2608 et
1623 2572 1713 2621 quia
1741 2579 1796 2608 est
1823 2572 1959 2608 eadem
1995 2571 2123 2608 anima
2155 2584 2317 2621 operans
2344 2585 2414 2622 per

1361 2633 1589 2674 utrumque,
1619 2637 1665 2661 ex
1692 2632 1797 2673 parte
1831 2624 1950 2673 ipsius
1978 2624 2188 2673 operantis,
2219 2625 2323 2674 quod
2359 2633 2414 2662 est

1361 2678 1532 2728 primum
1559 2677 1790 2726 principium
1818 2689 1990 2724 movens,
2020 2684 2075 2713 est
2101 2689 2179 2713 una
2207 2685 2242 2713 et
2267 2677 2413 2714 indiffe-

1361 2743 1448 2768 rens
1477 2730 1668 2779 operatio;
1698 2742 1744 2766 ex
1766 2737 1871 2778 parte
1891 2737 2020 2766 autern
2048 2730 2217 2778 ipsorum
2240 2737 2413 2778 operato-

1361 2795 1450 2820 rum
1468 2783 1680 2820 differentia
1698 2782 1900 2819 invenitur.
1926 2782 2031 2819 Sicut
2049 2790 2178 2818 autem
2197 2782 2235 2818 in
2255 2782 2413 2822 homine

1361 2848 1460 2885 puro
1479 2848 1620 2884 corpus
1639 2842 1818 2871 movetur
1842 2835 1889 2871 ab
1909 2834 2048 2880 anima,
2069 2841 2105 2870 et
2123 2834 2310 2883 appetitus
2329 2847 2413 2871 sen-

1362 2889 1493 2926 sitivus
1522 2901 1543 2925 a
1571 2887 1763 2933 rationali,
1792 2887 1842 2923 ita
1869 2886 1907 2922 in
1935 2886 2105 2923 Domino
2142 2888 2226 2923 Iesu
2262 2887 2412 2924 Christo

1361 2943 1533 2978 humana
1552 2948 1686 2976 natura
1705 2939 1934 2976 movebatur
1960 2946 1996 2975 et
2014 2938 2213 2986 regebatur
2231 2951 2253 2975 a
2272 2939 2412 2976 divina.

1362 2995 1410 3031 Et
1437 2993 1524 3030 ideo
1547 2992 1723 3029 dicebant
1742 2991 1848 3040 quod
1867 2991 2003 3027 eadem
2031 2998 2086 3027 est
2113 2991 2282 3039 operatio
2304 2999 2339 3028 et
2358 2991 2413 3028 in-

1362 3046 1540 3083 differens
1578 3057 1623 3081 ex
1661 3051 1766 3092 parte
1803 3043 1921 3093 ipsius
1959 3043 2160 3080 divinitatis
2201 3040 2391 3092 operantis

1362 3106 1450 3135 sunt
1476 3105 1605 3134 tamen
1633 3096 1782 3132 diversa
1810 3102 1984 3144 operata,
2013 3095 2242 3144 inquantum
2277 3096 2415 3133 scilicet

1361 3150 1536 3187 divinitas
1566 3148 1701 3185 Christi
1731 3148 1833 3184 aliud
1861 3148 1993 3195 agebat
2019 3160 2088 3196 per
2115 3148 2291 3197 seipsam,
2319 3149 2415 3186 sicut

1361 3203 1468 3252 quod
1489 3203 1664 3251 portabat
1691 3202 1816 3237 omnia
1840 3202 1952 3238 verbo
1971 3202 2111 3238 virtutis
2136 3214 2226 3238 suae
2242 3201 2282 3247 *ς
2311 3201 2414 3238 aliud
2442 3204 2585 3257 ¹22¹„ka
2576 3211 2650 3232 »ων

1362 3263 1490 3292 autern
1518 3266 1587 3302 per
1614 3260 1790 3291 naturam
1817 3254 2046 3299 humanam,
2077 3252 2172 3290 sicut
2199 3253 2304 3302 quod
2332 3266 2413 3290 cor·
2545 3238 2558 3260 ³

1361 3306 1538 3356 poraliter
1575 3305 1805 3342 ambulabat.
1844 3306 1955 3342 Unde
1991 3305 2031 3342 in
2069 3306 2180 3343 Sexta
2217 3306 2376 3355 Synodo
2395 3306 2415 3328 ’¹‘
2442 3314 2452 3324 ⁸
2475 3313 2652 3341 Constantinop-

1361 3359 1595 3396 inducuntur
1621 3358 1739 3395 verba
1777 3358 1908 3395 Severi
1944 3358 2121 3395 haeretici
2156 3358 2208 3395 sic
2235 3358 2414 3396 dicentis.
2441 3339 2481 3367 m
2495 3343 2539 3362 ⁸⁰¹
2554 3346 2577 3362 ¹

2442 1534 2451 1545 ⁸
2472 1534 2507 1555 De
2525 1533 2597 1559 Fide,
2618 1532 2654 1554 ad

2443 1560 2525 1587 Crat„
2552 1560 2590 1581 lib.
2613 1559 2649 1586 11,

2441 1593 2491 1634 31).
2501 1592 2550 1614 vm,
2560 1587 2588 1608 nl.
2599 1591 2650 1613 cap.

1414 3498 1438 3539 ὃ).
1456 3499 1525 3524 sicut
1546 3505 1628 3530 supra
1654 3498 1753 3523 dictum
1771 3501 1818 3523 est.
1836 3512 1855 3517 —
1873 3498 1908 3531 E;
1926 3505 2010 3530 supra
2028 3498 2094 3522 dicti
2112 3498 2140 3528 Ρ,
2159 3498 2228 3523 sicut
2249 3504 2332 3530 supra
2350 3497 2418 3523 dicu

1363 3539 1448 3603 ceteg.
1457 3569 1536 3602 quod.
1555 3583 1573 3587 —
1590 3568 1677 3594 Tertia
1684 3577 1691 3600 5
1710 3576 1763 3594 om.
