2872 3970
132 508 143 519 “
157 508 227 530 Num.
245 514 269 529 ιι.

127 1569 137 1579 ·
152 1567 221 1589 Num.
238 1573 272 1589 ιιι.

381 256 451 302 146

374 341 439 365 erat
462 336 525 365 iam
549 336 581 365 in
602 341 674 365 actu
691 335 729 365 ab
747 335 808 365 alio
826 340 937 374 agente
954 334 1132 371 reductum,
1149 345 1209 366 nec
1226 341 1290 366 erat
1306 335 1443 375 amplius

374 380 406 409 in
423 380 566 419 potentia
591 379 630 409 ad
646 379 865 419 recipiendum
886 379 1094 419 intelligibilia
1110 380 1148 410 ab
1167 380 1331 411 intellectu
1348 388 1443 419 agen-

374 428 420 452 te:
446 424 527 453 sicut
551 424 694 463 potentia
718 424 953 463 augmentativa
976 433 1044 453 non
1072 429 1197 463 poterat
1227 433 1342 463 augere
1368 423 1443 463 quia

373 476 490 507 corpus
508 468 575 498 eius
591 468 654 497 iam
677 473 742 497 erat
765 473 839 498 actu
854 467 1033 507 perfectum
1048 468 1081 497 in
1098 468 1273 507 quantitate
1297 467 1441 497 naturali.

428 511 481 541 VI.
506 510 557 541 Ad
580 511 722 551 primum
745 512 840 551 igitur
863 511 998 542 dubium
1014 512 1031 527 ὓ
1055 511 1169 542 dicitur
1199 511 1289 551 quod
1321 520 1443 551 propo-

372 555 444 585 sitio
468 555 531 591 illa,
555 556 693 586 Frustra
713 561 760 586 est
781 555 868 596 quod
890 559 980 585 caret
997 555 1135 595 propria
1153 555 1351 596 operatione,
1375 564 1442 585 non

372 604 419 629 est
442 598 590 630 arctanda
613 599 653 630 ad
675 609 787 640 genus,
812 600 952 640 speciem
977 605 1031 630 aut
1050 599 1251 630 individuum
1275 598 1443 639 quodlibet

372 643 422 673 vel
446 643 590 683 aliquod,
613 643 668 674 sed
692 643 837 674 absolute
861 642 1017 674 sumenda
1041 649 1096 673 est.
1122 643 1163 674 Et
1185 653 1260 673 sane
1285 642 1379 673 debet
1394 643 1442 673 in-

371 687 479 727 telligi,
493 687 622 723 scilicet,
636 687 864 718 subintellectis
881 687 1120 718 conditionibus
1136 687 1335 727 generalibus
1349 696 1441 727 quae,

371 740 446 762 cum
459 731 498 762 de
509 732 659 772 operibus
672 737 718 762 est
730 741 845 765 sermo,
858 731 1146 771 subintelliguntur:
1159 731 1288 767 scilicet,
1299 730 1440 771 quando,

372 775 434 811 uln‘,
451 781 482 806 et
497 776 529 806 in
546 785 620 816 quo,
638 781 708 811 etc.,
726 775 815 806 debet
831 775 971 816 operari.
997 775 1042 805 Ita
1058 774 1147 815 quod
1163 785 1274 805 sensus
1290 780 1337 805 est
1353 774 1442 815 quod

370 819 508 850 Frustra
524 825 572 850 est
593 819 680 860 quod
698 824 788 850 caret
803 819 991 860 operatione
1013 819 1144 859 quando
1160 819 1250 850 debet
1273 819 1362 850 illam
1383 819 1441 849 ha-

370 864 452 894 bere.
485 864 526 894 Et
549 864 593 894 sic
616 864 796 904 propositio
827 864 886 894 ista
909 863 1077 894 efficaciter
1100 864 1133 893 in
1157 863 1259 894 littera
1288 864 1442 903 probatur

371 918 408 938 ex
431 908 494 938 hoc
516 907 606 948 quod
622 907 870 948 unumquodque
885 913 932 938 est
941 912 1079 948 propter
1092 917 1185 938 suam
1202 908 1442 948 operationem:

370 949 483 982 frustra
514 951 673 992 siquidem
705 957 751 982 est
783 951 872 991 quod
902 951 1001 982 finem
1025 961 1121 982 suum
1145 961 1212 982 non
1243 952 1440 992 assequitur,

370 995 501 1036 quando
526 995 630 1026 debet.

424 1040 465 1070 Et
480 1049 537 1080 per
552 1041 615 1070 hoc
632 1039 742 1070 satisfit
758 1040 909 1070 omnibus
925 1040 1091 1070 instantiis.
1116 1040 1199 1070 Nam
1215 1045 1313 1071 status
1329 1040 1441 1071 beatus

369 1085 463 1114 habet
479 1090 514 1114 ut
530 1090 606 1114 tunc
623 1094 689 1115 non
707 1084 820 1115 debeat
835 1084 1014 1114 abstrahere
1030 1084 1210 1115 intellectus
1225 1094 1339 1125 agens:
1365 1085 1440 1125 quia

368 1129 469 1159 homo
495 1134 541 1159 est
564 1129 597 1158 in
620 1129 768 1159 termino.
792 1147 815 1150 —
838 1129 878 1158 Et
901 1128 1006 1159 Adam
1026 1128 1085 1159 fuit
1101 1129 1306 1169 suppositum
1322 1130 1355 1159 in
1372 1138 1439 1169 quo

367 1173 548 1203 intellectus
571 1182 667 1213 agens
691 1183 759 1203 non
783 1171 918 1203 debebat
941 1173 1120 1203 abstrahere
1136 1173 1274 1224 species:
1301 1174 1376 1214 quia
1392 1173 1440 1203 in-

367 1217 512 1247 tellectus
536 1217 694 1257 possibilis
718 1217 833 1257 plenus
858 1223 923 1247 erat
946 1217 1101 1257 acquisita
1125 1217 1266 1248 scientia.
1290 1235 1314 1240 —
1336 1217 1376 1248 Et
1399 1218 1440 1247 si-

367 1261 484 1292 militer
506 1262 650 1301 potentia
673 1262 910 1301 augmentativa
930 1271 997 1291 non
1017 1261 1077 1292 fuit
1092 1261 1222 1292 frustra:
1248 1262 1324 1302 quia
1340 1262 1440 1292 caruit

368 1305 499 1346 quidem
524 1306 720 1346 operatione,
745 1305 800 1336 sed
816 1315 883 1336 non
900 1305 1030 1346 quando
1055 1311 1086 1336 et
1101 1306 1134 1336 in
1151 1315 1218 1346 quo
1235 1305 1346 1336 debuit
1361 1315 1439 1346 ope-

367 1350 437 1380 rari.
473 1350 638 1388 Quoniam
662 1355 786 1380 constat
818 1349 908 1390 quod
931 1350 1076 1390 operatio
1101 1350 1170 1380 eius
1197 1349 1291 1380 debet
1315 1359 1382 1380 esse
1406 1350 1439 1380 in

367 1394 512 1424 subiecto
536 1393 725 1434 imperfecto
750 1393 927 1424 secundum
952 1395 1172 1434 quantitatem,
1190 1400 1221 1424 et
1236 1395 1269 1424 in
1285 1399 1367 1424 statu
1384 1404 1439 1424 au-

367 1439 504 1478 gmenti:
538 1447 679 1478 quorum
702 1438 830 1468 nullum
853 1438 964 1468 locum
988 1439 1099 1468 habuit
1122 1438 1155 1468 in
1178 1437 1300 1474 Adam,
1332 1444 1438 1469 creato

367 1482 509 1522 perfecto
541 1481 719 1512 secundum
752 1483 962 1522 quantitatem
994 1482 1181 1512 naturalem.
1212 1501 1234 1504 —
1265 1482 1332 1513 Stat
1362 1492 1438 1522 ergo

367 1526 468 1557 solida
492 1527 594 1566 prima
617 1526 738 1556 litterae
762 1527 955 1566 propositio.

421 1570 488 1601 VII.
513 1570 564 1600 Ad
588 1570 767 1600 secundum
792 1569 927 1600 dubium
943 1571 959 1587 ᾖ
984 1569 1099 1600 dicitur
1129 1569 1220 1610 quod
1249 1579 1317 1600 non
1344 1569 1439 1600 refert

366 1621 438 1645 utro
463 1614 564 1645 modo
588 1615 768 1655 propositio
792 1614 995 1654 intelligatur.
1032 1614 1117 1652 Quia
1148 1615 1244 1644 unius
1275 1615 1438 1654 potentiae

366 1669 434 1690 non
451 1665 497 1689 est
516 1659 576 1689 nisi
592 1669 656 1689 una
672 1659 817 1699 operatio
837 1659 966 1699 propria
982 1659 1175 1699 principalis,
1193 1668 1275 1698 quae
1291 1668 1324 1688 se
1344 1658 1439 1689 habet

366 1703 406 1734 ad
429 1704 532 1743 ipsam
555 1709 591 1734 ut
614 1702 702 1739 finis,
735 1703 826 1733 cuius
853 1703 1032 1743 privatione
1060 1702 1174 1733 dicitur
1201 1703 1330 1733 frustra:
1363 1703 1439 1743 quia

366 1748 510 1788 potentia
532 1747 683 1778 naturalis
707 1746 915 1777 determinata
939 1752 985 1777 est
1008 1747 1048 1777 ad
1071 1757 1192 1783 unum;
1224 1752 1255 1777 et
1278 1747 1439 1777 rationalis

367 1792 501 1822 alterum
518 1791 750 1822 contrariorum
767 1791 982 1831 principaliter
997 1791 1133 1831 respicit.
1151 1791 1191 1821 Et
1210 1800 1317 1821 rursus
1333 1791 1439 1821 omnis

367 1837 511 1877 potentia
534 1841 646 1866 natura
671 1835 829 1875 quaedam
853 1841 915 1865 est:
941 1841 973 1865 et
995 1840 1165 1875 propterea
1188 1845 1253 1865 una
1270 1840 1316 1865 est
1332 1835 1439 1865 cuius-

367 1890 431 1921 que
455 1880 638 1921 principalis
662 1880 818 1920 operatio,
844 1879 981 1910 fundans
997 1879 1135 1919 reliquas
1155 1878 1267 1909 ordine
1284 1878 1437 1919 quodam.

367 1924 418 1955 Ad
441 1925 578 1955 litteram
601 1929 718 1959 tamen,
743 1924 866 1954 Auctor
889 1923 1033 1963 loquitur
1056 1922 1095 1953 de
1112 1924 1300 1963 operatione
1321 1923 1438 1963 princi-

367 1969 441 2009 pali,
467 1978 549 2008 quae
574 1973 620 1998 est
644 1967 726 1998 finis.

422 2013 464 2043 Et
486 2013 590 2043 multo
614 2013 720 2042 minus
744 2011 838 2042 refert
870 2012 984 2052 quovis
1007 2011 1108 2042 modo
1137 2017 1281 2042 sumatur
1307 2011 1340 2041 in
1363 2020 1438 2051 pro-

366 2058 485 2097 posito.
510 2057 605 2095 Quia,
622 2057 647 2086 si
666 2057 699 2086 in
724 2056 851 2087 Christo
875 2066 943 2086 non
967 2062 1014 2086 est
1037 2055 1168 2086 scientia
1191 2065 1229 2085 ex
1246 2065 1305 2085 suo
1322 2065 1438 2095 genere

367 2102 530 2141 acquisita,
555 2101 733 2131 intellectus
757 2110 853 2140 agens
877 2105 958 2130 esset
977 2099 1091 2130 frustra
1115 2100 1191 2140 quia
1217 2105 1336 2130 careret
1360 2109 1438 2139 ope-

367 2147 489 2176 ratione
513 2145 690 2185 principali,
715 2154 797 2184 quae
822 2150 869 2175 est
891 2143 963 2174 finis
988 2144 1033 2184 (et
1056 2144 1118 2174 hoc
1138 2143 1274 2174 intendit
1296 2144 1436 2174 Auctor:

367 2196 402 2220 ut
426 2195 512 2230 patet
535 2190 567 2219 in
592 2194 647 2219 art.
674 2199 691 2219 2
717 2199 771 2229 qu.
797 2188 869 2228 xn):
903 2194 934 2219 et
957 2188 1166 2218 nihilominus
1196 2188 1287 2228 sequi
1314 2187 1439 2218 videtur

367 2233 457 2274 quod
481 2239 562 2264 esset
586 2234 721 2263 omnino
746 2232 859 2263 frustra
882 2233 915 2263 in
939 2233 1028 2272 ipso;
1057 2233 1132 2272 quia
1155 2237 1274 2262 careret
1297 2237 1329 2262 et
1351 2233 1438 2272 prin-

367 2278 461 2318 cipali
485 2278 682 2318 operatione,
708 2287 790 2317 quae
815 2282 861 2307 est
885 2277 987 2307 facere
1012 2277 1134 2316 species
1153 2276 1381 2316 intelligibiles;
1407 2281 1439 2306 et

366 2322 570 2357 secundaria,
598 2331 680 2361 quae
705 2326 752 2352 est
774 2321 878 2352 facere
902 2320 1094 2352 evidentiam
1118 2320 1294 2360 primarum
1316 2329 1438 2360 propo-

366 2367 521 2397 sitionum
544 2365 742 2402 immediate,
768 2371 799 2396 et
822 2365 982 2396 mediante
1006 2365 1060 2395 illa
1082 2364 1186 2395 facere
1209 2365 1346 2395 aliorum
1373 2365 1438 2394 evi-

366 2411 517 2441 dentiam.
543 2410 709 2448 Quoniam
732 2415 798 2440 tam
822 2410 964 2450 cognitio
989 2410 1169 2449 primorum
1191 2409 1437 2449 principiorum,

367 2465 464 2495 quam
488 2454 687 2495 reliquorum
711 2464 749 2484 ex
770 2454 841 2490 illis,
866 2453 906 2484 ad
929 2454 1094 2484 scientiam
1118 2453 1307 2493 acquisitam
1323 2462 1361 2483 ex
1377 2462 1437 2483 suo

366 2509 482 2539 genere
507 2504 643 2539 spectat:
676 2507 774 2538 quam
805 2498 1020 2538 supponimus
1046 2498 1080 2527 in
1105 2497 1232 2527 Christo
1260 2507 1327 2527 non
1352 2506 1436 2533 esse,

367 2543 422 2574 sed
445 2543 584 2574 infusam
608 2553 646 2573 ex
662 2552 721 2573 suo
738 2552 854 2582 genere
870 2548 1005 2573 tantum.
1030 2542 1201 2579 Quocirca,
1219 2541 1243 2571 si
1260 2541 1292 2571 in
1309 2541 1437 2571 Christo

366 2593 603 2628 supponeretur
626 2587 756 2617 scientia
779 2596 817 2616 ex
833 2596 892 2617 suo
909 2595 1026 2626 genere
1053 2586 1208 2625 acquisita
1230 2594 1288 2626 per
1302 2585 1437 2616 infusio-

366 2642 442 2663 nem
465 2632 580 2667 habita,
605 2632 687 2661 sicut
710 2631 841 2671 ponitur
864 2631 897 2660 in
916 2629 1030 2665 Adam,
1055 2629 1234 2660 intellectus
1258 2638 1354 2670 agens
1369 2639 1438 2660 non

368 2682 488 2707 careret
511 2676 602 2706 omni
626 2675 813 2715 operatione
837 2675 896 2704 sibi
919 2675 1064 2715 propria,
1090 2673 1145 2704 sed
1168 2673 1271 2714 prima
1293 2679 1436 2710 tanturn,

367 2719 487 2751 scilicet
502 2720 713 2750 abstractione
730 2719 910 2759 specierum
925 2718 1188 2758 intelligibilium:
1207 2717 1332 2748 fecisset
1347 2727 1438 2748 narn-

368 2775 441 2805 que,
467 2765 548 2795 sicut
572 2763 611 2794 de
634 2763 719 2794 facto
743 2763 776 2793 in
800 2762 905 2793 Adam
929 2762 1019 2799 fecit,
1047 2762 1239 2793 evidentiam
1262 2762 1437 2802 primarum

368 2809 629 2849 propositionum
652 2807 845 2843 immediate,
870 2812 901 2838 et
924 2807 1056 2837 aliarum
1080 2806 1240 2837 mediante
1264 2806 1326 2836 illa.
1354 2806 1438 2836 Nam

370 2853 485 2884 eodem
507 2853 630 2883 lumine
654 2851 784 2883 fuerunt
806 2861 862 2892 per
884 2861 916 2882 se
939 2857 1017 2882 nota
1040 2850 1129 2881 Adae
1152 2851 1255 2891 prima
1270 2851 1437 2891 principia,

369 2903 400 2928 et
423 2897 648 2928 conclusiones
671 2906 729 2937 per
751 2896 924 2936 principia,
956 2905 1022 2936 quo
1046 2895 1147 2926 modo
1178 2900 1252 2925 sunt
1280 2894 1438 2926 evidentia

369 2942 478 2972 nobis:
504 2942 650 2981 quamvis
674 2951 734 2971 nos
757 2941 960 2980 acquiramus
983 2945 1092 2970 nostra
1108 2939 1233 2970 actione
1250 2939 1382 2979 species,
1407 2944 1439 2970 et

370 2985 475 3016 studio
499 2991 610 3016 nostro
627 2985 870 3021 conclusiones;
894 2985 946 3015 ille
963 2990 1071 3014 autem
1091 2993 1148 3024 per
1163 2983 1359 3014 infusionem
1382 2984 1438 3014 ha—

370 3030 438 3060 buit
462 3029 619 3070 quidquid
642 3039 702 3059 nos
726 3029 930 3069 acquirimus,
955 3029 1013 3059 sub
1030 3028 1085 3059 illo
1102 3034 1210 3058 tamen
1224 3027 1347 3058 lumine
1371 3037 1437 3068 quo

371 3074 532 3114 acquirere
556 3083 616 3104 nos
639 3083 821 3124 possumus.
856 3073 917 3103 Sed
942 3073 1017 3113 quia
1039 3073 1073 3103 in
1095 3071 1222 3103 Christo
1246 3073 1439 3112 supponitur

370 3128 437 3148 non
462 3128 529 3148 esse
549 3118 664 3158 quovis
680 3116 779 3148 modo
797 3117 961 3148 scientiam
978 3127 1015 3147 ex
1032 3126 1091 3147 suo
1107 3126 1223 3157 genere
1240 3116 1437 3156 acquisitam,

371 3161 426 3192 sed
450 3172 487 3192 ex
511 3171 571 3192 suo
595 3171 710 3201 genere
734 3161 890 3196 infusam,
919 3170 1000 3201 quae
1025 3166 1072 3191 est
1095 3170 1191 3201 supra
1212 3161 1323 3191 lumen
1347 3161 1438 3191 intel-

372 3206 471 3236 lectus
495 3206 630 3246 agentis:
656 3204 729 3235 ideo
754 3205 888 3234 omnino
913 3205 1026 3235 frustra
1041 3211 1224 3245 poneretur,
1240 3210 1353 3245 utpote
1370 3205 1439 3236 abs-

372 3260 435 3290 que
453 3250 542 3280 omni
558 3258 614 3279 sua
630 3249 758 3289 propria
775 3249 972 3288 operatione,
990 3249 1168 3280 intellectus
1185 3259 1281 3289 agens
1298 3249 1330 3279 in
1347 3249 1439 3280 Chri-

372 3299 431 3324 sto.
456 3294 496 3324 Et
517 3293 561 3323 sic
585 3298 644 3323 stat
660 3293 794 3323 omnino
812 3291 912 3322 solida
935 3298 966 3322 et
988 3292 1178 3323 inconcussa
1193 3293 1373 3334 propositio
1390 3294 1439 3324 lit-

373 3343 466 3373 terae,
484 3338 592 3368 iuncta
616 3337 710 3367 etiam
735 3335 939 3375 subsumptis.

428 3381 468 3411 Et
492 3382 569 3412 haec
593 3380 770 3420 intelligito,
796 3385 953 3420 quantum
977 3385 1023 3410 est
1047 3390 1083 3410 ex
1108 3386 1195 3420 parte
1219 3381 1278 3418 sui,
1302 3383 1365 3412 hoc
1382 3388 1437 3418 est,

374 3425 551 3455 intellectus
575 3425 704 3465 agentis.
740 3423 904 3462 Quoniam
929 3433 966 3453 ex
990 3424 1131 3454 libertate
1155 3425 1279 3456 animae
1303 3426 1437 3462 Christi,

374 3470 529 3508 potuisset
553 3468 717 3509 cooperari
733 3466 773 3498 ad
788 3467 1010 3498 illustrandum
1026 3468 1244 3508 phantasmata
1260 3470 1438 3500 ministran-

374 3513 416 3542 tia
440 3513 588 3543 scientiae
604 3512 737 3548 infusae,
754 3510 884 3552 quando
900 3511 1069 3551 placuisset
1086 3512 1131 3541 uti
1147 3513 1277 3542 scientia
1293 3513 1344 3543 illa
1360 3522 1438 3544 con-

375 3555 526 3586 vertendo
554 3566 586 3586 se
613 3556 653 3587 ad
676 3557 903 3596 phantasmata.
940 3555 1089 3586 Similiter
1119 3554 1159 3585 ad
1189 3556 1438 3588 intellec-tionem

375 3599 551 3630 multorum
576 3600 831 3639 intelligibilium.

1094 255 1357 303 QUAESTIO
1387 256 1456 302 IX,
1487 256 1780 295 ARTICULUS
1807 258 1856 295 IV

1552 335 1634 366 VIII.
1659 336 1710 367 Ad
1734 337 1859 368 obiecta
1883 337 1970 368 Scoti
2002 343 2111 367 contra
2142 338 2384 369 conclusionem
2411 339 2513 379 ipsam
2529 340 2562 375 *,

1496 379 1560 409 iam
1584 380 1695 421 incipit
1716 386 1826 422 patere
1849 381 1939 422 quod
1954 382 1987 411 in
2002 381 2211 421 responsione
2228 381 2267 412 ad
2283 383 2412 413 tertium
2428 383 2564 423 amplius

1497 423 1717 463 explanabitur
1731 425 1758 455 *.
1782 424 1876 461 Nam,
1901 425 2079 455 secundum
2102 426 2289 461 Auctorem,
2314 427 2444 456 scientia
2460 426 2565 457 infusa

1497 476 1535 496 ex
1558 477 1618 498 suo
1641 478 1758 508 genere
1781 478 1839 499 seu
1862 478 1919 509 per
1942 479 1985 504 se,
2010 475 2041 500 et
2063 468 2195 500 scientia
2210 470 2364 510 acquisita
2380 481 2418 501 ex
2433 480 2494 502 suo
2509 480 2564 511 ge-

1495 520 1570 541 nere
1595 521 1652 542 seu
1675 521 1732 553 per
1754 522 1799 549 se,
1822 518 1897 544 sunt
1920 512 2114 544 diversarum
2137 514 2309 544 rationum.
2345 514 2386 544 Et
2407 514 2482 545 licet
2505 512 2564 547 dif-

1496 553 1597 585 ferant
1619 565 1718 595 penes
1742 557 1880 597 origines
1903 563 1934 587 et
1957 558 2081 598 agentia
2100 556 2294 588 diversarum
2309 559 2479 594 rationum,
2496 567 2563 589 non

1495 603 1603 629 tamen
1619 599 1768 630 differunt
1783 606 1908 631 tantum
1924 610 2023 641 penes
2039 601 2177 641 origines
2193 607 2224 632 et
2239 602 2377 642 agentia:
2394 601 2451 632 sed
2465 611 2564 642 penes

1496 641 1643 673 formalia
1658 644 1792 681 obiecta,
1817 654 1854 675 ac
1876 654 1933 684 per
1948 645 2022 682 hoc,
2039 654 2096 685 per
2111 646 2295 676 intrinsecas
2312 645 2512 682 differentias,
2528 651 2564 677 ut

1495 687 1625 725 patebit.
1651 687 1692 718 Et
1707 687 1780 719 ideo
1797 688 1967 719 ridiculum
1984 695 2030 720 est
2046 690 2186 720 obiicere
2210 689 2298 730 quod
2318 689 2468 721 differunt
2482 690 2565 721 sicut

1495 730 1596 761 homo
1620 737 1713 762 natus
1737 737 1768 762 et
1783 732 1891 763 homo
1917 739 2056 769 creatus;
2088 739 2142 764 aut
2165 733 2246 764 sicut
2270 734 2357 764 oculi
2389 735 2475 765 caeci
2497 734 2564 764 nati

1495 775 1686 806 miraculose
1710 775 1896 813 illuminati,
1921 782 1952 807 et
1976 777 2062 808 oculi
2086 777 2232 808 aliorum.
2267 778 2357 808 Haec
2381 778 2467 809 enim
2490 787 2564 808 vera

1495 824 1570 849 sunt
1593 818 1631 849 de
1655 819 1787 850 scientia
1810 821 1964 860 acquisita
1990 826 2021 852 et
2044 821 2175 852 scientia
2197 831 2254 862 per
2277 821 2424 853 accidens
2447 821 2562 858 infusa,

1494 868 1530 893 ut
1554 862 1614 893 fuit
1636 864 1768 894 scientia
1791 863 1898 901 Adae,
1929 874 2012 905 quae
2036 875 2074 895 ex
2098 875 2157 896 suo
2180 875 2296 905 genere
2324 871 2390 896 erat
2419 865 2563 896 eiusdem

1494 907 1625 937 rationis
1649 917 1724 938 cum
1747 914 1872 938 nostra:
1897 918 1964 939 non
1988 915 2096 939 autem
2116 909 2155 940 de
2171 910 2302 940 scientia
2317 920 2355 940 ex
2371 919 2431 941 suo
2447 919 2563 950 genere

1494 950 1609 987 infusa,
1634 952 1790 992 quoniam
1814 953 1892 983 haec
1916 953 2035 983 altioris
2051 952 2171 984 ordinis
2194 963 2233 984 ex
2256 954 2426 985 intrinseco
2451 959 2508 990 est,
2533 959 2564 985 et

1494 992 1568 1025 ideo
1592 1005 1660 1026 non
1683 1001 1790 1036 potest
1819 996 1940 1037 acquiri
1965 1002 1996 1027 et
2019 997 2114 1037 exigit
2140 996 2346 1028 infusionem.
2378 998 2419 1028 Et
2441 997 2481 1029 de
2503 998 2563 1028 hac

1494 1039 1627 1076 Auctor,
1644 1046 1787 1070 assuetus
1810 1041 2012 1072 sermonibus
2036 1040 2222 1072 formalibus
2242 1047 2273 1072 et
2288 1051 2345 1082 per
2360 1051 2403 1078 se,
2420 1041 2564 1082 loquitur

1493 1083 1526 1113 in
1542 1083 1601 1114 hac
1617 1084 1729 1115 littera.
1754 1084 1807 1115 Isti
1823 1091 1930 1116 autem
1946 1084 1986 1116 ad
2002 1095 2064 1126 per
2077 1085 2226 1116 accidens
2246 1085 2460 1116 declinarunt:
2485 1085 2563 1117 dum

1494 1126 1533 1158 ad
1556 1128 1721 1159 scientiam
1745 1129 1798 1159 cui
1822 1128 1890 1159 fieri
1913 1129 2027 1160 accidit
2049 1129 2139 1169 quod
2162 1130 2201 1160 sit
2220 1129 2334 1166 infusa,
2359 1129 2563 1160 diverterunt.

1549 1172 1601 1202 IX.
1627 1172 1720 1204 Unde
1742 1178 1829 1213 patet
1845 1173 1988 1204 Durandi
2011 1174 2268 1214 suppositionem
2284 1175 2301 1191 ”
2326 1183 2395 1204 non
2414 1184 2432 1204 a
2446 1174 2563 1214 proba-

1494 1215 1624 1253 bilitate,
1649 1216 1705 1247 sed
1728 1227 1754 1254 a,
1769 1217 1978 1258 possibilitate
2002 1218 2138 1248 alienam
2154 1227 2232 1254 esse,
2256 1217 2423 1258 loquendo
2446 1227 2504 1259 per
2518 1227 2562 1249 se.

1494 1259 1556 1290 Sed
1579 1261 1648 1301 ipse
1671 1261 1815 1301 loquitur
1838 1261 1878 1292 de
1901 1261 2007 1292 infusa
2028 1271 2086 1302 per
2108 1261 2265 1298 accidens,
2291 1267 2322 1293 et
2341 1261 2439 1294 credit
2454 1272 2487 1293 se
2503 1271 2564 1303 op-

1493 1313 1615 1344 ponere
1638 1311 1750 1336 contra
1773 1306 1856 1336 hanc
1879 1306 2031 1336 litteram:
2056 1316 2074 1336 a
2098 1315 2161 1346 qua
2184 1306 2390 1346 aequivocat,
2414 1307 2490 1347 quia
2511 1306 2563 1337 lit-

1492 1354 1559 1378 tera
1583 1348 1726 1389 loquitur
1749 1349 1788 1380 de
1811 1359 1869 1390 per
1892 1359 1925 1380 se
1949 1350 2103 1390 acquisita
2126 1355 2158 1380 et
2180 1360 2237 1390 per
2260 1360 2293 1381 se
2317 1349 2435 1387 infusa,
2459 1350 2563 1381 sciens

1493 1392 1582 1432 quod
1614 1403 1652 1424 ea
1675 1403 1758 1434 quae
1780 1398 1856 1425 sunt
1878 1404 1942 1435 per
1963 1394 2111 1426 accidens
2135 1395 2364 1435 relinquuntur
2385 1395 2425 1425 ab
2448 1398 2520 1426 arte
2534 1395 2562 1425 ⁴*-

1547 1436 1599 1467 Ad
1621 1438 1778 1468 rationem
1810 1443 1917 1475 autem
1941 1438 2084 1469 Durandi
2115 1448 2152 1469 ex
2177 1438 2327 1478 dignitate
2351 1439 2485 1475 Christi,
2513 1447 2563 1469 re-

1492 1480 1669 1521 spondetur
1692 1481 1782 1522 quod
1805 1492 1873 1512 non
1896 1482 2008 1513 eadem
2033 1487 2079 1512 est
2102 1483 2182 1513 ratio
2201 1483 2396 1523 acceptionis
2412 1482 2563 1513 scientiae

1493 1534 1510 1554 a
1526 1525 1631 1561 rebus,
1649 1531 1679 1555 et
1695 1535 1713 1556 a
1730 1525 1872 1557 doctore.
1897 1526 2062 1564 Quoniam
2078 1536 2127 1557 res
2144 1532 2274 1557 causant
2290 1526 2455 1557 scientiam
2472 1526 2564 1566 quasi

1492 1573 1528 1598 ut
1551 1569 1762 1600 instrumenta
1784 1570 1855 1606 Dei,
1880 1570 1937 1610 qui
1960 1569 2035 1600 fecit
2057 1570 2126 1600 illas
2149 1576 2185 1601 ut
2201 1570 2394 1611 exemplatas
2410 1580 2427 1601 a
2443 1580 2500 1601 sua
2514 1580 2564 1601 sa-

1492 1613 1627 1652 pientia:
1658 1614 1745 1644 iuxta
1771 1613 1851 1644 illud
1876 1613 1977 1644 Eccli.
1997 1625 2007 1644 1
2026 1615 2060 1644 *z
2091 1613 2219 1655 Effudit
2247 1614 2437 1655 sapientiam
2466 1624 2564 1655 super

1493 1657 1603 1687 omnia
1628 1667 1726 1698 opera
1749 1667 1820 1688 sua.
1845 1658 1968 1688 Doctor
1990 1668 2077 1694 vero,
2101 1658 2176 1689 licet
2199 1668 2232 1689 se
2247 1659 2362 1689 habeat
2383 1664 2420 1690 ut
2442 1667 2563 1700 propo-

1492 1711 1572 1731 nens
1596 1702 1770 1738 obiectum,
1794 1711 1862 1732 non
1886 1708 1994 1732 tamen
2009 1712 2042 1733 se
2062 1703 2158 1733 habet
2176 1703 2220 1733 sic
2236 1708 2377 1734 tantum:
2402 1702 2458 1734 sed
2475 1703 2564 1744 prin-

1493 1746 1627 1786 cipalius
1643 1755 1676 1777 se
1692 1746 1787 1776 habet
1803 1752 1838 1776 ut
1853 1756 2041 1787 proponens
2057 1747 2288 1787 conceptiones
2300 1757 2372 1777 suas
2387 1756 2444 1787 per
2455 1756 2562 1784 voces,

1492 1799 1575 1829 quae
1591 1795 1666 1820 sunt
1680 1790 1778 1832 signa
1801 1799 1914 1821 eorum
1930 1800 2014 1831 quae
2027 1795 2104 1821 sunt
2122 1791 2154 1821 in
2171 1791 2281 1822 anima
2293 1792 2319 1828 ⁴⁹,
2337 1797 2368 1822 et
2384 1790 2600 1822 ordinando·

1492 1843 1529 1864 ac
1552 1833 1791 1864 subordinando
1816 1835 1871 1864 has
1895 1835 2125 1875 conceptiones
2148 1835 2219 1871 illis,
2244 1840 2275 1866 et
2297 1835 2487 1866 deducendo
2505 1836 2562 1867 has

1492 1887 1530 1908 ex
1546 1877 1617 1914 illis,
1634 1883 1670 1908 ut
1686 1879 1868 1918 experimur
1883 1878 2037 1919 quotidie.
2055 1878 2155 1916 Quod
2170 1879 2337 1919 indignum
2350 1885 2416 1910 erat
2432 1878 2560 1910 Christo

1491 1921 1646 1958 Domino,
1663 1923 1720 1962 qui
1736 1932 1820 1953 unus
1835 1927 1883 1953 est
1897 1923 2060 1964 Magister
2070 1924 2086 1939 ³*
2102 1923 2200 1954 totius
2218 1924 2342 1963 generis
2357 1924 2500 1954 humani.
2520 1923 2598 1954 Et

1491 1965 1588 1996 habes
1611 1966 1693 1996 hanc
1716 1967 1961 2007 responsionem
1984 1966 2126 2002 inferius,
2151 1976 2205 2007 qu.
2223 1977 2275 2004 xn,
2301 1973 2356 1997 art.
2374 1967 2404 2004 3,
2429 1966 2469 1998 ad
2485 1977 2516 1998 2.

1546 2010 1585 2040 X.
1611 2010 1646 2040 In
1670 2009 1787 2041 eodem
1811 2011 1944 2041 articulo
1969 2016 2094 2051 quarto,
2119 2012 2151 2041 in
2175 2012 2438 2052 responsionibus
2457 2011 2497 2042 ad
2511 2021 2561 2042 se-

1492 2053 1637 2085 cundum
1661 2060 1692 2085 et
1714 2055 1857 2090 tertium,
1882 2055 2062 2095 perspicere
2085 2055 2177 2086 facile
2200 2061 2293 2095 potes
2316 2065 2400 2096 quae
2423 2055 2562 2087 diximus

1493 2107 1560 2128 esse
1583 2108 1657 2129 vere
1681 2098 1719 2129 de
1740 2099 1919 2130 intentione
1934 2099 2085 2130 Auctoris
2101 2101 2127 2130 ’ἃ
2151 2099 2234 2130 Nam
2250 2100 2283 2130 in
2299 2100 2561 2140 responsionibus

1492 2142 1540 2172 his
1564 2143 1661 2173 habes
1684 2148 1746 2173 tres
1770 2142 1961 2173 differentias
1990 2153 2048 2184 per
2071 2153 2103 2174 se
2134 2144 2216 2174 inter
2245 2144 2391 2174 habitum
2417 2143 2561 2176 infusum

1493 2191 1524 2216 et
1558 2187 1760 2227 acquisitum.
1795 2187 1901 2218 Prima
1934 2193 1981 2218 est
2014 2187 2193 2218 secundum
2227 2197 2338 2218 causas
2371 2187 2560 2220 efficientes:

1493 2231 1568 2270 quia
1590 2230 1695 2262 infusa
1718 2241 1736 2261 a
1759 2231 1925 2271 superiori,
1950 2232 2105 2272 acquisita
2128 2232 2166 2262 ab
2182 2231 2334 2263 inferiori.
2357 2250 2381 2255 —
2403 2231 2562 2270 Secunda,

1492 2284 1629 2315 sequens
1653 2274 1693 2306 ad
1715 2276 1817 2312 istam,
1842 2275 2021 2306 secundum
2040 2276 2195 2316 origines:
2220 2275 2340 2307 scilicet
2354 2275 2560 2314 infusionem,

1492 2324 1523 2349 et
1547 2320 1802 2360 acquisitionem.
1826 2330 1850 2342 —·
1872 2320 1980 2350 Tertia
1996 2326 2043 2350 est
2058 2318 2236 2351 secundum
2252 2321 2394 2351 obiecta:
2419 2321 2495 2362 quia
2509 2330 2560 2352 ac-

1492 2363 1608 2403 quisita
1639 2370 1686 2394 est
1716 2370 1974 2395 commensurata
2005 2370 2036 2394 et
2065 2365 2308 2404 proportionata
2329 2365 2559 2404 phantasmati,

1492 2407 1582 2447 quod
1605 2417 1638 2438 se
1661 2408 1757 2438 habet
1779 2408 1819 2439 ad
1834 2409 2032 2439 intellectum
2051 2414 2087 2439 ut
2102 2408 2193 2439 color
2208 2407 2248 2438 ad
2262 2408 2377 2445 visum,
2394 2414 2430 2439 ut
2445 2407 2560 2440 dicitur

1491 2452 1525 2482 in
1541 2452 1582 2482 111
1599 2452 1638 2483 de
1653 2452 1771 2483 Anima
1786 2453 1820 2489 ἡ
1844 2452 1949 2483 infusa
1965 2458 2073 2483 autem
2089 2457 2136 2482 est
2150 2451 2404 2492 superexcedens
2422 2462 2559 2493 propor-

1491 2496 1614 2526 tionem
1637 2497 1905 2536 phantasmatum.
1930 2496 1971 2526 Et
1993 2497 2071 2526 haec
2088 2501 2134 2526 est
2153 2495 2329 2527 differentia
2344 2497 2515 2528 intrinseca
2528 2502 2562 2528 et

1491 2541 1681 2576 essentialis,
1706 2546 1837 2581 propter
1860 2550 1959 2580 quam
1985 2541 2062 2570 istae
2089 2541 2238 2570 scientiae
2269 2546 2343 2572 sunt
2365 2540 2560 2572 diversarum

1490 2585 1661 2615 rationum.
1682 2585 1723 2615 Et
1738 2594 1813 2615 cum
1824 2584 1903 2615 haec
1914 2584 2027 2615 ultima
2039 2584 2214 2614 differentia
2226 2584 2396 2615 clarissime
2407 2585 2560 2617 habeatur

1490 2629 1524 2658 in
1547 2629 1659 2666 littera,
1683 2629 1801 2659 mirum
1826 2633 1872 2659 est
1895 2628 2064 2669 quomodo
2081 2628 2196 2659 Scotus
2212 2638 2308 2660 ausus
2325 2635 2371 2659 est
2391 2630 2560 2670 imponere

1491 2673 1626 2703 Auctori
1650 2674 1848 2714 oppositum.

1546 2717 1587 2747 Et
1610 2716 1707 2747 debes
1730 2717 1820 2753 scire,
1837 2717 1975 2753 Novitie‚
2001 2716 2091 2757 quod
2114 2717 2279 2748 scientiam
2302 2727 2370 2748 esse
2393 2727 2560 2751 commen-

1491 2767 1629 2791 suratam
1652 2761 1874 2801 phantasmati,
1897 2761 1976 2791 nihil
1992 2760 2079 2791 aliud
2095 2767 2141 2791 est
2165 2771 2262 2801 quam
2286 2771 2354 2792 esse
2376 2763 2560 2802 proportio-

1490 2811 1598 2835 natam
1615 2811 1646 2835 et
1661 2804 1871 2845 adaequatam
1888 2805 2015 2836 obiecto
2032 2811 2069 2836 ut
2084 2806 2205 2836 relucet
2219 2806 2253 2836 in
2269 2806 2558 2846 phantasmatibus:

1491 2849 1593 2890 qualis
1618 2854 1664 2880 est
1686 2850 1816 2880 scientia
1839 2849 1990 2886 humana,
2015 2855 2046 2880 et
2070 2849 2129 2880 fuit
2152 2849 2282 2880 scientia
2305 2849 2404 2880 Adae.
2428 2850 2479 2887 Et,
2499 2858 2560 2891 per

1491 2894 1694 2934 oppositum,
1722 2893 1887 2924 scientiam
1911 2893 2062 2924 excedere
2087 2894 2435 2925 commensurationem
2457 2894 2559 2936 phan-

1490 2943 1672 2974 tasmatum,
1697 2943 1743 2968 est
1765 2937 1852 2968 illam
1877 2947 1945 2968 esse
1966 2939 2243 2978 proportionatam
2258 2938 2386 2969 obiecto
2402 2937 2559 2969 excellen-

1491 2983 1574 3018 tiori,
1599 2988 1630 3012 et
1654 2981 1870 3012 excellentiori
1893 2982 2004 3018 modo,
2026 2991 2124 3022 quam
2147 2983 2186 3013 sit
2201 2983 2364 3013 obiectum
2379 2982 2558 3022 phantasia-

1491 3027 1564 3058 bile.
1589 3027 1630 3057 Et
1646 3027 1723 3057 haec
1739 3026 1870 3057 inferius
1882 3027 1898 3043 ⁴*
1914 3026 1997 3057 clara
2013 3032 2115 3064 erunt,
2133 3036 2208 3058 cum
2224 3026 2263 3057 de
2278 3031 2413 3067 utraque
2428 3026 2558 3056 scientia

1491 3071 1683 3102 tractabitur.
1720 3070 1760 3101 Et
1783 3070 1905 3101 dicetur
1935 3070 2025 3111 quod
2047 3071 2179 3101 scientia
2201 3070 2354 3111 acquisita
2381 3069 2475 3100 habet
2497 3079 2557 3110 pro

1493 3116 1620 3146 obiecto
1645 3114 1734 3155 quod
1758 3114 1836 3155 quid
1860 3121 1907 3145 est
1929 3115 2111 3146 abstrahens
2135 3124 2152 3145 a
2175 3114 2401 3155 singularibus;
2433 3118 2464 3144 et
2489 3123 2557 3144 non

1493 3169 1590 3190 omne
1621 3158 1711 3200 quod
1734 3158 1812 3199 quid
1836 3165 1891 3196 est,
1916 3159 1972 3190 sed
1998 3159 2196 3190 sensibilium
2221 3167 2327 3189 rerum
2354 3162 2495 3195 tantum;
2527 3163 2558 3189 et

1492 3203 1566 3235 ideo
1590 3203 1643 3234 illa
1666 3203 1796 3234 scientia
1826 3213 1894 3234 non
1917 3213 1950 3234 se
1975 3203 2114 3234 extendit
2137 3202 2176 3233 ad
2198 3201 2367 3242 singularia
2396 3210 2457 3232 nec
2483 3202 2558 3232 sub-

1492 3248 1620 3279 stantias
1643 3253 1810 3288 separatas,
1834 3248 1916 3278 sicut
1938 3257 1998 3278 nec
2013 3252 2122 3278 nostra
2137 3246 2265 3277 scientia
2287 3244 2328 3276 ad
2349 3245 2428 3276 haec
2451 3255 2485 3276 se
2504 3255 2557 3276 ex-

1492 3292 1602 3323 tendit.
1627 3292 1765 3323 Scientia
1788 3298 1896 3322 autem
1919 3291 2023 3322 infusa
2046 3301 2084 3322 ex
2107 3300 2166 3321 suo
2189 3298 2305 3330 genere
2328 3294 2375 3320 est
2396 3290 2478 3320 sicut
2501 3300 2557 3321 an-

1492 3337 1593 3378 gelica
1616 3337 1762 3372 scientia,
1786 3337 1906 3366 habens
1930 3334 2140 3376 quidditatem
2163 3342 2222 3374 pro
2246 3333 2374 3364 obiecto
2397 3343 2464 3364 non
2488 3334 2557 3364 abs-

1493 3381 1680 3417 trahentem,
1705 3380 1759 3411 sed
1783 3384 1965 3411 concretam
1995 3378 2215 3418 singularibus,
2239 3377 2282 3407 ita
2305 3377 2394 3417 quod
2417 3377 2557 3409 extendit

1493 3435 1526 3456 se
1542 3425 1581 3456 ad
1597 3425 1765 3455 essentiam
1782 3430 1812 3454 et
1836 3423 1944 3454 omnia
1959 3422 2042 3453 illius
2062 3427 2139 3452 tunc
2162 3420 2345 3457 accidentia,
2362 3426 2433 3457 etc.,
2450 3427 2486 3452 ut
2501 3431 2556 3462 pa-

1493 3470 1553 3500 tuit
1576 3469 1608 3499 in
1624 3468 1731 3499 Primo
1748 3468 1846 3499 Libro
1862 3469 1895 3503 '3
1921 3472 1952 3497 et
1973 3466 2115 3497 similiter
2129 3465 2224 3496 habet
2244 3474 2302 3505 pro
2319 3465 2447 3496 obiecto
2463 3466 2556 3506 quid—

1493 3512 1624 3543 ditatem
1647 3522 1715 3543 non
1738 3512 1844 3543 solum
1867 3508 1977 3542 rerum‘
1996 3509 2209 3545 sensibilium,
2237 3508 2292 3540 sed
2316 3509 2410 3540 etiam
2433 3510 2556 3542 intelle-

1493 3555 1656 3591 ctualium,
1682 3557 1757 3586 citra
1780 3561 1887 3586 actum
1910 3563 2042 3595 purum,
2066 3553 2121 3593 qui
2145 3553 2205 3584 soli
2228 3553 2286 3583 sibi
2310 3553 2370 3593 ipsi
2394 3559 2440 3584 est
2463 3553 2556 3594 quid-

1494 3599 1620 3629 ditative
1645 3605 1740 3630 notus
1765 3605 1795 3629 et
1818 3599 1916 3630 beatis
1935 3603 1971 3629 ut
1985 3598 2039 3634 sic,
2056 3603 2092 3628 ut
2107 3596 2253 3628 ibidem
2271 3603 2482 3628 monstratum
2499 3604 2554 3629 est.

2592 345 2603 355 ·
2617 345 2687 367 Num.
2702 352 2734 368 iv.

2593 432 2602 443 ·
2617 431 2688 453 Num.
2702 437 2725 453 x.

2590 1182 2601 1194 ⁸
2615 1181 2687 1205 Num.
2702 1188 2734 1205 tv.

2590 1397 2712 1420 ’Ariston
2725 1397 2765 1420 Me
2764 1399 2813 1420 ta·

2585 1423 2655 1476 51¹!AE
2665 1424 2709 1474 '⁸¹¹'-
2712 1423 2793 1500 ¹3⁶⁸„
2823 1431 2826 1434 ’

2589 1465 2630 1498 lib.
2645 1476 2687 1504 Vl,
2706 1477 2757 1500 lect.

2593 1621 2600 1631 ·
2614 1619 2683 1642 Vers-
2698 1626 2735 1642 ιο.

2619 1793 2720 1816 Aristot-
2746 1794 2807 1818 Per-t

2587 1819 2670 1869 Ha}
2676 1826 2773 1870 'f't-il’lili.
2777 1826 2809 1876 li,
2868 1845 2871 1865 ἕ

2589 1873 2640 1895 lect.
2657 1879 2681 1895 ιι.
2823 1871 2829 1886 ³
2870 1880 2871 1883 ¹

2612 1925 2692 1948 Matth.
2707 1931 2728 1948 e.
2739 1930 2802 1953 nn,

2588 1957 2648 1974 vert.
2663 1953 2685 1975 8.

2588 2102 2598 2113 ·
2613 2101 2649 2124 cr.
2669 2107 2734 2125 num.
2749 2097 2825 2130 vmss

2587 2458 2672 2508 ’SC-‚¹33=
2674 2464 2716 2508 '1¹¹'
2728 2465 2782 2489 n.3.
2789 2469 2803 2476 -
2819 2444 2829 2477 Ι.

2698 2489 2743 2508 eet.
2756 2491 2820 2510 ιιι.

2585 3089 2611 3108 νς
2626 3087 2668 3105 m.
2683 3083 2706 3110 ⁶.
2725 3083 2818 3109 (zoa-³1-

2586 3113 2656 3132 ment.
2671 3115 2736 3133 num.
2750 3115 2797 3133 nm
2819 3135 2821 3138 ,

2584 3472 2592 3481 ·
2605 3471 2652 3498 Qu.
2661 3474 2794 3498 unarum

2584 3503 2718 3525 quanm,
2725 3501 2794 3525 art.4.

2585 3576 2653 3603 ⁸Qu.
2663 3581 2704 3599 xn
2715 3580 2756 3598 art.
2765 3581 2795 3603 4,
2821 3573 2824 3590 t

2582 3607 2622 3629 qu.
2633 3608 2679 3629 ινι,
2694 3606 2736 3624 m.
2745 3607 2765 3629 2,
2772 3606 2797 3631 3
2820 3612 2831 3645 J.
2866 3619 2871 3638 ,⁴
