2872 3970
60 1012 61 1015 ,
73 999 86 1010 ⁶
100 998 146 1025 Qu.
161 1003 192 1019 lv.

71 1391 83 1404 ⁴
94 1391 143 1413 An·
159 1396 180 1412 2.

35 1627 55 1651 ³
72 1653 82 1664 ·
91 1652 279 1683 Quoui.111,qu.

69 1680 279 1707 vi,nrt.1,opm.1⁸.

69 2195 143 2227 scoti*
150 2178 279 2227 3³21?ssssss

62 2231 125 2254 dnn.
139 2232 194 2253 2⁸¹⁸.

71 2309 81 2321 ⁸
93 2309 143 2332 Ast.
157 2315 178 2338 3.

55 3240 57 3243 ,
70 3219 84 3237 ³
92 3221 127 3245 Cf.
141 3223 235 3247 Ari-tot.
249 3224 278 3247 de

72 3247 154 3271 Anaua
179 3250 218 3272 lib.
243 3251 277 3277 11,

53 3316 54 3319 Ἰ
71 3279 122 3303 ap.
132 3280 148 3302 ι,
157 3282 214 3325 ¹³:²3

72 3304 229 3377 ὶῖἕῑτῗὲἒῖεςξ.

72 3378 171 3434 9αῇἶίῑέ
179 3380 219 3435 Υὲ
227 3387 277 3428 .⁶·¹’·

71 3413 277 3481 zan-²1&-

10 3496 29 3524 ἕ.
68 3489 168 3532 ἰέἒῐηῖ.
179 3497 188 3502 -
198 3475 223 3508 S'.
232 3485 253 3507 T
271 3500 278 3507 .

227 3283 276 3325 ῗὶῗῑ

1028 219 1288 264 QUAESTIO
1319 219 1384 264 IV,
1415 218 1704 255 ARTICULUS
1733 220 1762 254 II
2429 221 2477 268 75

369 296 559 336 Simpliciter
581 301 688 326 autern
712 301 742 326 et
764 296 949 335 generaliter
978 297 1056 326 ratio
1081 295 1169 326 dubii
1194 297 1301 335 magni
1325 301 1371 326 est

312 345 398 370 tanta
421 340 580 370 diversitas
604 340 805 380 opinionum,
830 345 861 369 et
884 340 1057 369 obscuritas
1080 340 1134 369 rei.

368 383 420 413 111.
445 383 646 414 Clauduntur
669 389 776 413 autem
791 384 824 412 in
841 383 1028 422 quaestione
1044 384 1102 413 ista
1118 389 1255 422 quatuor
1274 393 1371 423 quae-

313 427 380 456 sita.
396 427 539 457 Primum
555 432 619 456 est:
643 427 696 456 An
711 436 847 466 persona
862 436 957 466 supra
972 426 1053 456 hanc
1069 433 1214 456 naturam
1230 427 1323 456 addat
1337 428 1371 456 in

313 479 346 499 se
362 470 491 510 aliquid,
508 480 548 500 an
564 471 670 500 solum
685 470 862 500 secundum
881 468 1059 500 rationem?
1083 470 1283 500 Secundum:
1307 471 1369 506 An,

312 514 480 552 supposito
504 513 594 554 quod
616 513 709 543 addat
727 513 847 553 aliquid
870 514 903 542 in
919 523 962 549 se,
982 523 1022 543 an
1038 514 1116 544 illud
1132 514 1170 543 sit
1186 515 1369 553 positivum,

311 556 363 586 vel
385 555 586 596 negativum?
609 557 770 586 Tertium:
795 557 848 586 An
870 557 950 586 illud
972 558 1011 587 sit
1033 558 1239 587 intrinsecum
1262 567 1370 597 perso-

311 609 382 636 nae,
405 610 446 630 an
469 598 700 630 extrinsecum?
727 600 768 630 Et
791 605 955 640 quartum:
981 601 1068 638 Quid
1091 606 1137 631 est
1159 601 1238 631 illud
1259 602 1370 640 positi-

310 653 389 674 vum
411 644 461 673 vel
484 644 677 683 negativum,
701 644 908 674 intrinsecum
930 644 982 674 vel
1006 646 1237 674 connotatum?
1268 645 1369 682 Quae,

311 685 351 717 ad
374 686 553 717 evitandam
575 687 826 726 replicationem,
851 688 945 717 simul
968 688 1194 718 tractabuntur.

366 730 423 760 Est
436 731 532 769 igitur
545 731 656 770 prima
672 730 780 770 opinio
798 731 887 770 quod
902 733 1104 771 suppositum
1121 737 1152 761 et
1166 737 1277 761 natura
1292 732 1370 762 haec

310 774 344 804 in
360 774 510 804 omnibus
525 774 705 804 substantiis
725 780 799 804 sunt
813 774 899 804 idern
914 784 958 810 re,
975 780 1006 805 et
1021 775 1169 805 differunt
1184 775 1254 805 solo
1270 775 1369 805 modo

309 817 523 856 intelligendi,
555 823 591 847 ut
613 817 700 857 quod
721 823 768 848 est
791 823 822 848 et
843 827 906 858 quo
930 823 996 848 est:
1025 820 1068 848 ita
1098 818 1187 858 quod
1215 818 1301 848 idem
1320 825 1371 849 rest

310 870 373 901 quo
397 866 428 891 et
450 861 537 901 quod
560 860 681 891 diversa
703 862 835 891 ratione.
859 862 979 891 Natura
1002 863 1087 892 enim
1104 868 1150 892 est
1173 868 1209 892 ut
1232 871 1295 902 qua
1312 863 1370 893 So-

311 910 410 935 crates
437 910 484 934 est
512 905 631 935 homo:
662 905 806 935 Socrates
829 914 905 935 vero
937 911 983 935 est
1013 907 1081 945 ipsa
1110 916 1167 936 sua
1194 911 1305 936 natura
1335 912 1371 936 ut

309 949 500 988 participans
524 958 581 978 seu
603 949 722 979 habens
737 949 824 979 illam
840 949 878 979 ab
895 955 1017 989 agente.
1042 950 1082 979 Et
1098 950 1192 979 huius
1209 950 1370 989 opinionis

311 997 358 1022 est
379 992 538 1022 Henricus
562 992 601 1022 de
626 992 790 1029 Gandavo,
814 993 847 1023 in
874 992 1023 1028 Quolibet
1046 993 1098 1028 IV,
1123 1003 1177 1033 qu.
1195 994 1228 1022 111
1244 994 1270 1023 ὓ.

364 1035 512 1066 Secunda
535 1042 643 1066 autern
665 1037 777 1076 opinio
802 1042 848 1066 est
871 1036 960 1077 quod
982 1038 1186 1076 suppositum
1210 1042 1241 1067 et
1260 1043 1370 1067 natura

310 1085 384 1110 sunt
405 1079 491 1110 idem
507 1089 540 1110 re
563 1079 671 1119 quoad
686 1081 864 1116 intrinseca,
889 1080 944 1110 sed
960 1080 1108 1110 differunt
1123 1081 1246 1111 realiter
1270 1090 1370 1120 quan-

309 1129 379 1154 tum
403 1123 442 1153 ad
465 1129 637 1153 connotata
661 1133 743 1163 quae
764 1123 976 1154 ostenduntur
992 1134 1030 1154 ex
1045 1124 1144 1155 modo
1161 1124 1369 1164 significandi.

310 1167 495 1197 Connotata
517 1173 624 1197 autem
646 1168 832 1198 huiusmodi
850 1174 925 1198 sunt
939 1168 992 1198 illa
1016 1178 1098 1208 quae
1114 1169 1208 1198 simul
1225 1178 1299 1198 cum
1315 1179 1370 1198 na-

309 1216 379 1241 tura
401 1211 566 1247 habentur,
591 1212 658 1241 sine
682 1212 797 1251 quibus
819 1217 931 1242 natura
953 1222 1021 1242 non
1043 1218 1149 1252 potest
1173 1222 1249 1242 esse.
1274 1213 1371 1243 Verbi

308 1255 422 1294 gratia,
453 1254 597 1284 Socrates
628 1260 675 1284 est
697 1256 764 1294 ipsa
787 1265 843 1286 sua
871 1256 1050 1286 humanitas
1080 1257 1113 1286 in
1137 1262 1304 1292 concreto,
1335 1262 1371 1287 ut

308 1297 502 1338 significatur
524 1299 643 1328 habens
663 1299 785 1339 reliqua
808 1300 875 1330 sine
891 1300 1007 1340 quibus
1031 1301 1209 1330 humanitas
1233 1310 1300 1330 non
1315 1301 1370 1330 ha-

309 1342 400 1372 betur
422 1343 455 1372 in
478 1351 584 1372 rerum
607 1347 727 1373 natura.
759 1344 800 1373 Et
822 1344 917 1374 huius
941 1345 1102 1383 opinionis
1127 1350 1173 1374 est
1196 1345 1369 1381 Hervaeus,

307 1385 341 1415 in
367 1385 517 1421 Quolibet
539 1386 589 1421 ΙΙΙ,
615 1396 669 1426 qu.
685 1397 717 1416 vr
732 1388 758 1417 ὓ.

367 1429 475 1460 Tertia
499 1430 608 1469 opinio
633 1436 679 1460 est
703 1430 792 1470 quod
815 1432 1019 1471 suppositum
1042 1438 1073 1462 et
1088 1437 1199 1462 natura
1223 1432 1371 1463 differunt

307 1473 431 1503 realiter
446 1473 553 1503 medio
569 1474 669 1504 modo
685 1475 767 1505 inter
783 1476 955 1506 extrinsece
973 1481 1004 1506 et
1018 1476 1203 1506 intrinsece:
1222 1477 1265 1506 ita
1281 1476 1370 1516 quod

307 1518 511 1556 suppositum
541 1517 626 1548 addit
649 1528 744 1558 supra
766 1524 911 1549 naturam
934 1519 1136 1550 affectionem
1167 1529 1230 1559 qua
1259 1526 1370 1551 natura

306 1562 415 1591 subest
436 1561 662 1592 accidentibus.
687 1563 731 1592 Ita
755 1563 844 1602 quod
868 1563 1011 1594 Socrates
1027 1574 1095 1594 non
1111 1569 1157 1594 est
1180 1574 1236 1594 sua
1257 1565 1369 1594 huma-

307 1605 404 1634 nitas:
437 1606 512 1644 quia
542 1605 692 1636 Socrates
721 1606 876 1646 significat
905 1608 1134 1638 humanitatem
1162 1613 1198 1638 ut
1225 1608 1368 1638 affectam

307 1648 538 1684 accidentibus;
558 1649 741 1680 humanitas
757 1660 832 1680 vero
848 1660 925 1681 non.
945 1652 995 1681 Ab
1015 1652 1161 1682 Hervaeo
1174 1653 1190 1668 ἦ
1203 1658 1234 1681 et
1250 1652 1368 1682 Ioanne

308 1692 347 1722 de
370 1692 507 1732 Neapoli
529 1694 676 1723 recitatur
698 1694 776 1724 haec
799 1695 922 1734 opinio,
947 1701 977 1725 et
999 1696 1205 1735 improbatur.

365 1736 491 1771 Quarta
515 1737 623 1776 opinio
648 1743 694 1767 est
724 1738 812 1777 quod
842 1739 1046 1778 suppositum
1077 1739 1179 1769 differt
1205 1739 1328 1769 realiter
1351 1749 1368 1769 a

305 1785 418 1810 natura
440 1780 521 1809 sicut
544 1786 649 1810 totum
672 1791 689 1810 a
711 1787 817 1820 parte:
843 1783 917 1821 quia
936 1781 1011 1812 dicit
1027 1783 1244 1822 compositum
1260 1792 1297 1812 ex
1312 1793 1367 1812 na-

305 1828 375 1853 tura
398 1828 429 1852 et
453 1832 520 1853 esse
544 1824 736 1854 existentiae.
766 1826 854 1855 Haec
879 1826 974 1855 etiam
997 1827 1145 1856 recitatur
1167 1827 1205 1856 ab
1230 1832 1367 1866 utroque

306 1866 475 1902 dictorum,
501 1872 532 1896 et
553 1868 761 1907 improbatur.

363 1909 484 1946 Quinta
509 1911 616 1950 opinio
647 1917 694 1941 est
724 1912 813 1951 quod
842 1913 1046 1952 suppositum
1078 1912 1180 1943 differt
1209 1923 1227 1943 a
1256 1919 1367 1944 natura

305 1963 363 1994 per
385 1963 488 1984 unum
511 1960 722 1985 connotatum
738 1957 959 1992 extrinsecum,
976 1957 1095 1987 scilicet
1110 1962 1217 1987 actum
1233 1957 1366 1988 essendi.

305 1998 401 2028 Ponit
423 1998 510 2028 enim
532 1999 610 2028 haec
634 2000 745 2039 opinio
769 2005 876 2030 actum
895 2000 1018 2030 essendi
1040 2010 1108 2030 non
1124 2000 1228 2031 claudi
1243 2002 1276 2031 in
1292 2011 1366 2041 sup-

305 2042 402 2081 positi
425 2042 547 2072 ratione
572 2042 619 2082 (in
642 2052 708 2082 quo
732 2043 835 2074 differt
857 2054 875 2073 a
890 2043 1116 2084 praecedente:
1141 2050 1172 2074 et
1194 2045 1276 2075 bene
1292 2045 1368 2075 dicit

304 2086 339 2115 in
361 2085 448 2125 hoc),
473 2085 528 2125 sed
552 2088 719 2116 connotari
740 2096 796 2126 per
811 2089 1030 2127 suppositum:
1057 2089 1131 2127 quia
1147 2098 1214 2119 esse
1231 2094 1277 2119 est
1292 2099 1366 2129 pro-

304 2129 392 2168 prius
415 2134 504 2159 actus
526 2131 684 2169 suppositi
706 2136 742 2161 ut
763 2131 850 2171 quod
873 2137 928 2161 est.
952 2132 992 2162 Et
1015 2132 1093 2162 haec
1110 2138 1156 2162 est
1172 2133 1283 2173 opinio
1304 2133 1366 2163 Ca—

305 2172 417 2212 preoli,
441 2173 475 2202 in
498 2173 539 2202 111
562 2173 659 2209 Sent„
685 2173 753 2204 dist.
770 2185 799 2210 v,
825 2184 878 2215 qu.
895 2185 929 2205 111
945 2176 970 2205 ’ἢ

361 2216 460 2246 Sexta
485 2217 592 2256 opinio
622 2223 668 2247 est
698 2218 787 2258 quod
816 2228 953 2258 persona
983 2219 1068 2250 addit
1097 2229 1191 2259 supra
1221 2226 1366 2251 naturam

305 2260 388 2290 hanc
399 2260 520 2299 aliquid
530 2261 737 2292 intrinsecum
749 2258 990 2293 constitutivum
1005 2273 1170 2303 personae,
1182 2265 1366 2303 negativum

305 2309 422 2334 tamen.
446 2304 487 2333 Et
502 2304 580 2334 haec
597 2311 643 2335 est
659 2306 770 2345 opinio
792 2305 889 2342 Scoti‚
906 2307 939 2336 in
955 2307 996 2336 ΙΙΙ
1012 2307 1110 2342 Ξεηΐ.,
1128 2307 1197 2338 dist.
1211 2318 1231 2344 1,
1244 2317 1298 2348 qu.
1311 2318 1322 2337 1
1338 2309 1363 2338 ὓ.

309 2347 415 2383 Quae,
439 2348 541 2378 verbis
564 2349 664 2388 ipsius
686 2349 822 2385 utendo,
851 2350 941 2380 addit
962 2350 1119 2390 duplicem
1142 2352 1366 2392 negationem:

305 2391 425 2421 scilicet
448 2391 677 2431 dependentiae
701 2393 830 2423 actualis
853 2403 871 2423 a
893 2403 1029 2434 persona
1045 2394 1174 2431 divina;⁷
1191 2401 1222 2425 et
1246 2395 1364 2435 depen-

306 2434 430 2465 dentiae
446 2435 659 2474 aptitudinalis
674 2443 820 2477 respectu
836 2437 978 2468 eiusdem
993 2439 1129 2474 termini,
1153 2439 1272 2469 scilicet
1294 2449 1365 2479 per-

306 2488 404 2508 sonae
426 2478 567 2515 divinae,
590 2480 653 2510 hoc
677 2486 740 2517 est,
765 2491 832 2511 non
855 2481 1035 2521 dependere
1063 2483 1158 2512 etiarn
1187 2483 1365 2514 secundum

307 2522 516 2561 aptitudinem
539 2533 557 2553 a
579 2533 716 2563 persona
739 2524 844 2555 divina
866 2530 902 2555 ut
925 2527 978 2556 sic.
1014 2526 1059 2555 Ita
1087 2526 1175 2565 quod
1204 2527 1282 2557 haec
1305 2528 1365 2557 hu-

305 2566 439 2596 manitas
463 2571 509 2596 est
530 2576 668 2606 persona
689 2578 746 2608 per
768 2569 830 2598 hoc
854 2569 943 2608 quod
966 2579 1026 2599 nec
1049 2575 1121 2609 apta
1143 2575 1215 2600 nata
1235 2576 1281 2601 est
1303 2576 1364 2601 ter-

305 2610 419 2639 minari
437 2609 476 2640 ad
491 2611 747 2650 personalitatem
763 2611 912 2649 divinam,
928 2623 988 2643 nec
1004 2613 1166 2643 actualiter
1180 2615 1365 2645 terminatur

305 2662 363 2693 per
386 2663 466 2684 eam.

361 2697 509 2737 Septima
522 2698 640 2738 opinio,
664 2700 846 2739 propinqua
861 2701 945 2736 huic,
963 2706 1008 2731 est
1024 2701 1113 2741 quod
1128 2711 1264 2741 persona
1280 2702 1364 2733 addit

306 2749 401 2780 supra
416 2746 561 2772 naturam
583 2743 665 2772 hanc
688 2743 789 2773 solam
804 2744 1008 2784 negationem
1023 2755 1178 2775 annexam
1200 2747 1364 2777 extrinseci

305 2785 434 2824 positivi
457 2790 488 2815 et
514 2786 701 2816 intrinsecae
724 2787 853 2817 unionis
876 2787 915 2818 ad
937 2788 1025 2818 illud.
1061 2789 1106 2819 Ita
1129 2789 1218 2829 quod
1241 2799 1362 2830 suppo-

306 2828 403 2858 situm
426 2828 580 2868 significat
595 2829 748 2860 illammet
769 2840 838 2861 rem
860 2841 957 2871 quam
980 2832 1135 2872 significat
1157 2839 1283 2864 natura:
1309 2834 1364 2864 sed

305 2871 461 2911 significat
476 2882 546 2902 eam
569 2878 605 2902 ut
626 2873 720 2903 habet
735 2874 816 2904 hanc
833 2874 993 2915 duplicem
1008 2877 1221 2915 negationem,
1246 2878 1364 2908 scilicet

306 2915 396 2955 quod
418 2916 451 2945 in
471 2917 561 2946 nullo
578 2917 753 2947 extrinseco
769 2919 949 2949 sustinetur.
973 2919 1014 2949 Et
1028 2921 1123 2950 huius
1139 2922 1301 2960 opinionis
1318 2927 1364 2952 est

305 2959 440 2989 Ioannes
465 2958 503 2989 de
526 2960 672 2999 Neapoli,
695 2961 728 2990 in
755 2961 850 2997 Quol.
875 2971 905 3002 q.
923 2972 952 3002 9.

361 3002 516 3033 Omnium
531 3004 643 3033 harum
656 3005 858 3043 opinionum,
871 3007 1130 3037 convenientium
1146 3008 1179 3037 in
1194 3008 1257 3038 hoc
1274 3009 1363 3048 quod

304 3047 508 3086 suppositum
531 3048 608 3077 nihil
631 3048 805 3087 positivum
827 3049 1033 3079 intrinsecum
1054 3049 1139 3080 addit
1161 3061 1256 3091 supra
1270 3058 1362 3082 natu-

303 3099 371 3120 ram
385 3091 619 3129 personabilem
635 3092 834 3131 singularem,
847 3091 1090 3123 fundamentum
1106 3099 1152 3124 est
1162 3095 1178 3111 ἢ
1195 3096 1269 3134 quia
1284 3096 1362 3126 illud

304 3134 511 3164 intrinsecum
530 3140 653 3164 constat
675 3145 742 3165 non
757 3145 851 3174 posse
868 3145 934 3166 esse
951 3136 1111 3167 accidens:
1135 3147 1195 3168 nec
1218 3139 1361 3169 substan-

303 3178 397 3213 tiam,
421 3187 503 3217 quae
527 3183 575 3209 est
597 3178 715 3215 forma,
744 3184 798 3209 aut
819 3180 964 3215 materia,
995 3185 1049 3210 aut
1079 3182 1296 3221 compositum
1324 3193 1361 3212 ex

304 3226 438 3260 utraque
453 3223 479 3251 *ἢ
503 3240 526 3244 —
548 3222 680 3252 Accedit
703 3222 742 3252 ad
764 3223 826 3252 hoc
850 3223 1017 3253 auctoritas
1039 3224 1226 3260 Aristotelis,
1250 3226 1283 3255 in
1303 3227 1360 3256 VII

304 3265 484 3305 Metaplgrs.
501 3266 518 3282 ⁴*
541 3267 699 3296 tractantis
722 3267 803 3296 hanc
819 3267 1048 3306 quaestionem,
1073 3273 1103 3297 et
1126 3267 1256 3298 dicentis
1273 3269 1360 3308 quod

305 3307 337 3338 in
360 3308 409 3338 his
431 3319 514 3349 quae
528 3315 603 3340 sunt
619 3319 683 3350 per·
696 3320 738 3346 se,
757 3310 837 3340 idem
853 3315 900 3340 est
914 3310 1000 3350 quod
1014 3310 1091 3351 quid
1105 3316 1160 3346 est,
1177 3317 1208 3341 et
1223 3311 1256 3342 id
1270 3313 1361 3343 cuius

304 3356 359 3382 est.
385 3351 519 3383 Constat
534 3354 619 3383 enirn
639 3354 845 3384 substantiam
862 3363 928 3384 csse
945 3353 983 3384 de
998 3364 1134 3384 numero
1151 3364 1263 3385 eorum
1279 3365 1360 3395 quae

304 3400 378 3425 sunt
401 3401 431 3426 et
454 3396 602 3427 dicuntur
624 3407 681 3437 per
704 3407 737 3427 se
753 3399 778 3427 ff.
802 3416 825 3419 —
847 3397 991 3428 Ponendi
1008 3403 1062 3428 aut
1077 3398 1196 3438 aliquid
1212 3399 1360 3439 superad-

305 3437 422 3475 ditum,
445 3441 628 3480 negativum
650 3441 700 3471 vel
723 3442 911 3480 positivum,
944 3442 1028 3481 cogit
1052 3447 1082 3471 et
1104 3442 1220 3472 modus
1243 3443 1360 3483 signifi—

305 3481 413 3519 candi;
441 3489 471 3513 et
494 3485 667 3524 assumptio
692 3485 854 3524 singularis
878 3486 1078 3515 humanitatis
1102 3495 1119 3515 a
1143 3485 1269 3516 Christo
1294 3487 1359 3517 sine

306 3533 362 3555 sua
383 3527 615 3565 personalitate.

1479 295 1531 324 IV.
1554 295 1680 325 Praeter
1698 305 1810 325 omnes
1827 301 1933 325 autem
1954 296 2050 325 dictas
2067 298 2244 336 opiniones,
2261 299 2408 328 recitatur
2423 299 2482 328 alia

1424 338 1535 377 opinio
1560 349 1578 368 a
1601 339 1698 369 Scoto
1715 340 1731 356 ‘³‘
1756 344 1787 368 et
1810 339 1928 368 Ioanne
1953 339 1991 369 de
2013 340 2149 380 Neapoli
2174 342 2212 380 (si
2235 347 2342 372 tamen
2365 352 2429 372 una
2452 348 2483 373 et

1424 381 1535 411 eadem
1559 383 1596 412 ab
1613 388 1751 422 utroque
1773 383 1932 422 recitatur)
1949 389 2060 413 tenens
2077 386 2277 424 suppositum
2301 386 2414 416 addere
2431 396 2483 416 su-

1423 434 1479 464 pra
1506 431 1651 456 naturam
1680 426 1871 466 singularem
1894 427 2056 457 entitatem
2085 429 2253 467 positivam
2281 430 2482 460 intrinsecam

1423 470 1601 508 supposito,
1624 470 1924 509 constitutivamque
1940 471 2054 510 ipsius:
2079 472 2160 501 sicut
2174 473 2262 508 11366,
2286 474 2389 513 inquit
2405 474 2482 504 Sco-

1423 517 1484 548 tuS,
1509 513 1687 543 humanitas
1710 513 1795 543 addit
1819 523 1913 553 supra
1935 514 2181 551 humanitatem,
2205 517 2256 546 vel
2271 517 2351 546 sicut
2366 517 2482 547 modus

1425 556 1557 592 essendi,
1582 562 1618 587 ut
1639 558 1743 596 inquit
1762 557 1896 587 Ioannes
1912 557 1951 587 de
1967 558 2112 598 Neapoli,
2130 558 2214 588 addit
2230 569 2323 599 supra
2338 566 2483 591 naturam

1424 600 1514 629 cuius
1539 606 1594 630 est.
1625 601 1666 630 Et
1688 601 1849 630 reducitur
1872 602 1984 631 entitas
2007 602 2064 632 ista
2088 602 2127 632 ad
2150 612 2250 642 genus
2274 605 2481 634 substantiae:

1424 644 1505 672 sicut
1528 653 1595 673 esse
1619 645 1713 683 quale
1737 644 1776 674 ad
1798 654 1899 684 genus
1915 646 2082 684 qualitatis,
2107 652 2137 676 et
2159 652 2298 686 punctus
2322 647 2361 677 ad
2383 657 2483 687 genus

1424 687 1614 725 quantitatis
1640 688 1903 728 Improbaturque
1927 690 1964 718 ab
1989 695 2126 729 utroque
2150 691 2261 729 opinio
2285 691 2342 720 ista
2357 692 2383 721 ᾖ.

1479 731 1516 760 V.
1543 731 1645 760 Omisi
1669 731 1777 762 afferre
1801 733 1988 772 opinionem
2017 733 2175 763 dicentem
2199 735 2401 773 suppositum
2425 734 2484 764 dif-

1424 773 1504 803 ferre
1528 784 1546 803 a
1568 780 1680 804 natura
1703 776 1778 814 quia
1801 775 1944 806 Socrates
1968 776 2042 806 dicit
2065 778 2282 816 compositum
2302 787 2339 808 ex
2354 780 2484 808 materia

1425 822 1455 846 et
1478 817 1590 854 forma,
1614 819 1792 848 humanitas
1813 829 1888 849 vero
1906 820 2051 850 formam.
2076 820 2160 858 Quia
2175 831 2242 851 non
2260 827 2340 851 esset
2355 822 2394 852 ad
2409 832 2483 862 pro-

1423 862 1565 899 positum
1589 863 1800 901 quaestionis:
1831 864 1864 893 in
1889 873 1951 902 qua
1979 865 2191 903 supponimus
2213 865 2330 895 Filium
2354 866 2413 896 Dei
2436 876 2483 896 as-

1423 906 1594 944 sumpsisse
1629 906 1818 945 singularem
1850 908 2078 937 humanitatem
2111 909 2322 948 compositam
2357 919 2394 940 ex
2424 911 2483 940 hac

1424 948 1528 978 anima
1552 954 1582 978 et
1604 950 1666 979 hoc
1690 959 1838 989 corpore,
1863 951 1949 980 iuxta
1971 951 2050 981 illud
2065 953 2097 987 ὓ,
2129 953 2294 994 Perfectus
2315 953 2410 983 homo
2442 964 2483 984 ex

1423 992 1532 1021 anima
1549 993 1704 1023 rationali
1719 999 1750 1023 et
1763 994 1904 1024 humana
1927 1004 2025 1024 carne
2046 996 2226 1032 subsistens,
2245 1002 2274 1026 et
2293 1002 2399 1027 tamen
2415 1007 2482 1028 non

1424 1037 1628 1074 assumpsisse
1652 1037 1846 1076 hypostasim
1870 1039 2052 1068 humanam.

1416 1074 1438 1101 Υ
1477 1079 1530 1118 VI.
1563 1080 1780 1110 Examinanda
1811 1082 1906 1120 igitur
1938 1082 2198 1122 discutiendaque
2230 1089 2304 1113 sunt
2342 1085 2419 1115 haec
2452 1091 2483 1115 et

1423 1122 1601 1152 secundum
1633 1122 1809 1154 doctrinam
1842 1125 1904 1155 divi
1928 1126 2087 1162 Thomae,
2117 1133 2146 1156 et
2173 1128 2355 1166 simpliciter
2373 1129 2399 1158 ᾗ.
2434 1129 2482 1158 Ex

1424 1165 1567 1196 doctrina
1590 1166 1652 1196 divi
1676 1168 1822 1198 Thomae
1851 1169 1984 1198 habetur
2012 1170 2093 1199 inter
2115 1176 2260 1200 naturam
2284 1176 2314 1200 et
2336 1173 2482 1211 supposi-

1423 1215 1492 1240 tum
1525 1210 1558 1240 in
1588 1212 1737 1241 creaturis
1769 1212 1864 1241 talem
1894 1218 2078 1252 tantamque
2112 1223 2178 1244 esse
2211 1214 2417 1245 differentiam
2447 1222 2483 1246 ut

1423 1255 1627 1293 suppositum
1651 1255 1690 1284 sit
1712 1256 1852 1294 primum
1875 1257 2054 1286 subiectum
2070 1262 2157 1287 actus
2174 1257 2297 1287 essendi
2320 1259 2353 1288 in
2376 1269 2482 1289 rerum

1422 1303 1543 1333 natura,
1560 1304 1670 1328 natura
1690 1308 1773 1328 non:
1799 1305 1830 1329 et
1852 1300 1993 1330 similiter
2016 1300 2104 1339 quod
2127 1302 2329 1341 suppositum
2351 1303 2389 1331 sit
2409 1304 2482 1332 sub-

1423 1342 1541 1371 iectum
1565 1341 1724 1372 filiationis
1747 1343 1852 1379 realis,
1876 1349 1987 1374 natura
2016 1354 2093 1374 non.
2125 1345 2170 1374 Ita
2193 1345 2300 1385 quod,
2324 1346 2349 1375 si
2372 1352 2483 1376 natura

1422 1386 1490 1415 sine
1514 1396 1573 1416 suo
1598 1387 1765 1426 supposito
1789 1393 1975 1426 poneretur,
1999 1397 2066 1418 non
2090 1394 2170 1418 esset
2193 1390 2371 1419 subiectum
2395 1396 2482 1420 actus

1423 1429 1557 1465 essendi,
1581 1440 1640 1460 nec
1657 1436 1738 1460 esset
1753 1431 1931 1461 subiectum
1946 1431 2116 1462 filiationis.
2141 1433 2181 1462 Et
2195 1434 2335 1472 primum
2352 1434 2482 1473 quidem

1423 1473 1498 1503 dicit
1520 1474 1643 1504 Auctor
1664 1474 1804 1510 inferius,
1828 1476 1861 1505 in
1885 1485 1938 1514 qu.
1956 1486 2028 1511 xvn,
2052 1482 2107 1506 art.
2126 1486 2159 1512 2,
2184 1486 2240 1516 per
2263 1483 2385 1513 totum,
2409 1479 2480 1514 ubi,

1421 1517 1455 1546 in
1470 1527 1552 1556 resp.
1576 1517 1615 1547 ad
1636 1525 1661 1553 1,
1687 1517 1761 1548 dicit
1776 1519 1854 1548 haec
1869 1520 1980 1549 verba:
2004 1520 2084 1550 Esse
2100 1521 2305 1561 consequitur
2320 1526 2480 1558 naturam,

1422 1571 1486 1590 non
1510 1561 1593 1591 sicut
1614 1562 1778 1592 habentem
1802 1572 1884 1599 esse,
1908 1563 1964 1593 sed
1986 1573 2049 1604 qua
2072 1565 2195 1604 aliquid
2218 1570 2284 1595 est:
2306 1575 2481 1604 personam

1421 1609 1543 1640 autem,
1567 1605 1633 1635 sive
1655 1606 1869 1645 hypostasim,
1893 1608 1976 1637 sicut
1997 1607 2161 1638 habentem
2185 1618 2260 1639 esse.
2297 1609 2480 1640 Secundum

1421 1653 1528 1678 autem
1553 1648 1627 1678 dicit
1650 1649 1798 1685 inferius,
1823 1659 1877 1689 qu.
1894 1661 1990 1686 xxxv,
2016 1657 2070 1681 art.
2090 1653 2125 1687 5,
2149 1662 2205 1691 per
2227 1658 2342 1689 totum,
2359 1654 2423 1690 ubi,
2448 1655 2480 1684 in

1420 1701 1501 1731 resp.
1526 1692 1566 1722 ad
1585 1700 1611 1727 1,
1629 1692 1704 1722 dicit
1727 1694 1804 1723 haec
1820 1694 1931 1724 verba:
1956 1695 2117 1725 Nativitas
2133 1697 2317 1735 temporalis
2333 1703 2482 1728 causaret

1421 1736 1453 1765 in
1480 1735 1607 1766 Christo
1632 1737 1838 1775 temporalem
1850 1738 2048 1777 filiationem
2070 1740 2198 1775 realem,
2215 1740 2243 1770 si
2258 1746 2338 1771 esset
2353 1741 2395 1771 ibi
2410 1742 2481 1771 sub-

1421 1779 1535 1808 iectum
1557 1779 1741 1809 huiusmodi
1752 1780 1929 1820 filiationis
1952 1791 2065 1821 capax,
2084 1789 2142 1812 etc.

1476 1823 1523 1851 Ex
1546 1823 1609 1852 hoc
1633 1829 1740 1853 autem
1764 1824 1853 1863 quod
1875 1825 1953 1855 haec
1977 1826 2155 1856 humanitas
2179 1832 2210 1856 et
2232 1828 2283 1857 hic
2305 1829 2405 1858 homo
2436 1830 2479 1859 sic

1421 1865 1570 1896 differunt
1601 1866 1690 1906 quod
1717 1867 1769 1897 illa
1799 1868 1976 1898 secundum
2006 1879 2074 1900 rem
2103 1880 2209 1910 neque
2240 1877 2327 1901 actus
2358 1873 2481 1903 essendi

1420 1919 1527 1949 neque
1550 1909 1710 1940 filiationis
1725 1911 1816 1941 realis
1833 1917 1879 1942 est
1895 1922 1993 1952 capax
2013 1914 2073 1944 nisi
2095 1915 2217 1944 ratione
2233 1915 2326 1945 huius
2343 1916 2480 1946 hominis

1421 1958 1456 1983 ut
1478 1963 1535 1992 per
1559 1963 1591 1983 se
1614 1955 1718 1994 primo
1743 1956 1875 1985 subiecti
1899 1957 2080 1997 utriusque,
2113 1964 2239 1998 oportet
2262 1959 2365 1990 dicere
2392 1960 2481 1999 quod

1420 1997 1526 2036 aliqua
1547 1997 1638 2027 realis
1655 1998 1828 2029 differentia
1844 2000 1883 2029 sit
1905 2001 1986 2030 inter
2004 2002 2086 2031 hanc
2104 2002 2332 2033 humanitatem
2349 2009 2379 2033 et
2394 2005 2480 2034 hunc

1420 2041 1597 2077 hominem,
1621 2042 1664 2071 ita
1687 2042 1776 2081 quod
1799 2043 1918 2082 aliquid
1941 2045 2023 2075 reale
2046 2046 2187 2076 includat
2209 2047 2259 2076 hic
2275 2047 2374 2077 homo
2392 2048 2480 2087 quod

1420 2094 1488 2114 non
1503 2085 1637 2115 includit
1652 2086 1729 2116 haec
1745 2087 1934 2124 humanitas,
1952 2097 2015 2127 qua
2030 2090 2169 2120 realitate
2184 2091 2235 2120 hic
2251 2091 2351 2121 homo
2368 2092 2480 2122 habeat

1420 2128 1509 2168 quod
1533 2129 1571 2158 sit
1595 2130 1810 2168 susceptivum
1840 2136 1904 2161 tam
1931 2138 2018 2162 actus
2043 2134 2165 2163 essendi
2196 2143 2292 2173 quam
2320 2134 2479 2165 filiationis

1419 2173 1526 2208 realis,
1552 2173 1707 2212 cuiusque
1730 2174 1875 2204 realitatis
1900 2175 2026 2206 defectu
2053 2177 2131 2207 haec
2153 2178 2332 2208 humanitas
2355 2179 2479 2209 deficiat

1420 2211 1458 2245 ab
1486 2216 1548 2246 hoc
1579 2216 1668 2255 quod
1698 2222 1744 2247 est
1772 2227 1838 2248 esse
1865 2220 2081 2258 susceptivum
2110 2231 2168 2260 per
2194 2232 2227 2252 se
2256 2223 2361 2261 primo
2392 2229 2478 2253 actus

1420 2259 1544 2290 essendi
1568 2266 1598 2290 et
1620 2259 1780 2291 filiationis
1802 2263 1994 2301 temporalis.
2029 2264 2112 2294 Nam
2142 2265 2220 2295 haec
2243 2265 2417 2296 differentia
2445 2268 2478 2296 in

1419 2303 1525 2333 rerum
1540 2309 1652 2333 natura
1668 2310 1722 2340 est,
1744 2310 1775 2335 et
1790 2306 1967 2336 secundum
1983 2309 2222 2338 constitutivum
2245 2319 2302 2348 per
2317 2320 2350 2340 se
2372 2311 2477 2349 primo

1419 2348 1552 2377 subiecti
1575 2347 1734 2378 filiationis
1756 2349 1856 2385 realis,
1881 2351 1945 2380 sive
1969 2356 2056 2381 actus
2080 2352 2212 2382 essendi.
2248 2353 2288 2382 Et
2310 2359 2478 2393 propterea

1418 2401 1486 2421 non
1508 2396 1615 2430 potest
1637 2391 1746 2422 reduci
1769 2393 1807 2422 ad
1831 2393 2038 2424 differentiam
2061 2395 2238 2425 secundum
2254 2397 2369 2426 modos
2385 2398 2476 2427 intel-

1419 2435 1536 2474 ligendi
1570 2440 1624 2465 aut
1653 2435 1867 2475 significandi,
1901 2447 1960 2468 nec
1993 2438 2031 2468 ad
2061 2438 2267 2469 differentiam
2300 2441 2477 2471 secundum

1420 2484 1504 2508 extra
1528 2485 1709 2515 connotata‚
1727 2489 1949 2520 quaecumque
1972 2483 2033 2511 sint
2055 2482 2122 2512 illa:
2149 2484 2300 2522 quoniam
2323 2485 2400 2514 haec
2417 2484 2476 2514 dif-

1419 2522 1550 2552 ferentia
1572 2524 1734 2562 praevenit
1757 2525 1865 2554 omnia
1886 2526 2067 2561 extrinseca,
2091 2532 2122 2556 et
2143 2527 2259 2557 modos
2281 2528 2476 2567 intelligendi

1419 2571 1450 2596 et
1465 2566 1671 2606 significandi.
1696 2567 1763 2597 Nec
1780 2568 1818 2598 ad
1834 2568 2040 2599 differentiam
2055 2579 2153 2609 penes
2169 2571 2368 2610 negationes:
2394 2581 2476 2611 quo-

1417 2611 1504 2640 niam
1526 2611 1653 2650 negatio
1677 2620 1744 2641 non
1768 2617 1813 2641 est
1836 2613 2038 2643 constitutiva
2061 2614 2193 2644 subiecti
2217 2615 2350 2644 entitatis
2373 2616 2474 2652 realis,

1419 2655 1563 2693 quamvis
1586 2655 1624 2684 sit
1647 2657 1866 2685 concomitans
1896 2661 1927 2686 et
1949 2657 2205 2696 circumloquens
2235 2659 2474 2690 constitutivum

1418 2697 1497 2728 illud
1520 2697 1732 2738 quandoque;
1765 2700 1918 2738 quoniam
1947 2700 2124 2731 subiectum
2148 2702 2282 2731 entitatis
2304 2703 2410 2738 realis,
2438 2709 2474 2733 ut

1418 2742 1472 2777 sic,
1490 2751 1607 2781 purum
1631 2752 1687 2772 ens
1703 2743 1786 2772 reale
1809 2753 1876 2773 esse
1891 2744 1924 2773 in
1940 2753 1973 2773 se
1989 2744 2118 2780 sufficit3
2143 2746 2268 2784 negatio
2287 2747 2381 2782 enim,
2399 2756 2473 2777 cum

1417 2785 1496 2815 nihil
1511 2785 1684 2815 formaliter
1699 2787 1746 2822 sit,
1763 2796 1830 2816 non
1846 2786 1898 2816 dat
1914 2786 2085 2817 formaliter
2101 2788 2193 2818 alicui
2210 2789 2273 2818 enti
2293 2799 2360 2819 esse
2376 2800 2473 2830 capax

1418 2830 1553 2859 entitatis
1576 2829 1675 2859 realis.
1700 2829 1762 2860 Sed
1784 2831 1810 2859 si
1832 2831 1910 2860 haec
1933 2831 2109 2860 humanitas
2133 2837 2163 2861 et
2185 2833 2236 2862 hic
2259 2833 2358 2863 homo
2382 2834 2425 2864 ita
2440 2844 2473 2865 se

1417 2873 1534 2903 habent
1565 2872 1653 2912 quod
1676 2873 1750 2903 huic
1777 2874 1964 2903 humanitati
1994 2875 2027 2904 in
2050 2884 2155 2904 rerum
2178 2881 2288 2906 natura
2317 2885 2473 2917 repugnat

1417 2926 1484 2947 esse
1507 2926 1564 2956 per
1584 2926 1618 2946 se
1640 2917 1744 2955 primo
1767 2917 1982 2956 susceptivum
2005 2918 2116 2948 harum
2133 2920 2377 2950 extrinsecarum
2393 2923 2473 2952 enti—

1416 2966 1517 2990 tatum
1541 2960 1682 2994 realium,
1699 2960 1817 2990 scilicet
1840 2966 1927 2990 actus
1950 2961 2072 2991 essendi
2088 2962 2138 2991 vel
2160 2962 2330 3001 filiationis,
2348 2970 2379 2994 et
2397 2965 2472 2996 huic

1416 3004 1540 3033 homini
1563 3003 1727 3033 convenit:
1759 3009 1887 3043 oportet
1915 3004 2034 3044 aliquid
2063 3006 2235 3044 positivum
2259 3008 2341 3038 reale
2369 3009 2472 3039 claudi

1416 3048 1449 3076 in
1472 3048 1534 3076 hoc
1557 3047 1688 3076 homine
1704 3047 1792 3086 quod
1808 3057 1874 3077 non
1891 3048 2045 3078 clauditur
2060 3050 2093 3078 in
2109 3049 2167 3080 hac
2182 3051 2387 3088 humanitate,
2405 3062 2470 3092 quo

1416 3090 1470 3120 fiat
1492 3100 1548 3129 per
1564 3099 1596 3120 se
1620 3091 1723 3129 primo
1747 3092 1962 3131 susceptivum
1985 3092 2080 3122 huius
2095 3094 2149 3129 rei,
2171 3095 2260 3124 cuius
2276 3095 2327 3125 illa
2342 3105 2409 3125 non
2426 3103 2472 3127 est

1415 3143 1522 3173 capax.

1469 3177 1535 3206 VII.
1560 3177 1649 3207 Haec
1678 3178 1757 3207 ratio
1788 3178 1912 3209 videtur
1944 3181 2133 3212 convincere
2163 3182 2358 3213 intellectum
2388 3184 2470 3214 bene

1415 3220 1614 3260 dispositum,
1639 3221 1791 3251 stantibus
1815 3221 2038 3253 fundamentis.
2063 3224 2111 3255 De
2131 3226 2246 3265 quibus
2269 3227 2346 3256 scito
2371 3228 2469 3267 quod,

1415 3264 1558 3303 quamvis
1582 3264 1768 3295 Thomistae
1791 3266 1887 3305 aliqui
1910 3266 2075 3297 videantur
2089 3278 2203 3308 negare
2226 3269 2469 3302 fundamentum

1414 3308 1477 3336 hoc
1506 3313 1662 3347 quantum
1692 3308 1731 3338 ad
1752 3318 1810 3348 per
1833 3319 1866 3340 se
1894 3311 2000 3350 primo
2031 3312 2208 3343 subiectum
2236 3319 2323 3344 actus
2346 3315 2470 3345 essendi

1415 3351 1567 3390 (quorum
1582 3352 1745 3391 phantasia
1760 3353 1793 3382 in
1809 3362 1862 3392 qu.
1874 3364 1937 3383 xvn
1949 3355 1965 3371 ᾖ
1981 3356 2163 3386 ostendetur
2179 3357 2279 3387 aliena
2294 3368 2312 3387 a
2328 3357 2470 3389 doctrina

1413 3394 1585 3434 Auctoris),
1609 3396 1715 3426 nullus
1736 3401 1843 3427 tamen
1865 3397 1990 3428 infitiari
2013 3405 2118 3438 potest
2140 3400 2383 3432 fundamentum
2406 3403 2469 3433 hoc

1414 3447 1481 3468 esse
1505 3438 1568 3468 divi
1584 3439 1730 3470 Thomae
1754 3440 1861 3480 quoad
1876 3451 1932 3481 per
1948 3451 1980 3471 se
1996 3443 2099 3482 primo
2117 3444 2293 3475 subiectum
2309 3445 2468 3476 filiationis

1413 3482 1512 3512 realis.
1546 3483 1587 3512 Et
1613 3483 1675 3513 hoc
1699 3483 1813 3514 sufficit
1836 3485 1991 3515 efficaciae
2014 3487 2108 3516 huius
2131 3488 2268 3518 rationis.
2304 3489 2467 3527 Quoniam

1413 3530 1480 3555 tota
1502 3526 1549 3556 vis
1572 3527 1701 3557 rationis
1725 3528 1867 3558 consistit
1889 3529 1922 3559 in
1945 3530 2018 3565 hoe,
2044 3531 2132 3570 quod
2159 3533 2399 3563 constitutivum
2422 3535 2467 3564 rei

2510 339 2518 349 '⁸
2529 338 2584 360 Loc.
2593 339 2631 360 cit.
2640 345 2718 366 supra.

2511 699 2518 709 '
2530 698 2565 719 Cf.
2578 704 2640 719 num.
2651 704 2702 720 xiii.

2509 962 2518 971 ⁴
2528 961 2607 988 Symb.
2614 961 2638 983 S.
2645 961 2720 982 Atha-

2508 994 2556 1008 nas.

2509 1132 2518 1142 “
2533 1131 2568 1152 Cf.
2583 1137 2646 1152 num.
2656 1137 2704 1152 vm.

2496 3369 2505 3378 ⁸
2519 3369 2568 3389 Arx.
2585 3374 2609 3395 2,
2632 3368 2704 3390 Com-

2495 3399 2565 3416 ment.
