2872 3970
928 301 1190 347 QUAEsrlo
1218 301 1301 348 Lu,
1334 280 1625 339 AercULus
1653 303 1702 339 vi

226 378 458 428 demptionis
492 379 698 415 humanae.
738 378 843 415 Sicut
871 378 985 415 etiam
1022 391 1125 416 nunc
1153 380 1284 417 fideles

228 431 368 470 Christi
394 430 602 468 liberantur
628 442 698 479 per
724 430 960 479 baptismum
984 443 1006 468 a
1025 439 1131 468 reatu
1159 440 1284 469 actua-

227 485 323 523 lium
349 490 610 533 peccatorum,
630 490 667 520 et
694 495 717 519 a
744 491 851 520 reatu
879 483 1068 532 originalis
1096 493 1285 533 quantum

226 537 280 577 nd
303 536 564 574 exclusionem
583 547 606 572 a
623 535 756 583 gloria:
786 544 986 573 remanent
1010 544 1139 574 tamen
1159 538 1286 574 adhuc

227 588 382 637 obiigati
405 595 514 626 reatu
542 587 733 635 originalis
759 588 904 636 peccati
927 597 1117 637 quantum
1144 590 1192 627 ad
1220 601 1285 626 ne-

228 641 440 684 cessitatem
467 639 714 690 corporaliter
741 641 949 687 moriendi;
979 642 1070 690 quia
1098 654 1285 680 renovan-

227 702 291 735 tur
314 693 532 732 secundum
560 692 755 741 spiritum,
779 693 847 730 sed
865 694 1044 731 nondum
1071 696 1286 733 secundum

229 758 396 793 carnem,
422 745 638 782 secundum
657 745 750 782 illud
768 747 879 783 Rom.
898 758 956 783 vm
974 746 1011 783 *ε
1045 748 1189 796 Corpus
1212 751 1286 797 qui-

2317 315 2393 351 499

1339 379 1421 416 dem
1449 386 1636 416 mortuum
1662 386 1712 416 est
1732 386 1887 430 propter
1902 387 2110 429 peccatum,
2139 383 2284 429 spiritus
2309 394 2396 419 vero

1338 434 1426 470 vivit
1447 438 1604 482 propter
1630 434 1932 480 iustificationem.

1393 487 1450 522 AD
1468 497 1626 522 TERTIUM
1645 497 1825 522 memnon
1845 487 1951 534 quod
1971 486 2108 532 statim,
2125 486 2275 523 Christo
2295 499 2396 523 mor-

1340 546 1419 575 tem
1446 538 1622 587 patiente,
1643 537 1771 574 anima
1799 538 1880 575 eius
1905 539 1952 575 ad
1972 539 2164 575 infernum
2192 539 2395 585 descendit,

1341 599 1377 628 et
1405 603 1496 628 suae
1524 589 1710 639 passionis
1738 591 1903 627 finctum
1932 591 2102 628 exhibuit
2130 592 2265 628 sanctis
2284 592 2323 628 in
2342 592 2397 628 in-

1340 644 1448 680 ferno
1468 643 1646 680 detentis:
1677 643 1854 691 quamvis
1874 656 1920 680 ex
1938 644 2023 680 loco
2048 644 2110 680 illo
2130 656 2209 680 non
2230 644 2396 691 exierint,

1343 696 1494 734 Christo
1509 695 1613 744 apud
1628 695 1767 733 inferos
1787 704 2062 742 commorante,
2079 696 2169 745 quia
2189 697 2270 745 ipsa
2290 697 2397 733 Chri-

1342 750 1387 786 sti
1406 747 1617 798 praesentia
1636 748 1846 797 pertinebat
1865 749 1913 785 ad
1933 751 2134 786 cumulum
2154 749 2304 796 gloriae.

903 859 1236 893 Commentaria
1257 862 1508 894 Cardinalis
1529 861 1727 893 Caietam

287 967 394 988 nutus
410 962 446 987 ut
460 961 562 987 sonat.
578 974 601 978 -
625 956 661 986 In
678 965 813 996 corpore
836 966 900 986 una
923 962 970 986 est
992 957 1173 988 conclusio:
1193 958 1285 988 Chri-

286 1006 364 1037 stus,
389 1000 582 1031 descendens
605 1000 648 1030 ad
671 1000 810 1041 inferos,
836 1005 966 1031 sanctos
989 1001 1101 1031 Patres
1125 1001 1198 1032 inde
1214 1002 1289 1032 libe-

229 1046 323 1079 ravit.
353 1045 518 1075 Probatur.
549 1044 609 1074 Per
631 1044 813 1084 passionem
837 1043 954 1074 Christi
976 1045 1143 1075 liberatum
1167 1051 1212 1075 est
1234 1055 1288 1085 ge-

1395 958 1534 989 Adverte
1566 959 1617 988 hic
1642 958 1730 998 quod
1753 958 1875 988 Auctor
1906 960 2038 999 mystica
2070 960 2168 989 utitur
2201 960 2398 999 expositione

1342 1003 1424 1032 circa
1456 1002 1673 1033 exclusionem
1705 1003 1844 1032 hominis
1871 1012 1889 1032 a
1911 1002 2074 1041 paradiso,
2100 1003 2176 1032 dum
2209 1004 2398 1034 eiectionem

1342 1046 1431 1076 Adae
1455 1056 1472 1076 a
1495 1046 1631 1076 terrestri
1653 1045 1798 1085 paradiso
1820 1046 1994 1085 significare
2018 1047 2162 1086 intelligit
2183 1047 2398 1078 exclusionem

227 1098 295 1124 uua
312 1089 491 1120 humanum
513 1097 583 1118 non
605 1087 712 1118 solum
735 1097 754 1117 a
775 1094 926 1127 peccato,
950 1087 1005 1118 sed
1028 1089 1067 1118 ab
1092 1090 1181 1119 omni
1199 1095 1288 1119 reatu
1342 1090 1482 1120 hominis
1505 1100 1523 1119 a
1546 1090 1699 1129 spirituali
1721 1089 1866 1129 paradiso
1890 1090 2030 1120 caelestis
2053 1091 2180 1130 patriae.

227 1132 396 1173 utriusque
418 1141 554 1172 poenae,
571 1131 691 1162 scilicet
712 1141 772 1171 pro
795 1137 930 1171 peccato
954 1133 1068 1162 actuali
1085 1138 1117 1163 et
1131 1142 1190 1172 pro
1214 1143 1289 1173 pec-

228 1181 300 1211 ento
324 1176 478 1217 originali.
509 1175 595 1215 Ergo
618 1170 772 1211 Christus,
797 1175 992 1206 descendens
1014 1176 1054 1206 ad
1076 1176 1211 1212 inferos,
1236 1177 1290 1207 ab-

228 1221 324 1255 mlvit
354 1225 481 1251 sanctos
504 1229 523 1250 a
545 1224 635 1250 reatu
668 1228 735 1259 quo
770 1225 858 1249 erant
880 1226 898 1249 a
920 1221 985 1249 vita
1007 1220 1126 1259 gloriae
1160 1221 1288 1251 exclusi.

228 1262 326 1307 Ergo,
342 1262 538 1295 descendens
561 1262 601 1294 ad
622 1263 752 1298 inferos,
769 1269 895 1294 sanctos
917 1263 1024 1293 Patres
1046 1264 1121 1294 inde
1137 1265 1288 1294 liberavit.

284 1308 389 1339 Prima
413 1307 643 1347 consequentia
657 1307 820 1347 probatur,
837 1317 875 1337 ex
890 1313 979 1347 parte
994 1308 1094 1347 ipsius
1110 1308 1290 1344 descensus,

230 1353 306 1397 quia
321 1351 466 1383 Christus
482 1350 678 1381 descendens
694 1350 734 1381 ad
749 1350 868 1381 inferos
892 1356 1041 1391 operatus
1065 1357 1112 1382 est
1126 1353 1160 1382 in
1175 1353 1290 1382 virtute

228 1404 306 1435 suae
327 1395 500 1437 passionis:
534 1405 572 1425 ex
595 1400 683 1435 parte
705 1403 782 1425 vero
805 1404 944 1435 poenae,
969 1396 1044 1435 quia
1066 1405 1173 1435 poena
1196 1397 1290 1435 origi-

228 1440 309 1479 nalis
330 1440 454 1480 peccati
477 1444 542 1469 erat
564 1447 651 1469 mors
675 1439 848 1478 corporalis
873 1444 903 1469 et
927 1439 1067 1469 exclusio
1091 1450 1110 1469 a
1131 1440 1195 1470 vita
1221 1440 1290 1479 glo-

229 1480 303 1520 riae,
326 1489 363 1514 ut
385 1489 472 1524 patet
495 1492 533 1513 ex
555 1482 604 1512 his
627 1492 710 1522 quae
733 1482 889 1513 habentur
906 1483 985 1513 Gen.
1006 1493 1028 1513 11
1043 1489 1075 1513 et
1089 1493 1133 1513 111.
1156 1502 1180 1506 —
1202 1483 1291 1514 Con-

228 1528 395 1570 sequentia
417 1533 524 1557 autem
555 1526 696 1557 secunda
718 1527 880 1566 probatur.
914 1527 999 1564 Quia
1022 1537 1079 1567 per
1101 1527 1164 1557 hoc
1191 1529 1290 1558 sancti

228 1571 335 1605 Patres
357 1572 577 1602 retinebantur.
594 1571 628 1600 in
651 1570 788 1606 inferno,
812 1570 902 1611 quod
925 1572 969 1601 eis
992 1571 1032 1601 ad
1053 1572 1151 1601 vitam
1173 1572 1292 1611 gloriae

229 1615 332 1651 aditus
354 1625 422 1646 non
452 1615 597 1655 patebat,
621 1619 752 1654 propter
784 1620 953 1654 peccatum
976 1615 1070 1654 primi
1093 1615 1242 1646 Parentis.
1270 1633 1292 1637 —

283 1659 325 1690 Et
355 1658 562 1690 confirmatur
599 1658 765 1688 conclusio
796 1659 1034 1689 auctoritatibus
1064 1659 1231 1689 Zachariae
1262 1664 1293 1689 et

227 1700 387 1748 Apostoli.

1398 1134 1435 1163 11.
1460 1133 1496 1163 In
1519 1133 1726 1173 responsione
1750 1133 1789 1163 ad
1812 1134 1961 1173 primum,
1986 1134 2111 1164 adverte
2135 1135 2223 1174 quod
2247 1145 2321 1164 cum
2337 1136 2399 1165 hoc

1344 1177 1434 1217 quod
1457 1178 1556 1207 sancti
1572 1177 1677 1207 Patres
1693 1178 1726 1206 in
1741 1177 1841 1207 limbo
1865 1178 2024 1207 immunes
2047 1184 2150 1207 essent
2166 1188 2182 1208 a
2201 1188 2306 1218 poena
2329 1188 2399 1209 sen-

1344 1231 1407 1256 sus,
1432 1226 1491 1250 stat
1514 1220 1606 1250 dolor
1630 1230 1685 1250 seu
1702 1220 1829 1250 afflictio
1847 1230 1884 1250 ex
1903 1230 1958 1260 spe
1983 1221 2085 1250 dilata.
2109 1221 2193 1259 Quia
2216 1222 2398 1252 huiusmodi

1345 1264 1439 1294 dolor
1470 1269 1591 1304 spectat
1614 1263 1653 1294 ad
1675 1273 1815 1304 poenam
1847 1264 1973 1300 damni,
1998 1270 2107 1294 contra
2130 1274 2226 1304 quam
2255 1265 2402 1295 dividitur

1344 1317 1450 1348 poena
1475 1318 1600 1338 sensus:
1625 1309 1667 1337 ita
1691 1307 1797 1347 quod,
1821 1317 1896 1338 cum
1919 1313 2052 1348 negatur
2074 1309 2111 1338 ab
2136 1309 2180 1338 eis
2203 1318 2307 1348 poena
2330 1319 2400 1339 sen-

1345 1362 1407 1387 sus,
1432 1352 1615 1392 intelligitur
1640 1351 1678 1381 de
1701 1361 1807 1391 poena
1830 1361 1939 1382 sensus
1963 1352 2107 1382 distincta
2131 1358 2239 1382 contra
2263 1362 2401 1392 poenam

1345 1395 1453 1426 damni
1477 1401 1508 1426 et
1526 1406 1582 1436 per
1598 1405 1630 1425 se
1648 1396 1896 1425 concomitantia
1911 1395 2006 1425 illam.
2031 1396 2098 1426 Nec
2115 1402 2160 1426 est
2175 1397 2292 1426 mirum
2313 1398 2401 1436 quie-

1345 1445 1410 1470 tem
1433 1445 1616 1470 sanctorum
1639 1439 1767 1469 Patrum
1791 1439 2045 1479 inquietudinem
2069 1440 2150 1469 hanc
2173 1441 2319 1470 habuisse
2349 1441 2401 1470 ad-

1345 1485 1492 1514 mixtam:
1518 1493 1592 1513 cum
1609 1488 1790 1513 sanctorum
1814 1484 1936 1513 animae
1952 1484 1984 1513 in
2000 1484 2099 1523 patria
2115 1484 2239 1513 caelesti
2255 1485 2401 1514 nonnihil

1344 1526 1574 1567 inquietudinis
1592 1528 1737 1562 habeant,
1756 1537 1819 1566 qua
1842 1528 1998 1566 suspirant
2022 1527 2061 1557 ad
2077 1537 2249 1567 corporum
2266 1538 2399 1558 resurre—

1346 1572 1503 1607 ctionem;
1527 1572 1570 1602 ita
1593 1576 1628 1601 ut
1644 1570 1765 1601 dictum
1781 1571 1820 1600 sit
1835 1571 1911 1601 illis:
1937 1571 2095 1601 Sustinete
2120 1571 2223 1601 adhuc
2244 1572 2401 1602 modicum

1346 1620 1485 1656 tempus,
1510 1615 1611 1645 donec
1633 1615 1848 1655 adimpleatur
1872 1625 2024 1645 numerus
2038 1616 2188 1656 fratrum
2212 1621 2400 1651 vestrorum,

1346 1660 1443 1699 Apoc.
1457 1669 1488 1688 vr
1500 1660 1526 1688 *-
1540 1659 1758 1698 Utrorumque
1775 1658 1932 1698 siquidem
1949 1659 2138 1698 inquietudo
2155 1659 2402 1698 imperfectionis

1347 1703 1512 1733 cuiusdam
1534 1703 1568 1732 in
1592 1703 1636 1732 eis
1659 1703 1818 1732 existentis
1841 1703 1926 1732 testis
1950 1708 2004 1732 est.

1042 1854 1360 1896 ARTICULUS
1390 1854 1599 1896 SEXTUS

578 1946 735 1978 UTRUM
760 1945 974 1977 cnmsrus
997 1946 1187 1984 AL1QUos
1211 1946 1454 1978 DAMNATOS
1477 1947 1532 1977 AB
1557 1947 1746 1978 INFERNO
1771 1948 2059 1978 LIBERAVERIT

559 2024 590 2048 111
611 2024 694 2054 Sent.,
715 2024 774 2050 dist.
793 2031 852 2056 xxii,
872 2030 916 2056 qu.
935 2031 963 2055 n,
982 2029 1030 2048 art.
1051 2031 1073 2055 i,
1093 2024 1143 2056 qu'*
1164 2031 1193 2054 23
1215 2024 1359 2056 compend.
1382 2024 1479 2053 Tneol„
1499 2032 1555 2057 cap.
1574 2032 1685 2054 ccxxxv;
1706 2025 1735 2049 In
1757 2025 1850 2058 Symb.
1868 2027 1970 2057 Apost„
1990 2030 2036 2050 art.
2057 2025 2079 2049 5.

370 2138 419 2160 1·ae
443 2125 466 2151 n
494 2124 637 2150 SEXTUM
664 2123 717 2148 s1c
741 2123 978 2148 PROCEDITUR.
1007 2110 1168 2148 Videtur
1187 2112 1294 2160 quod

233 2166 236 2170 ’
344 2148 418 2214 ῗζὲ
445 2164 619 2203 Christus
647 2164 797 2214 aliquos
829 2163 1032 2201 damnatos
1064 2164 1112 2200 ab
1146 2163 1294 2200 inferno

231 2212 371 2266 jf‘jn,
383 2206 413 2266 'fi
428 2217 628 2256 liberavit.
666 2216 820 2254 Dicitur·
851 2216 952 2254 enirn
991 2215 1107 2253 Isaiae
1145 2229 1228 2253 xxiv
1253 2216 1292 2252 *z

291 2266 387 2307 &²332
403 2265 790 2321 Congregahuntur
839 2271 1133 2320 congregatione
1187 2270 1295 2306 unius

228 2324 343 2377 fascis
360 2325 398 2362 in
417 2324 553 2371 lacum,
573 2329 606 2360 et
624 2323 842 2360 claudentur
860 2324 897 2358 in
926 2319 1128 2367 carcerem,
1157 2328 1191 2358 et
1211 2328 1296 2371 post

230 2376 364 2426 multos
391 2377 466 2416 dies
492 2378 745 2415 visitabuntur.
781 2374 973 2424 Loquitur
1006 2382 1133 2412 autern
1167 2374 1220 2411 ibi
1247 2374 1295 2411 de

199 2447 206 2460 ν
232 2428 434 2478 damnatis,
463 2427 531 2480 qui
558 2429 726 2467 militiam
751 2429 846 2465 caeli
863 2428 1115 2465 adoraverant
1132 2427 1163 2463 ²⁸.
1194 2428 1295 2476 Ergo

128 2462 192 2529 πέμ
232 2482 385 2526 videtur
398 2482 510 2532 quod
530 2482 646 2520 etiam
665 2481 846 2528 damnati,
869 2480 1020 2518 Christo
1039 2480 1294 2517 descendente

232 2530 283 2584 ad
310 2534 463 2581 inferos,
484 2543 573 2572 sunt
589 2533 739 2572 visitati.
771 2534 891 2581 Quod
919 2533 968 2570 ad
996 2545 1134 2570 eorum
1162 2533 1295 2570 libera-

233 2587 381 2627 tionem
406 2587 559 2627 videtur
585 2587 786 2638 pertinere.

290 2653 326 2678 2.
345 2637 578 2687 Pax-ernam,
599 2652 716 2690 super
733 2639 827 2677 illud
846 2639 962 2676 Zach.
981 2651 1015 2676 1x
1033 2638 1065 2684 ²⁸,
1098 2641 1154 2676 Tu
1173 2644 1296 2675 autem

234 2696 272 2732 in
300 2695 485 2744 sanguine
511 2691 716 2731 testamenti
731 2695 787 2730 tui
803 2693 961 2729 eduxisti
985 2693 1126 2729 vinctos
1149 2691 1195 2728 de
1212 2692 1296 2728 lacu

234 2747 273 2784 in
302 2759 374 2797 quo
402 2759 477 2784 non
506 2752 586 2784 erat
613 2759 723 2796 aqua,
744 2745 834 2782 dicit
861 2745 998 2782 Glossa
1016 2744 1053 2780 *ε
1088 2746 1143 2781 Tu
1172 2756 1234 2780 eos
1255 2744 1296 2780 li-

235 2801 372 2838 berasti
397 2801 461 2850 qui
485 2802 703 2837 tenebantur
729 2800 843 2836 vincti
867 2798 1089 2843 carceribus,
1111 2798 1174 2834 ubi
1196 2796 1298 2833 nulla

234 2852 490 2892 misericordia
517 2864 579 2890 eos
606 2852 868 2902 refrigerabat,
894 2863 1005 2900 quam
1033 2849 1220 2887 dives-ille
1231 2861 1298 2898 pe-

231 2907 342 2953 tebat.
382 2905 460 2944 Sed
487 2904 557 2942 soli
594 2902 765 2942 damnati
799 2903 1047 2940 includuntur
1083 2901 1297 2939 carceribus

235 2957 383 3009 absque
411 2957 683 2995 misericordia.
712 2957 814 3004 Ergo
836 2955 1008 2993 Christus
1036 2954 1209 2992 liberavit
1237 2954 1298 2991 ali-

236 3022 337 3062 quos
364 3010 412 3048 de
440 3009 589 3047 inferno
618 3009 902 3047 damnatorum.

293 3063 327 3100 3.
356 3063 589 3109 Parmam,
610 3060 779 3111 potentia
807 3060 945 3098 Christi
973 3072 1052 3097 non
1075 3060 1144 3096 fuit
1171 3059 1300 3096 minor

174 3104 178 3117 ¹
238 3114 278 3155 in
305 3115 454 3153 inferno
473 3127 592 3164 quam
612 3114 652 3151 in
670 3115 746 3151 hoc
771 3113 939 3150 mundo:
970 3112 1174 3161 utrobique
1194 3111 1295 3148 enim

232 3175 418 3220 >operatus
446 3174 502 3204 est
527 3178 598 3216 per
624 3165 836 3216 potentiam
864 3177 956 3202 suae
975 3164 1191 3202 divinitatis.
1222 3163 1297 3201 Sed

232 3216 280 3259 'in
306 3222 383 3258 hoc
410 3219 560 3258 mundo
589 3219 636 3256 de
665 3217 835 3268 quolibet
862 3225 960 3254 statu
988 3216 1137 3265 aliquos
1165 3216 1297 3253 libera-

237 3273 304 3312 vit.
333 3274 435 3322 Ergo
455 3271 569 3310 etiam
587 3271 628 3308 in
646 3271 794 3308 inferno
814 3269 985 3307 liberavit
1008 3269 1157 3318 aliquos
1184 3268 1294 3305 etiam

142 3347 146 3355 1
174 3327 178 3329 “
235 3326 288 3373 de
315 3333 415 3364 statu
439 3325 727 3363 damnatorum.

236 3414 238 3417 .
293 3379 368 3417 San
397 3390 541 3416 CONTRA
568 3389 633 3415 EST
660 3376 768 3425 quod
795 3374 932 3412 dicitur
960 3374 1061 3412 Osee
1079 3373 1189 3410 x111*:
1218 3375 1296 3410 Ero

238 3422 342 3471 {hors
359 3437 434 3478 tua,
457 3432 491 3469 Ο
504 3429 628 3468 mors!
640 3431 795 3467 Morsus
812 3434 905 3474 tuus,
921 3426 1090 3475 inferne!
1109 3426 1245 3463 Glossa
1258 3425 1294 3462 *t

292 3561 321 3595 α)
340 3562 540 3594 damnatorum.
557 3575 577 3581 -
594 3561 718 3586 damnati
735 3560 809 3585 tertia
827 3564 929 3592 praeter
947 3559 980 3583 G.

294 3597 320 3632 β)
339 3597 460 3623 coneum.
477 3611 498 3617 ·-
514 3597 595 3628 PFH;
613 3596 706 3621 attulit
723 3596 764 3626 EI,
783 3594 877 3620 obtulit
895 3594 980 3619 ceteri.

1347 2112 1492 2148 Electos
1510 2113 1715 2158 educendo,
1739 2115 1915 2160 reprobos
1934 2125 2022 2150 vero
2046 2113 2178 2150 ibidem
2202 2115 2404 2163 relinquen—

1349 2165 1406 2201 do.
1430 2165 1520 2201 *Sed
1554 2164 1623 2201 soli
1651 2164 1805 2213 reprobi
1841 2172 1928 2201 sunt
1956 2165 1995 2201 in
2023 2165 2169 2202 inferno
2206 2166 2404 2203 damnato-

1349 2229 1437 2253 rum
1458 2222 1485 2253 α.
1523 2218 1624 2265 Ergo
1652 2229 1721 2266 per
1749 2218 1974 2254 descensum
2011 2217 2149 2254 Christi
2181 2219 2229 2254 ad
2266 2218 2404 2256 inferos

1327 2279 1429 2306 'non
1458 2277 1546 2306 sunt
1573 2269 1689 2318 aliqui
1708 2270 1755 2306 de
1774 2269 1921 2306 inferno
1949 2270 2221 2308 damnatorum
2249 2270 2402 2308 liberati.

1402 2323 1625 2360 RESPONDEO
1644 2334 1825 2359 DICENDUM
1845 2323 1962 2371 quod⁷
1978 2322 2074 2359 sicut
2093 2335 2208 2371 supra
2221 2323 2241 2344 '¹‘
2259 2323 2404 2360 dictum

1351 2382 1417 2422 est,
1439 2374 1622 2421 Christus,
1644 2375 1879 2411 descendens
1907 2375 1955 2412 ad
1981 2375 2132 2420 inferos,
2153 2383 2331 2424 operatus
2351 2385 2405 2413 est

1350 2427 1390 2464 in
1408 2427 1545 2464 virtute
1565 2440 1656 2464 suae
1674 2427 1871 2476 passionis.
1902 2428 1949 2464 Et
1976 2427 2062 2464 ideo
2091 2427 2172 2464 eius
2200 2428 2405 2465 descensus

1350 2480 1399 2517 ad
1419 2480 1558 2517 inferos
1577 2479 1646 2516 illis
1665 2479 1754 2516 solis
1780 2479 2009 2517 liberationis
2035 2480 2193 2517 contulit
2207 2479 2222 2509 β
2239 2480 2404 2518 fructum

1351 2533 1418 2582 qui
1445 2533 1598 2570 suerunt
1623 2532 1791 2582 passioni
1812 2532 1949 2569 Christi
1972 2532 2163 2569 coniuncti
2190 2545 2259 2581 per
2285 2533 2404 2570 fidem

1351 2585 1502 2622 caritate
1529 2585 1751 2631 formatam,
1780 2597 1850 2634 per
1877 2597 1995 2634 quam
2029 2593 2183 2634 peccata
2209 2586 2402 2622 tolluntur.

1350 2638 1403 2675 Illi
1431 2646 1558 2675 autem
1581 2637 1648 2686 qui
1667 2645 1772 2674 erant
1800 2638 1839 2674 in
1866 2637 2012 2674 inferno
2037 2638 2319 2683 damnatorum,
2340 2646 2406 2675 aut

1349 2691 1502 2740 penitus
1516 2690 1638 2739 ‘fidem
1659 2690 1845 2739 passionis
1866 2690 2004 2727 Christi
2021 2702 2101 2727 non
2120 2690 2342 2737 habuerant,
2358 2690 2404 2727 si-

1351 2751 1415 2780 cut
1430 2743 1619 2780 infideles:
1641 2751 1717 2787 aut,
1738 2742 1768 2779 si
1786 2743 1905 2779 fidem
1920 2743 2142 2788 habuerant,
2158 2743 2303 2779 nullam
2317 2755 2404 2779 con-

1350 2796 1577 2833 formitatem
1600 2795 1791 2832 habebant
1818 2795 1867 2831 ad
1885 2794 2077 2834 caritatem
2098 2794 2235 2832 Christi
2262 2794 2404 2843 patien-

1351 2849 1408 2886 tis.
1438 2849 1548 2886 Unde
1577 2860 1647 2884 nec
1675 2861 1697 2884 a
1715 2847 1877 2896 peccatis
1905 2847 1982 2883 suis
2008 2855 2112 2886 erant
2139 2846 2324 2884 mundati.
2358 2848 2405 2884 Et

1351 2909 1507 2951 propter
1523 2901 1598 2936 hoc
1618 2900 1823 2936 descensus
1840 2899 1978 2936 Christi
1997 2899 2045 2936 ad
2065 2899 2202 2936 inferos
2223 2911 2302 2935 non
2317 2911 2404 2936 con-

1351 2953 1434 2991 tulit
1453 2953 1506 2990 eis
1525 2952 1787 2989 liberationem
1806 2964 1828 2988 a
1847 2959 1952 2988 reatu
1979 2963 2127 3000 poenae
2150 2951 2350 2988 infernalis.

1404 3007 1461 3042 An
1490 3017 1623 3042 PRIMUM
1652 3016 1749 3041 ERGO
1781 3016 1961 3041 DICENDUM
1998 3005 2124 3053 quod,
2155 3003 2304 3041 Christo
2341 3004 2405 3040 de-

1352 3058 1554 3095 scendente
1583 3056 1632 3094 ad
1659 3056 1817 3102 inferos,
1847 3068 1982 3093 omnes
2019 3056 2085 3104 qui
2113 3064 2218 3093 erant
2245 3056 2284 3092 in
2312 3068 2405 3105 qua-

1353 3122 1520 3158 cumque
1556 3117 1661 3158 parte
1699 3108 1850 3155 inferni,
1884 3116 1971 3145 sunt
2008 3108 2216 3157 aliqualiter
2251 3108 2402 3146 visitati:

1352 3163 1417 3199 sed
1446 3161 1605 3211 quidam
1624 3162 1672 3198 ad
1696 3173 1807 3198 suam
1835 3160 2136 3198 consolationem
2164 3169 2199 3198 et
2217 3160 2404 3198 liberatio-

1351 3227 1460 3260 nem;
1495 3213 1650 3263 quidam
1673 3221 1801 3250 autem
1821 3213 1868 3250 ad
1888 3225 1998 3250 suam
2022 3213 2320 3250 confutationem
2339 3221 2376 3251 et
2389 3219 2404 3241 Υ

1351 3266 1629 3312 confusionem,
1652 3265 1790 3303 scilicet
1808 3266 1987 3302 damnati.
2017 3266 2128 3303 Unde
2152 3265 2296 3303 ibidem
2315 3266 2403 3303 sub-

1350 3319 1450 3356 ditur
1468 3319 1505 3355 *1
1526 3320 1573 3356 Et
1593 3320 1777 3355 erubescet
1803 3319 1903 3364 luna,
1920 3324 1953 3354 et
1977 3319 2223 3366 confundetur
2246 3318 2312 3364 sol,
2333 3325 2402 3355 etc.

1404 3373 1531 3408 Potest
1565 3370 1678 3407 etiam
1706 3371 1782 3407 hoc
1817 3370 1943 3407 referri
1970 3371 2018 3407 ad
2046 3369 2300 3407 visitationem
2327 3382 2404 3419 qua

1350 3424 1603 3461 visitabuntur
1622 3423 1660 3460 in
1689 3423 1749 3460 die
1775 3422 1912 3469 iudicii,
1933 3435 2012 3460 non
2036 3430 2077 3459 ut
2102 3422 2318 3470 liberentur,
2338 3423 2404 3460 sed

1403 3555 1429 3589 γ)
1449 3555 1655 3589 confutationem
1681 3557 1715 3579 et.
1733 3568 1752 3572 -
1776 3555 1836 3579 Om.
1860 3554 1898 3583 G;
1923 3556 1949 3578 et
1971 3553 2149 3587 consusIOnem
2174 3560 2227 3578 om.
2251 3552 2299 3578 Hb.
2316 3567 2336 3572 -
2355 3553 2404 3577 Pro

1351 3591 1456 3620 scilicet,
1475 3591 1544 3616 sicut
1561 3591 1606 3620 Pa.
1625 3590 1724 3615 scilicet
1744 3590 1813 3615 sicut
1831 3589 1914 3614 ceteri.

2429 1665 2440 1676 ⁸
2455 1664 2520 1686 Vei-s.
2536 1672 2567 1686 ιι.

2432 2331 2441 2340 ’·
2461 2331 2511 2351 Art.
2528 2337 2551 2357 4,
2572 2330 2600 2352 nd
2615 2337 2642 2357 2;

2431 2360 2474 2379 art.
2488 2363 2507 2384 5.

2434 3327 2444 3337 ·
2456 3326 2522 3348 Vei-⁸.
2537 3332 2571 3355 ²³·
