2872 3970
134 763 143 773 ⁸
153 762 190 782 Ps.
201 766 272 787 xxxn,
283 767 342 782 vers.

132 794 165 810 22.

131 864 140 874 ⁴
153 863 235 884 (11101.
245 863 341 887 Lomb.;

132 890 226 911 Halens.
257 890 341 910 Summ.

133 916 212 936 Theol.
222 915 293 943 ρ,111.
302 921 341 942 qu.

132 942 341 969 viu.memb.3.a.2,

132 974 178 995 arg.
196 975 203 990 ι
221 968 314 989 Contra.

133 1280 141 1289 ⁸
156 1278 206 1300 Lib.
218 1278 279 1302 X111,
291 1284 340 1308 cap.

132 1311 195 1331 xun,
216 1305 244 1326 al.
262 1311 298 1329 xv,
320 1310 340 1325 ιιι

133 1336 177 1353 vet.
192 1337 231 1352 xx.

133 1707 142 1716 ⁸
153 1705 218 1726 Offic.
231 1705 254 1726 Β.
270 1705 299 1726 Μ.
312 1705 341 1726 V.

133 1738 178 1753 sec.
203 1732 270 1753 ritum
298 1731 340 1752 FF.

134 1759 225 1783 Ῥακά,
253 1758 341 1785 antiph.

133 1785 160 1806 ad
176 1784 323 1806 Benedictus.

134 1966 144 1976 '⁴
158 1965 214 1993 Cap.
231 1972 267 1986 xv.

135 2228 144 2237 ·
159 2227 225 2248 Vers.
240 2232 259 2254 5.

136 2542 145 2551 ⁸
159 2543 208 2562 Art.
224 2547 244 2567 2,
259 2547 278 2568 3,
295 2541 315 2562 6.

142 3495 150 3504 ⁸
166 3493 201 3514 Cf.
218 3498 279 3513 num.
297 3497 330 3512 m.

377 245 423 280 50

1095 240 1357 287 QUAESTIO
1387 241 1435 287 11,
1466 241 1758 278 ARTlcULUs
1787 242 1837 278 Xl

1118 391 1436 434 ARTICULUS
1470 390 1806 434 UNDECIMUS

715 486 872 518 UTRUM
896 485 1001 516 UNIO
1027 483 1367 515 INCARNATIONIS
1390 483 1550 515 FUERIT
1573 483 1740 522 ALIQUA
1762 484 1931 515 MERITA
1953 484 2207 517 SUBSECUTA

810 564 832 588 1⁸
852 563 907 594 11⁵⁸,
927 571 970 596 qu.
990 570 1077 591 xcvm.
1096 567 1142 587 art.
1161 569 1192 593 4;
1212 562 1243 586 111
1263 562 1346 591 Sent„
1367 561 1425 587 dist.
1443 569 1477 592 iv,
1498 569 1541 594 qu.
1561 569 1598 593 111,
1618 567 1664 586 art.
1687 568 1715 592 ις
1734 562 1778 587 Aa
1796 563 1875 592 Heb.,
1895 570 1951 596 cap.
1970 570 1988 592 ι,
2006 563 2064 588 lect.
2083 571 2117 588 iv,

393 659 464 713 ‘tas'
484 663 542 694 W<
579 657 602 682 D
617 655 826 682 UNDECIMUM
841 655 892 679 sm
908 653 1142 679 raocnnrrua.
1154 640 1314 678 Videtur
1329 640 1435 689 quod

400 691 452 757 “J
495 687 556 747 ἷξᾶ
580 697 674 734 unio
711 694 981 732 incarnationis
1009 694 1119 730 fuerit
1156 693 1283 742 aliqua
1301 693 1436 730 merita

387 752 424 807 ’ᾖ
445 735 794 786 w'zsubsecuta.
835 747 938 794 Quia
966 758 1082 795 super
1114 746 1206 782 illud
1235 745 1376 782 Psalmi
1402 745 1434 792 *,

442 795 523 837 7233)
537 794 663 840 &Fiat
678 800 931 838 misericordia
950 805 1024 845 tua,
1042 800 1213 844 Domine,
1229 810 1341 847 super
1355 810 1433 844 nos,

370 855 679 904 quemadmodum
713 854 942 902 speravimus
976 854 1013 888 in
1042 857 1091 897 te,
1121 851 1209 887 dicit
1241 851 1377 887 Glossa
1395 850 1432 886 *ε

368 909 446 944 Hic
474 909 680 943 insinuatur
707 906 925 942 desiderium
953 905 1160 954 Prophetae
1192 904 1237 940 de
1264 905 1434 940 incarna-

368 962 476 1006 tione,
497 966 530 996 et
557 960 728 996 meritum
757 958 985 1007 impletionis.
1016 958 1117 1004 Ergo
1146 955 1355 993 incarnatio
1375 968 1435 993 ca-

369 1012 423 1049 dit
450 1012 522 1048 sub
550 1011 698 1048 merito.

424 1077 457 1101 2.
489 1064 720 1110 PRAETEREA,
737 1062 975 1111 quicumque
996 1069 1165 1099 meretur
1183 1061 1339 1110 aliquid,
1355 1073 1435 1098 me-

369 1125 472 1155 retur
490 1117 582 1154 illud
602 1116 683 1153 sine
712 1128 791 1164 quo
820 1115 912 1152 illud
942 1114 1074 1151 haberi
1094 1126 1173 1151 non
1192 1121 1327 1163 potest.
1359 1114 1435 1151 Sed

369 1170 514 1219 antiqui
549 1171 678 1206 Patres
713 1168 960 1205 merebantur
993 1167 1111 1204 vitam
1146 1175 1356 1213 aeternam,
1386 1167 1435 1203 ad

369 1235 487 1272 quam
522 1221 722 1271 pervenire
755 1233 835 1258 non
863 1227 1038 1270 poterant
1066 1219 1137 1256 nisi
1165 1231 1234 1268 per
1261 1219 1435 1256 incarna-

368 1276 531 1312 tionem:
571 1274 660 1312 dicit
680 1273 781 1311 enim
805 1272 1024 1321 Gregorius,
1045 1272 1084 1309 in
1112 1272 1209 1309 libro
1229 1273 1375 1310 Moral.
1396 1271 1433 1308 *ε

369 1330 427 1365 Hi
453 1330 517 1377 qui
547 1333 632 1364 ante
663 1328 799 1364 Christi
831 1326 1028 1364 adventum
1057 1327 1095 1362 in
1123 1326 1223 1362 hunc
1255 1325 1435 1362 mundum

368 1386 558 1426 venerunt,
581 1379 843 1429 quantamlibet
870 1379 1025 1415 iustitiae
1051 1379 1220 1416 virtutem
1247 1379 1434 1424 haberent,

369 1447 418 1470 ex
452 1435 668 1482 corporibus
705 1431 825 1468 educti
858 1433 895 1467 in
930 1432 1052 1467 sinum
1090 1431 1253 1468 caelestis
1287 1431 1437 1480 patriae

367 1488 487 1523 statim
517 1487 632 1534 recipi
659 1484 759 1521 nullo
787 1483 899 1520 modo
927 1489 1119 1532 poterant,
1155 1484 1241 1532 quia
1270 1482 1435 1519 nondum

369 1539 429 1576 ille
455 1543 607 1576 venerat
635 1538 698 1586 qui
724 1539 902 1573 iustorum
931 1537 1077 1572 animas
1096 1537 1132 1572 in
1148 1540 1330 1585 perpetua
1352 1535 1437 1571 sede

369 1591 576 1628 collocaret.
614 1591 715 1637 Ergo
743 1588 895 1625 videtur
929 1588 1036 1637 quod
1071 1587 1280 1625 meruerint
1315 1586 1435 1624 incar-

370 1643 576 1681 nationem.

425 1697 458 1732 3.
480 1697 711 1740 PRAETEREA,
730 1695 778 1731 de
799 1695 915 1730 Beata
929 1693 1083 1741 Virgine
1103 1700 1275 1729 cantatur
1289 1692 1308 1714 *
1328 1693 1435 1741 quod

369 1750 574 1786 Dominum
603 1749 770 1785 omnium
791 1749 924 1783 meruit
946 1752 1121 1795 portare:
1149 1746 1255 1794 quod
1275 1745 1434 1794 quidem

369 1802 512 1838 factum
547 1808 602 1837 est
635 1812 704 1849 per
736 1799 1050 1837 incarnationem.
1088 1799 1189 1845 Ergo
1225 1797 1434 1835 incarnatio

371 1854 469 1891 cadit
497 1853 567 1890 sub
596 1853 744 1889 merito.

425 1907 498 1943 SED
527 1918 672 1943 CONTRA
693 1917 758 1942 EST
777 1905 883 1954 quod
903 1903 1139 1951 Augustinus
1159 1902 1258 1949 dicit,
1279 1903 1317 1939 in
1337 1902 1433 1940 libro

371 1960 416 1996 de
428 1959 612 1996 Praedest.
630 1960 850 1995 Sanctorum
865 1957 899 1994 *z
927 1958 1096 2006 Quisquis
1115 1957 1152 1992 in
1173 1958 1291 2005 capite
1310 1962 1434 1993 nostro

367 2012 626 2061 praecedentia
661 2012 792 2047 merita
826 2010 1028 2059 singularis
1056 2009 1151 2045 illius
1184 2010 1436 2058 generationis

371 2066 560 2109 invenerit,
577 2066 652 2113 ipse
670 2065 706 2099 in
723 2065 837 2109 nobis,
853 2064 1028 2099 membris
1042 2063 1118 2098 eius
1133 2066 1161 2107 α,
1173 2061 1435 2110 praecedentia

371 2119 502 2154 merita
534 2117 794 2165 multiplicatae
826 2116 1116 2165 regenerationis
1149 2115 1320 2162 inquirat.
1358 2113 1434 2150 Sed

371 2171 475 2206 nulla
511 2169 644 2206 merita
680 2175 967 2217 praecesserunt
1003 2166 1329 2214 regenerationem
1366 2178 1434 2202 no-

372 2230 504 2259 stram:
536 2222 751 2258 secundum
780 2221 872 2257 illud
896 2222 964 2257 Tit.
986 2232 1018 2256 111
1031 2219 1065 2256 ²¹²:
1087 2220 1178 2256 Non
1198 2231 1247 2256 ex
1265 2220 1436 2268 operibus

371 2277 525 2311 iustitiae
559 2286 653 2324 quae
678 2275 843 2322 fecimus
878 2285 962 2318 nos,
995 2272 1061 2309 sed
1091 2271 1293 2308 secundum
1328 2283 1435 2308 suam

371 2328 663 2364 misericordiam
699 2326 821 2363 salvos
853 2338 920 2363 nos
936 2326 1032 2373 fecit
1060 2337 1133 2374 per
1159 2325 1352 2362 lavacrum
1382 2336 1435 2360 re-

370 2381 631 2430 generationis
656 2380 757 2426 Ergo
778 2390 848 2415 nec
867 2378 970 2415 illam
991 2376 1130 2415 Christi
1149 2376 1435 2424 generationem

371 2433 498 2481 aliqua
526 2432 660 2469 merita
687 2438 987 2481 praecesserunt.

424 2487 648 2523 Responmso
676 2496 858 2521 DICENDUM
877 2484 996 2533 quod,
1018 2490 1204 2532 quantum
1235 2482 1284 2519 ad
1306 2482 1435 2531 ipsum

373 2538 584 2584 Christum,
614 2537 858 2574 manifestum
887 2543 942 2573 est
970 2548 1017 2572 ex
1043 2534 1262 2584 praemissis
1280 2534 1300 2556 ’³‘
1328 2535 1435 2584 quod

371 2593 475 2628 nulla
494 2591 575 2627 eius
595 2589 728 2626 merita
747 2596 955 2638 potuerunt
978 2588 1206 2637 praecedere
1234 2587 1433 2624 unionem.

371 2646 463 2681 Non
479 2643 583 2680 enim
602 2642 785 2691 ponimus
805 2642 911 2691 quod
927 2649 1012 2678 ante
1032 2641 1142 2677 fuerit
1161 2652 1282 2689 purus
1301 2641 1434 2686 homo,

373 2705 407 2733 et
434 2704 566 2745 postea
598 2707 667 2744 per
694 2694 875 2732 meritum
908 2694 1034 2731 bonae
1062 2693 1162 2730 vitae
1197 2692 1403 2730 obtinuerit
1421 2691 1436 2722 β

373 2762 453 2787 esse
489 2749 607 2786 Filius
634 2748 723 2794 Dei,
754 2747 849 2784 sicut
877 2746 1005 2795 posuit
1033 2746 1238 2783 Photinus:
1276 2746 1344 2783 sed
1367 2758 1435 2795 po-

373 2802 501 2839 nimus
537 2801 643 2850 quod
677 2813 699 2837 a
726 2800 913 2850 principio
951 2811 1043 2836 suae
1081 2798 1341 2848 conceptionis
1376 2798 1435 2836 ille

427 2922 453 2956 α)
474 2923 499 2948 in
519 2923 600 2951 nobis,
616 2923 739 2948 membris
758 2923 850 2948 eius.—
867 2922 976 2951 CFGIa,·
995 2922 1021 2947 in
1037 2922 1111 2947 nobis
1125 2922 1248 2947 membris
1260 2921 1314 2953 ΑΕ,
1327 2928 1344 2946 a
1364 2921 1438 2946 nobis

373 2959 428 2984 eius
448 2958 500 2988 BD,
520 2965 536 2982 a
556 2958 629 2982 nobis
649 2958 712 2986 Hbc.
732 2958 757 2982 in
779 2958 852 2983 nobis
872 2958 899 2983 Ρ.

428 2993 452 3026 β)
472 2994 624 3018 obtinuerit.
637 3008 656 3012 —
674 2994 825 3018 obtinuerat
843 2993 951 3019 ABCEI.

426 3028 453 3063 γ)
473 3029 580 3054 Filium.
594 3043 613 3047 -
631 3029 695 3053 Filii
712 3029 792 3054 tertia.

1491 641 1613 677 homo
1642 653 1732 678 vere
1760 641 1870 678 fuerit
1897 642 2016 679 Filius
2037 643 2119 690 Dei,
2140 650 2272 692 utpote
2299 656 2380 681 non
2407 644 2554 683 habens

1491 693 1606 730 aliam
1633 693 1870 743 hypostasim
1898 707 2018 744 quarn
2046 695 2186 733 Filium
2201 700 2216 724 Υ
2235 696 2317 742 Dei,
2339 698 2554 736 secundum

1490 745 1581 782 illud
1601 747 1696 783 Luc.
1717 758 1727 783 1
1743 746 1778 783 *z
1815 747 1925 789 Quod
1941 759 1990 784 ex
2007 753 2042 784 te
2060 754 2230 786 nascetur
2246 755 2426 796 sanctum,
2446 763 2554 789 voca-

1489 800 1587 835 bitur
1619 799 1735 835 Filius
1769 800 1851 836 Dei.
1888 800 1936 836 Et
1967 799 2055 837 ideo
2090 801 2217 838 omnis
2251 802 2421 851 operatio
2456 803 2555 841 illius

1490 851 1658 887 hominis
1687 851 1889 888 subsecuta
1908 859 1963 889 est
1981 852 2179 890 unionem.
2209 855 2321 892 Unde
2348 855 2453 892 nulla
2471 855 2554 893 eius

1490 903 1660 952 operatio
1688 904 1812 953 potuit
1840 917 1921 941 esse
1949 905 2130 942 meritum
2158 906 2322 944 unionis.

1544 957 1620 994 Sed
1648 969 1775 1006 neque
1804 957 1918 994 etiam
1947 970 2064 1006 opera
2092 958 2371 1008 cuiuscumque
2403 960 2554 998 alterius

1490 1009 1660 1046 hominis
1679 1017 1888 1058 potuerunt
1901 1022 1984 1046 esse
1999 1010 2192 1048 meritoria
2207 1011 2322 1048 huius
2341 1012 2495 1050 unionis
2509 1025 2555 1050 ex

1490 1062 1693 1110 condigno.
1731 1062 1863 1099 Primo
1895 1062 2069 1111 quidem,
2099 1063 2189 1112 quia
2217 1075 2335 1112 opera
2362 1065 2555 1103 meritoria

1490 1114 1659 1151 hominis
1678 1114 1832 1163 proprie
1850 1115 2076 1152 ordinantur
2089 1116 2138 1152 ad
2152 1115 2438 1163 beatitudinem,
2454 1129 2554 1167 quae

1490 1175 1545 1204 est
1572 1169 1713 1206 virtutis
1735 1169 1948 1217 praemium
1967 1167 1998 1216 ³⁸,
2028 1175 2064 1205 et
2091 1168 2260 1206 consistit
2286 1169 2326 1208 in
2344 1170 2458 1219 plena
2482 1169 2555 1208 Dei

1490 1220 1679 1257 fruitione.
1716 1219 1818 1257 Unio
1846 1228 1976 1257 autem
2009 1220 2293 1268 incarnationis,
2323 1234 2414 1260 cum
2442 1222 2488 1260 sit
2514 1221 2554 1260 in

1491 1285 1572 1310 esse
1592 1272 1794 1321 personali,
1810 1273 2041 1310 transcendit
2058 1273 2243 1311 unionem
2265 1274 2402 1311 mentis
2420 1275 2554 1313 beatae

1490 1326 1539 1363 ad
1559 1326 1700 1371 Deum,
1717 1337 1816 1374 quae
1837 1333 1892 1362 est
1910 1337 1979 1374 per
1997 1333 2127 1363 actum
2145 1327 2312 1364 fruentis.
2339 1328 2386 1364 Et
2405 1327 2455 1365 ita
2473 1339 2554 1366 non

1490 1386 1614 1427 potest
1632 1379 1768 1415 cadere
1787 1377 1860 1415 sub
1888 1377 2035 1415 merito.
2056 1400 2082 1405 —
2111 1379 2304 1426 Secundo,
2329 1379 2420 1429 quia
2437 1380 2555 1428 gratia

1490 1443 1570 1468 non
1598 1438 1722 1479 potest
1749 1430 1885 1468 cadere
1905 1431 1977 1467 sub
1997 1431 2151 1468 merito:
2188 1431 2279 1480 quia
2304 1439 2360 1470 est
2379 1433 2553 1470 merendi

1490 1483 1734 1532 principium.
1771 1483 1882 1520 Unde
1910 1485 2033 1520 multo
2061 1483 2191 1520 minus
2218 1484 2427 1522 incarnatio
2455 1486 2555 1523 cadit

1490 1536 1562 1572 sub
1591 1536 1740 1582 merito,
1768 1547 1867 1584 quae
1896 1543 1951 1572 est
1977 1535 2210 1585 principium
2237 1537 2390 1585 gratiae,
2419 1550 2553 1575 secun-

1490 1589 1586 1625 dum
1618 1587 1711 1625 illud
1739 1589 1842 1625 toan.
1864 1600 1873 1624 1
1892 1587 1928 1624 *:
1963 1589 2094 1626 Gratia
2122 1595 2154 1626 et
2181 1591 2315 1627 veritas
2330 1602 2402 1639 per
2429 1592 2553 1629 Iesum

1493 1642 1678 1678 Christum
1687 1641 1797 1689 facta
1817 1646 1878 1677 est.
1895 1663 1919 1667 —
1941 1640 2086 1688 Tertio,
2106 1641 2197 1690 quia
2216 1641 2424 1680 incarnatio
2445 1642 2553 1680 Chri-

1490 1693 1534 1730 sti
1563 1701 1618 1730 est
1650 1693 1895 1730 reformativa
1930 1693 2045 1730 totius
2077 1694 2270 1731 humanae
2299 1702 2468 1732 naturae.
2495 1696 2555 1733 Et

1489 1747 1577 1783 ideo
1606 1758 1686 1782 non
1715 1745 1815 1782 cadit
1842 1746 1914 1782 sub
1942 1746 2078 1783 merito
2098 1746 2256 1784 alicuius
2285 1747 2453 1785 hominis
2481 1748 2553 1785 sin-

1488 1798 1645 1846 gularis:
1680 1797 1772 1847 quia
1799 1798 1950 1835 bonum
1976 1798 2134 1836 alicuius
2162 1799 2250 1848 puri
2277 1799 2445 1837 hominis
2472 1812 2552 1838 non

1488 1859 1612 1901 potest
1645 1863 1726 1888 esse
1759 1862 1874 1887 causa
1906 1850 1998 1887 boni
2030 1851 2144 1888 totius
2172 1859 2329 1889 naturae
2348 1850 2372 1890 ὃ.

1541 1905 1599 1941 Ex
1619 1915 1790 1951 congruo
1809 1910 1939 1940 tamen
1967 1911 2191 1941 meruerunt
2212 1903 2329 1942 sancti
2348 1905 2477 1943 Patres
2495 1905 2552 1943 in-

1489 1956 1762 2003 carnationem,
1782 1955 2036 1993 desiderando
2061 1964 2097 1993 et
2114 1957 2293 2006 petendo.
2325 1957 2552 2006 Congruum

1489 2009 1593 2046 enim
1613 2016 1691 2045 erat
1705 2016 1748 2045 ut
1760 2009 1867 2045 Deus
1886 2008 2082 2046 exaudiret
2099 2021 2165 2045 eos
2180 2009 2246 2058 qui
2260 2009 2294 2046 ei
2309 2009 2550 2048 obediebant.

1543 2063 1590 2098 Et
1617 2073 1686 2110 per
1713 2062 1789 2098 hoc
1816 2068 1918 2110 patet
1946 2061 2143 2110 responsio
2172 2062 2222 2099 ad
2248 2061 2430 2112 primum.

1542 2115 1599 2150 An
1627 2125 1816 2151 secunlum
1844 2125 2024 2151 mOENDUM
2053 2114 2128 2151 hoc
2156 2126 2238 2151 esse
2265 2115 2416 2162 falsum,
2444 2116 2552 2165 quod

1489 2166 1561 2204 sub
1581 2166 1718 2203 merito
1745 2166 1854 2203 cadat
1877 2178 1994 2204 omne
2014 2166 2106 2204 illud
2126 2166 2206 2204 sine
2227 2179 2306 2216 quo
2334 2167 2552 2217 praemium

1490 2231 1570 2256 esse
1599 2231 1680 2256 non
1707 2226 1842 2268 potest.
1873 2219 2075 2265 Quaedam
2106 2219 2211 2256 enim
2239 2227 2328 2257 sunt
2353 2232 2453 2270 quae
2472 2232 2554 2259 non

1490 2273 1617 2309 solum
1642 2271 1889 2321 requiruntur
1907 2272 1956 2308 ad
1975 2271 2204 2321 praemium,
2226 2273 2293 2309 sed
2313 2272 2426 2310 etiam
2443 2284 2553 2323 prae·

1490 2325 1693 2372 exiguntur
1719 2324 1767 2361 ad
1796 2324 1992 2361 meritum:
2030 2324 2126 2361 sicut
2159 2324 2290 2364 divina
2320 2325 2488 2374 bonitas,
2516 2328 2554 2364 et

1490 2377 1571 2414 eius
1598 2377 1728 2425 gratia,
1758 2384 1794 2413 et
1820 2377 1902 2426 ipsa
1930 2376 2099 2414 hominis
2125 2384 2271 2414 natura.
2308 2378 2357 2414 Et
2383 2377 2554 2416 similiter

1489 2429 1758 2467 incarnationis
1786 2429 2012 2479 mysterium
2031 2437 2086 2466 est
2103 2429 2335 2479 principium
2358 2429 2560 2470 merendi:-

1490 2482 1581 2532 quia
1601 2483 1646 2519 de
1667 2483 1896 2532 plenitudine
1925 2483 2063 2519 Christi
2087 2494 2215 2520 omnes
2242 2485 2452 2532 accepimus
2465 2489 2489 2532 ⁸,
2510 2491 2554 2521 ut

1490 2535 1627 2572 dicitur
1653 2537 1757 2572 Ioan.
1779 2547 1788 2571 1
1807 2534 1838 2571 ²¹².

1543 2590 1599 2624 Ao
1627 2600 1785 2625 TERTIUM
1813 2599 1994 2624 DICENDUM
2020 2587 2127 2637 quod
2147 2588 2263 2625 Beata
2281 2587 2397 2636 Virgo
2416 2587 2555 2639 dicitur

1489 2640 1675 2677 meruisse
1694 2648 1846 2690 portare
1865 2640 2081 2678 Dominum
2100 2641 2227 2678 Iesum
2248 2641 2456 2690 Christum,
2471 2646 2553 2691 non

1490 2693 1581 2742 quia
1608 2693 1748 2730 meruit
1779 2693 1908 2730 Deum
1940 2692 2146 2730 incarnari:
2183 2693 2251 2731 sed
2278 2693 2370 2743 quia
2400 2693 2554 2743 meruit,

1490 2759 1537 2783 ex
1563 2746 1681 2793 gratia
1708 2745 1779 2782 sibi
1806 2745 1905 2791 data,
1934 2745 2042 2783 illum
2062 2745 2074 2771 t
2101 2745 2274 2795 puritatis
2297 2750 2333 2783 et
2351 2746 2553 2793 sanctitatis

1489 2799 1652 2846 gradum
1680 2806 1722 2834 ut
1749 2810 1918 2845 congrue
1946 2806 2076 2847 posset
2102 2811 2185 2835 esse
2213 2806 2336 2837 mater
2361 2798 2444 2837 Dei.
2530 2808 2533 2813 ’

1544 2919 1569 2954 δ)
1588 2921 1650 2946 boni
1668 2921 1749 2945 totius
1768 2923 1891 2946 naturae.
1904 2935 1923 2939 -
1936 2921 1959 2944 H
1974 2926 1999 2945 et
2011 2920 2152 2952 editiones;
2171 2921 2252 2947 totius
2270 2921 2333 2947 bom*
2343 2924 2458 2947 naturae
2469 2921 2553 2956 prima

1491 2962 1517 2981 et
1534 2956 1600 2985 FGl,
1620 2957 1702 2981 totius
1721 2956 1853 2981 humanae
1873 2959 1987 2981 naturae
2005 2956 2068 2981 bom·
2085 2956 2115 2982 E.

1543 2990 1566 3023 ε)
1585 2992 1742 3023 accepimus.
1755 3005 1774 3010 -
1792 2994 1952 3023 acceperunt
1969 2992 2042 3016 tertia
2061 2997 2164 3024 praeter
2181 2992 2208 3018 Ρ.

1542 3026 1569 3061 ζ)
1589 3027 1670 3052 illum.
1683 3041 1702 3046 -
1720 3027 1740 3051 F
1760 3031 1786 3051 et
1804 3027 1893 3057 tertia;
1912 3027 2056 3052 secundum
2076 3026 2160 3053 illum.

1051 3106 1383 3139 Commentario.
1405 3105 1658 3139 Cardinalis
1679 3105 1881 3138 Caietam

379 3197 425 3258 IN
449 3186 542 3216 titulo
566 3185 687 3215 articuli
711 3184 889 3221 undecimi,
918 3185 990 3216 vide
1015 3185 1103 3226 quod
1126 3187 1159 3216 in
1183 3185 1383 3226 praecedenti
1407 3191 1438 3216 et
1487 3169 1545 3216 'Ille
1568 3186 1669 3215 homo
1693 3186 1750 3226 qui
1773 3191 1819 3216 est
1843 3185 1997 3223 Christus,
2021 3195 2039 3216 a
2060 3185 2219 3226 principio
2239 3193 2316 3216 suae
2331 3185 2551 3225 conceptionis

406 3231 469 3260 hoc
485 3236 580 3270 atque
596 3230 742 3269 sequenti
759 3229 891 3258 articulo
909 3230 1052 3268 quaestio
1070 3235 1116 3260 est
1132 3229 1171 3260 de
1188 3239 1281 3260 causa
1297 3230 1435 3260 unionis.

376 3274 416 3304 Et
439 3275 592 3314 quoniam
616 3273 727 3313 triplex
750 3272 834 3302 illius
858 3282 952 3302 causa
975 3273 1162 3312 assignatur,
1186 3274 1306 3304 scilicet
1328 3274 1435 3314 gratia,

376 3318 486 3348 merita
509 3323 540 3348 et
562 3322 682 3352 natura,
706 3316 790 3351 ideo,
815 3315 962 3355 expedito
982 3316 1107 3346 decimo
1125 3318 1256 3348 articulo
1274 3317 1313 3348 de
1328 3318 1435 3358 gratia,

377 3362 409 3391 in
432 3362 494 3391 hoc
518 3360 689 3391 undecimo
722 3360 882 3399 quaeritur
912 3359 950 3389 de
974 3360 1109 3395 meritis,
1141 3371 1181 3390 an
1209 3362 1328 3392 scilicet
1357 3362 1435 3392 unio

377 3405 454 3435 haec
478 3415 515 3435 ex
538 3405 656 3435 meritis
680 3403 789 3439 fuerit3
815 3409 845 3434 et
869 3403 1000 3434 demum
1016 3404 1048 3433 in
1066 3403 1258 3434 duodecimo
1276 3406 1436 3445 quaeritur

379 3458 417 3478 an
442 3449 480 3478 sit
503 3449 651 3478 naturalis
675 3447 812 3482 Christo,
830 3453 900 3483 etc.‚
924 3448 987 3477 hoc
1011 3452 1066 3483 est,
1091 3457 1108 3476 a
1132 3453 1251 3477 natura.

434 3492 468 3521 ln
485 3501 618 3531 corpore
642 3491 763 3522 articuli
787 3497 860 3521 sunt
882 3497 943 3521 tres
961 3491 1184 3521 conclusiones
1199 3492 1226 3520 *.
1251 3491 1354 3522 Prima
1370 3498 1433 3522 est:

379 3536 479 3566 Nulla
506 3536 624 3566 Christi
648 3545 745 3575 opera
759 3535 902 3576 suerunt
925 3535 1092 3565 meritoria
1109 3535 1246 3565 unionis.
1271 3535 1434 3566 Probatur.

1490 3228 1550 3259 fuit
1567 3229 1666 3260 Filius
1682 3229 1743 3260 Dei
1766 3230 1973 3270 hypostatice.
1998 3229 2083 3269 Ergo
2099 3229 2204 3260 omnis
2218 3227 2302 3259 illius
2317 3228 2456 3259 hominis
2472 3238 2550 3269 ope-

1490 3274 1569 3303 ratio
1593 3274 1762 3304 subsecuta
1778 3279 1824 3304 est
1847 3274 2012 3304 unionem.
2036 3273 2122 3313 Ergo
2136 3272 2225 3303 nulla
2240 3272 2308 3302 eius
2323 3272 2467 3312 operatio
2490 3281 2550 3312 po-

1490 3318 1550 3348 tuit
1566 3327 1633 3348 esse
1649 3318 1799 3348 meritum
1814 3318 1953 3348 unionis.

1545 3361 1746 3392 Antecedens
1762 3361 1946 3397 declaratur,
1969 3360 2084 3400 primo,
2108 3369 2147 3390 ex
2169 3358 2343 3391 differenda
2373 3360 2456 3390 inter
2477 3369 2549 3390 sen-

1490 3406 1621 3436 tentiam
1645 3405 1720 3436 fidei
1750 3410 1781 3436 et
1807 3405 1962 3436 haeresim
1980 3403 2118 3434 Photini.
2141 3402 2183 3434 Et
2202 3403 2365 3444 probatur,
2388 3402 2547 3440 secundo,

1490 3449 1675 3479 aucton‘tate
1699 3449 1831 3489 Angeli,
1855 3449 1934 3478 Luc.
1957 3458 1978 3478 ι.
1994 3464 2015 3470 -
2036 3446 2295 3486 Consequentiae
2317 3452 2425 3477 autem
2454 3447 2549 3477 relin-

1490 3498 1632 3531 quuntur
1654 3498 1689 3522 ut
1712 3502 1769 3532 per
1792 3502 1825 3523 se
1840 3498 1945 3522 notae.
1975 3491 2017 3522 Et
2038 3500 2111 3521 vere
2127 3491 2171 3520 sic
2187 3495 2243 3521 est.
2267 3490 2430 3529 Quoniam
2446 3491 2549 3531 prima

1489 3541 1575 3575 patet
1590 3546 1627 3566 ex
1650 3537 1712 3566 hoc
1736 3537 1806 3576 ipso
1829 3535 1918 3576 quod
1937 3535 2041 3566 omnis
2063 3534 2207 3575 operatio
2231 3534 2463 3575 cuiuscumque
2490 3535 2548 3565 ho—

2581 767 2591 777 ·
2606 765 2671 787 Vera.
2685 771 2719 795 35.

2584 1177 2591 1185 “
2607 1176 2704 1199 Ari-tot.
2714 1176 2796 1200 Eine-

2582 1202 2621 1224 lib.
2645 1202 2664 1228 1,
2687 1209 2714 1225 σι
2732 1219 2738 1226 .
2759 1209 2792 1232 tx,

2580 1235 2694 1278 rici?'x=-v.
2719 1245 2726 1252 ’
2745 1229 2791 1252 Th'

2583 1601 2593 1611 ·
2605 1599 2671 1622 Ven.
2689 1606 2722 1629 ¹7·

2858 3771 2872 3858 ⁵3.
