2872 3970
91 1839 95 1841 .
126 1825 280 1868 ·s.¹²¹1¹·ii¹iec¹z⁵

113 3113 279 3167 ανῗιῗῗοῗᾷῗ

1028 307 1290 353 QUAESTIO
1320 308 1408 354 XV,
1437 306 1729 344 ARTICULUS
1757 308 1786 343 ΙΙ

2409 307 2478 355 187

313 386 418 435 quod
454 384 493 422 in
529 385 679 422 Christo
717 385 889 422 debuerit
926 397 1007 421 esse
1045 385 1211 422 maxime
1249 387 1370 422 fomes
1425 386 1603 435 perfectio
1632 385 1797 431 virtutis,
1828 397 1927 434 quae
1956 393 2010 421 est
2046 386 2259 422 secundum
2295 385 2478 423 rationem

341 446 467 476 eccati.

312 450 338 487 p
367 491 440 528 SED
470 503 613 528 CONTRA
633 503 697 528 EST
717 490 824 539 quod
853 489 988 527 dicitur
1007 491 1141 527 Matth.
1163 503 1172 527 1
1191 490 1228 527 *ε
1265 491 1374 533 Quod

1426 447 1579 486 rectam,
1600 451 1680 475 non
1707 438 1871 475 excludit
1897 437 2180 486 passibilitatem
2200 438 2389 487 corporis:
2419 451 2481 475 ex-

1426 491 1542 528 cludit
1570 499 1699 528 autem
1735 491 1908 527 fomitem
1936 490 2097 539 peccati,
2127 490 2235 527 cuius
2263 491 2356 527 ratio
2391 503 2482 527 con-

312 545 350 580 in
379 555 423 580 ea
451 549 578 580 natum
607 549 668 589 est,
697 543 742 579 de
769 544 904 592 Spiritu
933 544 1068 580 Sancto
1096 549 1156 579 est.
1187 543 1264 580 Sed
1288 543 1371 592 Spi-
1425 544 1517 581 sistit
1553 544 1593 580 in
1629 543 1836 580 resistentia
1873 542 2057 580 sensibilis
2076 548 2087 564 ε
2116 542 2303 592 appetitus
2340 544 2388 580 ad
2425 556 2482 580 ra—

313 594 405 632 ritus
429 595 589 632 Sanctus
609 595 772 632 excludit
799 603 1012 644 peccatum,
1033 603 1068 631 et
1087 595 1371 632 inclinationem

311 647 474 696 peccati,
504 660 602 696 quae
631 647 858 696 importatur
894 647 1052 684 nomine
1079 647 1230 685 fomitis.
1269 649 1370 696 Ergo

312 699 351 739 in
380 700 530 737 Christo
559 712 639 737 non
665 699 735 737 suit
762 700 884 736 fomes
910 700 1066 749 peccati.

363 753 588 790 Rnsrounsso
624 764 805 790 DICENDUM
842 752 970 801 quod,
999 752 1094 790 sicut
1131 765 1247 802 supra
1265 754 1285 775 ³¹⁶
1316 753 1371 790 di-

311 810 417 842 ctum
444 812 517 852 est,
547 804 720 842 Christus
754 805 1023 854 perfectissime
1051 806 1185 843 habuit
1212 805 1370 854 gratiam

311 864 349 893 et
375 868 511 894 omnes
545 857 712 894 virtutes.
754 857 883 894 Virtus
917 865 1047 894 autem
1081 858 1236 895 moralis
1271 871 1371 907 quae

311 917 367 946 est
399 909 439 946 in
473 909 677 947 irrationali
696 915 712 938 Υ
739 918 845 959 parte
874 910 1045 958 animae,
1072 923 1161 948 eam
1195 910 1280 948 facit
1314 923 1370 947 ra-

309 960 403 998 tioni
422 974 504 999 esse
532 962 755 1009 subiectam,
776 970 812 999 et
834 970 938 1000 tanto
967 964 1086 1012 magis
1114 971 1258 1012 quanto
1286 975 1370 1012 per-

309 1013 441 1052 fectior
471 1015 582 1052 fuerit
609 1015 745 1052 virtus:
783 1015 879 1052 sicut
906 1016 1155 1065 temperantia
1190 1016 1371 1065 concupi-

310 1067 491 1114 scibilem,
515 1075 551 1104 et
578 1068 758 1105 fortitudo
787 1076 823 1105 et
851 1069 1107 1105 mansuetudo
1132 1069 1369 1114 irascibilem,

309 1127 352 1156 ut
379 1118 418 1156 in
448 1121 626 1158 Secunda
653 1122 763 1158 Parte
782 1121 802 1142 '¹‘
830 1121 974 1158 dictum
1003 1129 1068 1158 est.
1098 1122 1158 1158 Ad
1183 1121 1371 1158 rationem

309 1180 439 1209 autem
466 1173 606 1210 fomitis
633 1173 794 1223 pertinet
821 1173 1012 1210 inclinatio
1041 1174 1223 1211 sensualis
1255 1186 1370 1223 appe-

308 1224 397 1262 titus
424 1225 464 1262 in
491 1225 530 1262 id
558 1227 666 1275 quod
691 1234 747 1263 est
774 1234 906 1263 contra
933 1226 1132 1263 rationem.
1171 1227 1233 1264 Sic
1261 1226 1372 1274 igitur

307 1285 411 1327 patet
437 1278 556 1327 quod,
577 1286 722 1328 quanto
749 1278 870 1316 virtus
889 1279 999 1316 fuerit
1026 1279 1146 1327 magis
1174 1279 1213 1316 in
1241 1279 1370 1328 aliquo

307 1330 482 1379 perfecta,
504 1339 608 1368 tanto
628 1332 749 1380 magis
775 1331 990 1369 debilitatur
1008 1332 1048 1368 in
1067 1344 1114 1368 eo
1133 1332 1190 1368 vis
1218 1332 1369 1369 fomitis.

309 1383 412 1420 Cum
448 1383 560 1432 igitur
595 1384 635 1421 in
664 1385 815 1421 Christo
853 1384 964 1422 fuerit
998 1385 1117 1421 virtus
1155 1385 1370 1422 secundum

306 1434 644 1485 perfectissimum.
652 1436 829 1486 gradum,
849 1450 1090 1487 consequens
1118 1446 1173 1474 est
1201 1438 1308 1486 quod
1331 1437 1370 1474 in

307 1500 354 1525 eo
382 1489 504 1526 fomes
533 1490 678 1539 peccati
696 1502 776 1527 non
803 1491 932 1527 fuerit:
963 1503 1054 1527 cum
1083 1490 1197 1528 etiam
1219 1490 1286 1527 iste
1306 1491 1370 1527 de-

307 1541 425 1578 fectus
453 1554 533 1579 non
561 1542 606 1579 sit
634 1543 854 1580 ordinabilis
881 1543 932 1580 ad
959 1543 1278 1590 satisfaciendum,
1303 1544 1370 1580 sed

307 1594 435 1643 potius
463 1595 618 1632 inclinat
635 1594 648 1617 ὃ
676 1596 726 1632 ad
753 1596 989 1633 contrarium
1017 1595 1267 1633 satisfactioni.

360 1649 418 1684 AD
446 1660 581 1685 ptumum
602 1660 701 1686 ERGO
729 1660 910 1686 DICENDUM
929 1649 1038 1698 quod
1056 1648 1251 1685 inferiores
1270 1648 1369 1685 vires

306 1699 536 1749 pertinentes
564 1701 614 1738 ad
642 1701 858 1738 sensibilem
891 1701 1123 1751 appetitum,
1153 1702 1371 1738 naturaliter

308 1761 396 1790 sunt
424 1753 634 1790 obedibiles
662 1754 815 1791 rationi:
845 1766 924 1791 non
953 1762 1083 1791 autem
1106 1754 1206 1791 vires
1233 1767 1369 1804 corpo—

307 1806 414 1851 rales,
432 1807 493 1843 vel
513 1807 726 1843 humorum
746 1807 1018 1856 corporalium,
1034 1808 1095 1843 vel
1116 1807 1230 1844 etiam
1251 1806 1369 1855 ipsius

306 1858 458 1896 animae
486 1859 716 1907 vegetabilis,
736 1867 778 1896 ut
804 1867 907 1909 patet
934 1859 973 1896 in
993 1861 1006 1896 1
1025 1861 1141 1897 Ethic.
1162 1859 1183 1881 ’¹‘
1210 1861 1258 1896 Et
1281 1859 1368 1896 ideo

357 1989 384 2049 ἔ)
404 1990 567 2032 irrationali.
581 2004 604 2031 ⁸—
623 1991 661 2032 Eia
681 1996 706 2015 et
725 1997 771 2023 per
789 1990 864 2016 Alias
883 1998 973 2023 margo
992 1991 1026 2022 1³3
1046 1990 1183 2016 rationali.

359 2025 384 2096 εἷ
400 2026 541 2086 ἑὲτῖιειῧνῗιῖε.
558 2026 731 2086 pugnata&
742 2061 763 2085 F
783 2067 808 2086 et
826 2061 908 2086 tertia.

1425 604 1580 634 tionem.

1478 651 1534 686 AD
1563 661 1751 686 SECUNDUM
1779 661 1958 686 DICENDUM
1997 648 2103 697 quod
2141 661 2228 685 caro
2266 648 2484 685 naturaliter

1425 701 1659 750 concupiscit
1687 701 1724 738 id
1753 702 1859 750 quod
1888 709 1942 738 est
1970 701 2039 737 sibi
2077 701 2312 746 delectabile,
2343 713 2483 744 concu-

1425 754 1606 803 piscentia
1641 754 1828 804 appetitus
1864 754 2047 790 sensitivi:
2085 754 2151 790 sed
2179 766 2267 790 caro
2303 753 2482 800 hominis,

1425 807 1491 856 qui
1520 815 1575 843 est
1602 807 1743 844 animal
1771 806 1964 852 rationale,
1986 808 2060 843 hoc
2088 806 2322 855 concupiscit
2349 818 2483 843 secun-

1426 860 1521 896 dum
1549 859 1712 896 modurn
1741 867 1777 896 et
1796 859 1971 896 ordinem
2001 859 2164 896 rationis.
2195 860 2242 895 Et
2260 860 2336 896 hoc
2363 859 2483 895 modo

1425 924 1513 949 caro
1544 912 1701 958 Christi,
1731 912 2039 961 concupiscentia
2075 911 2262 961 appetitus
2300 911 2481 958 sensitivi,

1425 964 1643 1002 naturaliter
1661 965 1863 1013 appetebat
1881 977 2008 1002 escam
2028 973 2064 1001 et
2079 973 2216 1014 potum
2236 972 2271 1001 et
2286 976 2482 1012 somnum,

1426 1025 1461 1054 et
1488 1017 1559 1054 alia
1588 1017 1812 1054 huiusmodi
1839 1030 1938 1066 quae
1967 1018 2181 1054 secundum
2212 1017 2399 1054 rationem
2427 1029 2483 1054 re-

1425 1078 1526 1107 ctam
1554 1077 1801 1118 appetuntur:
1832 1078 1873 1106 ut
1900 1077 2001 1118 patet
2028 1082 2096 1118 per
2124 1071 2421 1115 Damascenum,
2444 1069 2480 1107 in

1425 1124 1470 1159 III
1499 1122 1594 1159 libro
1613 1122 1644 1158 ²¹².
1675 1123 1733 1159 Ex
1761 1123 1836 1159 hoc
1864 1131 1993 1159 autem
2021 1135 2100 1159 non
2129 1123 2299 1171 sequitur
2318 1123 2424 1172 quod
2444 1122 2483 1159 in

1426 1175 1576 1212 Christo
1596 1174 1707 1211 fuerit
1734 1175 1855 1211 fomes
1874 1175 2028 1223 peccati⁷
2050 1175 2117 1223 qui
2145 1175 2324 1223 importat
2343 1187 2482 1212 concu-

1424 1227 1647 1277 piscentiam
1662 1227 1941 1264 delectabilium
1958 1235 2107 1276 praeter
2126 1227 2302 1264 ordinem
2317 1227 2482 1264 rationis.

1477 1282 1534 1316 AD
1561 1292 1720 1317 TERTIUM
1757 1292 1937 1317 DICENDUM
1975 1280 2082 1328 quod
2115 1280 2295 1316 fortitudo
2332 1280 2484 1329 spiritus

1425 1332 1597 1382 aliqualis
1626 1332 1837 1369 ostenditur
1864 1344 1910 1368 ex
1939 1333 2013 1369 hoc
2041 1333 2147 1381 quod
2176 1332 2309 1369 resistit
2343 1345 2483 1370 concu-

1424 1385 1628 1435 piscentiae
1666 1384 1787 1421 carnis
1826 1384 1895 1421 sibi
1933 1384 2212 1422 comrariantis:
2256 1385 2323 1422 sed
2359 1385 2484 1422 maior

1423 1438 1604 1475 fortitudo
1633 1437 1784 1486 spiritus
1813 1437 2024 1474 ostenditur
2049 1437 2079 1474 si
2098 1450 2167 1486 per
2194 1438 2275 1474 eius
2302 1438 2483 1475 virtutem

1423 1491 1584 1528 totaliter
1611 1490 1888 1539 comprimatur
1906 1490 1929 1537 ζ,
1959 1503 2007 1527 ne
2036 1498 2166 1527 contra
2190 1491 2365 1540 spiritum
2392 1503 2482 1528 con-

1423 1544 1618 1593 cupiscere
1637 1543 1766 1592 possit.
1790 1544 1838 1580 Et
1856 1543 1943 1580 ideo
1963 1544 2038 1580 hoc
2056 1544 2297 1592 competebat
2317 1543 2480 1590 Christo,

1423 1596 1532 1634 cuius
1560 1596 1712 1645 spiritus
1747 1608 1947 1633 summum
1981 1596 2143 1644 gradum
2175 1596 2402 1633 fortitudinis
2429 1604 2481 1633 at-

1422 1649 1563 1697 tigerat.
1601 1650 1648 1685 Et
1675 1648 1760 1688 licet
1787 1661 1866 1685 non
1901 1648 2118 1685 sustinuerit
2153 1648 2482 1697 impugnationem

1423 1702 1644 1739 interiorem
1672 1713 1718 1737 ex
1745 1709 1851 1750 parte
1879 1701 2030 1747 fomitis,
2061 1701 2236 1738 sustinuit
2263 1710 2392 1738 tamen
2420 1714 2481 1738 ex-

1412 1754 1602 1791 teriorem
1631 1753 1962 1802 impugnationem
1982 1766 2028 1790 ex
2053 1761 2157 1802 parte
2177 1754 2312 1790 mundi
2341 1762 2376 1790 et
2405 1754 2482 1790 dia-

1423 1806 1521 1853 boli,
1567 1818 1666 1855 quos
1703 1806 1921 1855 superando
1959 1806 2138 1842 victoriae
2176 1818 2359 1843 coronam
2396 1818 2482 1855 pro-

1423 1867 1574 1896 meruit.

1474 1989 1499 2023 ζ)
1518 1990 1721 2022 comprimatur.
1734 2005 1753 2008 —
1770 1997 1834 2015 caro
1853 1990 2046 2022 comprimatur
2060 1990 2130 2015 P1.-
2148 1990 2199 2014 Pro
2216 1990 2409 2022 concupiscere,
2422 1998 2484 2016 con-

1421 2026 1599 2058 cupiscentiae
1617 2026 1671 2057 DE,
1690 2026 1931 2057 concupiscentiam
1946 2026 1977 2056 G,
1995 2026 2210 2057 concupiscentia
2230 2026 2272 2051 ΗΙ.

977 2150 1314 2183 commentaria
1337 2149 1588 2182 Oai-dinalis
1611 2149 1810 2182 Caietam

310 2245 357 2308 IN
379 2235 485 2271 titulo,
500 2235 613 2277 fomes
630 2236 757 2275 peccati
778 2237 929 2277 importat
947 2237 1188 2267 inclinationem
1211 2237 1370 2277 appetitus

337 2279 478 2310 sensitivi
500 2280 534 2310 in
556 2279 589 2310 id
613 2279 702 2319 quod
725 2281 933 2311 contrariatur
955 2286 1059 2311 rectae
1082 2281 1210 2311 rationi:
1236 2287 1314 2320 puta
1336 2281 1369 2311 in

306 2323 500 2364 superfluam
527 2323 789 2360 delectationem,
817 2325 850 2355 in
874 2326 1066 2355 excessivam
1097 2324 1314 2365 cupiditatem,
1339 2330 1370 2355 et

305 2368 428 2399 similia.

360 2411 397 2442 In
420 2421 556 2452 corpore
578 2412 674 2442 unica
692 2418 738 2442 est
757 2413 923 2443 conclusio
943 2413 1127 2454 responsiva
1142 2414 1304 2453 quaesito:
1328 2413 1367 2443 In

307 2454 435 2486 Christo
453 2466 517 2486 non
525 2456 599 2498 fuit
603 2456 717 2497 fomes
726 2457 861 2497 peccati.
878 2458 1035 2488 Probatur
1050 2457 1227 2498 dupliciter.
1249 2458 1367 2494 Primo,

305 2500 360 2533 sic,
389 2499 497 2531 Virtus
519 2499 648 2531 moralis
678 2499 753 2531 facit
778 2501 992 2532 irrationalem
1019 2507 1142 2541 partem
1170 2503 1310 2538 animae,
1335 2502 1367 2532 in

306 2552 370 2584 qua
393 2549 456 2580 est,
488 2544 603 2575 rationi
629 2553 697 2574 esse
720 2546 911 2576 subiectam:
943 2551 974 2576 et
1000 2551 1088 2576 tanto
1115 2547 1215 2586 magis
1246 2551 1367 2586 quanto

304 2586 476 2628 perfectior
493 2587 598 2619 fuerit.
619 2587 717 2628 Ergo,
734 2595 855 2629 quanto
871 2590 970 2620 virtus
985 2590 1019 2620 in
1035 2589 1143 2630 aliquo
1160 2589 1254 2620 fuerit
1268 2590 1368 2630 magis

304 2630 462 2672 perfecta,
485 2637 575 2662 tanto
598 2633 698 2671 magis
721 2634 754 2663 in
778 2643 818 2664 eo
846 2633 1027 2664 debilitatur
1049 2634 1095 2664 vis
1119 2634 1248 2664 fomitis.
1281 2634 1366 2674 Ergo

305 2676 338 2705 in
362 2675 490 2706 Christo
511 2685 580 2706 non
595 2675 656 2708 fuit
670 2676 774 2708 fomes
789 2679 921 2717 peccati.
937 2696 960 2700 —
975 2677 1176 2708 Antecedens
1193 2677 1368 2708 declaratur

304 2720 338 2750 in
353 2720 561 2760 temperantia
576 2725 607 2750 et
621 2721 875 2752 mansuetudine.
892 2739 912 2744 —
928 2722 1033 2752 Prima
1049 2723 1278 2762 consequentia
1293 2732 1368 2762 pro-

304 2764 407 2794 batur.
431 2763 516 2801 Quia
539 2763 578 2794 ad
600 2766 757 2795 rationem
780 2765 900 2796 fomitis
922 2767 1060 2806 pertinet
1082 2767 1245 2797 inclinatio
1269 2775 1367 2806 appe-

304 2807 380 2837 titus
403 2807 556 2838 sensualis
578 2808 613 2838 in
635 2808 668 2839 id
691 2808 781 2849 quod
796 2815 844 2840 est
859 2815 969 2840 contra
983 2811 1151 2841 rationem.
1174 2829 1197 2833 -
1219 2810 1367 2841 Secunda

304 2861 397 2881 vero:
423 2852 498 2891 quia
518 2852 551 2881 in
571 2851 699 2883 Christo
718 2852 779 2884 fuit
794 2853 891 2884 virtus
907 2854 1085 2884 secundum
1100 2854 1366 2894 perfectissimum

304 2894 447 2935 gradum.
480 2895 579 2933 Quod
602 2897 769 2936 probatur:
795 2898 870 2937 quia
893 2897 1037 2928 Christus
1060 2898 1288 2938 perfectissime
1311 2899 1366 2929 ha-

305 2940 374 2970 buit
396 2940 527 2979 gratiam
551 2945 582 2970 et
605 2949 717 2971 omnes
739 2941 870 2972 virtutes
892 2942 1038 2972 morales.

361 2983 510 3014 Secundo
539 2985 692 3023 probatur
719 2985 884 3015 conclusio
908 2986 1104 3026 principalis,
1129 2987 1205 3026 quia
1230 2987 1288 3017 iste
1312 2986 1366 3017 de-

306 3026 407 3058 fectus
434 3037 501 3057 non
525 3033 571 3058 est
594 3027 778 3058 ordinabilis
808 3028 847 3059 ad
870 3029 1144 3066 satisfaciendum,
1176 3030 1231 3060 sed
1257 3031 1366 3070 potius

305 3070 435 3102 inclinat
450 3071 489 3101 ad
505 3072 699 3102 contrarium
715 3071 930 3103 satisfactioni.
946 3073 1032 3113 Ergo
1043 3083 1111 3103 non
1123 3073 1233 3104 debuit
1248 3075 1365 3104 assumi

306 3124 324 3145 a
347 3114 484 3146 Christo.
509 3116 549 3146 Et
571 3121 658 3156 patet
680 3116 809 3156 sequela
832 3125 870 3146 ex
892 3116 1153 3156 praecedentibus
1169 3118 1195 3148 ’ἃ

361 3158 398 3189 Π.
423 3159 570 3190 Occurrit
591 3160 642 3190 hic
667 3159 816 3196 dubium,
841 3161 932 3200 quia,
959 3160 1137 3191 secundum
1159 3161 1295 3201 primam
1318 3171 1365 3191 ra-

305 3202 428 3234 tionem
457 3204 490 3235 in
514 3204 615 3235 littera
638 3204 779 3240 allatam,
810 3205 954 3244 sequitur
982 3204 1072 3244 quod
1101 3214 1168 3235 non
1195 3205 1302 3235 solum
1332 3206 1366 3235 in

307 3246 449 3283 Christo,
472 3247 528 3278 sed
552 3249 646 3278 etiam
668 3249 701 3278 in
723 3249 811 3288 puris
833 3248 1033 3284 hominibus,
1063 3254 1141 3288 puta
1164 3249 1283 3279 Ioanne
1306 3249 1366 3278 Ba-

1423 2238 1527 2278 ptista,
1552 2247 1618 2268 non
1642 2237 1736 2267 fuerit
1759 2237 1862 2267 fomes
1884 2238 2017 2276 peccati.
2041 2236 2126 2274 Quia
2141 2237 2175 2267 in
2190 2237 2261 2276 ipso
2285 2247 2302 2266 a
2325 2237 2482 2276 principio

1423 2281 1553 2312 fuerunt
1573 2282 1702 2312 virtutes
1725 2280 1874 2321 perfecte,
1891 2290 1959 2311 non
1981 2281 2088 2311 solum
2109 2281 2143 2310 in
2165 2281 2286 2315 habitu,
2303 2286 2339 2310 ut
2361 2281 2483 2311 suntin

1423 2327 1529 2365 pueris
1545 2326 1718 2365 baptizatis,
1736 2324 1791 2355 sed
1806 2325 1839 2354 in
1856 2325 2020 2355 exercitio:
2050 2334 2125 2354 cum
2148 2324 2243 2354 fuerit
2257 2330 2362 2354 tantae
2379 2324 2483 2364 perfe-

1423 2370 1538 2400 ctionis
1554 2375 1589 2400 ut
1612 2369 1740 2400 Iustitia
1756 2369 1931 2408 appellatus
1950 2369 1998 2404 sit,
2018 2374 2054 2398 ut
2069 2368 2145 2398 dicit
2164 2368 2278 2398 Glossa
2292 2369 2319 2404 ἦ
2335 2369 2369 2398 in
2383 2368 2481 2398 verbo

1423 2414 1561 2450 Iustitia,
1585 2414 1640 2444 ubi
1664 2413 1816 2452 scriptum
1841 2419 1887 2443 est
1901 2414 1934 2443 *t
1959 2412 2088 2443 Iustitia
2110 2417 2186 2442 ante
2204 2421 2275 2442 eum
2298 2411 2480 2442 ambulabit.

1476 2458 1528 2488 Ad
1551 2459 1614 2488 hoc
1637 2457 1751 2488 dicitur
1781 2457 1871 2497 quod
1893 2456 2068 2487 differentia
2098 2457 2179 2486 inter
2202 2457 2340 2486 animam
2364 2455 2482 2486 Christi

1423 2507 1454 2532 et
1477 2502 1613 2532 aliorum
1640 2507 1686 2532 est
1717 2501 1806 2541 quod
1836 2502 1940 2531 anima
1964 2500 2080 2531 Christi
2111 2506 2156 2530 est
2187 2499 2364 2530 secundum
2391 2499 2481 2539 quod

1423 2552 1511 2576 erant
1533 2547 1657 2576 animae
1680 2546 1713 2575 in
1736 2550 1818 2575 statu
1839 2545 2050 2580 innocentiae,
2075 2549 2230 2584 quantum
2250 2543 2289 2574 ad
2305 2543 2480 2583 elongatio-

1421 2600 1497 2620 nem
1520 2600 1538 2620 a
1553 2595 1703 2630 peccato:
1728 2590 1851 2619 animae
1867 2598 1942 2619 vero
1959 2588 2166 2628 reliquorum,
2183 2593 2480 2627 quantumcumque

1422 2633 1691 2665 sanctificatorum
1721 2634 1754 2663 in
1782 2639 1891 2668 utero,
1919 2633 1952 2662 in
1982 2633 2040 2662 hac
2069 2633 2132 2662 vita
2163 2637 2236 2662 sunt
2265 2632 2346 2661 sicut
2376 2631 2481 2661 anima

1420 2678 1559 2708 hominis
1581 2678 1636 2719 qui
1659 2677 1771 2708 incidit
1793 2677 1825 2707 in
1849 2677 1991 2707 latrones
2007 2677 2032 2712 *‚
2058 2682 2088 2706 et
2110 2685 2177 2706 non
2197 2676 2301 2706 solum
2324 2675 2481 2715 spoliatus

1421 2728 1468 2753 est
1488 2722 1652 2764 gratuitis,
1676 2721 1732 2752 sed
1753 2722 1941 2752 vulneratus
1964 2721 1996 2750 in
2021 2720 2222 2750 naturalibus
2237 2721 2263 2749 *.
2288 2719 2328 2749 Et
2350 2718 2423 2749 ideo
2446 2719 2479 2748 in

1421 2767 1526 2797 anima
1550 2766 1676 2801 Christi,
1701 2764 1878 2796 secundum
1894 2774 1936 2800 se,
1961 2764 2029 2794 sola
2044 2763 2191 2801 naturalis
2207 2763 2368 2793 inclinatio
2384 2763 2479 2802 partis

1421 2811 1586 2841 sensitivae
1609 2811 1642 2840 in
1666 2811 1788 2839 bonum
1805 2810 1863 2838 sibi
1886 2817 2067 2839 consonum
2083 2813 2148 2838 erat
2171 2817 2227 2847 per
2241 2807 2389 2836 virtutem
2405 2806 2479 2836 sub-

1420 2854 1556 2885 iicienda
1578 2853 1717 2893 perfecte
1742 2853 1864 2888 rationi,
1889 2858 1925 2882 ut
1947 2852 2033 2882 nulla
2049 2851 2167 2881 fomitis
2183 2851 2262 2880 ratio
2286 2855 2427 2880 maneret
2445 2850 2478 2880 in

1420 2908 1471 2929 eo.
1496 2898 1531 2928 In
1555 2898 1621 2928 aliis
1646 2903 1752 2927 autem
1775 2906 1842 2926 non
1858 2896 1963 2926 solum
1980 2901 2026 2925 est
2041 2895 2189 2925 naturalis
2204 2894 2366 2924 inclinatio
2382 2894 2478 2934 partis

1420 2942 1585 2973 sensitivae
1609 2942 1641 2971 in
1665 2942 1787 2971 bonum
1810 2940 1868 2969 sibi
1892 2948 2081 2973 consonum,
2099 2938 2154 2968 sed
2169 2938 2237 2968 talis
2252 2938 2415 2968 inclinatio
2433 2943 2479 2968 est

1419 2986 1591 3016 vulnerata.
1616 2985 1656 3015 Et
1679 2989 1846 3024 propterea
1868 2993 1935 3013 non
1956 2982 2070 3013 sufficit
2092 2983 2126 3012 in
2149 2982 2215 3012 aliis
2238 2981 2278 3012 ad
2300 2981 2478 3012 tollendum

1420 3029 1566 3060 fomitem
1590 3028 1742 3068 perfectio
1766 3027 1903 3057 virtutis:
1929 3026 1984 3057 sed
2006 3026 2134 3066 speciali
2153 3031 2199 3056 est
2215 3035 2297 3065 opus
2320 3026 2417 3065 gratia
2432 3026 2477 3056 sic

1420 3079 1549 3104 sanante
1573 3078 1608 3102 ut
1631 3072 1786 3102 extinctus
1809 3071 1848 3101 sit
1871 3070 1973 3100 fomes
1995 3070 2127 3110 peccati.
2159 3069 2258 3107 Quod
2280 3069 2340 3099 soli
2362 3069 2477 3099 Beatae

1420 3117 1542 3156 Virgini
1571 3116 1604 3146 in
1634 3116 1692 3145 hac
1719 3115 1782 3144 vita
1812 3123 2001 3144 concessum
2031 3113 2198 3144 credimus.
2233 3113 2308 3143 Non
2335 3113 2478 3153 sequitur

1420 3161 1514 3201 igitur
1545 3170 1582 3190 ex
1606 3168 1756 3199 processu
1779 3158 1899 3188 litterae
1923 3157 2011 3198 quod
2034 3157 2187 3198 perfectio
2210 3157 2332 3187 vi1tutis
2354 3157 2476 3197 regula-

1420 3205 1492 3234 riter
1515 3204 1603 3233 tollat
1626 3202 1786 3233 fomitem:
1811 3202 1866 3232 sed
1889 3201 1977 3242 quod
1995 3201 2147 3241 perfectio
2164 3201 2284 3232 virtutis
2299 3202 2332 3231 in
2349 3200 2475 3231 Christo

1420 3248 1513 3278 infert
1535 3248 1568 3278 in
1591 3248 1661 3287 ipso
1685 3256 1752 3276 non
1776 3246 1871 3276 fuisse
1895 3245 2050 3276 fomitem.

2511 1130 2522 1140 ¹⁵
2532 1130 2567 1151 De
2574 1129 2633 1151 Fide
2644 1129 2721 1157 Orth„

2509 1157 2550 1178 lib.
2563 1156 2602 1183 111,
2613 1162 2662 1183 cap.
2673 1162 2722 1178 xiv.

2511 2369 2519 2378 ⁸
2534 2367 2628 2395 Lyn-ani.

2510 2413 2518 2421 ·
2525 2412 2718 2438 Ps.1..xxx1v,vers.

2509 2678 2518 2688 ⁸
2540 2677 2595 2698 Luc.
2621 2683 2670 2705 cap.
2695 2684 2718 2705 x,

2508 2710 2566 2725 vers.
2580 2710 2615 2732 30.

2507 2730 2599 2760 ’‘Mag„
2610 2730 2631 2751 11
2644 2730 2718 2757 Sent„

2507 2757 2560 2778 dist.
2575 2763 2628 2778 xxv.
