<?xml version="1.0" encoding="UTF-8"?>
<!DOCTYPE html PUBLIC "-//W3C//DTD XHTML 1.0 Transitional//EN"
    "http://www.w3.org/TR/xhtml1/DTD/xhtml1-transitional.dtd">
<html xmlns="http://www.w3.org/1999/xhtml" xml:lang="en" lang="en">
 <head>
  <title>
</title>
<meta http-equiv="Content-Type" content="text/html;charset=utf-8" />
  <meta name='ocr-system' content='tesseract 3.04.00' />
  <meta name='ocr-capabilities' content='ocr_page ocr_carea ocr_par ocr_line ocrx_word'/>
</head>
<body>
  <div class='ocr_page' id='page_1' title='image "./operaomniaiussui11thom_0603.png"; bbox 0 0 2872 3970; ppageno 0'>
   <div class='ocr_carea' id='block_1_1' title="bbox 0 0 104 3970">
    <p class='ocr_par' dir='ltr' id='par_1_1' title="bbox 0 0 104 3970">
     <span class='ocr_line' id='line_1_1' title="bbox 0 0 104 440; baseline 0 0"><span class='ocrx_word' id='word_1_1' title='bbox 0 0 104 440; x_wconf 95' lang='lat' dir='ltr'>  </span> 
     </span>
     <span class='ocr_line' id='line_1_2' title="bbox 0 440 104 3970; baseline 0 -3244"><span class='ocrx_word' id='word_1_2' title='bbox 0 440 104 3970; x_wconf 95' lang='lat' dir='ltr'>    </span> 
     </span>
    </p>
   </div>
   <div class='ocr_carea' id='block_1_2' title="bbox 70 772 148 815">
    <p class='ocr_par' dir='ltr' id='par_1_2' title="bbox 70 770 195 816">
     <span class='ocr_line' id='line_1_3' title="bbox 70 772 148 815; baseline -0.016 1"><span class='ocrx_word' id='word_1_3' title='bbox 70 772 148 815; x_wconf 62' lang='lat'>‘1033</span> 
     </span>
    </p>
   </div>
   <div class='ocr_carea' id='block_1_3' title="bbox 0 49 2 950">
    <p class='ocr_par' dir='ltr' id='par_1_3' title="bbox 0 49 2 950">
     <span class='ocr_line' id='line_1_4' title="bbox 0 49 2 950; baseline 0 0"><span class='ocrx_word' id='word_1_4' title='bbox 0 49 2 950; x_wconf 95' lang='lat' dir='ltr'> </span> 
     </span>
    </p>
   </div>
   <div class='ocr_carea' id='block_1_4' title="bbox 81 1326 199 1355">
    <p class='ocr_par' dir='ltr' id='par_1_4' title="bbox 64 1326 199 1362">
     <span class='ocr_line' id='line_1_5' title="bbox 81 1326 199 1355; baseline -0.007 -6.126"><span class='ocrx_word' id='word_1_5' title='bbox 81 1342 87 1349; x_wconf 95' lang='lat'>.</span> <span class='ocrx_word' id='word_1_6' title='bbox 105 1326 132 1349; x_wconf 71' lang='lat'>«8</span> <span class='ocrx_word' id='word_1_7' title='bbox 147 1331 199 1355; x_wconf 67' lang='lat' dir='ltr'>sqq.</span> 
     </span>
    </p>
   </div>
   <div class='ocr_carea' id='block_1_5' title="bbox 76 2378 146 2403">
    <p class='ocr_par' dir='ltr' id='par_1_5' title="bbox 52 2353 146 2403">
     <span class='ocr_line' id='line_1_6' title="bbox 76 2378 146 2403; baseline -0.021 -6.511"><span class='ocrx_word' id='word_1_8' title='bbox 76 2388 92 2394; x_wconf 87' lang='grc'><strong>.</strong></span> <span class='ocrx_word' id='word_1_9' title='bbox 105 2378 146 2403; x_wconf 67' lang='lat' dir='ltr'>3¹.v</span> 
     </span>
    </p>
   </div>
   <div class='ocr_carea' id='block_1_6' title="bbox 60 2834 141 2874">
    <p class='ocr_par' dir='ltr' id='par_1_6' title="bbox 60 2834 141 2874">
     <span class='ocr_line' id='line_1_7' title="bbox 60 2834 141 2874; baseline 0 -6"><span class='ocrx_word' id='word_1_10' title='bbox 60 2834 72 2863; x_wconf 36' lang='lat'>⁸-</span> <span class='ocrx_word' id='word_1_11' title='bbox 109 2851 141 2874; x_wconf 76' lang='lat'>¹3.</span> 
     </span>
    </p>
   </div>
   <div class='ocr_carea' id='block_1_7' title="bbox 938 285 1737 334">
    <p class='ocr_par' dir='ltr' id='par_1_7' title="bbox 938 285 1737 334">
     <span class='ocr_line' id='line_1_8' title="bbox 938 285 1737 334; baseline 0.004 -13"><span class='ocrx_word' id='word_1_12' title='bbox 938 285 1202 332; x_wconf 90' lang='lat' dir='ltr'>QUAESTIO</span> <span class='ocrx_word' id='word_1_13' title='bbox 1230 287 1333 334; x_wconf 87' lang='lat' dir='ltr'>LIX,</span> <span class='ocrx_word' id='word_1_14' title='bbox 1368 286 1659 324; x_wconf 89' lang='lat' dir='ltr'>ARTICULUS</span> <span class='ocrx_word' id='word_1_15' title='bbox 1687 289 1737 324; x_wconf 93' lang='lat' dir='ltr'>VI</span> 
     </span>
    </p>
   </div>
   <div class='ocr_carea' id='block_1_8' title="bbox 74 362 2419 414">
    <p class='ocr_par' dir='ltr' id='par_1_8' title="bbox 64 354 2419 414">
     <span class='ocr_line' id='line_1_9' title="bbox 74 362 2419 414; baseline 0.002 -19.983"><span class='ocrx_word' id='word_1_16' title='bbox 74 370 155 414; x_wconf 27' lang='grc' dir='ltr'>καν-</span> <span class='ocrx_word' id='word_1_17' title='bbox 171 371 220 393; x_wconf 73' lang='lat' dir='ltr'>vus,</span> <span class='ocrx_word' id='word_1_18' title='bbox 246 363 356 394; x_wconf 82' lang='lat' dir='ltr'>omnia</span> <span class='ocrx_word' id='word_1_19' title='bbox 378 364 522 394; x_wconf 84' lang='lat' dir='ltr'><strong><em>suaviter</em></strong></span> <span class='ocrx_word' id='word_1_20' title='bbox 536 364 570 400; x_wconf 67' lang='lat'>*;</span> <span class='ocrx_word' id='word_1_21' title='bbox 593 373 630 394; x_wconf 89' lang='lat' dir='ltr'>ac</span> <span class='ocrx_word' id='word_1_22' title='bbox 645 373 702 404; x_wconf 87' lang='lat' dir='ltr'>per</span> <span class='ocrx_word' id='word_1_23' title='bbox 717 363 790 398; x_wconf 90' lang='lat' dir='ltr'>hoc,</span> <span class='ocrx_word' id='word_1_24' title='bbox 808 363 883 402; x_wconf 87' lang='lat' dir='ltr'>quia</span> <span class='ocrx_word' id='word_1_25' title='bbox 897 364 1000 393; x_wconf 88' lang='lat' dir='ltr'>suavis</span> <span class='ocrx_word' id='word_1_26' title='bbox 1016 362 1182 403; x_wconf 85' lang='lat' dir='ltr'>dispositio</span> <span class='ocrx_word' id='word_1_27' title='bbox 1198 363 1307 394; x_wconf 89' lang='lat' dir='ltr'>iudicii</span> <span class='ocrx_word' id='word_1_28' title='bbox 1333 364 1337 403; x_wconf 82' lang='lat' dir='ltr'>l</span> <span class='ocrx_word' id='word_1_29' title='bbox 1362 375 1432 395; x_wconf 90' lang='lat' dir='ltr'>men</span> <span class='ocrx_word' id='word_1_30' title='bbox 1446 365 1587 401; x_wconf 84' lang='lat' dir='ltr'>Domini,</span> <span class='ocrx_word' id='word_1_31' title='bbox 1590 366 1686 406; x_wconf 86' lang='lat' dir='ltr'>filius</span> <span class='ocrx_word' id='word_1_32' title='bbox 1701 366 1756 407; x_wconf 86' lang='lat' dir='ltr'>qui</span> <span class='ocrx_word' id='word_1_33' title='bbox 1772 372 1867 396; x_wconf 88' lang='lat' dir='ltr'>natus</span> <span class='ocrx_word' id='word_1_34' title='bbox 1883 372 1928 397; x_wconf 88' lang='lat' dir='ltr'>est</span> <span class='ocrx_word' id='word_1_35' title='bbox 1944 367 2007 402; x_wconf 81' lang='lat' dir='ltr'>tibi,</span> <span class='ocrx_word' id='word_1_36' title='bbox 2021 368 2187 403; x_wconf 84' lang='lat' dir='ltr'>morietur,</span> <span class='ocrx_word' id='word_1_37' title='bbox 2201 368 2228 398; x_wconf 89' lang='lat'>11</span> <span class='ocrx_word' id='word_1_38' title='bbox 2242 367 2322 408; x_wconf 86' lang='lat' dir='ltr'>Reg.</span> <span class='ocrx_word' id='word_1_39' title='bbox 2340 377 2383 398; x_wconf 80' lang='lat' dir='ltr'>xn</span> <span class='ocrx_word' id='word_1_40' title='bbox 2391 369 2419 397; x_wconf 67' lang='lat'>⁸⁶.</span> 
     </span>
    </p>
   </div>
   <div class='ocr_carea' id='block_1_9' title="bbox 2346 290 2418 336">
    <p class='ocr_par' dir='ltr' id='par_1_9' title="bbox 2346 290 2418 336">
     <span class='ocr_line' id='line_1_10' title="bbox 2346 290 2418 336; baseline 0 0"><span class='ocrx_word' id='word_1_41' title='bbox 2346 290 2418 336; x_wconf 83' lang='lat'>547</span> 
     </span>
    </p>
   </div>
   <div class='ocr_carea' id='block_1_10' title="bbox 244 406 2420 491">
    <p class='ocr_par' dir='ltr' id='par_1_10' title="bbox 244 406 2420 491">
     <span class='ocr_line' id='line_1_11' title="bbox 245 406 2420 451; baseline 0.002 -15"><span class='ocrx_word' id='word_1_42' title='bbox 245 407 293 438; x_wconf 87' lang='lat' dir='ltr'>rei</span> <span class='ocrx_word' id='word_1_43' title='bbox 314 407 475 438; x_wconf 84' lang='lat' dir='ltr'>mutabilis</span> <span class='ocrx_word' id='word_1_44' title='bbox 498 407 593 447; x_wconf 78' lang='lat' dir='ltr'><strong>exigit</strong></span> <span class='ocrx_word' id='word_1_45' title='bbox 608 413 644 438; x_wconf 89' lang='lat' dir='ltr'>ut</span> <span class='ocrx_word' id='word_1_46' title='bbox 659 407 844 439; x_wconf 77' lang='lat' dir='ltr'>discutiatur</span> <span class='ocrx_word' id='word_1_47' title='bbox 863 406 1041 437; x_wconf 89' lang='lat' dir='ltr'>secundum</span> <span class='ocrx_word' id='word_1_48' title='bbox 1056 407 1191 437; x_wconf 88' lang='lat' dir='ltr'>modum</span> <span class='ocrx_word' id='word_1_49' title='bbox 1215 413 1307 437; x_wconf 86' lang='lat' dir='ltr'>natu-</span> <span class='ocrx_word' id='word_1_50' title='bbox 1364 408 1454 439; x_wconf 90' lang='lat' dir='ltr'>Unde</span> <span class='ocrx_word' id='word_1_51' title='bbox 1477 415 1564 448; x_wconf 87' lang='lat' dir='ltr'>patet</span> <span class='ocrx_word' id='word_1_52' title='bbox 1586 409 1626 439; x_wconf 87' lang='lat' dir='ltr'>ad</span> <span class='ocrx_word' id='word_1_53' title='bbox 1649 419 1686 440; x_wconf 85' lang='lat' dir='ltr'>ea</span> <span class='ocrx_word' id='word_1_54' title='bbox 1709 411 1803 440; x_wconf 87' lang='lat' dir='ltr'>etiam</span> <span class='ocrx_word' id='word_1_55' title='bbox 1835 420 1916 450; x_wconf 84' lang='lat' dir='ltr'>quae</span> <span class='ocrx_word' id='word_1_56' title='bbox 1946 421 2002 451; x_wconf 90' lang='lat' dir='ltr'>per</span> <span class='ocrx_word' id='word_1_57' title='bbox 2025 411 2171 442; x_wconf 89' lang='lat' dir='ltr'>accidens</span> <span class='ocrx_word' id='word_1_58' title='bbox 2202 417 2289 447; x_wconf 90' lang='lat' dir='ltr'>sunt,</span> <span class='ocrx_word' id='word_1_59' title='bbox 2314 411 2420 441; x_wconf 87' lang='lat' dir='ltr'>divina</span> 
     </span>
     <span class='ocr_line' id='line_1_12' title="bbox 244 450 1735 491; baseline 0.001 -10"><span class='ocrx_word' id='word_1_60' title='bbox 244 460 297 481; x_wconf 89' lang='lat' dir='ltr'>rae</span> <span class='ocrx_word' id='word_1_61' title='bbox 319 460 414 482; x_wconf 83' lang='lat' dir='ltr'>suae:</span> <span class='ocrx_word' id='word_1_62' title='bbox 438 450 559 482; x_wconf 88' lang='lat' dir='ltr'>videbis</span> <span class='ocrx_word' id='word_1_63' title='bbox 580 451 670 491; x_wconf 91' lang='lat' dir='ltr'>quod</span> <span class='ocrx_word' id='word_1_64' title='bbox 692 450 921 490; x_wconf 84' lang='lat' dir='ltr'>sapientissime</span> <span class='ocrx_word' id='word_1_65' title='bbox 944 452 1098 490; x_wconf 83' lang='lat' dir='ltr'>processit</span> <span class='ocrx_word' id='word_1_66' title='bbox 1120 451 1244 481; x_wconf 91' lang='lat' dir='ltr'>Auctor</span> <span class='ocrx_word' id='word_1_67' title='bbox 1267 451 1306 481; x_wconf 91' lang='lat' dir='ltr'>ad</span> <span class='ocrx_word' id='word_1_68' title='bbox 1361 462 1393 482; x_wconf 88' lang='lat' dir='ltr'>se</span> <span class='ocrx_word' id='word_1_69' title='bbox 1418 453 1586 483; x_wconf 80' lang='lat' dir='ltr'>extendere</span> <span class='ocrx_word' id='word_1_70' title='bbox 1609 453 1735 483; x_wconf 85' lang='lat' dir='ltr'>iudicia.</span> 
     </span>
    </p>
   </div>
   <div class='ocr_carea' id='block_1_11' title="bbox 242 493 1306 709">
    <p class='ocr_par' dir='ltr' id='par_1_11' title="bbox 243 493 1306 612">
     <span class='ocr_line' id='line_1_13' title="bbox 245 493 1306 534; baseline 0 -10"><span class='ocrx_word' id='word_1_71' title='bbox 245 493 506 524; x_wconf 87' lang='lat' dir='ltr'>concludendum</span> <span class='ocrx_word' id='word_1_72' title='bbox 528 493 622 525; x_wconf 88' lang='lat' dir='ltr'>finale</span> <span class='ocrx_word' id='word_1_73' title='bbox 637 493 793 525; x_wconf 89' lang='lat' dir='ltr'>iudicium</span> <span class='ocrx_word' id='word_1_74' title='bbox 809 503 846 524; x_wconf 87' lang='lat' dir='ltr'>ex</span> <span class='ocrx_word' id='word_1_75' title='bbox 862 504 901 524; x_wconf 92' lang='lat' dir='ltr'>eo</span> <span class='ocrx_word' id='word_1_76' title='bbox 919 494 1008 534; x_wconf 91' lang='lat' dir='ltr'>quod</span> <span class='ocrx_word' id='word_1_77' title='bbox 1023 494 1201 534; x_wconf 89' lang='lat' dir='ltr'>perfectum</span> <span class='ocrx_word' id='word_1_78' title='bbox 1224 494 1306 524; x_wconf 90' lang='lat' dir='ltr'>iudi-</span> 
     </span>
     <span class='ocr_line' id='line_1_14' title="bbox 244 537 1305 578; baseline -0.001 -10"><span class='ocrx_word' id='word_1_79' title='bbox 244 538 331 570; x_wconf 87' lang='lat' dir='ltr'>cium</span> <span class='ocrx_word' id='word_1_80' title='bbox 349 538 395 568; x_wconf 91' lang='lat' dir='ltr'>rei</span> <span class='ocrx_word' id='word_1_81' title='bbox 410 538 571 568; x_wconf 89' lang='lat' dir='ltr'>mutabilis</span> <span class='ocrx_word' id='word_1_82' title='bbox 593 547 662 568; x_wconf 88' lang='lat' dir='ltr'>non</span> <span class='ocrx_word' id='word_1_83' title='bbox 684 542 791 578; x_wconf 89' lang='lat' dir='ltr'>potest</span> <span class='ocrx_word' id='word_1_84' title='bbox 806 538 942 568; x_wconf 84' lang='lat' dir='ltr'>suaviter</span> <span class='ocrx_word' id='word_1_85' title='bbox 958 537 1024 568; x_wconf 89' lang='lat' dir='ltr'>dari</span> <span class='ocrx_word' id='word_1_86' title='bbox 1040 543 1112 567; x_wconf 89' lang='lat' dir='ltr'>ante</span> <span class='ocrx_word' id='word_1_87' title='bbox 1129 537 1212 568; x_wconf 88' lang='lat' dir='ltr'>illius</span> <span class='ocrx_word' id='word_1_88' title='bbox 1228 547 1305 568; x_wconf 91' lang='lat' dir='ltr'>con—</span> 
     </span>
     <span class='ocr_line' id='line_1_15' title="bbox 243 582 504 612; baseline 0.004 -1"><span class='ocrx_word' id='word_1_89' title='bbox 243 582 504 612; x_wconf 82' lang='lat' dir='ltr'>summationem.</span> 
     </span>
    </p>

    <p class='ocr_par' dir='ltr' id='par_1_12' title="bbox 242 624 1305 709">
     <span class='ocr_line' id='line_1_16' title="bbox 276 624 1305 665; baseline 0 -10"><span class='ocrx_word' id='word_1_90' title='bbox 276 643 278 650; x_wconf 59' lang='lat'>&gt;</span> <span class='ocrx_word' id='word_1_91' title='bbox 297 625 339 656; x_wconf 91' lang='lat' dir='ltr'>Et</span> <span class='ocrx_word' id='word_1_92' title='bbox 353 626 432 656; x_wconf 78' lang='lat' dir='ltr'>haec</span> <span class='ocrx_word' id='word_1_93' title='bbox 455 625 541 657; x_wconf 69' lang='lat' dir='ltr'>dicta</span> <span class='ocrx_word' id='word_1_94' title='bbox 552 625 616 656; x_wconf 90' lang='lat' dir='ltr'>sint</span> <span class='ocrx_word' id='word_1_95' title='bbox 631 624 670 655; x_wconf 88' lang='lat' dir='ltr'>de</span> <span class='ocrx_word' id='word_1_96' title='bbox 685 625 805 656; x_wconf 90' lang='lat' dir='ltr'>iudicio</span> <span class='ocrx_word' id='word_1_97' title='bbox 829 630 987 665; x_wconf 87' lang='lat' dir='ltr'>quatenus</span> <span class='ocrx_word' id='word_1_98' title='bbox 1009 625 1091 655; x_wconf 86' lang='lat' dir='ltr'>infra</span> <span class='ocrx_word' id='word_1_99' title='bbox 1113 625 1305 664; x_wconf 86' lang='lat' dir='ltr'>cognitionis</span> 
     </span>
     <span class='ocr_line' id='line_1_17' title="bbox 242 669 1305 709; baseline 0 -9"><span class='ocrx_word' id='word_1_100' title='bbox 242 678 300 700; x_wconf 79' lang='lat' dir='ltr'>seu</span> <span class='ocrx_word' id='word_1_101' title='bbox 326 669 552 709; x_wconf 87' lang='lat' dir='ltr'>speculationis</span> <span class='ocrx_word' id='word_1_102' title='bbox 581 669 697 699; x_wconf 89' lang='lat' dir='ltr'>limites</span> <span class='ocrx_word' id='word_1_103' title='bbox 728 670 880 700; x_wconf 85' lang='lat' dir='ltr'>consistit.</span> <span class='ocrx_word' id='word_1_104' title='bbox 913 669 956 699; x_wconf 92' lang='lat' dir='ltr'>Ut</span> <span class='ocrx_word' id='word_1_105' title='bbox 981 674 1089 699; x_wconf 88' lang='lat' dir='ltr'>autem</span> <span class='ocrx_word' id='word_1_106' title='bbox 1119 670 1305 700; x_wconf 84' lang='lat' dir='ltr'>extensione</span> 
     </span>
    </p>
   </div>
   <div class='ocr_carea' id='block_1_12' title="bbox 91 711 1304 797">
    <p class='ocr_par' dir='ltr' id='par_1_13' title="bbox 58 704 1304 797">
     <span class='ocr_line' id='line_1_18' title="bbox 91 711 1304 769; baseline -0.001 -26.026"><span class='ocrx_word' id='word_1_107' title='bbox 66 713 218 769; x_wconf 50' lang='lat' dir='ltr'>Wsstffie</span> <span class='ocrx_word' id='word_1_108' title='bbox 232 713 279 754; x_wconf 87' lang='lat' dir='ltr'>fit</span> <span class='ocrx_word' id='word_1_109' title='bbox 293 713 477 753; x_wconf 77' lang='lat' dir='ltr'>practicam</span> <span class='ocrx_word' id='word_1_110' title='bbox 492 713 524 749; x_wconf 42' lang='grc' dir='ltr'>θ’,</span> <span class='ocrx_word' id='word_1_111' title='bbox 548 711 588 742; x_wconf 89' lang='lat' dir='ltr'>ad</span> <span class='ocrx_word' id='word_1_112' title='bbox 609 713 812 752; x_wconf 87' lang='lat' dir='ltr'>puniendum</span> <span class='ocrx_word' id='word_1_113' title='bbox 833 713 885 744; x_wconf 90' lang='lat' dir='ltr'>vel</span> <span class='ocrx_word' id='word_1_114' title='bbox 906 712 1160 754; x_wconf 88' lang='lat' dir='ltr'>praemiandum,</span> <span class='ocrx_word' id='word_1_115' title='bbox 1185 713 1304 753; x_wconf 85' lang='lat' dir='ltr'>absque</span> 
     </span>
     <span class='ocr_line' id='line_1_19' title="bbox 167 755 1304 797; baseline -0.002 -9"><span class='ocrx_word' id='word_1_116' title='bbox 167 772 188 788; x_wconf 81' lang='lat'>2.</span> <span class='ocrx_word' id='word_1_117' title='bbox 204 756 215 783; x_wconf 86' lang='lat'>-&#39;</span> <span class='ocrx_word' id='word_1_118' title='bbox 242 755 444 795; x_wconf 86' lang='lat' dir='ltr'>distinctione</span> <span class='ocrx_word' id='word_1_119' title='bbox 468 756 574 796; x_wconf 83' lang='lat' dir='ltr'>aliqua</span> <span class='ocrx_word' id='word_1_120' title='bbox 596 761 683 796; x_wconf 89' lang='lat' dir='ltr'>patet</span> <span class='ocrx_word' id='word_1_121' title='bbox 704 757 961 797; x_wconf 88' lang='lat' dir='ltr'>propositionem</span> <span class='ocrx_word' id='word_1_122' title='bbox 979 757 1135 786; x_wconf 91' lang='lat' dir='ltr'>maiorem</span> <span class='ocrx_word' id='word_1_123' title='bbox 1151 765 1218 786; x_wconf 87' lang='lat' dir='ltr'>esse</span> <span class='ocrx_word' id='word_1_124' title='bbox 1233 758 1304 786; x_wconf 91' lang='lat' dir='ltr'>uni—</span> 
     </span>
    </p>
   </div>
   <div class='ocr_carea' id='block_1_13' title="bbox 215 800 1307 1456">
    <p class='ocr_par' dir='ltr' id='par_1_14' title="bbox 240 800 1305 1016">
     <span class='ocr_line' id='line_1_20' title="bbox 241 800 1304 841; baseline 0 -11"><span class='ocrx_word' id='word_1_125' title='bbox 241 800 402 831; x_wconf 82' lang='lat' dir='ltr'>versaliter</span> <span class='ocrx_word' id='word_1_126' title='bbox 415 801 627 830; x_wconf 84' lang='lat' dir='ltr'>verissimam:</span> <span class='ocrx_word' id='word_1_127' title='bbox 649 802 804 841; x_wconf 84' lang='lat' dir='ltr'>quoniam</span> <span class='ocrx_word' id='word_1_128' title='bbox 819 800 950 831; x_wconf 88' lang='lat' dir='ltr'>reddere</span> <span class='ocrx_word' id='word_1_129' title='bbox 966 801 1145 840; x_wconf 89' lang='lat' dir='ltr'>praemium</span> <span class='ocrx_word' id='word_1_130' title='bbox 1159 800 1210 830; x_wconf 89' lang='lat' dir='ltr'>vel</span> <span class='ocrx_word' id='word_1_131' title='bbox 1226 810 1304 840; x_wconf 88' lang='lat' dir='ltr'>poe-</span> 
     </span>
     <span class='ocr_line' id='line_1_21' title="bbox 241 843 1304 884; baseline 0 -10"><span class='ocrx_word' id='word_1_132' title='bbox 241 852 317 874; x_wconf 87' lang='lat' dir='ltr'>nam</span> <span class='ocrx_word' id='word_1_133' title='bbox 339 843 480 884; x_wconf 84' lang='lat' dir='ltr'>perfecte</span> <span class='ocrx_word' id='word_1_134' title='bbox 509 845 741 884; x_wconf 87' lang='lat' dir='ltr'>praesupponit</span> <span class='ocrx_word' id='word_1_135' title='bbox 772 845 1086 875; x_wconf 85' lang='lat' dir='ltr'>consummationem</span> <span class='ocrx_word' id='word_1_136' title='bbox 1116 844 1221 883; x_wconf 89' lang='lat' dir='ltr'>operis</span> <span class='ocrx_word' id='word_1_137' title='bbox 1244 853 1304 883; x_wconf 90' lang='lat' dir='ltr'>pu-</span> 
     </span>
     <span class='ocr_line' id='line_1_22' title="bbox 240 887 1305 928; baseline 0 -10"><span class='ocrx_word' id='word_1_138' title='bbox 240 887 350 918; x_wconf 86' lang='lat' dir='ltr'>niendi</span> <span class='ocrx_word' id='word_1_139' title='bbox 373 888 423 918; x_wconf 90' lang='lat' dir='ltr'>vel</span> <span class='ocrx_word' id='word_1_140' title='bbox 446 888 653 928; x_wconf 87' lang='lat' dir='ltr'>praemiandi.</span> <span class='ocrx_word' id='word_1_141' title='bbox 677 889 718 918; x_wconf 93' lang='lat' dir='ltr'>Et</span> <span class='ocrx_word' id='word_1_142' title='bbox 735 889 823 919; x_wconf 82' lang='lat' dir='ltr'>iuxta</span> <span class='ocrx_word' id='word_1_143' title='bbox 846 889 932 919; x_wconf 92' lang='lat' dir='ltr'>hunc</span> <span class='ocrx_word' id='word_1_144' title='bbox 956 897 1095 923; x_wconf 89' lang='lat' dir='ltr'>sensum,</span> <span class='ocrx_word' id='word_1_145' title='bbox 1113 888 1195 918; x_wconf 86' lang='lat' dir='ltr'>clare</span> <span class='ocrx_word' id='word_1_146' title='bbox 1218 893 1305 927; x_wconf 89' lang='lat' dir='ltr'>patet</span> 
     </span>
     <span class='ocr_line' id='line_1_23' title="bbox 240 932 1304 972; baseline -0.001 -10"><span class='ocrx_word' id='word_1_147' title='bbox 240 941 410 972; x_wconf 86' lang='lat' dir='ltr'>processus</span> <span class='ocrx_word' id='word_1_148' title='bbox 427 932 558 969; x_wconf 85' lang='lat' dir='ltr'>litterae,</span> <span class='ocrx_word' id='word_1_149' title='bbox 574 932 694 972; x_wconf 85' lang='lat' dir='ltr'>absque</span> <span class='ocrx_word' id='word_1_150' title='bbox 710 933 892 963; x_wconf 88' lang='lat' dir='ltr'>obiectione</span> <span class='ocrx_word' id='word_1_151' title='bbox 908 932 1023 972; x_wconf 84' lang='lat' dir='ltr'>aliqua.</span> <span class='ocrx_word' id='word_1_152' title='bbox 1040 932 1125 970; x_wconf 91' lang='lat' dir='ltr'>Quia</span> <span class='ocrx_word' id='word_1_153' title='bbox 1140 941 1200 962; x_wconf 91' lang='lat' dir='ltr'>nec</span> <span class='ocrx_word' id='word_1_154' title='bbox 1216 932 1304 962; x_wconf 91' lang='lat' dir='ltr'>Deus</span> 
     </span>
     <span class='ocr_line' id='line_1_24' title="bbox 240 975 1145 1016; baseline -0.002 -9"><span class='ocrx_word' id='word_1_155' title='bbox 240 976 329 1016; x_wconf 88' lang='lat' dir='ltr'>prius</span> <span class='ocrx_word' id='word_1_156' title='bbox 351 976 445 1016; x_wconf 91' lang='lat' dir='ltr'>punit</span> <span class='ocrx_word' id='word_1_157' title='bbox 468 985 566 1016; x_wconf 90' lang='lat' dir='ltr'>quam</span> <span class='ocrx_word' id='word_1_158' title='bbox 589 975 644 1006; x_wconf 90' lang='lat' dir='ltr'>fiat</span> <span class='ocrx_word' id='word_1_159' title='bbox 667 976 758 1016; x_wconf 90' lang='lat' dir='ltr'>quod</span> <span class='ocrx_word' id='word_1_160' title='bbox 778 975 980 1016; x_wconf 90' lang='lat' dir='ltr'>puniendum</span> <span class='ocrx_word' id='word_1_161' title='bbox 1005 981 1060 1011; x_wconf 90' lang='lat' dir='ltr'>est,</span> <span class='ocrx_word' id='word_1_162' title='bbox 1086 981 1145 1005; x_wconf 91' lang='lat' dir='ltr'>etc.</span> 
     </span>
    </p>

    <p class='ocr_par' dir='ltr' id='par_1_15' title="bbox 238 1018 1305 1411">
     <span class='ocr_line' id='line_1_25' title="bbox 296 1018 1303 1060; baseline 0 -11"><span class='ocrx_word' id='word_1_163' title='bbox 296 1018 348 1049; x_wconf 91' lang='lat'>111.</span> <span class='ocrx_word' id='word_1_164' title='bbox 385 1019 478 1050; x_wconf 88' lang='lat' dir='ltr'>Circa</span> <span class='ocrx_word' id='word_1_165' title='bbox 510 1020 658 1060; x_wconf 86' lang='lat' dir='ltr'>reliquias</span> <span class='ocrx_word' id='word_1_166' title='bbox 690 1025 868 1060; x_wconf 86' lang='lat' dir='ltr'>spectantes</span> <span class='ocrx_word' id='word_1_167' title='bbox 901 1019 941 1050; x_wconf 90' lang='lat' dir='ltr'>ad</span> <span class='ocrx_word' id='word_1_168' title='bbox 966 1029 1107 1060; x_wconf 90' lang='lat' dir='ltr'>poenam</span> <span class='ocrx_word' id='word_1_169' title='bbox 1136 1019 1186 1049; x_wconf 87' lang='lat' dir='ltr'>vel</span> <span class='ocrx_word' id='word_1_170' title='bbox 1213 1029 1303 1060; x_wconf 88' lang='lat' dir='ltr'>prae-</span> 
     </span>
     <span class='ocr_line' id='line_1_26' title="bbox 241 1063 1305 1103; baseline 0 -10"><span class='ocrx_word' id='word_1_171' title='bbox 241 1064 353 1099; x_wconf 90' lang='lat' dir='ltr'>mium,</span> <span class='ocrx_word' id='word_1_172' title='bbox 371 1063 548 1094; x_wconf 87' lang='lat' dir='ltr'>secundum</span> <span class='ocrx_word' id='word_1_173' title='bbox 564 1064 713 1094; x_wconf 88' lang='lat' dir='ltr'>Auctoris</span> <span class='ocrx_word' id='word_1_174' title='bbox 737 1064 936 1099; x_wconf 87' lang='lat' dir='ltr'>sententiam,</span> <span class='ocrx_word' id='word_1_175' title='bbox 962 1063 1087 1094; x_wconf 86' lang='lat' dir='ltr'>adverte</span> <span class='ocrx_word' id='word_1_176' title='bbox 1111 1063 1211 1103; x_wconf 92' lang='lat' dir='ltr'>quod,</span> <span class='ocrx_word' id='word_1_177' title='bbox 1231 1063 1305 1093; x_wconf 85' lang='lat' dir='ltr'>licet</span> 
     </span>
     <span class='ocr_line' id='line_1_27' title="bbox 241 1107 1304 1147; baseline -0.001 -10"><span class='ocrx_word' id='word_1_178' title='bbox 241 1107 327 1147; x_wconf 87' lang='lat' dir='ltr'>apud</span> <span class='ocrx_word' id='word_1_179' title='bbox 349 1113 457 1137; x_wconf 91' lang='lat' dir='ltr'>nostra</span> <span class='ocrx_word' id='word_1_180' title='bbox 479 1107 596 1137; x_wconf 90' lang='lat' dir='ltr'>iudicia</span> <span class='ocrx_word' id='word_1_181' title='bbox 610 1108 689 1138; x_wconf 90' lang='lat' dir='ltr'>haec</span> <span class='ocrx_word' id='word_1_182' title='bbox 704 1107 872 1138; x_wconf 90' lang='lat' dir='ltr'>videantur</span> <span class='ocrx_word' id='word_1_183' title='bbox 894 1117 950 1147; x_wconf 92' lang='lat' dir='ltr'>per</span> <span class='ocrx_word' id='word_1_184' title='bbox 966 1107 1122 1143; x_wconf 88' lang='lat' dir='ltr'>accidens,</span> <span class='ocrx_word' id='word_1_185' title='bbox 1140 1112 1171 1137; x_wconf 90' lang='lat' dir='ltr'>et</span> <span class='ocrx_word' id='word_1_186' title='bbox 1191 1116 1304 1137; x_wconf 91' lang='lat' dir='ltr'>conse-</span> 
     </span>
     <span class='ocr_line' id='line_1_28' title="bbox 241 1151 1304 1191; baseline -0.001 -9"><span class='ocrx_word' id='word_1_187' title='bbox 241 1157 377 1191; x_wconf 90' lang='lat' dir='ltr'>quenter</span> <span class='ocrx_word' id='word_1_188' title='bbox 399 1151 501 1181; x_wconf 81' lang='lat' dir='ltr'>aliena</span> <span class='ocrx_word' id='word_1_189' title='bbox 516 1152 554 1181; x_wconf 91' lang='lat' dir='ltr'>ab</span> <span class='ocrx_word' id='word_1_190' title='bbox 574 1152 811 1182; x_wconf 86' lang='lat' dir='ltr'>examinatione</span> <span class='ocrx_word' id='word_1_191' title='bbox 834 1151 962 1187; x_wconf 88' lang='lat' dir='ltr'>iudicii;</span> <span class='ocrx_word' id='word_1_192' title='bbox 986 1151 1072 1191; x_wconf 90' lang='lat' dir='ltr'>apud</span> <span class='ocrx_word' id='word_1_193' title='bbox 1094 1156 1202 1181; x_wconf 83' lang='lat' dir='ltr'>tamen</span> <span class='ocrx_word' id='word_1_194' title='bbox 1225 1151 1304 1181; x_wconf 85' lang='lat' dir='ltr'>divi-</span> 
     </span>
     <span class='ocr_line' id='line_1_29' title="bbox 239 1195 1304 1235; baseline -0.002 -9"><span class='ocrx_word' id='word_1_195' title='bbox 239 1204 321 1226; x_wconf 90' lang='lat' dir='ltr'>num</span> <span class='ocrx_word' id='word_1_196' title='bbox 334 1195 492 1226; x_wconf 82' lang='lat' dir='ltr'>iudicium</span> <span class='ocrx_word' id='word_1_197' title='bbox 508 1196 617 1226; x_wconf 88' lang='lat' dir='ltr'>omnia</span> <span class='ocrx_word' id='word_1_198' title='bbox 637 1195 832 1226; x_wconf 80' lang='lat' dir='ltr'>aestimanda</span> <span class='ocrx_word' id='word_1_199' title='bbox 854 1205 922 1226; x_wconf 88' lang='lat' dir='ltr'>esse</span> <span class='ocrx_word' id='word_1_200' title='bbox 939 1205 976 1225; x_wconf 86' lang='lat' dir='ltr'>ex</span> <span class='ocrx_word' id='word_1_201' title='bbox 998 1196 1092 1226; x_wconf 88' lang='lat' dir='ltr'>sacris</span> <span class='ocrx_word' id='word_1_202' title='bbox 1108 1200 1215 1235; x_wconf 85' lang='lat' dir='ltr'>potest</span> <span class='ocrx_word' id='word_1_203' title='bbox 1238 1195 1304 1225; x_wconf 90' lang='lat' dir='ltr'>col-</span> 
     </span>
     <span class='ocr_line' id='line_1_30' title="bbox 239 1239 1304 1280; baseline -0.002 -10"><span class='ocrx_word' id='word_1_204' title='bbox 239 1239 295 1279; x_wconf 81' lang='lat' dir='ltr'>ligi</span> <span class='ocrx_word' id='word_1_205' title='bbox 316 1239 452 1270; x_wconf 86' lang='lat' dir='ltr'>Litteris.</span> <span class='ocrx_word' id='word_1_206' title='bbox 480 1239 632 1279; x_wconf 88' lang='lat' dir='ltr'>Legimus</span> <span class='ocrx_word' id='word_1_207' title='bbox 656 1240 743 1270; x_wconf 91' lang='lat' dir='ltr'>enim</span> <span class='ocrx_word' id='word_1_208' title='bbox 764 1239 1067 1270; x_wconf 87' lang='lat' dir='ltr'>Nabuchodonosor</span> <span class='ocrx_word' id='word_1_209' title='bbox 1093 1239 1304 1280; x_wconf 84' lang='lat' dir='ltr'>praemiatum</span> 
     </span>
     <span class='ocr_line' id='line_1_31' title="bbox 240 1282 1305 1323; baseline -0.001 -10"><span class='ocrx_word' id='word_1_210' title='bbox 240 1293 266 1313; x_wconf 82' lang='lat' dir='ltr'>a</span> <span class='ocrx_word' id='word_1_211' title='bbox 285 1283 356 1313; x_wconf 92' lang='lat' dir='ltr'>Deo</span> <span class='ocrx_word' id='word_1_212' title='bbox 388 1283 430 1314; x_wconf 92' lang='lat' dir='ltr'>ob</span> <span class='ocrx_word' id='word_1_213' title='bbox 457 1283 620 1314; x_wconf 85' lang='lat' dir='ltr'>servitium</span> <span class='ocrx_word' id='word_1_214' title='bbox 644 1284 703 1313; x_wconf 92' lang='lat' dir='ltr'>sibi</span> <span class='ocrx_word' id='word_1_215' title='bbox 727 1284 903 1314; x_wconf 88' lang='lat' dir='ltr'>exhibitum</span> <span class='ocrx_word' id='word_1_216' title='bbox 931 1284 1003 1313; x_wconf 88' lang='lat' dir='ltr'>satis</span> <span class='ocrx_word' id='word_1_217' title='bbox 1019 1292 1076 1323; x_wconf 93' lang='lat' dir='ltr'>per</span> <span class='ocrx_word' id='word_1_218' title='bbox 1100 1282 1246 1312; x_wconf 90' lang='lat' dir='ltr'>accidens</span> <span class='ocrx_word' id='word_1_219' title='bbox 1271 1283 1305 1312; x_wconf 93' lang='lat' dir='ltr'>in</span> 
     </span>
     <span class='ocr_line' id='line_1_32' title="bbox 240 1325 1305 1368; baseline -0.001 -11"><span class='ocrx_word' id='word_1_220' title='bbox 240 1328 484 1368; x_wconf 85' lang='lat' dir='ltr'>oppugnatione</span> <span class='ocrx_word' id='word_1_221' title='bbox 500 1327 578 1367; x_wconf 89' lang='lat' dir='ltr'>Tyri</span> <span class='ocrx_word' id='word_1_222' title='bbox 592 1338 598 1356; x_wconf 88' lang='lat'><strong>:</strong></span> <span class='ocrx_word' id='word_1_223' title='bbox 624 1333 660 1357; x_wconf 89' lang='lat' dir='ltr'>ut</span> <span class='ocrx_word' id='word_1_224' title='bbox 675 1327 762 1366; x_wconf 88' lang='lat' dir='ltr'>pat&#39;et</span> <span class='ocrx_word' id='word_1_225' title='bbox 777 1327 893 1357; x_wconf 90' lang='lat' dir='ltr'>Ezech.</span> <span class='ocrx_word' id='word_1_226' title='bbox 910 1337 983 1357; x_wconf 83' lang='lat' dir='ltr'>xxrx</span> <span class='ocrx_word' id='word_1_227' title='bbox 999 1328 1025 1357; x_wconf 46' lang='grc' dir='ltr'>ὓ.</span> <span class='ocrx_word' id='word_1_228' title='bbox 1050 1325 1153 1356; x_wconf 90' lang='lat' dir='ltr'>David</span> <span class='ocrx_word' id='word_1_229' title='bbox 1172 1336 1305 1366; x_wconf 90' lang='lat' dir='ltr'>quoque</span> 
     </span>
     <span class='ocr_line' id='line_1_33' title="bbox 238 1370 1303 1411; baseline -0.001 -10"><span class='ocrx_word' id='word_1_230' title='bbox 238 1371 390 1411; x_wconf 85' lang='lat' dir='ltr'>punitum</span> <span class='ocrx_word' id='word_1_231' title='bbox 418 1371 555 1410; x_wconf 88' lang='lat' dir='ltr'>legimus</span> <span class='ocrx_word' id='word_1_232' title='bbox 578 1371 620 1401; x_wconf 93' lang='lat' dir='ltr'>ob</span> <span class='ocrx_word' id='word_1_233' title='bbox 645 1370 795 1401; x_wconf 85' lang='lat' dir='ltr'>effectum</span> <span class='ocrx_word' id='word_1_234' title='bbox 825 1372 898 1401; x_wconf 86' lang='lat' dir='ltr'>satis</span> <span class='ocrx_word' id='word_1_235' title='bbox 921 1380 978 1410; x_wconf 91' lang='lat' dir='ltr'>per</span> <span class='ocrx_word' id='word_1_236' title='bbox 1001 1370 1164 1401; x_wconf 86' lang='lat' dir='ltr'>accidens:</span> <span class='ocrx_word' id='word_1_237' title='bbox 1198 1370 1303 1406; x_wconf 86' lang='lat' dir='ltr'>Quia,</span> 
     </span>
    </p>

    <p class='ocr_par' dir='ltr' id='par_1_16' title="bbox 215 1414 1307 1456">
     <span class='ocr_line' id='line_1_34' title="bbox 215 1414 1307 1456; baseline -0.002 -10"><span class='ocrx_word' id='word_1_238' title='bbox 215 1415 344 1455; x_wconf 81' lang='lat' dir='ltr'>.inquit</span> <span class='ocrx_word' id='word_1_239' title='bbox 365 1415 491 1445; x_wconf 85' lang='lat' dir='ltr'>Nathan</span> <span class='ocrx_word' id='word_1_240' title='bbox 515 1415 683 1455; x_wconf 88' lang='lat' dir='ltr'>propheta,</span> <span class='ocrx_word' id='word_1_241' title='bbox 707 1415 855 1445; x_wconf 85' lang='lat' dir='ltr'>inimicos</span> <span class='ocrx_word' id='word_1_242' title='bbox 874 1415 988 1456; x_wconf 86' lang='lat' dir='ltr'>fecisti</span> <span class='ocrx_word' id='word_1_243' title='bbox 1010 1414 1231 1454; x_wconf 70' lang='lat' dir='ltr'>blasphemare</span> <span class='ocrx_word' id='word_1_244' title='bbox 1250 1424 1307 1444; x_wconf 91' lang='lat' dir='ltr'>no-</span> 
     </span>
    </p>
   </div>
   <div class='ocr_carea' id='block_1_14' title="bbox 1357 496 2421 1455">
    <p class='ocr_par' dir='ltr' id='par_1_17' title="bbox 1357 496 2421 1455">
     <span class='ocr_line' id='line_1_35' title="bbox 1416 496 2420 539; baseline 0.002 -13"><span class='ocrx_word' id='word_1_245' title='bbox 1416 496 1468 526; x_wconf 89' lang='lat' dir='ltr'>IV.</span> <span class='ocrx_word' id='word_1_246' title='bbox 1490 496 1526 526; x_wconf 94' lang='lat' dir='ltr'>In</span> <span class='ocrx_word' id='word_1_247' title='bbox 1541 498 1750 536; x_wconf 88' lang='lat' dir='ltr'>responsione</span> <span class='ocrx_word' id='word_1_248' title='bbox 1777 497 1816 527; x_wconf 92' lang='lat' dir='ltr'>ad</span> <span class='ocrx_word' id='word_1_249' title='bbox 1832 498 1971 538; x_wconf 91' lang='lat' dir='ltr'>primum</span> <span class='ocrx_word' id='word_1_250' title='bbox 1989 503 2018 528; x_wconf 90' lang='lat' dir='ltr'>et</span> <span class='ocrx_word' id='word_1_251' title='bbox 2034 499 2172 534; x_wconf 86' lang='lat' dir='ltr'>tertium,</span> <span class='ocrx_word' id='word_1_252' title='bbox 2189 498 2314 529; x_wconf 89' lang='lat' dir='ltr'>adverte</span> <span class='ocrx_word' id='word_1_253' title='bbox 2331 498 2420 539; x_wconf 91' lang='lat' dir='ltr'>quod</span> 
     </span>
     <span class='ocr_line' id='line_1_36' title="bbox 1360 539 2420 580; baseline 0.003 -11"><span class='ocrx_word' id='word_1_254' title='bbox 1360 539 1445 569; x_wconf 87' lang='lat' dir='ltr'>aliud</span> <span class='ocrx_word' id='word_1_255' title='bbox 1470 546 1515 570; x_wconf 91' lang='lat' dir='ltr'>est</span> <span class='ocrx_word' id='word_1_256' title='bbox 1538 540 1704 570; x_wconf 88' lang='lat' dir='ltr'>hominem</span> <span class='ocrx_word' id='word_1_257' title='bbox 1727 546 1801 580; x_wconf 89' lang='lat' dir='ltr'>post</span> <span class='ocrx_word' id='word_1_258' title='bbox 1824 547 1961 571; x_wconf 82' lang='lat' dir='ltr'>mortem</span> <span class='ocrx_word' id='word_1_259' title='bbox 1992 543 2094 572; x_wconf 89' lang='lat' dir='ltr'>sortiri</span> <span class='ocrx_word' id='word_1_260' title='bbox 2126 547 2241 572; x_wconf 81' lang='lat' dir='ltr'>statum</span> <span class='ocrx_word' id='word_1_261' title='bbox 2271 543 2420 573; x_wconf 88' lang='lat' dir='ltr'>immuta-</span> 
     </span>
     <span class='ocr_line' id='line_1_37' title="bbox 1359 583 2419 616; baseline 0.004 -4"><span class='ocrx_word' id='word_1_262' title='bbox 1359 583 1456 613; x_wconf 88' lang='lat' dir='ltr'>bilem</span> <span class='ocrx_word' id='word_1_263' title='bbox 1480 584 1656 614; x_wconf 85' lang='lat' dir='ltr'>secundum</span> <span class='ocrx_word' id='word_1_264' title='bbox 1681 585 1838 614; x_wconf 87' lang='lat' dir='ltr'>animam:</span> <span class='ocrx_word' id='word_1_265' title='bbox 1863 590 1894 614; x_wconf 93' lang='lat' dir='ltr'>et</span> <span class='ocrx_word' id='word_1_266' title='bbox 1909 585 1995 615; x_wconf 91' lang='lat' dir='ltr'>aliud</span> <span class='ocrx_word' id='word_1_267' title='bbox 2018 591 2064 615; x_wconf 86' lang='lat' dir='ltr'>est</span> <span class='ocrx_word' id='word_1_268' title='bbox 2087 586 2189 615; x_wconf 90' lang='lat' dir='ltr'>sortiri</span> <span class='ocrx_word' id='word_1_269' title='bbox 2213 591 2329 616; x_wconf 90' lang='lat' dir='ltr'>statum</span> <span class='ocrx_word' id='word_1_270' title='bbox 2352 595 2419 616; x_wconf 90' lang='lat' dir='ltr'>non</span> 
     </span>
     <span class='ocr_line' id='line_1_38' title="bbox 1358 626 2419 668; baseline 0.004 -12"><span class='ocrx_word' id='word_1_271' title='bbox 1358 626 1586 666; x_wconf 86' lang='lat' dir='ltr'>impedibilem.</span> <span class='ocrx_word' id='word_1_272' title='bbox 1610 628 1727 658; x_wconf 88' lang='lat' dir='ltr'>Anima</span> <span class='ocrx_word' id='word_1_273' title='bbox 1751 629 1836 658; x_wconf 87' lang='lat' dir='ltr'>enim</span> <span class='ocrx_word' id='word_1_274' title='bbox 1857 638 1913 668; x_wconf 89' lang='lat' dir='ltr'>per</span> <span class='ocrx_word' id='word_1_275' title='bbox 1928 635 2066 659; x_wconf 90' lang='lat' dir='ltr'>mortem</span> <span class='ocrx_word' id='word_1_276' title='bbox 2089 630 2233 668; x_wconf 86' lang='lat' dir='ltr'>pervenit</span> <span class='ocrx_word' id='word_1_277' title='bbox 2249 629 2288 659; x_wconf 88' lang='lat' dir='ltr'>acl</span> <span class='ocrx_word' id='word_1_278' title='bbox 2304 635 2419 660; x_wconf 89' lang='lat' dir='ltr'>statum</span> 
     </span>
     <span class='ocr_line' id='line_1_39' title="bbox 1358 670 2420 708; baseline 0.004 -9"><span class='ocrx_word' id='word_1_279' title='bbox 1358 670 1591 700; x_wconf 85' lang='lat' dir='ltr'>immutabilem</span> <span class='ocrx_word' id='word_1_280' title='bbox 1619 671 1658 701; x_wconf 89' lang='lat' dir='ltr'>de</span> <span class='ocrx_word' id='word_1_281' title='bbox 1686 672 1827 702; x_wconf 86' lang='lat' dir='ltr'>bonitate</span> <span class='ocrx_word' id='word_1_282' title='bbox 1856 673 1889 702; x_wconf 88' lang='lat' dir='ltr'>in</span> <span class='ocrx_word' id='word_1_283' title='bbox 1915 673 2084 708; x_wconf 82' lang='lat' dir='ltr'>malitiam,</span> <span class='ocrx_word' id='word_1_284' title='bbox 2109 679 2164 703; x_wconf 91' lang='lat' dir='ltr'>aut</span> <span class='ocrx_word' id='word_1_285' title='bbox 2187 682 2204 703; x_wconf 88' lang='lat' dir='ltr'>e</span> <span class='ocrx_word' id='word_1_286' title='bbox 2228 679 2354 703; x_wconf 90' lang='lat' dir='ltr'>contra:</span> <span class='ocrx_word' id='word_1_287' title='bbox 2389 679 2420 703; x_wconf 90' lang='lat' dir='ltr'>et</span> 
     </span>
     <span class='ocr_line' id='line_1_40' title="bbox 1359 714 2420 753; baseline 0.004 -10"><span class='ocrx_word' id='word_1_288' title='bbox 1359 719 1414 744; x_wconf 92' lang='lat' dir='ltr'>aut</span> <span class='ocrx_word' id='word_1_289' title='bbox 1442 719 1488 744; x_wconf 91' lang='lat' dir='ltr'>est</span> <span class='ocrx_word' id='word_1_290' title='bbox 1515 714 1702 744; x_wconf 88' lang='lat' dir='ltr'>confirmata</span> <span class='ocrx_word' id='word_1_291' title='bbox 1724 716 1757 745; x_wconf 91' lang='lat' dir='ltr'>in</span> <span class='ocrx_word' id='word_1_292' title='bbox 1780 716 1885 751; x_wconf 90' lang='lat' dir='ltr'>bono,</span> <span class='ocrx_word' id='word_1_293' title='bbox 1910 722 1964 746; x_wconf 91' lang='lat' dir='ltr'>aut</span> <span class='ocrx_word' id='word_1_294' title='bbox 1995 717 2150 747; x_wconf 89' lang='lat' dir='ltr'>obstinata</span> <span class='ocrx_word' id='word_1_295' title='bbox 2173 717 2205 746; x_wconf 93' lang='lat' dir='ltr'>in</span> <span class='ocrx_word' id='word_1_296' title='bbox 2229 717 2334 753; x_wconf 87' lang='lat' dir='ltr'>malo;</span> <span class='ocrx_word' id='word_1_297' title='bbox 2366 723 2420 747; x_wconf 89' lang='lat' dir='ltr'>aut</span> 
     </span>
     <span class='ocr_line' id='line_1_41' title="bbox 1359 758 2419 799; baseline 0.004 -12"><span class='ocrx_word' id='word_1_298' title='bbox 1359 758 1435 787; x_wconf 91' lang='lat' dir='ltr'>civis</span> <span class='ocrx_word' id='word_1_299' title='bbox 1459 758 1609 793; x_wconf 88' lang='lat' dir='ltr'>caelestis,</span> <span class='ocrx_word' id='word_1_300' title='bbox 1628 764 1682 788; x_wconf 88' lang='lat' dir='ltr'>aut</span> <span class='ocrx_word' id='word_1_301' title='bbox 1704 758 1829 789; x_wconf 84' lang='lat' dir='ltr'>inferni.</span> <span class='ocrx_word' id='word_1_302' title='bbox 1854 759 1894 789; x_wconf 87' lang='lat' dir='ltr'>Et</span> <span class='ocrx_word' id='word_1_303' title='bbox 1910 769 2008 799; x_wconf 89' lang='lat' dir='ltr'>penes</span> <span class='ocrx_word' id='word_1_304' title='bbox 2030 761 2093 790; x_wconf 93' lang='lat' dir='ltr'>hoc</span> <span class='ocrx_word' id='word_1_305' title='bbox 2117 760 2287 790; x_wconf 85' lang='lat' dir='ltr'>attenditur</span> <span class='ocrx_word' id='word_1_306' title='bbox 2302 762 2419 791; x_wconf 86' lang='lat' dir='ltr'>immu-</span> 
     </span>
     <span class='ocr_line' id='line_1_42' title="bbox 1358 801 2420 844; baseline 0.004 -14"><span class='ocrx_word' id='word_1_307' title='bbox 1358 801 1492 831; x_wconf 88' lang='lat' dir='ltr'>tabilitas</span> <span class='ocrx_word' id='word_1_308' title='bbox 1515 807 1622 832; x_wconf 87' lang='lat' dir='ltr'>status.</span> <span class='ocrx_word' id='word_1_309' title='bbox 1652 801 1738 832; x_wconf 90' lang='lat' dir='ltr'>Cum</span> <span class='ocrx_word' id='word_1_310' title='bbox 1762 812 1825 842; x_wconf 87' lang='lat' dir='ltr'>qua</span> <span class='ocrx_word' id='word_1_311' title='bbox 1848 804 2100 834; x_wconf 85' lang='lat' dir='ltr'>immutabilitate</span> <span class='ocrx_word' id='word_1_312' title='bbox 2124 809 2183 834; x_wconf 88' lang='lat' dir='ltr'>stat</span> <span class='ocrx_word' id='word_1_313' title='bbox 2206 803 2295 843; x_wconf 91' lang='lat' dir='ltr'>quod</span> <span class='ocrx_word' id='word_1_314' title='bbox 2319 805 2420 844; x_wconf 89' lang='lat' dir='ltr'>possit</span> 
     </span>
     <span class='ocr_line' id='line_1_43' title="bbox 1358 845 2419 887; baseline 0.004 -13"><span class='ocrx_word' id='word_1_315' title='bbox 1358 845 1505 884; x_wconf 89' lang='lat' dir='ltr'>impediri</span> <span class='ocrx_word' id='word_1_316' title='bbox 1529 845 1567 875; x_wconf 88' lang='lat' dir='ltr'>ad</span> <span class='ocrx_word' id='word_1_317' title='bbox 1593 851 1720 885; x_wconf 90' lang='lat' dir='ltr'>tempus</span> <span class='ocrx_word' id='word_1_318' title='bbox 1746 856 1787 876; x_wconf 91' lang='lat' dir='ltr'>ne</span> <span class='ocrx_word' id='word_1_319' title='bbox 1815 846 1854 876; x_wconf 88' lang='lat' dir='ltr'>ad</span> <span class='ocrx_word' id='word_1_320' title='bbox 1877 856 1966 876; x_wconf 90' lang='lat' dir='ltr'>suam</span> <span class='ocrx_word' id='word_1_321' title='bbox 1997 848 2155 877; x_wconf 88' lang='lat' dir='ltr'>civitatem</span> <span class='ocrx_word' id='word_1_322' title='bbox 2178 849 2350 887; x_wconf 87' lang='lat' dir='ltr'>perveniat.</span> <span class='ocrx_word' id='word_1_323' title='bbox 2378 848 2419 878; x_wconf 93' lang='lat' dir='ltr'>Et</span> 
     </span>
     <span class='ocr_line' id='line_1_44' title="bbox 1358 888 2419 932; baseline 0.005 -14"><span class='ocrx_word' id='word_1_324' title='bbox 1358 888 1544 918; x_wconf 89' lang='lat' dir='ltr'>huiusmodi</span> <span class='ocrx_word' id='word_1_325' title='bbox 1566 889 1795 928; x_wconf 87' lang='lat' dir='ltr'>impedimenta</span> <span class='ocrx_word' id='word_1_326' title='bbox 1817 891 1976 929; x_wconf 85' lang='lat' dir='ltr'>pertinent</span> <span class='ocrx_word' id='word_1_327' title='bbox 1999 891 2037 920; x_wconf 90' lang='lat' dir='ltr'>ad</span> <span class='ocrx_word' id='word_1_328' title='bbox 2060 892 2296 930; x_wconf 82' lang='lat' dir='ltr'>purgatorium:</span> <span class='ocrx_word' id='word_1_329' title='bbox 2330 892 2419 932; x_wconf 91' lang='lat' dir='ltr'>quod</span> 
     </span>
     <span class='ocr_line' id='line_1_45' title="bbox 1358 933 2419 975; baseline 0.005 -14"><span class='ocrx_word' id='word_1_330' title='bbox 1358 941 1426 962; x_wconf 93' lang='lat' dir='ltr'>non</span> <span class='ocrx_word' id='word_1_331' title='bbox 1460 933 1625 962; x_wconf 89' lang='lat' dir='ltr'>constituit</span> <span class='ocrx_word' id='word_1_332' title='bbox 1659 934 1787 963; x_wconf 87' lang='lat' dir='ltr'>tertium</span> <span class='ocrx_word' id='word_1_333' title='bbox 1821 939 1937 964; x_wconf 88' lang='lat' dir='ltr'>statum</span> <span class='ocrx_word' id='word_1_334' title='bbox 1971 935 2169 971; x_wconf 87' lang='lat' dir='ltr'>animarum,</span> <span class='ocrx_word' id='word_1_335' title='bbox 2205 945 2310 975; x_wconf 89' lang='lat' dir='ltr'>neque</span> <span class='ocrx_word' id='word_1_336' title='bbox 2345 935 2419 966; x_wconf 86' lang='lat' dir='ltr'>facit</span> 
     </span>
     <span class='ocr_line' id='line_1_46' title="bbox 1357 977 2417 1018; baseline 0.004 -12"><span class='ocrx_word' id='word_1_337' title='bbox 1357 977 1570 1006; x_wconf 86' lang='lat' dir='ltr'>mutationem</span> <span class='ocrx_word' id='word_1_338' title='bbox 1594 977 1733 1016; x_wconf 86' lang='lat' dir='ltr'>aliquam</span> <span class='ocrx_word' id='word_1_339' title='bbox 1749 978 1782 1006; x_wconf 90' lang='lat' dir='ltr'>in</span> <span class='ocrx_word' id='word_1_340' title='bbox 1797 983 1879 1007; x_wconf 89' lang='lat' dir='ltr'>statu</span> <span class='ocrx_word' id='word_1_341' title='bbox 1895 979 2028 1014; x_wconf 87' lang='lat' dir='ltr'>animae,</span> <span class='ocrx_word' id='word_1_342' title='bbox 2046 979 2120 1018; x_wconf 86' lang='lat' dir='ltr'>quia</span> <span class='ocrx_word' id='word_1_343' title='bbox 2137 985 2183 1008; x_wconf 86' lang='lat' dir='ltr'>est</span> <span class='ocrx_word' id='word_1_344' title='bbox 2198 979 2417 1016; x_wconf 86' lang='lat' dir='ltr'>immutabilis;</span> 
     </span>
     <span class='ocr_line' id='line_1_47' title="bbox 1359 1019 2417 1060; baseline 0.004 -11"><span class='ocrx_word' id='word_1_345' title='bbox 1359 1019 1414 1050; x_wconf 89' lang='lat' dir='ltr'>sed</span> <span class='ocrx_word' id='word_1_346' title='bbox 1437 1020 1703 1059; x_wconf 85' lang='lat' dir='ltr'>impedimentum</span> <span class='ocrx_word' id='word_1_347' title='bbox 1734 1027 1869 1060; x_wconf 86' lang='lat' dir='ltr'>praestat</span> <span class='ocrx_word' id='word_1_348' title='bbox 1900 1023 2170 1052; x_wconf 87' lang='lat' dir='ltr'>consummationi</span> <span class='ocrx_word' id='word_1_349' title='bbox 2201 1028 2297 1052; x_wconf 87' lang='lat' dir='ltr'>status</span> <span class='ocrx_word' id='word_1_350' title='bbox 2324 1023 2417 1053; x_wconf 90' lang='lat' dir='ltr'>illius.</span> 
     </span>
     <span class='ocr_line' id='line_1_48' title="bbox 1358 1064 2417 1103; baseline 0.003 -10"><span class='ocrx_word' id='word_1_351' title='bbox 1358 1064 1400 1093; x_wconf 91' lang='lat' dir='ltr'>Et</span> <span class='ocrx_word' id='word_1_352' title='bbox 1422 1064 1524 1094; x_wconf 90' lang='lat' dir='ltr'>simile</span> <span class='ocrx_word' id='word_1_353' title='bbox 1553 1069 1599 1094; x_wconf 89' lang='lat' dir='ltr'>est</span> <span class='ocrx_word' id='word_1_354' title='bbox 1627 1065 1656 1094; x_wconf 90' lang='lat' dir='ltr'>ei</span> <span class='ocrx_word' id='word_1_355' title='bbox 1683 1064 1772 1103; x_wconf 91' lang='lat' dir='ltr'>quod</span> <span class='ocrx_word' id='word_1_356' title='bbox 1803 1065 1963 1095; x_wconf 83' lang='lat' dir='ltr'>invenitur</span> <span class='ocrx_word' id='word_1_357' title='bbox 1985 1066 2018 1095; x_wconf 91' lang='lat' dir='ltr'>in</span> <span class='ocrx_word' id='word_1_358' title='bbox 2041 1067 2181 1096; x_wconf 91' lang='lat' dir='ltr'>motibus</span> <span class='ocrx_word' id='word_1_359' title='bbox 2213 1067 2417 1096; x_wconf 90' lang='lat' dir='ltr'>naturalibus.</span> 
     </span>
     <span class='ocr_line' id='line_1_49' title="bbox 1359 1108 2418 1148; baseline 0.003 -11"><span class='ocrx_word' id='word_1_360' title='bbox 1359 1108 1444 1137; x_wconf 91' lang='lat' dir='ltr'>Leve</span> <span class='ocrx_word' id='word_1_361' title='bbox 1469 1108 1555 1137; x_wconf 88' lang='lat' dir='ltr'>enim</span> <span class='ocrx_word' id='word_1_362' title='bbox 1579 1108 1752 1138; x_wconf 86' lang='lat' dir='ltr'>ascendens</span> <span class='ocrx_word' id='word_1_363' title='bbox 1776 1118 1918 1144; x_wconf 88' lang='lat' dir='ltr'>sursum,</span> <span class='ocrx_word' id='word_1_364' title='bbox 1943 1110 1968 1139; x_wconf 88' lang='lat' dir='ltr'>si</span> <span class='ocrx_word' id='word_1_365' title='bbox 1991 1109 2182 1148; x_wconf 86' lang='lat' dir='ltr'>impediatur</span> <span class='ocrx_word' id='word_1_366' title='bbox 2205 1111 2238 1139; x_wconf 90' lang='lat' dir='ltr'>in</span> <span class='ocrx_word' id='word_1_367' title='bbox 2261 1111 2326 1146; x_wconf 88' lang='lat' dir='ltr'>via,</span> <span class='ocrx_word' id='word_1_368' title='bbox 2351 1120 2418 1140; x_wconf 91' lang='lat' dir='ltr'>non</span> 
     </span>
     <span class='ocr_line' id='line_1_50' title="bbox 1358 1153 2419 1194; baseline 0.004 -14"><span class='ocrx_word' id='word_1_369' title='bbox 1358 1157 1528 1191; x_wconf 86' lang='lat' dir='ltr'>propterea</span> <span class='ocrx_word' id='word_1_370' title='bbox 1550 1157 1652 1181; x_wconf 86' lang='lat' dir='ltr'>mutat</span> <span class='ocrx_word' id='word_1_371' title='bbox 1676 1153 1724 1181; x_wconf 88' lang='lat' dir='ltr'>sui</span> <span class='ocrx_word' id='word_1_372' title='bbox 1751 1158 1858 1182; x_wconf 90' lang='lat' dir='ltr'>motus</span> <span class='ocrx_word' id='word_1_373' title='bbox 1881 1158 2041 1189; x_wconf 85' lang='lat' dir='ltr'>naturam;</span> <span class='ocrx_word' id='word_1_374' title='bbox 2066 1163 2135 1189; x_wconf 85' lang='lat' dir='ltr'>nec,</span> <span class='ocrx_word' id='word_1_375' title='bbox 2154 1159 2294 1184; x_wconf 84' lang='lat' dir='ltr'>cessante</span> <span class='ocrx_word' id='word_1_376' title='bbox 2317 1155 2419 1194; x_wconf 89' lang='lat' dir='ltr'>impe—</span> 
     </span>
     <span class='ocr_line' id='line_1_51' title="bbox 1359 1194 2416 1236; baseline 0.003 -12"><span class='ocrx_word' id='word_1_377' title='bbox 1359 1194 1502 1225; x_wconf 90' lang='lat' dir='ltr'>dimento</span> <span class='ocrx_word' id='word_1_378' title='bbox 1528 1195 1747 1231; x_wconf 87' lang='lat' dir='ltr'>ascendendo,</span> <span class='ocrx_word' id='word_1_379' title='bbox 1772 1206 1894 1226; x_wconf 90' lang='lat' dir='ltr'>novum</span> <span class='ocrx_word' id='word_1_380' title='bbox 1918 1197 2052 1236; x_wconf 89' lang='lat' dir='ltr'>acquirit</span> <span class='ocrx_word' id='word_1_381' title='bbox 2074 1198 2267 1236; x_wconf 89' lang='lat' dir='ltr'>principium</span> <span class='ocrx_word' id='word_1_382' title='bbox 2291 1203 2416 1234; x_wconf 88' lang='lat' dir='ltr'>motus;</span> 
     </span>
     <span class='ocr_line' id='line_1_52' title="bbox 1359 1238 2418 1281; baseline 0.003 -13"><span class='ocrx_word' id='word_1_383' title='bbox 1359 1238 1425 1274; x_wconf 87' lang='lat' dir='ltr'>sed,</span> <span class='ocrx_word' id='word_1_384' title='bbox 1449 1244 1575 1269; x_wconf 87' lang='lat' dir='ltr'>remoto</span> <span class='ocrx_word' id='word_1_385' title='bbox 1599 1239 1805 1279; x_wconf 87' lang='lat' dir='ltr'>prohibente,</span> <span class='ocrx_word' id='word_1_386' title='bbox 1830 1250 1847 1269; x_wconf 90' lang='lat' dir='ltr'>a</span> <span class='ocrx_word' id='word_1_387' title='bbox 1870 1241 2033 1279; x_wconf 90' lang='lat' dir='ltr'>primaevo</span> <span class='ocrx_word' id='word_1_388' title='bbox 2064 1241 2232 1271; x_wconf 90' lang='lat' dir='ltr'>immutato</span> <span class='ocrx_word' id='word_1_389' title='bbox 2261 1242 2418 1281; x_wconf 89' lang='lat' dir='ltr'>principio</span> 
     </span>
     <span class='ocr_line' id='line_1_53' title="bbox 1360 1283 2419 1322; baseline 0.003 -10"><span class='ocrx_word' id='word_1_390' title='bbox 1360 1292 1527 1312; x_wconf 89' lang='lat' dir='ltr'>ascensum</span> <span class='ocrx_word' id='word_1_391' title='bbox 1543 1283 1756 1322; x_wconf 81' lang='lat' dir='ltr'>prosequitur.</span> <span class='ocrx_word' id='word_1_392' title='bbox 1771 1283 1822 1313; x_wconf 89' lang='lat' dir='ltr'>Sic</span> <span class='ocrx_word' id='word_1_393' title='bbox 1835 1285 1920 1313; x_wconf 86' lang='lat' dir='ltr'>enirn</span> <span class='ocrx_word' id='word_1_394' title='bbox 1933 1285 2047 1319; x_wconf 86' lang='lat' dir='ltr'>anima,</span> <span class='ocrx_word' id='word_1_395' title='bbox 2060 1285 2226 1314; x_wconf 83' lang='lat' dir='ltr'>immutata</span> <span class='ocrx_word' id='word_1_396' title='bbox 2243 1285 2419 1315; x_wconf 89' lang='lat' dir='ltr'>secundum</span> 
     </span>
     <span class='ocr_line' id='line_1_54' title="bbox 1360 1327 2419 1367; baseline 0.003 -11"><span class='ocrx_word' id='word_1_397' title='bbox 1360 1332 1477 1357; x_wconf 90' lang='lat' dir='ltr'>statum</span> <span class='ocrx_word' id='word_1_398' title='bbox 1501 1336 1606 1362; x_wconf 86' lang='lat' dir='ltr'>suum,</span> <span class='ocrx_word' id='word_1_399' title='bbox 1631 1327 1737 1356; x_wconf 89' lang='lat' dir='ltr'>soluto</span> <span class='ocrx_word' id='word_1_400' title='bbox 1761 1328 1962 1366; x_wconf 83' lang='lat' dir='ltr'>purgatorio,</span> <span class='ocrx_word' id='word_1_401' title='bbox 1987 1334 2139 1367; x_wconf 87' lang='lat' dir='ltr'>tanquam</span> <span class='ocrx_word' id='word_1_402' title='bbox 2162 1334 2287 1358; x_wconf 88' lang='lat' dir='ltr'>remoto</span> <span class='ocrx_word' id='word_1_403' title='bbox 2311 1330 2419 1367; x_wconf 89' lang='lat' dir='ltr'>prohi-</span> 
     </span>
     <span class='ocr_line' id='line_1_55' title="bbox 1360 1370 2421 1411; baseline 0.003 -11"><span class='ocrx_word' id='word_1_404' title='bbox 1360 1372 1465 1406; x_wconf 91' lang='lat' dir='ltr'>bente,</span> <span class='ocrx_word' id='word_1_405' title='bbox 1483 1370 1523 1400; x_wconf 90' lang='lat' dir='ltr'>ad</span> <span class='ocrx_word' id='word_1_406' title='bbox 1538 1370 1636 1400; x_wconf 88' lang='lat' dir='ltr'>finem</span> <span class='ocrx_word' id='word_1_407' title='bbox 1652 1371 1700 1400; x_wconf 93' lang='lat' dir='ltr'>sui</span> <span class='ocrx_word' id='word_1_408' title='bbox 1716 1371 1889 1401; x_wconf 89' lang='lat' dir='ltr'>immobilis</span> <span class='ocrx_word' id='word_1_409' title='bbox 1906 1377 2012 1407; x_wconf 89' lang='lat' dir='ltr'>status,</span> <span class='ocrx_word' id='word_1_410' title='bbox 2030 1373 2063 1402; x_wconf 91' lang='lat' dir='ltr'>in</span> <span class='ocrx_word' id='word_1_411' title='bbox 2080 1381 2145 1411; x_wconf 92' lang='lat' dir='ltr'>quo</span> <span class='ocrx_word' id='word_1_412' title='bbox 2165 1378 2211 1402; x_wconf 90' lang='lat' dir='ltr'>est</span> <span class='ocrx_word' id='word_1_413' title='bbox 2234 1372 2421 1403; x_wconf 87' lang='lat' dir='ltr'>confirmata</span> 
     </span>
     <span class='ocr_line' id='line_1_56' title="bbox 1360 1414 2000 1455; baseline 0.002 -11"><span class='ocrx_word' id='word_1_414' title='bbox 1360 1424 1417 1454; x_wconf 90' lang='lat' dir='ltr'>per</span> <span class='ocrx_word' id='word_1_415' title='bbox 1439 1420 1587 1450; x_wconf 89' lang='lat' dir='ltr'>mortem,</span> <span class='ocrx_word' id='word_1_416' title='bbox 1611 1415 1709 1454; x_wconf 90' lang='lat' dir='ltr'>gratia</span> <span class='ocrx_word' id='word_1_417' title='bbox 1732 1414 1823 1450; x_wconf 89' lang='lat' dir='ltr'>duce,</span> <span class='ocrx_word' id='word_1_418' title='bbox 1847 1416 2000 1455; x_wconf 82' lang='lat' dir='ltr'>pervenit.</span> 
     </span>
    </p>
   </div>
   <div class='ocr_carea' id='block_1_15' title="bbox 575 1550 2086 1676">
    <p class='ocr_par' dir='ltr' id='par_1_18' title="bbox 575 1550 2086 1676">
     <span class='ocr_line' id='line_1_57' title="bbox 1054 1550 1613 1593; baseline -0.005 0"><span class='ocrx_word' id='word_1_419' title='bbox 1054 1551 1374 1593; x_wconf 88' lang='lat' dir='ltr'>ARTICULUS</span> <span class='ocrx_word' id='word_1_420' title='bbox 1404 1550 1613 1591; x_wconf 88' lang='lat' dir='ltr'>SEXTUS</span> 
     </span>
     <span class='ocr_line' id='line_1_58' title="bbox 575 1643 2086 1676; baseline -0.001 0"><span class='ocrx_word' id='word_1_421' title='bbox 575 1645 732 1676; x_wconf 86' lang='lat' dir='ltr'>UTRUM</span> <span class='ocrx_word' id='word_1_422' title='bbox 755 1645 980 1676; x_wconf 85' lang='lat' dir='ltr'>POTESTAS</span> <span class='ocrx_word' id='word_1_423' title='bbox 1005 1645 1177 1676; x_wconf 86' lang='lat' dir='ltr'>CHRISTI</span> <span class='ocrx_word' id='word_1_424' title='bbox 1202 1643 1440 1675; x_wconf 85' lang='lat' dir='ltr'><strong>IUDICIARIA</strong></span> <span class='ocrx_word' id='word_1_425' title='bbox 1463 1643 1513 1674; x_wconf 84' lang='lat' dir='ltr'>SE</span> <span class='ocrx_word' id='word_1_426' title='bbox 1536 1643 1776 1673; x_wconf 85' lang='lat' dir='ltr'><strong>EXTENDAT</strong></span> <span class='ocrx_word' id='word_1_427' title='bbox 1799 1644 1858 1674; x_wconf 90' lang='lat' dir='ltr'>AD</span> <span class='ocrx_word' id='word_1_428' title='bbox 1882 1644 2086 1675; x_wconf 74' lang='lat' dir='ltr'>ANGELos</span> 
     </span>
    </p>
   </div>
   <div class='ocr_carea' id='block_1_16' title="bbox 805 1723 1856 1756">
    <p class='ocr_par' dir='ltr' id='par_1_19' title="bbox 805 1723 1856 1756">
     <span class='ocr_line' id='line_1_59' title="bbox 805 1723 1856 1756; baseline -0.003 -6"><span class='ocrx_word' id='word_1_429' title='bbox 805 1725 839 1750; x_wconf 92' lang='lat' dir='ltr'>1v</span> <span class='ocrx_word' id='word_1_430' title='bbox 858 1725 945 1754; x_wconf 71' lang='lat' dir='ltr'>Sem„</span> <span class='ocrx_word' id='word_1_431' title='bbox 965 1725 1023 1750; x_wconf 85' lang='lat' dir='ltr'>dist.</span> <span class='ocrx_word' id='word_1_432' title='bbox 1041 1731 1118 1756; x_wconf 73' lang='lat' dir='ltr'>xum,</span> <span class='ocrx_word' id='word_1_433' title='bbox 1138 1732 1183 1756; x_wconf 87' lang='lat' dir='ltr'>qu.</span> <span class='ocrx_word' id='word_1_434' title='bbox 1204 1731 1226 1753; x_wconf 89' lang='lat'>1,</span> <span class='ocrx_word' id='word_1_435' title='bbox 1246 1729 1293 1748; x_wconf 86' lang='lat' dir='ltr'>art.</span> <span class='ocrx_word' id='word_1_436' title='bbox 1315 1723 1337 1754; x_wconf 84' lang='lat'>3,</span> <span class='ocrx_word' id='word_1_437' title='bbox 1357 1723 1406 1755; x_wconf 66' lang='lat' dir='ltr'>qu⁸</span> <span class='ocrx_word' id='word_1_438' title='bbox 1424 1730 1456 1754; x_wconf 89' lang='lat'>4;</span> <span class='ocrx_word' id='word_1_439' title='bbox 1476 1723 1534 1747; x_wconf 81' lang='lat' dir='ltr'>dist.</span> <span class='ocrx_word' id='word_1_440' title='bbox 1554 1730 1644 1753; x_wconf 79' lang='lat' dir='ltr'>xr.vm‚</span> <span class='ocrx_word' id='word_1_441' title='bbox 1664 1731 1709 1756; x_wconf 92' lang='lat' dir='ltr'>qu.</span> <span class='ocrx_word' id='word_1_442' title='bbox 1729 1731 1746 1754; x_wconf 92' lang='lat'>1,</span> <span class='ocrx_word' id='word_1_443' title='bbox 1765 1729 1812 1748; x_wconf 86' lang='lat' dir='ltr'>art.</span> <span class='ocrx_word' id='word_1_444' title='bbox 1833 1730 1856 1748; x_wconf 79' lang='grc' dir='ltr'>ι.</span> 
     </span>
    </p>
   </div>
   <div class='ocr_carea' id='block_1_17' title="bbox 257 1794 1302 1977">
    <p class='ocr_par' dir='ltr' id='par_1_20' title="bbox 257 1794 1302 1977">
     <span class='ocr_line' id='line_1_60' title="bbox 265 1794 1301 1861; baseline 0 -30"><span class='ocrx_word' id='word_1_445' title='bbox 265 1807 335 1861; x_wconf 38' lang='lat'>7245»</span> <span class='ocrx_word' id='word_1_446' title='bbox 358 1817 419 1845; x_wconf 42' lang='grc' dir='ltr'>,ζ-</span> <span class='ocrx_word' id='word_1_447' title='bbox 435 1807 472 1832; x_wconf 87' lang='lat' dir='ltr'>D</span> <span class='ocrx_word' id='word_1_448' title='bbox 496 1807 639 1832; x_wconf 65' lang='lat' dir='ltr'>serrum</span> <span class='ocrx_word' id='word_1_449' title='bbox 667 1807 719 1832; x_wconf 77' lang='lat' dir='ltr'>sm</span> <span class='ocrx_word' id='word_1_450' title='bbox 748 1807 983 1833; x_wconf 71' lang='lat' dir='ltr'>rnocssmrua.</span> <span class='ocrx_word' id='word_1_451' title='bbox 1013 1795 1174 1832; x_wconf 86' lang='lat' dir='ltr'>Videtur</span> <span class='ocrx_word' id='word_1_452' title='bbox 1194 1794 1301 1843; x_wconf 92' lang='lat' dir='ltr'>quod</span> 
     </span>
     <span class='ocr_line' id='line_1_61' title="bbox 257 1836 1301 1907; baseline -0.002 -23"><span class='ocrx_word' id='word_1_453' title='bbox 257 1836 439 1907; x_wconf 41' lang='lat' dir='ltr'>&amp;dij</span> <span class='ocrx_word' id='word_1_454' title='bbox 449 1854 616 1897; x_wconf 88' lang='lat' dir='ltr'>potestas</span> <span class='ocrx_word' id='word_1_455' title='bbox 637 1847 776 1885; x_wconf 87' lang='lat' dir='ltr'>Christi</span> <span class='ocrx_word' id='word_1_456' title='bbox 796 1848 992 1885; x_wconf 88' lang='lat' dir='ltr'>iudiciaria</span> <span class='ocrx_word' id='word_1_457' title='bbox 1013 1860 1094 1884; x_wconf 91' lang='lat' dir='ltr'>non</span> <span class='ocrx_word' id='word_1_458' title='bbox 1114 1860 1154 1884; x_wconf 90' lang='lat' dir='ltr'>se</span> <span class='ocrx_word' id='word_1_459' title='bbox 1174 1854 1301 1904; x_wconf 51' lang='lat' dir='ltr'>extens</span> 
     </span>
     <span class='ocr_line' id='line_1_62' title="bbox 258 1899 1302 1977; baseline -0.003 -40"><span class='ocrx_word' id='word_1_460' title='bbox 258 1901 377 1977; x_wconf 46' lang='grc' dir='ltr'>ᾖξ’»,</span> <span class='ocrx_word' id='word_1_461' title='bbox 392 1904 426 1942; x_wconf 58' lang='lat'>⁴6„</span> <span class='ocrx_word' id='word_1_462' title='bbox 450 1900 514 1936; x_wconf 87' lang='lat' dir='ltr'>dat</span> <span class='ocrx_word' id='word_1_463' title='bbox 537 1900 586 1936; x_wconf 89' lang='lat' dir='ltr'>ad</span> <span class='ocrx_word' id='word_1_464' title='bbox 605 1901 771 1947; x_wconf 87' lang='lat' dir='ltr'>angelos.</span> <span class='ocrx_word' id='word_1_465' title='bbox 801 1900 936 1947; x_wconf 88' lang='lat' dir='ltr'>Angeli</span> <span class='ocrx_word' id='word_1_466' title='bbox 964 1900 1081 1944; x_wconf 88' lang='lat' dir='ltr'>enim,</span> <span class='ocrx_word' id='word_1_467' title='bbox 1101 1907 1181 1935; x_wconf 90' lang='lat' dir='ltr'>tam</span> <span class='ocrx_word' id='word_1_468' title='bbox 1208 1899 1302 1934; x_wconf 89' lang='lat' dir='ltr'>bom</span> 
     </span>
    </p>
   </div>
   <div class='ocr_carea' id='block_1_18' title="bbox 238 1799 440 1966">
    <p class='ocr_par' dir='ltr' id='par_1_21' title="bbox 238 1799 440 1966">
     <span class='ocr_line' id='line_1_63' title="bbox 251 1799 440 1914; baseline 0 0"><span class='ocrx_word' id='word_1_469' title='bbox 251 1799 440 1914; x_wconf 95' lang='lat' dir='ltr'>   </span> 
     </span>
     <span class='ocr_line' id='line_1_64' title="bbox 238 1914 346 1966; baseline 0 2004"><span class='ocrx_word' id='word_1_470' title='bbox 238 1914 346 1966; x_wconf 95' lang='lat' dir='ltr'> </span> 
     </span>
    </p>
   </div>
   <div class='ocr_carea' id='block_1_19' title="bbox 329 1950 354 1962">
    <p class='ocr_par' dir='ltr' id='par_1_22' title="bbox 329 1950 354 1962">
     <span class='ocr_line' id='line_1_65' title="bbox 329 1950 354 1962; baseline 0 0"><span class='ocrx_word' id='word_1_471' title='bbox 329 1950 354 1962; x_wconf 62' lang='lat' dir='ltr'>lvx</span> 
     </span>
    </p>
   </div>
   <div class='ocr_carea' id='block_1_20' title="bbox 232 1943 1306 3479">
    <p class='ocr_par' dir='ltr' id='par_1_23' title="bbox 238 1943 1302 2264">
     <span class='ocr_line' id='line_1_66' title="bbox 255 1943 1301 2001; baseline 0 -14"><span class='ocrx_word' id='word_1_472' title='bbox 255 1995 259 1998; x_wconf 17' lang='grc' dir='ltr'><strong>μ</strong></span> <span class='ocrx_word' id='word_1_473' title='bbox 298 1943 571 2001; x_wconf 36' lang='lat' dir='ltr'>-Qq‘quam</span> <span class='ocrx_word' id='word_1_474' title='bbox 597 1952 710 1998; x_wconf 90' lang='lat' dir='ltr'>mali,</span> <span class='ocrx_word' id='word_1_475' title='bbox 743 1951 898 1988; x_wconf 87' lang='lat' dir='ltr'>iudicati</span> <span class='ocrx_word' id='word_1_476' title='bbox 935 1959 1024 1988; x_wconf 90' lang='lat' dir='ltr'>sunt</span> <span class='ocrx_word' id='word_1_477' title='bbox 1058 1964 1080 1988; x_wconf 89' lang='lat' dir='ltr'>a</span> <span class='ocrx_word' id='word_1_478' title='bbox 1113 1950 1301 2000; x_wconf 86' lang='lat' dir='ltr'>principio</span> 
     </span>
     <span class='ocr_line' id='line_1_67' title="bbox 238 2004 1302 2054; baseline -0.001 -13"><span class='ocrx_word' id='word_1_479' title='bbox 238 2004 387 2051; x_wconf 82' lang='lat' dir='ltr'>mundi,</span> <span class='ocrx_word' id='word_1_480' title='bbox 417 2005 586 2054; x_wconf 88' lang='lat' dir='ltr'>quando,</span> <span class='ocrx_word' id='word_1_481' title='bbox 607 2004 842 2054; x_wconf 88' lang='lat' dir='ltr'>quibusdam</span> <span class='ocrx_word' id='word_1_482' title='bbox 868 2004 1090 2041; x_wconf 82' lang='lat' dir='ltr'>cadentibus</span> <span class='ocrx_word' id='word_1_483' title='bbox 1118 2016 1188 2053; x_wconf 90' lang='lat' dir='ltr'>per</span> <span class='ocrx_word' id='word_1_484' title='bbox 1214 2015 1302 2052; x_wconf 89' lang='lat' dir='ltr'>pec-</span> 
     </span>
     <span class='ocr_line' id='line_1_68' title="bbox 239 2056 1302 2102; baseline -0.003 -7"><span class='ocrx_word' id='word_1_485' title='bbox 239 2063 389 2102; x_wconf 85' lang='lat' dir='ltr'>catum,</span> <span class='ocrx_word' id='word_1_486' title='bbox 419 2057 481 2094; x_wconf 89' lang='lat' dir='ltr'>alii</span> <span class='ocrx_word' id='word_1_487' title='bbox 508 2065 597 2094; x_wconf 91' lang='lat' dir='ltr'>sunt</span> <span class='ocrx_word' id='word_1_488' title='bbox 622 2057 664 2095; x_wconf 90' lang='lat' dir='ltr'>in</span> <span class='ocrx_word' id='word_1_489' title='bbox 696 2057 928 2095; x_wconf 86' lang='lat' dir='ltr'>beatitudine</span> <span class='ocrx_word' id='word_1_490' title='bbox 961 2056 1189 2094; x_wconf 86' lang='lat' dir='ltr'>confirmati.</span> <span class='ocrx_word' id='word_1_491' title='bbox 1226 2056 1302 2093; x_wconf 91' lang='lat' dir='ltr'>Sed</span> 
     </span>
     <span class='ocr_line' id='line_1_69' title="bbox 239 2108 1302 2159; baseline -0.002 -12"><span class='ocrx_word' id='word_1_492' title='bbox 239 2109 291 2147; x_wconf 86' lang='lat' dir='ltr'>illi</span> <span class='ocrx_word' id='word_1_493' title='bbox 319 2109 387 2159; x_wconf 87' lang='lat' dir='ltr'>qui</span> <span class='ocrx_word' id='word_1_494' title='bbox 414 2109 568 2147; x_wconf 83' lang='lat' dir='ltr'>iudicati</span> <span class='ocrx_word' id='word_1_495' title='bbox 596 2118 703 2158; x_wconf 88' lang='lat' dir='ltr'>sunt,</span> <span class='ocrx_word' id='word_1_496' title='bbox 733 2122 814 2147; x_wconf 91' lang='lat' dir='ltr'>non</span> <span class='ocrx_word' id='word_1_497' title='bbox 841 2110 981 2147; x_wconf 90' lang='lat' dir='ltr'>iterum</span> <span class='ocrx_word' id='word_1_498' title='bbox 1009 2109 1178 2157; x_wconf 88' lang='lat' dir='ltr'>indigent</span> <span class='ocrx_word' id='word_1_499' title='bbox 1205 2108 1302 2146; x_wconf 88' lang='lat' dir='ltr'>iudi-</span> 
     </span>
     <span class='ocr_line' id='line_1_70' title="bbox 240 2162 1302 2212; baseline -0.003 -12"><span class='ocrx_word' id='word_1_500' title='bbox 240 2163 328 2200; x_wconf 77' lang='lat' dir='ltr'>cari.</span> <span class='ocrx_word' id='word_1_501' title='bbox 358 2163 460 2211; x_wconf 89' lang='lat' dir='ltr'>Ergo</span> <span class='ocrx_word' id='word_1_502' title='bbox 479 2170 645 2212; x_wconf 86' lang='lat' dir='ltr'>potestas</span> <span class='ocrx_word' id='word_1_503' title='bbox 673 2162 869 2201; x_wconf 88' lang='lat' dir='ltr'>iudiciaria</span> <span class='ocrx_word' id='word_1_504' title='bbox 898 2163 1037 2200; x_wconf 86' lang='lat' dir='ltr'>Christi</span> <span class='ocrx_word' id='word_1_505' title='bbox 1063 2174 1143 2198; x_wconf 91' lang='lat' dir='ltr'>non</span> <span class='ocrx_word' id='word_1_506' title='bbox 1171 2174 1211 2198; x_wconf 91' lang='lat' dir='ltr'>se</span> <span class='ocrx_word' id='word_1_507' title='bbox 1240 2174 1302 2198; x_wconf 87' lang='lat' dir='ltr'>ex-</span> 
     </span>
     <span class='ocr_line' id='line_1_71' title="bbox 239 2215 632 2264; baseline 0.003 -12"><span class='ocrx_word' id='word_1_508' title='bbox 239 2215 360 2252; x_wconf 88' lang='lat' dir='ltr'>tendit</span> <span class='ocrx_word' id='word_1_509' title='bbox 387 2216 435 2253; x_wconf 85' lang='lat' dir='ltr'>ad</span> <span class='ocrx_word' id='word_1_510' title='bbox 468 2218 632 2264; x_wconf 89' lang='lat' dir='ltr'>angelos.</span> 
     </span>
    </p>

    <p class='ocr_par' dir='ltr' id='par_1_24' title="bbox 239 2266 1306 2571">
     <span class='ocr_line' id='line_1_72' title="bbox 295 2266 1302 2316; baseline -0.001 -12"><span class='ocrx_word' id='word_1_511' title='bbox 295 2279 330 2304; x_wconf 82' lang='lat'>2.</span> <span class='ocrx_word' id='word_1_512' title='bbox 359 2269 590 2316; x_wconf 77' lang='lat' dir='ltr'>PRAETEREA,</span> <span class='ocrx_word' id='word_1_513' title='bbox 611 2281 692 2306; x_wconf 91' lang='lat' dir='ltr'>non</span> <span class='ocrx_word' id='word_1_514' title='bbox 720 2277 775 2306; x_wconf 88' lang='lat' dir='ltr'>est</span> <span class='ocrx_word' id='word_1_515' title='bbox 803 2269 977 2306; x_wconf 89' lang='lat' dir='ltr'>eiusdem</span> <span class='ocrx_word' id='word_1_516' title='bbox 1004 2268 1171 2305; x_wconf 89' lang='lat' dir='ltr'>iudicare</span> <span class='ocrx_word' id='word_1_517' title='bbox 1191 2274 1227 2303; x_wconf 87' lang='lat' dir='ltr'>et</span> <span class='ocrx_word' id='word_1_518' title='bbox 1246 2266 1302 2303; x_wconf 92' lang='lat' dir='ltr'>iu-</span> 
     </span>
     <span class='ocr_line' id='line_1_73' title="bbox 241 2320 1302 2371; baseline -0.002 -13"><span class='ocrx_word' id='word_1_519' title='bbox 241 2321 369 2359; x_wconf 89' lang='lat' dir='ltr'>dicari.</span> <span class='ocrx_word' id='word_1_520' title='bbox 409 2322 486 2359; x_wconf 89' lang='lat' dir='ltr'>Sed</span> <span class='ocrx_word' id='word_1_521' title='bbox 513 2322 636 2371; x_wconf 87' lang='lat' dir='ltr'>angeli</span> <span class='ocrx_word' id='word_1_522' title='bbox 663 2322 819 2360; x_wconf 90' lang='lat' dir='ltr'>venient</span> <span class='ocrx_word' id='word_1_523' title='bbox 855 2334 947 2359; x_wconf 92' lang='lat' dir='ltr'>cum</span> <span class='ocrx_word' id='word_1_524' title='bbox 976 2321 1126 2358; x_wconf 87' lang='lat' dir='ltr'>Christo</span> <span class='ocrx_word' id='word_1_525' title='bbox 1160 2320 1302 2358; x_wconf 87' lang='lat' dir='ltr'>iudica-</span> 
     </span>
     <span class='ocr_line' id='line_1_74' title="bbox 240 2373 1303 2412; baseline -0.001 -2"><span class='ocrx_word' id='word_1_526' title='bbox 240 2373 336 2410; x_wconf 88' lang='lat' dir='ltr'>turi:</span> <span class='ocrx_word' id='word_1_527' title='bbox 367 2375 583 2412; x_wconf 89' lang='lat' dir='ltr'>secundum</span> <span class='ocrx_word' id='word_1_528' title='bbox 610 2375 703 2412; x_wconf 91' lang='lat' dir='ltr'>illud</span> <span class='ocrx_word' id='word_1_529' title='bbox 723 2376 858 2412; x_wconf 91' lang='lat' dir='ltr'>Matth.</span> <span class='ocrx_word' id='word_1_530' title='bbox 879 2387 951 2412; x_wconf 82' lang='lat' dir='ltr'>xxv</span> <span class='ocrx_word' id='word_1_531' title='bbox 969 2374 1006 2411; x_wconf 70' lang='lat'>²¹²:</span> <span class='ocrx_word' id='word_1_532' title='bbox 1040 2375 1135 2411; x_wconf 90' lang='lat' dir='ltr'>Cum</span> <span class='ocrx_word' id='word_1_533' title='bbox 1163 2374 1303 2411; x_wconf 79' lang='lat' dir='ltr'>venerit</span> 
     </span>
     <span class='ocr_line' id='line_1_75' title="bbox 239 2426 1306 2475; baseline -0.001 -12"><span class='ocrx_word' id='word_1_534' title='bbox 239 2427 356 2464; x_wconf 89' lang='lat' dir='ltr'>Filius</span> <span class='ocrx_word' id='word_1_535' title='bbox 373 2429 551 2465; x_wconf 86' lang='lat' dir='ltr'>Hominis</span> <span class='ocrx_word' id='word_1_536' title='bbox 578 2430 615 2465; x_wconf 88' lang='lat' dir='ltr'>in</span> <span class='ocrx_word' id='word_1_537' title='bbox 644 2430 831 2466; x_wconf 84' lang='lat' dir='ltr'>maiestate</span> <span class='ocrx_word' id='word_1_538' title='bbox 857 2440 936 2474; x_wconf 84' lang='lat' dir='ltr'>sua,</span> <span class='ocrx_word' id='word_1_539' title='bbox 957 2433 990 2464; x_wconf 88' lang='lat' dir='ltr'>et</span> <span class='ocrx_word' id='word_1_540' title='bbox 1018 2439 1145 2464; x_wconf 88' lang='lat' dir='ltr'>omnes</span> <span class='ocrx_word' id='word_1_541' title='bbox 1177 2426 1306 2475; x_wconf 81' lang='lat' dir='ltr'>angeli</span> 
     </span>
     <span class='ocr_line' id='line_1_76' title="bbox 241 2479 1304 2530; baseline -0.002 -14"><span class='ocrx_word' id='word_1_542' title='bbox 241 2481 318 2517; x_wconf 86' lang='lat' dir='ltr'>eius</span> <span class='ocrx_word' id='word_1_543' title='bbox 336 2492 422 2517; x_wconf 87' lang='lat' dir='ltr'>cum</span> <span class='ocrx_word' id='word_1_544' title='bbox 441 2493 496 2518; x_wconf 91' lang='lat' dir='ltr'>eo.</span> <span class='ocrx_word' id='word_1_545' title='bbox 526 2482 628 2529; x_wconf 86' lang='lat' dir='ltr'>Ergo</span> <span class='ocrx_word' id='word_1_546' title='bbox 658 2481 808 2518; x_wconf 91' lang='lat' dir='ltr'>videtur</span> <span class='ocrx_word' id='word_1_547' title='bbox 836 2480 943 2530; x_wconf 90' lang='lat' dir='ltr'>quod</span> <span class='ocrx_word' id='word_1_548' title='bbox 972 2479 1094 2528; x_wconf 86' lang='lat' dir='ltr'>angeli</span> <span class='ocrx_word' id='word_1_549' title='bbox 1122 2491 1202 2515; x_wconf 91' lang='lat' dir='ltr'>non</span> <span class='ocrx_word' id='word_1_550' title='bbox 1231 2479 1304 2515; x_wconf 87' lang='lat' dir='ltr'>sint</span> 
     </span>
     <span class='ocr_line' id='line_1_77' title="bbox 241 2532 679 2571; baseline 0.005 -2"><span class='ocrx_word' id='word_1_551' title='bbox 241 2532 436 2570; x_wconf 88' lang='lat' dir='ltr'>iudicandi</span> <span class='ocrx_word' id='word_1_552' title='bbox 465 2546 487 2570; x_wconf 93' lang='lat' dir='ltr'>a</span> <span class='ocrx_word' id='word_1_553' title='bbox 515 2534 679 2571; x_wconf 86' lang='lat' dir='ltr'>Christo.</span> 
     </span>
    </p>

    <p class='ocr_par' dir='ltr' id='par_1_25' title="bbox 232 2584 1305 3056">
     <span class='ocr_line' id='line_1_78' title="bbox 298 2584 1303 2635; baseline -0.001 -14"><span class='ocrx_word' id='word_1_554' title='bbox 298 2585 332 2621; x_wconf 87' lang='lat'>3.</span> <span class='ocrx_word' id='word_1_555' title='bbox 359 2586 590 2633; x_wconf 63' lang='lat' dir='ltr'>Pmmznm,</span> <span class='ocrx_word' id='word_1_556' title='bbox 610 2587 732 2635; x_wconf 88' lang='lat' dir='ltr'>angeli</span> <span class='ocrx_word' id='word_1_557' title='bbox 752 2594 840 2623; x_wconf 89' lang='lat' dir='ltr'>sunt</span> <span class='ocrx_word' id='word_1_558' title='bbox 865 2585 1082 2634; x_wconf 86' lang='lat' dir='ltr'>superiores</span> <span class='ocrx_word' id='word_1_559' title='bbox 1102 2584 1181 2621; x_wconf 88' lang='lat' dir='ltr'>aliis</span> <span class='ocrx_word' id='word_1_560' title='bbox 1201 2596 1303 2621; x_wconf 85' lang='lat' dir='ltr'>crea-</span> 
     </span>
     <span class='ocr_line' id='line_1_79' title="bbox 241 2637 1303 2687; baseline -0.001 -13"><span class='ocrx_word' id='word_1_561' title='bbox 241 2637 346 2674; x_wconf 90' lang='lat' dir='ltr'>turis.</span> <span class='ocrx_word' id='word_1_562' title='bbox 378 2638 417 2676; x_wconf 92' lang='lat' dir='ltr'>Si</span> <span class='ocrx_word' id='word_1_563' title='bbox 437 2650 526 2687; x_wconf 86' lang='lat' dir='ltr'>ergo</span> <span class='ocrx_word' id='word_1_564' title='bbox 555 2639 729 2676; x_wconf 89' lang='lat' dir='ltr'>Christus</span> <span class='ocrx_word' id='word_1_565' title='bbox 758 2647 812 2676; x_wconf 90' lang='lat' dir='ltr'>est</span> <span class='ocrx_word' id='word_1_566' title='bbox 841 2639 955 2676; x_wconf 86' lang='lat' dir='ltr'>iudex</span> <span class='ocrx_word' id='word_1_567' title='bbox 970 2641 1055 2674; x_wconf 72' lang='lat' dir='ltr'>&#39;non</span> <span class='ocrx_word' id='word_1_568' title='bbox 1084 2639 1210 2674; x_wconf 89' lang='lat' dir='ltr'>solum</span> <span class='ocrx_word' id='word_1_569' title='bbox 1235 2638 1303 2673; x_wconf 91' lang='lat' dir='ltr'>ho-</span> 
     </span>
     <span class='ocr_line' id='line_1_80' title="bbox 242 2689 1305 2740; baseline -0.001 -13"><span class='ocrx_word' id='word_1_570' title='bbox 242 2690 410 2738; x_wconf 90' lang='lat' dir='ltr'>minurn,</span> <span class='ocrx_word' id='word_1_571' title='bbox 441 2692 508 2728; x_wconf 89' lang='lat' dir='ltr'>sed</span> <span class='ocrx_word' id='word_1_572' title='bbox 537 2692 651 2729; x_wconf 90' lang='lat' dir='ltr'>etiam</span> <span class='ocrx_word' id='word_1_573' title='bbox 679 2694 923 2740; x_wconf 81' lang='lat' dir='ltr'>angelorum.</span> <span class='ocrx_word' id='word_1_574' title='bbox 952 2691 1034 2739; x_wconf 85' lang='lat' dir='ltr'>pari</span> <span class='ocrx_word' id='word_1_575' title='bbox 1063 2689 1207 2726; x_wconf 85' lang='lat' dir='ltr'>ratione</span> <span class='ocrx_word' id='word_1_576' title='bbox 1237 2689 1305 2726; x_wconf 89' lang='lat' dir='ltr'>erit</span> 
     </span>
     <span class='ocr_line' id='line_1_81' title="bbox 241 2743 1303 2791; baseline -0.002 -11"><span class='ocrx_word' id='word_1_577' title='bbox 241 2743 358 2781; x_wconf 88' lang='lat' dir='ltr'>iudex</span> <span class='ocrx_word' id='word_1_578' title='bbox 386 2744 564 2781; x_wconf 90' lang='lat' dir='ltr'>omnium</span> <span class='ocrx_word' id='word_1_579' title='bbox 592 2752 864 2782; x_wconf 87' lang='lat' dir='ltr'>creaturarum.</span> <span class='ocrx_word' id='word_1_580' title='bbox 895 2744 1014 2791; x_wconf 88' lang='lat' dir='ltr'>Quod</span> <span class='ocrx_word' id='word_1_581' title='bbox 1043 2743 1195 2779; x_wconf 86' lang='lat' dir='ltr'>videtur</span> <span class='ocrx_word' id='word_1_582' title='bbox 1222 2755 1303 2779; x_wconf 89' lang='lat' dir='ltr'>esse</span> 
     </span>
     <span class='ocr_line' id='line_1_82' title="bbox 241 2795 1302 2847; baseline -0.002 -14"><span class='ocrx_word' id='word_1_583' title='bbox 241 2797 392 2844; x_wconf 86' lang='lat' dir='ltr'>falsum,</span> <span class='ocrx_word' id='word_1_584' title='bbox 413 2809 504 2834; x_wconf 90' lang='lat' dir='ltr'>curn</span> <span class='ocrx_word' id='word_1_585' title='bbox 532 2798 608 2834; x_wconf 91' lang='lat' dir='ltr'>hoc</span> <span class='ocrx_word' id='word_1_586' title='bbox 636 2797 681 2834; x_wconf 89' lang='lat' dir='ltr'>sit</span> <span class='ocrx_word' id='word_1_587' title='bbox 709 2797 910 2847; x_wconf 91' lang='lat' dir='ltr'>proprium</span> <span class='ocrx_word' id='word_1_588' title='bbox 930 2795 1192 2846; x_wconf 89' lang='lat' dir='ltr'>providentiae</span> <span class='ocrx_word' id='word_1_589' title='bbox 1213 2795 1302 2832; x_wconf 89' lang='lat' dir='ltr'>Dei:</span> 
     </span>
     <span class='ocr_line' id='line_1_83' title="bbox 242 2849 1303 2893; baseline -0.002 -7"><span class='ocrx_word' id='word_1_590' title='bbox 242 2849 346 2886; x_wconf 86' lang='lat' dir='ltr'>unde</span> <span class='ocrx_word' id='word_1_591' title='bbox 381 2850 519 2887; x_wconf 86' lang='lat' dir='ltr'>dicitur</span> <span class='ocrx_word' id='word_1_592' title='bbox 544 2853 614 2888; x_wconf 81' lang='lat' dir='ltr'>Iob</span> <span class='ocrx_word' id='word_1_593' title='bbox 632 2863 739 2887; x_wconf 77' lang='lat' dir='ltr'>xxxiv</span> <span class='ocrx_word' id='word_1_594' title='bbox 757 2850 792 2887; x_wconf 72' lang='lat'>²¹⁶:</span> <span class='ocrx_word' id='word_1_595' title='bbox 834 2852 952 2893; x_wconf 88' lang='lat' dir='ltr'>Quem</span> <span class='ocrx_word' id='word_1_596' title='bbox 981 2850 1161 2886; x_wconf 83' lang='lat' dir='ltr'>constituit</span> <span class='ocrx_word' id='word_1_597' title='bbox 1189 2849 1303 2885; x_wconf 90' lang='lat' dir='ltr'>alium</span> 
     </span>
     <span class='ocr_line' id='line_1_84' title="bbox 241 2903 1304 2953; baseline -0.001 -14"><span class='ocrx_word' id='word_1_598' title='bbox 241 2914 353 2952; x_wconf 86' lang='lat' dir='ltr'>super</span> <span class='ocrx_word' id='word_1_599' title='bbox 370 2903 542 2940; x_wconf 80' lang='lat' dir='ltr'>terram?</span> <span class='ocrx_word' id='word_1_600' title='bbox 563 2905 639 2941; x_wconf 87' lang='lat' dir='ltr'>Aut</span> <span class='ocrx_word' id='word_1_601' title='bbox 657 2916 764 2953; x_wconf 82' lang='lat' dir='ltr'>quem</span> <span class='ocrx_word' id='word_1_602' title='bbox 778 2905 902 2953; x_wconf 84' lang='lat' dir='ltr'>posuit</span> <span class='ocrx_word' id='word_1_603' title='bbox 919 2915 1031 2952; x_wconf 88' lang='lat' dir='ltr'>super</span> <span class='ocrx_word' id='word_1_604' title='bbox 1049 2904 1176 2939; x_wconf 85' lang='lat' dir='ltr'>orbem</span> <span class='ocrx_word' id='word_1_605' title='bbox 1197 2914 1304 2950; x_wconf 79' lang='lat' dir='ltr'>quern</span> 
     </span>
     <span class='ocr_line' id='line_1_85' title="bbox 232 2954 1303 3004; baseline -0.002 -12"><span class='ocrx_word' id='word_1_606' title='bbox 232 2956 445 3003; x_wconf 85' lang='lat' dir='ltr'>fabricatus</span> <span class='ocrx_word' id='word_1_607' title='bbox 473 2956 553 2994; x_wconf 81' lang='lat' dir='ltr'>est?</span> <span class='ocrx_word' id='word_1_608' title='bbox 580 2957 673 2994; x_wconf 91' lang='lat' dir='ltr'>Non</span> <span class='ocrx_word' id='word_1_609' title='bbox 701 2968 791 3004; x_wconf 89' lang='lat' dir='ltr'>ergo</span> <span class='ocrx_word' id='word_1_610' title='bbox 821 2956 994 2993; x_wconf 89' lang='lat' dir='ltr'>Christus</span> <span class='ocrx_word' id='word_1_611' title='bbox 1023 2962 1078 2991; x_wconf 90' lang='lat' dir='ltr'>est</span> <span class='ocrx_word' id='word_1_612' title='bbox 1106 2954 1221 2991; x_wconf 86' lang='lat' dir='ltr'>iudex</span> <span class='ocrx_word' id='word_1_613' title='bbox 1240 2966 1303 2990; x_wconf 90' lang='lat' dir='ltr'>an-</span> 
     </span>
     <span class='ocr_line' id='line_1_86' title="bbox 242 3009 429 3056; baseline 0.005 -12"><span class='ocrx_word' id='word_1_614' title='bbox 242 3009 429 3056; x_wconf 90' lang='lat' dir='ltr'>gelorum.</span> 
     </span>
    </p>

    <p class='ocr_par' dir='ltr' id='par_1_26' title="bbox 241 3059 1303 3321">
     <span class='ocr_line' id='line_1_87' title="bbox 297 3059 1301 3111; baseline -0.003 -14"><span class='ocrx_word' id='word_1_615' title='bbox 297 3061 370 3107; x_wconf 65' lang='lat' dir='ltr'>SED</span> <span class='ocrx_word' id='word_1_616' title='bbox 391 3073 534 3098; x_wconf 80' lang='lat' dir='ltr'>CONTRA</span> <span class='ocrx_word' id='word_1_617' title='bbox 548 3074 614 3099; x_wconf 86' lang='lat' dir='ltr'>EST</span> <span class='ocrx_word' id='word_1_618' title='bbox 632 3062 740 3111; x_wconf 92' lang='lat' dir='ltr'>quod</span> <span class='ocrx_word' id='word_1_619' title='bbox 754 3063 962 3110; x_wconf 90' lang='lat' dir='ltr'>Apostolus</span> <span class='ocrx_word' id='word_1_620' title='bbox 979 3060 1079 3107; x_wconf 85' lang='lat' dir='ltr'>dicit,</span> <span class='ocrx_word' id='word_1_621' title='bbox 1096 3061 1109 3096; x_wconf 93' lang='lat' dir='ltr'>I</span> <span class='ocrx_word' id='word_1_622' title='bbox 1125 3061 1210 3096; x_wconf 87' lang='lat' dir='ltr'>Cor.</span> <span class='ocrx_word' id='word_1_623' title='bbox 1222 3071 1256 3095; x_wconf 90' lang='lat' dir='ltr'>Vl</span> <span class='ocrx_word' id='word_1_624' title='bbox 1267 3059 1301 3094; x_wconf 69' lang='lat' dir='ltr'>*z</span> 
     </span>
     <span class='ocr_line' id='line_1_88' title="bbox 241 3111 1303 3164; baseline -0.002 -15"><span class='ocrx_word' id='word_1_625' title='bbox 241 3114 302 3149; x_wconf 86' lang='lat' dir='ltr'>An</span> <span class='ocrx_word' id='word_1_626' title='bbox 341 3115 482 3150; x_wconf 88' lang='lat' dir='ltr'>nescitis</span> <span class='ocrx_word' id='word_1_627' title='bbox 519 3116 694 3164; x_wconf 84' lang='lat' dir='ltr'>quoniam</span> <span class='ocrx_word' id='word_1_628' title='bbox 731 3115 886 3164; x_wconf 77' lang='lat' dir='ltr'>angelos</span> <span class='ocrx_word' id='word_1_629' title='bbox 918 3112 1190 3150; x_wconf 82' lang='lat' dir='ltr'>iudicabimus?</span> <span class='ocrx_word' id='word_1_630' title='bbox 1229 3111 1303 3148; x_wconf 89' lang='lat' dir='ltr'>Sed</span> 
     </span>
     <span class='ocr_line' id='line_1_89' title="bbox 243 3163 1302 3204; baseline -0.003 -2"><span class='ocrx_word' id='word_1_631' title='bbox 243 3165 362 3202; x_wconf 89' lang='lat' dir='ltr'>sancti</span> <span class='ocrx_word' id='word_1_632' title='bbox 400 3178 480 3202; x_wconf 90' lang='lat' dir='ltr'>non</span> <span class='ocrx_word' id='word_1_633' title='bbox 517 3166 740 3204; x_wconf 89' lang='lat' dir='ltr'>iudicabunt</span> <span class='ocrx_word' id='word_1_634' title='bbox 781 3167 854 3204; x_wconf 86' lang='lat' dir='ltr'>nisi</span> <span class='ocrx_word' id='word_1_635' title='bbox 890 3166 1110 3203; x_wconf 86' lang='lat' dir='ltr'>auctoritate</span> <span class='ocrx_word' id='word_1_636' title='bbox 1154 3163 1302 3201; x_wconf 88' lang='lat' dir='ltr'>Christi.</span> 
     </span>
     <span class='ocr_line' id='line_1_90' title="bbox 243 3216 1302 3268; baseline -0.003 -13"><span class='ocrx_word' id='word_1_637' title='bbox 243 3219 345 3266; x_wconf 90' lang='lat' dir='ltr'>Ergo</span> <span class='ocrx_word' id='word_1_638' title='bbox 383 3219 506 3256; x_wconf 88' lang='lat' dir='ltr'>multo</span> <span class='ocrx_word' id='word_1_639' title='bbox 543 3219 662 3268; x_wconf 87' lang='lat' dir='ltr'>magis</span> <span class='ocrx_word' id='word_1_640' title='bbox 700 3220 873 3257; x_wconf 92' lang='lat' dir='ltr'>Christus</span> <span class='ocrx_word' id='word_1_641' title='bbox 916 3219 1030 3255; x_wconf 89' lang='lat' dir='ltr'>habet</span> <span class='ocrx_word' id='word_1_642' title='bbox 1067 3216 1302 3255; x_wconf 89' lang='lat' dir='ltr'>iudiciariam</span> 
     </span>
     <span class='ocr_line' id='line_1_91' title="bbox 242 3273 806 3321; baseline 0.004 -14"><span class='ocrx_word' id='word_1_643' title='bbox 242 3279 470 3321; x_wconf 87' lang='lat' dir='ltr'>potestatem</span> <span class='ocrx_word' id='word_1_644' title='bbox 499 3283 614 3320; x_wconf 88' lang='lat' dir='ltr'>super</span> <span class='ocrx_word' id='word_1_645' title='bbox 641 3273 806 3320; x_wconf 85' lang='lat' dir='ltr'>angelos.</span> 
     </span>
    </p>

    <p class='ocr_par' dir='ltr' id='par_1_27' title="bbox 242 3322 1303 3479">
     <span class='ocr_line' id='line_1_92' title="bbox 295 3322 1303 3374; baseline -0.004 -13"><span class='ocrx_word' id='word_1_646' title='bbox 295 3325 520 3362; x_wconf 81' lang='lat' dir='ltr'>RESPONDEO</span> <span class='ocrx_word' id='word_1_647' title='bbox 540 3334 730 3362; x_wconf 74' lang='lat' dir='ltr'><strong>&#39;DICENDUM</strong></span> <span class='ocrx_word' id='word_1_648' title='bbox 764 3326 869 3374; x_wconf 91' lang='lat' dir='ltr'>quod</span> <span class='ocrx_word' id='word_1_649' title='bbox 899 3324 1021 3373; x_wconf 86' lang='lat' dir='ltr'>angeli</span> <span class='ocrx_word' id='word_1_650' title='bbox 1058 3323 1220 3360; x_wconf 90' lang='lat' dir='ltr'>subsunt</span> <span class='ocrx_word' id='word_1_651' title='bbox 1248 3322 1303 3358; x_wconf 92' lang='lat' dir='ltr'>iu-</span> 
     </span>
     <span class='ocr_line' id='line_1_93' title="bbox 242 3376 1303 3426; baseline -0.004 -12"><span class='ocrx_word' id='word_1_652' title='bbox 242 3376 418 3414; x_wconf 88' lang='lat' dir='ltr'>diciariae</span> <span class='ocrx_word' id='word_1_653' title='bbox 446 3377 621 3426; x_wconf 88' lang='lat' dir='ltr'>potestati</span> <span class='ocrx_word' id='word_1_654' title='bbox 650 3377 807 3424; x_wconf 84' lang='lat' dir='ltr'>Christi,</span> <span class='ocrx_word' id='word_1_655' title='bbox 837 3390 917 3415; x_wconf 92' lang='lat' dir='ltr'>non</span> <span class='ocrx_word' id='word_1_656' title='bbox 952 3379 1075 3414; x_wconf 91' lang='lat' dir='ltr'>solum</span> <span class='ocrx_word' id='word_1_657' title='bbox 1114 3382 1303 3424; x_wconf 83' lang='lat' dir='ltr'>quantum</span> 
     </span>
     <span class='ocr_line' id='line_1_94' title="bbox 242 3426 1302 3479; baseline -0.004 -13"><span class='ocrx_word' id='word_1_658' title='bbox 242 3429 292 3466; x_wconf 89' lang='lat' dir='ltr'>ad</span> <span class='ocrx_word' id='word_1_659' title='bbox 312 3429 483 3467; x_wconf 90' lang='lat' dir='ltr'>divinam</span> <span class='ocrx_word' id='word_1_660' title='bbox 512 3438 701 3477; x_wconf 86' lang='lat' dir='ltr'>naturam,</span> <span class='ocrx_word' id='word_1_661' title='bbox 721 3439 837 3479; x_wconf 89' lang='lat' dir='ltr'>prout</span> <span class='ocrx_word' id='word_1_662' title='bbox 864 3438 920 3467; x_wconf 90' lang='lat' dir='ltr'>est</span> <span class='ocrx_word' id='word_1_663' title='bbox 938 3430 1112 3467; x_wconf 89' lang='lat' dir='ltr'>Verbum</span> <span class='ocrx_word' id='word_1_664' title='bbox 1133 3427 1215 3474; x_wconf 83' lang='lat' dir='ltr'>Dei,</span> <span class='ocrx_word' id='word_1_665' title='bbox 1237 3426 1302 3463; x_wconf 90' lang='lat' dir='ltr'>sed</span> 
     </span>
    </p>
   </div>
   <div class='ocr_carea' id='block_1_21' title="bbox 1328 2599 1331 3457">
    <p class='ocr_par' dir='ltr' id='par_1_28' title="bbox 1328 2599 1331 3457">
     <span class='ocr_line' id='line_1_95' title="bbox 1328 2599 1331 3457; baseline 0 0"><span class='ocrx_word' id='word_1_666' title='bbox 1328 2599 1331 3457; x_wconf 95' lang='lat' dir='ltr'> </span> 
     </span>
    </p>
   </div>
   <div class='ocr_carea' id='block_1_22' title="bbox 1355 1793 2420 3470">
    <p class='ocr_par' dir='ltr' id='par_1_29' title="bbox 1355 1793 2420 2250">
     <span class='ocr_line' id='line_1_96' title="bbox 1357 1793 2420 1844; baseline 0.001 -14"><span class='ocrx_word' id='word_1_667' title='bbox 1357 1793 1471 1830; x_wconf 89' lang='lat' dir='ltr'>etiarn</span> <span class='ocrx_word' id='word_1_668' title='bbox 1500 1793 1646 1830; x_wconf 88' lang='lat' dir='ltr'>ratione</span> <span class='ocrx_word' id='word_1_669' title='bbox 1675 1795 1870 1830; x_wconf 86' lang='lat' dir='ltr'>humanae</span> <span class='ocrx_word' id='word_1_670' title='bbox 1899 1801 2067 1830; x_wconf 88' lang='lat' dir='ltr'>naturae.</span> <span class='ocrx_word' id='word_1_671' title='bbox 2099 1794 2217 1841; x_wconf 90' lang='lat' dir='ltr'>Quod</span> <span class='ocrx_word' id='word_1_672' title='bbox 2245 1802 2346 1844; x_wconf 88' lang='lat' dir='ltr'>patet</span> <span class='ocrx_word' id='word_1_673' title='bbox 2374 1807 2420 1832; x_wconf 87' lang='lat' dir='ltr'>ex</span> 
     </span>
     <span class='ocr_line' id='line_1_97' title="bbox 1355 1846 2418 1895; baseline 0.002 -13"><span class='ocrx_word' id='word_1_674' title='bbox 1355 1846 1487 1882; x_wconf 90' lang='lat' dir='ltr'>tribus.</span> <span class='ocrx_word' id='word_1_675' title='bbox 1518 1846 1649 1882; x_wconf 91' lang='lat' dir='ltr'>Primo</span> <span class='ocrx_word' id='word_1_676' title='bbox 1678 1846 1848 1894; x_wconf 89' lang='lat' dir='ltr'>quidem,</span> <span class='ocrx_word' id='word_1_677' title='bbox 1877 1858 1923 1882; x_wconf 86' lang='lat' dir='ltr'>ex</span> <span class='ocrx_word' id='word_1_678' title='bbox 1949 1846 2232 1895; x_wconf 87' lang='lat' dir='ltr'>propinquitate</span> <span class='ocrx_word' id='word_1_679' title='bbox 2261 1855 2418 1884; x_wconf 88' lang='lat' dir='ltr'>naturae</span> 
     </span>
     <span class='ocr_line' id='line_1_98' title="bbox 1356 1897 2417 1946; baseline 0.003 -13"><span class='ocrx_word' id='word_1_680' title='bbox 1356 1905 1575 1946; x_wconf 88' lang='lat' dir='ltr'>assumptae</span> <span class='ocrx_word' id='word_1_681' title='bbox 1604 1898 1653 1934; x_wconf 89' lang='lat' dir='ltr'>ad</span> <span class='ocrx_word' id='word_1_682' title='bbox 1681 1899 1830 1934; x_wconf 88' lang='lat' dir='ltr'>Deum:</span> <span class='ocrx_word' id='word_1_683' title='bbox 1867 1897 1967 1946; x_wconf 86' lang='lat' dir='ltr'>quia,</span> <span class='ocrx_word' id='word_1_684' title='bbox 1998 1906 2040 1934; x_wconf 88' lang='lat' dir='ltr'>ut</span> <span class='ocrx_word' id='word_1_685' title='bbox 2068 1898 2204 1935; x_wconf 91' lang='lat' dir='ltr'>dicitur</span> <span class='ocrx_word' id='word_1_686' title='bbox 2230 1901 2328 1936; x_wconf 82' lang='lat' dir='ltr'>Heb.</span> <span class='ocrx_word' id='word_1_687' title='bbox 2351 1912 2373 1936; x_wconf 90' lang='lat'>11</span> <span class='ocrx_word' id='word_1_688' title='bbox 2386 1900 2417 1946; x_wconf 67' lang='lat'>²⁸,</span> 
     </span>
     <span class='ocr_line' id='line_1_99' title="bbox 1356 1951 2420 2000; baseline 0.003 -14"><span class='ocrx_word' id='word_1_689' title='bbox 1356 1962 1538 1999; x_wconf 81' lang='lat' dir='ltr'>nusquam</span> <span class='ocrx_word' id='word_1_690' title='bbox 1558 1951 1713 2000; x_wconf 80' lang='lat' dir='ltr'>angelos</span> <span class='ocrx_word' id='word_1_691' title='bbox 1741 1951 1991 1999; x_wconf 73' lang='lat' dir='ltr'>apprehendit,</span> <span class='ocrx_word' id='word_1_692' title='bbox 2011 1952 2076 1987; x_wconf 85' lang='lat' dir='ltr'>sed</span> <span class='ocrx_word' id='word_1_693' title='bbox 2099 1963 2223 1988; x_wconf 90' lang='lat' dir='ltr'>semen</span> <span class='ocrx_word' id='word_1_694' title='bbox 2243 1954 2420 1989; x_wconf 82' lang='lat' dir='ltr'>Abrahae</span> 
     </span>
     <span class='ocr_line' id='line_1_100' title="bbox 1356 2002 2418 2052; baseline 0.002 -13"><span class='ocrx_word' id='word_1_695' title='bbox 1356 2003 1606 2052; x_wconf 81' lang='lat' dir='ltr'>apprehendit.</span> <span class='ocrx_word' id='word_1_696' title='bbox 1638 2003 1686 2039; x_wconf 91' lang='lat' dir='ltr'>Et</span> <span class='ocrx_word' id='word_1_697' title='bbox 1713 2003 1800 2039; x_wconf 91' lang='lat' dir='ltr'>ideo</span> <span class='ocrx_word' id='word_1_698' title='bbox 1829 2002 1958 2039; x_wconf 86' lang='lat' dir='ltr'>anima</span> <span class='ocrx_word' id='word_1_699' title='bbox 1978 2003 2117 2040; x_wconf 89' lang='lat' dir='ltr'>Christi</span> <span class='ocrx_word' id='word_1_700' title='bbox 2145 2004 2264 2052; x_wconf 88' lang='lat' dir='ltr'>magis</span> <span class='ocrx_word' id='word_1_701' title='bbox 2289 2012 2344 2041; x_wconf 87' lang='lat' dir='ltr'>est</span> <span class='ocrx_word' id='word_1_702' title='bbox 2363 2017 2418 2041; x_wconf 92' lang='lat' dir='ltr'>re-</span> 
     </span>
     <span class='ocr_line' id='line_1_101' title="bbox 1355 2055 2418 2105; baseline 0.003 -14"><span class='ocrx_word' id='word_1_703' title='bbox 1355 2057 1456 2104; x_wconf 90' lang='lat' dir='ltr'>pleta</span> <span class='ocrx_word' id='word_1_704' title='bbox 1483 2055 1639 2092; x_wconf 89' lang='lat' dir='ltr'>veritate</span> <span class='ocrx_word' id='word_1_705' title='bbox 1662 2061 1679 2076; x_wconf 78' lang='lat'>²</span> <span class='ocrx_word' id='word_1_706' title='bbox 1704 2055 1821 2092; x_wconf 91' lang='lat' dir='ltr'>Verbi</span> <span class='ocrx_word' id='word_1_707' title='bbox 1847 2055 1919 2091; x_wconf 88' lang='lat' dir='ltr'>Dei</span> <span class='ocrx_word' id='word_1_708' title='bbox 1948 2068 2067 2104; x_wconf 88' lang='lat' dir='ltr'>quam</span> <span class='ocrx_word' id='word_1_709' title='bbox 2099 2056 2234 2105; x_wconf 90' lang='lat' dir='ltr'>aliquis</span> <span class='ocrx_word' id='word_1_710' title='bbox 2267 2059 2418 2105; x_wconf 84' lang='lat' dir='ltr'>angelo-</span> 
     </span>
     <span class='ocr_line' id='line_1_102' title="bbox 1356 2107 2418 2159; baseline 0.003 -15"><span class='ocrx_word' id='word_1_711' title='bbox 1356 2120 1456 2144; x_wconf 90' lang='lat' dir='ltr'>rum.</span> <span class='ocrx_word' id='word_1_712' title='bbox 1486 2108 1598 2145; x_wconf 90' lang='lat' dir='ltr'>Unde</span> <span class='ocrx_word' id='word_1_713' title='bbox 1627 2115 1663 2144; x_wconf 93' lang='lat' dir='ltr'>et</span> <span class='ocrx_word' id='word_1_714' title='bbox 1682 2109 1837 2155; x_wconf 86' lang='lat' dir='ltr'>angelos</span> <span class='ocrx_word' id='word_1_715' title='bbox 1857 2107 2059 2144; x_wconf 90' lang='lat' dir='ltr'>illuminat:</span> <span class='ocrx_word' id='word_1_716' title='bbox 2090 2108 2186 2146; x_wconf 88' lang='lat' dir='ltr'>sicut</span> <span class='ocrx_word' id='word_1_717' title='bbox 2208 2109 2418 2159; x_wconf 87' lang='lat' dir='ltr'>Dionysius</span> 
     </span>
     <span class='ocr_line' id='line_1_103' title="bbox 1357 2160 2417 2209; baseline 0.003 -13"><span class='ocrx_word' id='word_1_718' title='bbox 1357 2160 1456 2206; x_wconf 84' lang='lat' dir='ltr'>dicit,</span> <span class='ocrx_word' id='word_1_719' title='bbox 1476 2172 1522 2197; x_wconf 85' lang='lat' dir='ltr'>vn</span> <span class='ocrx_word' id='word_1_720' title='bbox 1550 2173 1632 2209; x_wconf 88' lang='lat' dir='ltr'>cap.</span> <span class='ocrx_word' id='word_1_721' title='bbox 1657 2161 1758 2197; x_wconf 90' lang='lat' dir='ltr'>Cael.</span> <span class='ocrx_word' id='word_1_722' title='bbox 1779 2162 1889 2196; x_wconf 75' lang='lat' dir='ltr'>IIier.</span> <span class='ocrx_word' id='word_1_723' title='bbox 1933 2161 2044 2197; x_wconf 90' lang='lat' dir='ltr'>Unde</span> <span class='ocrx_word' id='word_1_724' title='bbox 2073 2161 2120 2197; x_wconf 91' lang='lat' dir='ltr'>de</span> <span class='ocrx_word' id='word_1_725' title='bbox 2149 2161 2202 2197; x_wconf 89' lang='lat' dir='ltr'>eis</span> <span class='ocrx_word' id='word_1_726' title='bbox 2226 2162 2342 2198; x_wconf 90' lang='lat' dir='ltr'>habet</span> <span class='ocrx_word' id='word_1_727' title='bbox 2361 2162 2417 2199; x_wconf 91' lang='lat' dir='ltr'>iu-</span> 
     </span>
     <span class='ocr_line' id='line_1_104' title="bbox 1357 2213 1494 2250; baseline 0 -1"><span class='ocrx_word' id='word_1_728' title='bbox 1357 2213 1494 2250; x_wconf 88' lang='lat' dir='ltr'>dicare.</span> 
     </span>
    </p>

    <p class='ocr_par' dir='ltr' id='par_1_30' title="bbox 1357 2265 2418 2685">
     <span class='ocr_line' id='line_1_105' title="bbox 1411 2265 2417 2315; baseline 0.001 -13"><span class='ocrx_word' id='word_1_729' title='bbox 1411 2266 1608 2312; x_wconf 88' lang='lat' dir='ltr'>Secundo,</span> <span class='ocrx_word' id='word_1_730' title='bbox 1636 2265 1726 2314; x_wconf 89' lang='lat' dir='ltr'>quia</span> <span class='ocrx_word' id='word_1_731' title='bbox 1753 2277 1823 2314; x_wconf 89' lang='lat' dir='ltr'>per</span> <span class='ocrx_word' id='word_1_732' title='bbox 1849 2265 2103 2303; x_wconf 88' lang='lat' dir='ltr'>humilitatem</span> <span class='ocrx_word' id='word_1_733' title='bbox 2131 2266 2317 2315; x_wconf 89' lang='lat' dir='ltr'>passionis</span> <span class='ocrx_word' id='word_1_734' title='bbox 2346 2268 2417 2304; x_wconf 91' lang='lat' dir='ltr'>hu-</span> 
     </span>
     <span class='ocr_line' id='line_1_106' title="bbox 1357 2318 2418 2369; baseline 0.003 -15"><span class='ocrx_word' id='word_1_735' title='bbox 1357 2331 1472 2355; x_wconf 89' lang='lat' dir='ltr'>mana</span> <span class='ocrx_word' id='word_1_736' title='bbox 1506 2326 1641 2355; x_wconf 87' lang='lat' dir='ltr'>natura</span> <span class='ocrx_word' id='word_1_737' title='bbox 1673 2318 1714 2354; x_wconf 90' lang='lat' dir='ltr'>in</span> <span class='ocrx_word' id='word_1_738' title='bbox 1749 2318 1900 2355; x_wconf 91' lang='lat' dir='ltr'>Christo</span> <span class='ocrx_word' id='word_1_739' title='bbox 1938 2318 2078 2355; x_wconf 89' lang='lat' dir='ltr'>meruit</span> <span class='ocrx_word' id='word_1_740' title='bbox 2111 2319 2264 2356; x_wconf 87' lang='lat' dir='ltr'>exaltari</span> <span class='ocrx_word' id='word_1_741' title='bbox 2301 2332 2418 2369; x_wconf 90' lang='lat' dir='ltr'>super</span> 
     </span>
     <span class='ocr_line' id='line_1_107' title="bbox 1357 2370 2416 2421; baseline 0.002 -14"><span class='ocrx_word' id='word_1_742' title='bbox 1357 2372 1531 2419; x_wconf 88' lang='lat' dir='ltr'>angelos:</span> <span class='ocrx_word' id='word_1_743' title='bbox 1567 2371 1618 2408; x_wconf 91' lang='lat' dir='ltr'>ita</span> <span class='ocrx_word' id='word_1_744' title='bbox 1645 2371 1772 2419; x_wconf 89' lang='lat' dir='ltr'>quod,</span> <span class='ocrx_word' id='word_1_745' title='bbox 1802 2370 1898 2408; x_wconf 88' lang='lat' dir='ltr'>sicut</span> <span class='ocrx_word' id='word_1_746' title='bbox 1925 2371 2062 2408; x_wconf 88' lang='lat' dir='ltr'>dicitur</span> <span class='ocrx_word' id='word_1_747' title='bbox 2087 2372 2244 2421; x_wconf 88' lang='lat' dir='ltr'>Philipp.</span> <span class='ocrx_word' id='word_1_748' title='bbox 2272 2384 2292 2409; x_wconf 95' lang='lat'>11</span> <span class='ocrx_word' id='word_1_749' title='bbox 2311 2372 2348 2419; x_wconf 70' lang='lat'>³⁸,</span> <span class='ocrx_word' id='word_1_750' title='bbox 2379 2374 2416 2410; x_wconf 89' lang='lat' dir='ltr'>in</span> 
     </span>
     <span class='ocr_line' id='line_1_108' title="bbox 1357 2425 2416 2473; baseline 0.001 -12"><span class='ocrx_word' id='word_1_751' title='bbox 1357 2426 1506 2461; x_wconf 89' lang='lat' dir='ltr'>nomine</span> <span class='ocrx_word' id='word_1_752' title='bbox 1533 2426 1617 2460; x_wconf 89' lang='lat' dir='ltr'>Iesu</span> <span class='ocrx_word' id='word_1_753' title='bbox 1646 2436 1757 2460; x_wconf 88' lang='lat' dir='ltr'>omne</span> <span class='ocrx_word' id='word_1_754' title='bbox 1778 2435 1878 2473; x_wconf 84' lang='lat' dir='ltr'>genu</span> <span class='ocrx_word' id='word_1_755' title='bbox 1898 2425 2084 2472; x_wconf 81' lang='lat' dir='ltr'>flectatur,</span> <span class='ocrx_word' id='word_1_756' title='bbox 2105 2425 2326 2470; x_wconf 82' lang='lat' dir='ltr'>caelestium,</span> <span class='ocrx_word' id='word_1_757' title='bbox 2346 2431 2416 2463; x_wconf 90' lang='lat' dir='ltr'>ter-</span> 
     </span>
     <span class='ocr_line' id='line_1_109' title="bbox 1358 2476 2417 2523; baseline 0 -9"><span class='ocrx_word' id='word_1_758' title='bbox 1358 2479 1527 2514; x_wconf 88' lang='lat' dir='ltr'>restrium</span> <span class='ocrx_word' id='word_1_759' title='bbox 1556 2483 1588 2513; x_wconf 87' lang='lat' dir='ltr'>et</span> <span class='ocrx_word' id='word_1_760' title='bbox 1615 2477 1860 2523; x_wconf 86' lang='lat' dir='ltr'>infernorum.</span> <span class='ocrx_word' id='word_1_761' title='bbox 1900 2477 1948 2512; x_wconf 91' lang='lat' dir='ltr'>Et</span> <span class='ocrx_word' id='word_1_762' title='bbox 1975 2476 2062 2513; x_wconf 91' lang='lat' dir='ltr'>ideo</span> <span class='ocrx_word' id='word_1_763' title='bbox 2102 2477 2274 2514; x_wconf 89' lang='lat' dir='ltr'>Christus</span> <span class='ocrx_word' id='word_1_764' title='bbox 2302 2478 2417 2514; x_wconf 91' lang='lat' dir='ltr'>habet</span> 
     </span>
     <span class='ocr_line' id='line_1_110' title="bbox 1357 2529 2416 2578; baseline 0 -12"><span class='ocrx_word' id='word_1_765' title='bbox 1357 2529 1595 2567; x_wconf 89' lang='lat' dir='ltr'>iudiciariam</span> <span class='ocrx_word' id='word_1_766' title='bbox 1613 2536 1839 2577; x_wconf 87' lang='lat' dir='ltr'>potestatem</span> <span class='ocrx_word' id='word_1_767' title='bbox 1868 2529 1981 2565; x_wconf 89' lang='lat' dir='ltr'>etiam</span> <span class='ocrx_word' id='word_1_768' title='bbox 2010 2541 2126 2578; x_wconf 88' lang='lat' dir='ltr'>super</span> <span class='ocrx_word' id='word_1_769' title='bbox 2144 2531 2297 2577; x_wconf 89' lang='lat' dir='ltr'>angelos</span> <span class='ocrx_word' id='word_1_770' title='bbox 2317 2529 2331 2560; x_wconf 75' lang='grc' dir='ltr'><strong>β</strong></span> <span class='ocrx_word' id='word_1_771' title='bbox 2351 2531 2416 2567; x_wconf 92' lang='lat' dir='ltr'>bo-</span> 
     </span>
     <span class='ocr_line' id='line_1_111' title="bbox 1357 2581 2414 2630; baseline -0.001 -10"><span class='ocrx_word' id='word_1_772' title='bbox 1357 2596 1429 2620; x_wconf 92' lang='lat' dir='ltr'>nos</span> <span class='ocrx_word' id='word_1_773' title='bbox 1449 2590 1484 2619; x_wconf 89' lang='lat' dir='ltr'>et</span> <span class='ocrx_word' id='word_1_774' title='bbox 1503 2583 1636 2618; x_wconf 90' lang='lat' dir='ltr'>malos.</span> <span class='ocrx_word' id='word_1_775' title='bbox 1666 2583 1707 2618; x_wconf 93' lang='lat' dir='ltr'>In</span> <span class='ocrx_word' id='word_1_776' title='bbox 1728 2581 1837 2618; x_wconf 85' lang='lat' dir='ltr'>cuius</span> <span class='ocrx_word' id='word_1_777' title='bbox 1857 2581 2009 2629; x_wconf 88' lang='lat' dir='ltr'>signum</span> <span class='ocrx_word' id='word_1_778' title='bbox 2029 2582 2175 2628; x_wconf 84' lang='lat' dir='ltr'>dicitur,</span> <span class='ocrx_word' id='word_1_779' title='bbox 2190 2584 2307 2630; x_wconf 86' lang='lat' dir='ltr'>Apoc.</span> <span class='ocrx_word' id='word_1_780' title='bbox 2323 2595 2369 2620; x_wconf 85' lang='lat' dir='ltr'>vn</span> <span class='ocrx_word' id='word_1_781' title='bbox 2383 2583 2414 2630; x_wconf 67' lang='lat'>²¹²,</span> 
     </span>
     <span class='ocr_line' id='line_1_112' title="bbox 1357 2635 2299 2685; baseline 0 -13"><span class='ocrx_word' id='word_1_782' title='bbox 1357 2636 1464 2685; x_wconf 91' lang='lat' dir='ltr'>quod</span> <span class='ocrx_word' id='word_1_783' title='bbox 1484 2647 1610 2672; x_wconf 90' lang='lat' dir='ltr'>omnes</span> <span class='ocrx_word' id='word_1_784' title='bbox 1630 2635 1758 2683; x_wconf 88' lang='lat' dir='ltr'>angeli</span> <span class='ocrx_word' id='word_1_785' title='bbox 1773 2636 1918 2671; x_wconf 85' lang='lat' dir='ltr'>stabant</span> <span class='ocrx_word' id='word_1_786' title='bbox 1936 2637 1973 2671; x_wconf 89' lang='lat' dir='ltr'>in</span> <span class='ocrx_word' id='word_1_787' title='bbox 1993 2637 2147 2671; x_wconf 86' lang='lat' dir='ltr'>circuitu</span> <span class='ocrx_word' id='word_1_788' title='bbox 2166 2636 2299 2672; x_wconf 86' lang='lat' dir='ltr'>throni.</span> 
     </span>
    </p>

    <p class='ocr_par' dir='ltr' id='par_1_31' title="bbox 1357 2686 2417 2949">
     <span class='ocr_line' id='line_1_113' title="bbox 1411 2686 2415 2736; baseline -0.001 -11"><span class='ocrx_word' id='word_1_789' title='bbox 1411 2688 1554 2733; x_wconf 85' lang='lat' dir='ltr'>Tertio,</span> <span class='ocrx_word' id='word_1_790' title='bbox 1571 2686 1715 2723; x_wconf 89' lang='lat' dir='ltr'>ratione</span> <span class='ocrx_word' id='word_1_791' title='bbox 1736 2699 1872 2723; x_wconf 88' lang='lat' dir='ltr'>eorum</span> <span class='ocrx_word' id='word_1_792' title='bbox 1892 2699 1991 2736; x_wconf 89' lang='lat' dir='ltr'>quae</span> <span class='ocrx_word' id='word_1_793' title='bbox 2012 2687 2110 2724; x_wconf 88' lang='lat' dir='ltr'>circa</span> <span class='ocrx_word' id='word_1_794' title='bbox 2129 2687 2307 2724; x_wconf 88' lang='lat' dir='ltr'>homines</span> <span class='ocrx_word' id='word_1_795' title='bbox 2327 2700 2415 2736; x_wconf 91' lang='lat' dir='ltr'>ope-</span> 
     </span>
     <span class='ocr_line' id='line_1_114' title="bbox 1358 2739 2415 2789; baseline -0.001 -11"><span class='ocrx_word' id='word_1_796' title='bbox 1358 2749 1499 2787; x_wconf 87' lang='lat' dir='ltr'>rantur,</span> <span class='ocrx_word' id='word_1_797' title='bbox 1525 2752 1694 2789; x_wconf 87' lang='lat' dir='ltr'>quorum</span> <span class='ocrx_word' id='word_1_798' title='bbox 1724 2739 1897 2776; x_wconf 88' lang='lat' dir='ltr'>Christus</span> <span class='ocrx_word' id='word_1_799' title='bbox 1925 2740 2074 2788; x_wconf 88' lang='lat' dir='ltr'>speciali</span> <span class='ocrx_word' id='word_1_800' title='bbox 2095 2741 2267 2789; x_wconf 88' lang='lat' dir='ltr'>quodam</span> <span class='ocrx_word' id='word_1_801' title='bbox 2296 2741 2415 2777; x_wconf 90' lang='lat' dir='ltr'>modo</span> 
     </span>
     <span class='ocr_line' id='line_1_115' title="bbox 1358 2791 2415 2842; baseline -0.001 -11"><span class='ocrx_word' id='word_1_802' title='bbox 1358 2802 1412 2831; x_wconf 88' lang='lat' dir='ltr'>est</span> <span class='ocrx_word' id='word_1_803' title='bbox 1440 2801 1563 2842; x_wconf 89' lang='lat' dir='ltr'>caput.</span> <span class='ocrx_word' id='word_1_804' title='bbox 1593 2793 1703 2830; x_wconf 90' lang='lat' dir='ltr'>Unde</span> <span class='ocrx_word' id='word_1_805' title='bbox 1723 2791 1860 2828; x_wconf 87' lang='lat' dir='ltr'>dicitur</span> <span class='ocrx_word' id='word_1_806' title='bbox 1877 2794 1975 2829; x_wconf 85' lang='lat' dir='ltr'>Heb.</span> <span class='ocrx_word' id='word_1_807' title='bbox 1997 2805 2006 2829; x_wconf 90' lang='lat'>1</span> <span class='ocrx_word' id='word_1_808' title='bbox 2025 2793 2064 2829; x_wconf 73' lang='grc' dir='ltr'>*ε</span> <span class='ocrx_word' id='word_1_809' title='bbox 2097 2793 2232 2830; x_wconf 85' lang='lat' dir='ltr'>Omnes</span> <span class='ocrx_word' id='word_1_810' title='bbox 2250 2799 2333 2830; x_wconf 85' lang='lat' dir='ltr'>sunt</span> <span class='ocrx_word' id='word_1_811' title='bbox 2351 2794 2415 2830; x_wconf 84' lang='lat' dir='ltr'>ad-</span> 
     </span>
     <span class='ocr_line' id='line_1_116' title="bbox 1357 2846 2417 2895; baseline -0.001 -12"><span class='ocrx_word' id='word_1_812' title='bbox 1357 2847 1610 2884; x_wconf 86' lang='lat' dir='ltr'>ministratorii</span> <span class='ocrx_word' id='word_1_813' title='bbox 1634 2846 1791 2894; x_wconf 84' lang='lat' dir='ltr'>spiritus,</span> <span class='ocrx_word' id='word_1_814' title='bbox 1812 2846 1848 2881; x_wconf 89' lang='lat' dir='ltr'>in</span> <span class='ocrx_word' id='word_1_815' title='bbox 1869 2847 2110 2882; x_wconf 84' lang='lat' dir='ltr'>ministerium</span> <span class='ocrx_word' id='word_1_816' title='bbox 2140 2847 2243 2882; x_wconf 85' lang='lat' dir='ltr'>missi</span> <span class='ocrx_word' id='word_1_817' title='bbox 2262 2852 2417 2895; x_wconf 87' lang='lat' dir='ltr'>propter</span> 
     </span>
     <span class='ocr_line' id='line_1_117' title="bbox 1357 2898 2104 2949; baseline -0.004 -12"><span class='ocrx_word' id='word_1_818' title='bbox 1357 2913 1418 2937; x_wconf 87' lang='lat' dir='ltr'>eos</span> <span class='ocrx_word' id='word_1_819' title='bbox 1446 2901 1508 2949; x_wconf 85' lang='lat' dir='ltr'>qui</span> <span class='ocrx_word' id='word_1_820' title='bbox 1534 2898 1767 2934; x_wconf 83' lang='lat' dir='ltr'>hereditatem</span> <span class='ocrx_word' id='word_1_821' title='bbox 1795 2899 1944 2946; x_wconf 86' lang='lat' dir='ltr'>capiunt</span> <span class='ocrx_word' id='word_1_822' title='bbox 1969 2898 2104 2935; x_wconf 89' lang='lat' dir='ltr'>salutis.</span> 
     </span>
    </p>

    <p class='ocr_par' dir='ltr' id='par_1_32' title="bbox 1356 2950 2416 3305">
     <span class='ocr_line' id='line_1_118' title="bbox 1412 2950 2415 3000; baseline -0.001 -11"><span class='ocrx_word' id='word_1_823' title='bbox 1412 2952 1583 2989; x_wconf 89' lang='lat' dir='ltr'>Subsunt</span> <span class='ocrx_word' id='word_1_824' title='bbox 1614 2957 1744 2986; x_wconf 87' lang='lat' dir='ltr'>autem</span> <span class='ocrx_word' id='word_1_825' title='bbox 1782 2950 1923 2987; x_wconf 88' lang='lat' dir='ltr'>iudicio</span> <span class='ocrx_word' id='word_1_826' title='bbox 1953 2950 2111 2997; x_wconf 88' lang='lat' dir='ltr'>Christi,</span> <span class='ocrx_word' id='word_1_827' title='bbox 2141 2963 2221 2987; x_wconf 92' lang='lat' dir='ltr'>uno</span> <span class='ocrx_word' id='word_1_828' title='bbox 2257 2950 2415 3000; x_wconf 88' lang='lat' dir='ltr'>quidem</span> 
     </span>
     <span class='ocr_line' id='line_1_119' title="bbox 1358 3002 2414 3052; baseline -0.001 -11"><span class='ocrx_word' id='word_1_829' title='bbox 1358 3005 1490 3050; x_wconf 90' lang='lat' dir='ltr'>modo,</span> <span class='ocrx_word' id='word_1_830' title='bbox 1511 3010 1700 3052; x_wconf 89' lang='lat' dir='ltr'>quantum</span> <span class='ocrx_word' id='word_1_831' title='bbox 1725 3002 1772 3039; x_wconf 89' lang='lat' dir='ltr'>ad</span> <span class='ocrx_word' id='word_1_832' title='bbox 1799 3002 2123 3052; x_wconf 88' lang='lat' dir='ltr'>dispensationem</span> <span class='ocrx_word' id='word_1_833' title='bbox 2152 3015 2288 3040; x_wconf 89' lang='lat' dir='ltr'>eorum</span> <span class='ocrx_word' id='word_1_834' title='bbox 2315 3016 2414 3052; x_wconf 90' lang='lat' dir='ltr'>quae</span> 
     </span>
     <span class='ocr_line' id='line_1_120' title="bbox 1357 3055 2416 3106; baseline -0.001 -13"><span class='ocrx_word' id='word_1_835' title='bbox 1357 3070 1426 3106; x_wconf 88' lang='lat' dir='ltr'>per</span> <span class='ocrx_word' id='word_1_836' title='bbox 1454 3057 1556 3105; x_wconf 88' lang='lat' dir='ltr'>ipsos</span> <span class='ocrx_word' id='word_1_837' title='bbox 1583 3063 1756 3103; x_wconf 84' lang='lat' dir='ltr'>aguntur.</span> <span class='ocrx_word' id='word_1_838' title='bbox 1787 3056 1898 3102; x_wconf 88' lang='lat' dir='ltr'>Quae</span> <span class='ocrx_word' id='word_1_839' title='bbox 1927 3055 2085 3104; x_wconf 92' lang='lat' dir='ltr'>quidem</span> <span class='ocrx_word' id='word_1_840' title='bbox 2113 3055 2345 3104; x_wconf 88' lang='lat' dir='ltr'>dispensatio</span> <span class='ocrx_word' id='word_1_841' title='bbox 2373 3056 2416 3092; x_wconf 81' lang='lat' dir='ltr'>fit</span> 
     </span>
     <span class='ocr_line' id='line_1_121' title="bbox 1358 3107 2414 3158; baseline -0.001 -12"><span class='ocrx_word' id='word_1_842' title='bbox 1358 3110 1471 3146; x_wconf 89' lang='lat' dir='ltr'>etiam</span> <span class='ocrx_word' id='word_1_843' title='bbox 1500 3121 1569 3158; x_wconf 88' lang='lat' dir='ltr'>per</span> <span class='ocrx_word' id='word_1_844' title='bbox 1596 3107 1795 3144; x_wconf 86' lang='lat' dir='ltr'>hominem</span> <span class='ocrx_word' id='word_1_845' title='bbox 1825 3108 2038 3145; x_wconf 90' lang='lat' dir='ltr'>Christum:</span> <span class='ocrx_word' id='word_1_846' title='bbox 2068 3108 2130 3145; x_wconf 88' lang='lat' dir='ltr'>cui</span> <span class='ocrx_word' id='word_1_847' title='bbox 2158 3109 2287 3158; x_wconf 86' lang='lat' dir='ltr'>angeli</span> <span class='ocrx_word' id='word_1_848' title='bbox 2307 3110 2414 3145; x_wconf 91' lang='lat' dir='ltr'>mini-</span> 
     </span>
     <span class='ocr_line' id='line_1_122' title="bbox 1356 3159 2414 3210; baseline -0.001 -11"><span class='ocrx_word' id='word_1_849' title='bbox 1356 3164 1531 3207; x_wconf 85' lang='lat' dir='ltr'>strabant,</span> <span class='ocrx_word' id='word_1_850' title='bbox 1561 3169 1602 3197; x_wconf 91' lang='lat' dir='ltr'>ut</span> <span class='ocrx_word' id='word_1_851' title='bbox 1630 3159 1766 3196; x_wconf 85' lang='lat' dir='ltr'>dicitur</span> <span class='ocrx_word' id='word_1_852' title='bbox 1788 3162 1922 3197; x_wconf 88' lang='lat' dir='ltr'>Matth.</span> <span class='ocrx_word' id='word_1_853' title='bbox 1944 3173 1978 3198; x_wconf 87' lang='lat' dir='ltr'>1v</span> <span class='ocrx_word' id='word_1_854' title='bbox 1996 3160 2033 3207; x_wconf 77' lang='lat'>*3</span> <span class='ocrx_word' id='word_1_855' title='bbox 2063 3168 2099 3198; x_wconf 89' lang='lat' dir='ltr'>et</span> <span class='ocrx_word' id='word_1_856' title='bbox 2118 3173 2140 3198; x_wconf 88' lang='lat' dir='ltr'>a</span> <span class='ocrx_word' id='word_1_857' title='bbox 2158 3173 2238 3210; x_wconf 91' lang='lat' dir='ltr'>quo</span> <span class='ocrx_word' id='word_1_858' title='bbox 2258 3161 2414 3198; x_wconf 88' lang='lat' dir='ltr'>daemo-</span> 
     </span>
     <span class='ocr_line' id='line_1_123' title="bbox 1357 3212 2415 3263; baseline -0.001 -11"><span class='ocrx_word' id='word_1_859' title='bbox 1357 3228 1424 3252; x_wconf 91' lang='lat' dir='ltr'>nes</span> <span class='ocrx_word' id='word_1_860' title='bbox 1452 3214 1631 3263; x_wconf 90' lang='lat' dir='ltr'>petebant</span> <span class='ocrx_word' id='word_1_861' title='bbox 1658 3220 1700 3249; x_wconf 90' lang='lat' dir='ltr'>ut</span> <span class='ocrx_word' id='word_1_862' title='bbox 1718 3213 1757 3249; x_wconf 92' lang='lat' dir='ltr'>in</span> <span class='ocrx_word' id='word_1_863' title='bbox 1775 3225 1915 3262; x_wconf 91' lang='lat' dir='ltr'>porcos</span> <span class='ocrx_word' id='word_1_864' title='bbox 1942 3212 2191 3260; x_wconf 80' lang='lat' dir='ltr'>mitterentur,</span> <span class='ocrx_word' id='word_1_865' title='bbox 2211 3221 2253 3250; x_wconf 91' lang='lat' dir='ltr'>ut</span> <span class='ocrx_word' id='word_1_866' title='bbox 2279 3213 2415 3251; x_wconf 89' lang='lat' dir='ltr'>dicitur</span> 
     </span>
     <span class='ocr_line' id='line_1_124' title="bbox 1356 3266 1616 3305; baseline -0.015 0"><span class='ocrx_word' id='word_1_867' title='bbox 1356 3268 1490 3305; x_wconf 85' lang='lat' dir='ltr'>Matth.</span> <span class='ocrx_word' id='word_1_868' title='bbox 1511 3278 1568 3302; x_wconf 89' lang='lat' dir='ltr'>V111</span> <span class='ocrx_word' id='word_1_869' title='bbox 1587 3266 1616 3301; x_wconf 65' lang='lat'>³¹⁶.</span> 
     </span>
    </p>

    <p class='ocr_par' dir='ltr' id='par_1_33' title="bbox 1357 3318 2413 3470">
     <span class='ocr_line' id='line_1_125' title="bbox 1411 3318 2413 3368; baseline 0 -12"><span class='ocrx_word' id='word_1_870' title='bbox 1411 3319 1613 3365; x_wconf 88' lang='lat' dir='ltr'>Secundo,</span> <span class='ocrx_word' id='word_1_871' title='bbox 1642 3326 1830 3367; x_wconf 90' lang='lat' dir='ltr'>quantum</span> <span class='ocrx_word' id='word_1_872' title='bbox 1859 3319 1907 3355; x_wconf 87' lang='lat' dir='ltr'>ad</span> <span class='ocrx_word' id='word_1_873' title='bbox 1935 3318 2007 3356; x_wconf 84' lang='lat' dir='ltr'>alia</span> <span class='ocrx_word' id='word_1_874' title='bbox 2034 3318 2278 3356; x_wconf 89' lang='lat' dir='ltr'>accidentalia</span> <span class='ocrx_word' id='word_1_875' title='bbox 2305 3331 2413 3368; x_wconf 88' lang='lat' dir='ltr'>prae-</span> 
     </span>
     <span class='ocr_line' id='line_1_126' title="bbox 1358 3371 2412 3421; baseline 0 -12"><span class='ocrx_word' id='word_1_876' title='bbox 1358 3372 1435 3409; x_wconf 90' lang='lat' dir='ltr'>mia</span> <span class='ocrx_word' id='word_1_877' title='bbox 1454 3372 1648 3408; x_wconf 89' lang='lat' dir='ltr'>bonorum</span> <span class='ocrx_word' id='word_1_878' title='bbox 1669 3372 1903 3418; x_wconf 86' lang='lat' dir='ltr'>angelorum,</span> <span class='ocrx_word' id='word_1_879' title='bbox 1923 3383 2022 3420; x_wconf 89' lang='lat' dir='ltr'>quae</span> <span class='ocrx_word' id='word_1_880' title='bbox 2048 3379 2135 3408; x_wconf 92' lang='lat' dir='ltr'>sunt</span> <span class='ocrx_word' id='word_1_881' title='bbox 2153 3371 2292 3419; x_wconf 88' lang='lat' dir='ltr'>gaudia</span> <span class='ocrx_word' id='word_1_882' title='bbox 2313 3383 2412 3421; x_wconf 88' lang='lat' dir='ltr'>quae</span> 
     </span>
     <span class='ocr_line' id='line_1_127' title="bbox 1357 3423 2410 3470; baseline 0 -8"><span class='ocrx_word' id='word_1_883' title='bbox 1357 3425 1499 3462; x_wconf 89' lang='lat' dir='ltr'>habent</span> <span class='ocrx_word' id='word_1_884' title='bbox 1518 3424 1565 3460; x_wconf 88' lang='lat' dir='ltr'>de</span> <span class='ocrx_word' id='word_1_885' title='bbox 1586 3425 1703 3460; x_wconf 90' lang='lat' dir='ltr'>salute</span> <span class='ocrx_word' id='word_1_886' title='bbox 1732 3423 1950 3470; x_wconf 89' lang='lat' dir='ltr'>hominum,</span> <span class='ocrx_word' id='word_1_887' title='bbox 1972 3424 2186 3461; x_wconf 89' lang='lat' dir='ltr'>secundum</span> <span class='ocrx_word' id='word_1_888' title='bbox 2205 3424 2298 3461; x_wconf 92' lang='lat' dir='ltr'>illud</span> <span class='ocrx_word' id='word_1_889' title='bbox 2316 3425 2410 3462; x_wconf 92' lang='lat' dir='ltr'>Luc.</span> 
     </span>
    </p>
   </div>
   <div class='ocr_carea' id='block_1_23' title="bbox 935 3503 1645 3512">
    <p class='ocr_par' dir='ltr' id='par_1_34' title="bbox 935 3503 1645 3512">
     <span class='ocr_line' id='line_1_128' title="bbox 935 3503 1645 3512; baseline 0 0"><span class='ocrx_word' id='word_1_890' title='bbox 935 3503 1645 3512; x_wconf 95' lang='lat' dir='ltr'> </span> 
     </span>
    </p>
   </div>
   <div class='ocr_carea' id='block_1_24' title="bbox 295 3542 767 3577">
    <p class='ocr_par' dir='ltr' id='par_1_35' title="bbox 295 3542 767 3577">
     <span class='ocr_line' id='line_1_129' title="bbox 295 3542 767 3577; baseline 0.006 -10"><span class='ocrx_word' id='word_1_891' title='bbox 295 3542 323 3577; x_wconf 84' lang='grc' dir='ltr'>α)</span> <span class='ocrx_word' id='word_1_892' title='bbox 343 3543 462 3570; x_wconf 79' lang='lat' dir='ltr'>veritate.</span> <span class='ocrx_word' id='word_1_893' title='bbox 479 3558 500 3563; x_wconf 93' lang='lat'>-</span> <span class='ocrx_word' id='word_1_894' title='bbox 517 3543 616 3569; x_wconf 83' lang='lat' dir='ltr'>virtute</span> <span class='ocrx_word' id='word_1_895' title='bbox 634 3544 767 3570; x_wconf 87' lang='lat' dir='ltr'>editiones.</span> 
     </span>
    </p>
   </div>
   <div class='ocr_carea' id='block_1_25' title="bbox 1355 3538 2413 3599">
    <p class='ocr_par' dir='ltr' id='par_1_36' title="bbox 1355 3538 2413 3599">
     <span class='ocr_line' id='line_1_130' title="bbox 1400 3538 2413 3598; baseline 0.001 -36"><span class='ocrx_word' id='word_1_896' title='bbox 1400 3538 1435 3598; x_wconf 47' lang='grc' dir='ltr'>βῆ)</span> <span class='ocrx_word' id='word_1_897' title='bbox 1454 3539 1573 3571; x_wconf 80' lang='lat' dir='ltr'>angelos.</span> <span class='ocrx_word' id='word_1_898' title='bbox 1586 3552 1605 3557; x_wconf 88' lang='lat'><em>-</em></span> <span class='ocrx_word' id='word_1_899' title='bbox 1622 3539 1731 3571; x_wconf 81' lang='lat' dir='ltr'>angelos</span> <span class='ocrx_word' id='word_1_900' title='bbox 1750 3541 1776 3563; x_wconf 86' lang='lat' dir='ltr'>et</span> <span class='ocrx_word' id='word_1_901' title='bbox 1794 3538 1836 3569; x_wconf 88' lang='lat' dir='ltr'>DI,</span> <span class='ocrx_word' id='word_1_902' title='bbox 1854 3545 1943 3563; x_wconf 83' lang='lat' dir='ltr'>omnes</span> <span class='ocrx_word' id='word_1_903' title='bbox 1962 3539 2071 3571; x_wconf 83' lang='lat' dir='ltr'>angelos</span> <span class='ocrx_word' id='word_1_904' title='bbox 2089 3538 2176 3569; x_wconf 80' lang='lat' dir='ltr'>GHbc,</span> <span class='ocrx_word' id='word_1_905' title='bbox 2196 3546 2285 3564; x_wconf 81' lang='lat' dir='ltr'>omnes</span> <span class='ocrx_word' id='word_1_906' title='bbox 2303 3539 2413 3571; x_wconf 78' lang='lat' dir='ltr'>angelos</span> 
     </span>
     <span class='ocr_line' id='line_1_131' title="bbox 1355 3578 1428 3599; baseline 0 0"><span class='ocrx_word' id='word_1_907' title='bbox 1355 3578 1381 3599; x_wconf 82' lang='lat' dir='ltr'>et</span> <span class='ocrx_word' id='word_1_908' title='bbox 1421 3592 1428 3599; x_wconf 85' lang='lat'>.</span> 
     </span>
    </p>
   </div>
   <div class='ocr_carea' id='block_1_26' title="bbox 2451 370 2592 396">
    <p class='ocr_par' dir='ltr' id='par_1_37' title="bbox 2451 370 2592 396">
     <span class='ocr_line' id='line_1_132' title="bbox 2451 370 2592 396; baseline 0 -5"><span class='ocrx_word' id='word_1_909' title='bbox 2451 372 2460 381; x_wconf 79' lang='lat'>⁸</span> <span class='ocrx_word' id='word_1_910' title='bbox 2474 370 2540 392; x_wconf 73' lang='lat' dir='ltr'>Vers.</span> <span class='ocrx_word' id='word_1_911' title='bbox 2557 376 2592 396; x_wconf 84' lang='grc' dir='ltr'>ι4.</span> 
     </span>
    </p>
   </div>
   <div class='ocr_carea' id='block_1_27' title="bbox 2447 1905 2588 1927">
    <p class='ocr_par' dir='ltr' id='par_1_38' title="bbox 2447 1905 2588 1927">
     <span class='ocr_line' id='line_1_133' title="bbox 2447 1905 2588 1927; baseline 0.007 -1"><span class='ocrx_word' id='word_1_912' title='bbox 2447 1906 2457 1915; x_wconf 82' lang='grc'>’·</span> <span class='ocrx_word' id='word_1_913' title='bbox 2472 1905 2538 1927; x_wconf 73' lang='lat' dir='ltr'>Vers.</span> <span class='ocrx_word' id='word_1_914' title='bbox 2556 1911 2588 1927; x_wconf 77' lang='grc' dir='ltr'>ιο.</span> 
     </span>
    </p>
   </div>
   <div class='ocr_carea' id='block_1_28' title="bbox 2445 2375 2586 2397">
    <p class='ocr_par' dir='ltr' id='par_1_39' title="bbox 2445 2375 2586 2397">
     <span class='ocr_line' id='line_1_134' title="bbox 2445 2375 2586 2397; baseline 0 -1"><span class='ocrx_word' id='word_1_915' title='bbox 2445 2376 2454 2385; x_wconf 75' lang='grc'><strong>”</strong></span> <span class='ocrx_word' id='word_1_916' title='bbox 2469 2375 2536 2396; x_wconf 82' lang='lat' dir='ltr'>Vers.</span> <span class='ocrx_word' id='word_1_917' title='bbox 2552 2381 2586 2397; x_wconf 81' lang='grc' dir='ltr'>ιο.</span> 
     </span>
    </p>
   </div>
   <div class='ocr_carea' id='block_1_29' title="bbox 2447 2588 2583 2611">
    <p class='ocr_par' dir='ltr' id='par_1_40' title="bbox 2447 2588 2583 2611">
     <span class='ocr_line' id='line_1_135' title="bbox 2447 2588 2583 2611; baseline 0.015 -2"><span class='ocrx_word' id='word_1_918' title='bbox 2447 2590 2455 2598; x_wconf 88' lang='grc'><em>·</em></span> <span class='ocrx_word' id='word_1_919' title='bbox 2470 2588 2536 2611; x_wconf 82' lang='lat' dir='ltr'>Vcrs.</span> <span class='ocrx_word' id='word_1_920' title='bbox 2552 2596 2583 2611; x_wconf 81' lang='grc' dir='ltr'>ιι.</span> 
     </span>
    </p>
   </div>
   <div class='ocr_carea' id='block_1_30' title="bbox 2444 2795 2584 2823">
    <p class='ocr_par' dir='ltr' id='par_1_41' title="bbox 2444 2795 2584 2823">
     <span class='ocr_line' id='line_1_136' title="bbox 2444 2795 2584 2823; baseline 0.014 -7"><span class='ocrx_word' id='word_1_921' title='bbox 2444 2797 2454 2807; x_wconf 75' lang='grc'><em>’</em></span> <span class='ocrx_word' id='word_1_922' title='bbox 2469 2795 2532 2818; x_wconf 82' lang='lat' dir='ltr'>Vers.</span> <span class='ocrx_word' id='word_1_923' title='bbox 2551 2804 2584 2823; x_wconf 83' lang='lat'>¹4·</span> 
     </span>
    </p>
   </div>
   <div class='ocr_carea' id='block_1_31' title="bbox 2444 3169 2582 3192">
    <p class='ocr_par' dir='ltr' id='par_1_42' title="bbox 2444 3169 2582 3192">
     <span class='ocr_line' id='line_1_137' title="bbox 2444 3169 2582 3192; baseline 0.014 -2"><span class='ocrx_word' id='word_1_924' title='bbox 2444 3171 2451 3178; x_wconf 88' lang='lat'>·</span> <span class='ocrx_word' id='word_1_925' title='bbox 2467 3169 2533 3191; x_wconf 80' lang='lat' dir='ltr'>Vcrs.</span> <span class='ocrx_word' id='word_1_926' title='bbox 2551 3177 2582 3192; x_wconf 82' lang='grc' dir='ltr'>ιι.</span> 
     </span>
    </p>
   </div>
   <div class='ocr_carea' id='block_1_32' title="bbox 2443 3269 2581 3298">
    <p class='ocr_par' dir='ltr' id='par_1_43' title="bbox 2443 3269 2581 3298">
     <span class='ocr_line' id='line_1_138' title="bbox 2443 3269 2581 3298; baseline 0.007 -8"><span class='ocrx_word' id='word_1_927' title='bbox 2443 3270 2452 3278; x_wconf 83' lang='grc'><strong>”</strong></span> <span class='ocrx_word' id='word_1_928' title='bbox 2466 3269 2532 3291; x_wconf 79' lang='lat' dir='ltr'>Vers.</span> <span class='ocrx_word' id='word_1_929' title='bbox 2546 3275 2581 3298; x_wconf 80' lang='lat'>31.</span> 
     </span>
    </p>
   </div>
  </div>
 </body>
</html>
