2872 3970
237 534 248 545 ⁸
265 534 290 556 In
305 539 411 562 corpore.

477 293 554 340 486
1188 289 1451 337 QUAESTIO
1478 289 1531 336 L,
1559 259 1853 327 ARTICULUS
1878 289 1928 341 νι

479 370 653 408 cundum
672 370 779 419 quod
798 367 1087 406 consideratur
1078 379 1117 404 in
1135 367 1232 404 facto
1252 379 1346 413 esse,
1367 366 1435 403 etsi
1458 377 1538 403 non
1645 367 1702 403 Αι)
1729 378 1887 404 marium
1914 378 2095 404 mcsnnum
2127 367 2234 416 quod
2265 379 2371 405 mors
2408 367 2546 407 Christi
2581 369 2651 408 fuit

478 422 590 460 fuerit
617 422 666 459 ad
693 429 865 459 nostram
902 422 1063 458 salutem
1091 426 1247 469 operata
1277 431 1348 468 per
1374 418 1539 456 modum
1593 417 1754 468 quidem
1781 418 2007 468 corporalis,
2035 419 2103 456 sed
2131 431 2272 469 corpus
2299 419 2392 458 illud
2418 420 2488 459 fuit
2513 420 2650 460 instru-
2697 428 2699 430 '

479 474 614 522 meriti,
643 474 712 511 fuit
739 482 869 511 tamen
897 480 1053 523 operata
1079 484 1149 521 per
1176 471 1341 508 modum
1373 469 1538 507 efficien-
1593 478 1771 508 mentum
1798 470 2001 508 divinitatis
2035 471 2105 508 sibi
2132 471 2280 520 unitae,
2310 484 2474 523 operans
2509 472 2550 511 in
2575 473 2651 512 vir-
2707 490 2742 519 3

480 527 565 574 fiae,
594 534 637 563 ut
665 526 810 564 dictum
838 533 893 564 est
910 525 942 562 *.
1594 530 1676 560 tute
1692 522 1774 560 eius
1801 522 1917 560 etiam
1944 531 2154 562 mortuum.
2724 526 2726 530 ’
2771 523 2773 527 ’

1152 627 1486 660 Commentario.
1507 626 1759 660 cardinalis
1780 626 1981 660 Caietam

508 711 510 713 ¹
540 728 648 751 rruws
671 724 707 750 ut
729 723 830 750 sonat.
853 736 876 741 -
899 717 935 748 In
958 725 1094 757 corpore
1125 725 1189 747 una
1221 716 1382 747 distinctio
1404 715 1540 746 bimem-
1593 720 1630 746 ut
1651 716 1864 746 instrumento
1897 716 2053 752 utebatur,
2077 721 2289 748 consecutum
2311 721 2359 748 est
2379 722 2417 749 ut
2439 719 2584 765 corpore·-
2592 716 2693 751 mo

535 763 614 800 bris,
626 761 974 794 cumconclusionibus
995 761 1104 791 tribus.
1127 759 1298 790 Distinctio
1311 758 1409 790 estde
1420 763 1538 795 morte.
1594 757 1709 789 affecto
1737 759 1915 799 privatione
1935 760 2019 790 vitae
2041 768 2099 790 usa
2121 764 2169 790 eet
2189 764 2227 791 ιιι
2249 769 2372 811 organo
2398 759 2450 792 ad
2460 759 2693 797 musandum

480 807 531 839 vel
553 808 587 838 in
609 806 696 842 fieri3
719 806 770 836 vel
792 806 826 836 in
849 804 934 835 facto
958 812 1035 835 esse.
1593 803 1627 833 in
1641 803 1736 833 nobis
1752 802 2001 834 destructionem
2015 803 2182 844 utriusque
2197 804 2318 841 mortis,
2333 804 2421 836 iuxta
2435 804 2562 837 illuv-
2575 804 2699 859 w
2705 831 2708 834 ⁴

534 850 639 881 Prima
671 849 837 880 conclusio
861 854 926 879 est:
959 848 1010 878 De
1032 852 1135 878 morte
1160 846 1280 878 Christi
1305 846 1339 876 in
1352 846 1435 887 fieri
1457 845 1541 877 idem
1593 851 1730 878 mortem
1753 851 1898 878 nostram
1920 846 2089 878 moriendo
2111 846 2280 879 destruxit.
2388 862 2389 865 ¹
2467 863 2473 869 ·
2507 861 2511 868 ·
2604 840 2708 893 miii:

480 899 528 925 est
550 893 702 924 iudicium
725 892 812 934 quod
834 891 873 922 de
889 891 1046 932 passione
1070 890 1199 921 Christi.
1231 889 1425 921 Declaratur.
1455 889 1541 928 Quia
1649 889 1701 921 111.
1725 890 1789 922 Sed
1821 895 1994 922 occurrunt
2024 891 2077 922 hic
2099 889 2166 922 duo
2199 890 2305 923 dubia.
2338 891 2498 923 Primum
2496 897 2568 925 est.
2587 884 2707 927 ‘'W‘'

479 946 566 969 mors
589 938 623 967 in
645 936 713 967 fieri
735 935 796 966 fuit
818 936 887 976 ipsa
909 935 1014 975 passio
1039 934 1166 965 Christi.
1593 942 1681 965 mors
1697 933 1815 965 Christi
1829 934 1863 966 in
1877 933 1963 966 facto
1987 942 2056 966 esse
2070 933 2165 965 inierit
2179 935 2341 966 meritoria
2356 944 2394 967 ex
2408 940 2498 976 parte

535 979 681 1012 Secunda
697 979 862 1010 conclusio
887 984 950 1009 est:
975 978 1070 1009 Mors
1087 977 1207 1008 Christi
1231 977 1368 1019 infacto
1385 985 1452 1008 esse
1475 985 1540 1008 non
1649 977 1836 1009 Secundum
1858 981 1921 1008 est:
1946 977 2124 1016 Quomodo
2148 978 2285 1010 salvatur
2306 978 2489 1011 similitudo
2503 979 2586 1012 inter

472 1025 584 1066 potuit
605 1024 736 1064 operari
766 1023 902 1053 salutem
934 1026 1078 1052 nostram
1096 1031 1160 1062 per
1181 1020 1312 1052 modum
1338 1020 1462 1057 meriti,
1485 1020 1542 1052 sed
1594 1020 1716 1052 fectum
1738 1026 1770 1052 et
1792 1029 1932 1059 causam,
1946 1021 1981 1053 in
2002 1022 2094 1053 tertia
2123 1021 2350 1054 conclusione·
2375 1031 2452 1054 cum
2475 1024 2585 1064 potius

479 1068 680 1110 efficientiae.
704 1067 809 1097 Prima
823 1075 895 1107 pars
909 1066 944 1096 in
958 1065 1061 1096 littera
1078 1074 1147 1096 non
1161 1065 1372 1106 probatur.—
1393 1063 1541 1096 Secunda
1595 1065 1706 1096 deatur
1724 1062 1937 1116 oppositum?

478 1112 640 1153 probatur.
674 1111 734 1141 Per
765 1114 904 1141 mortem
926 1109 1025 1140 deitas
1055 1118 1124 1139 non
1148 1114 1195 1140 est
1225 1113 1368 1149 separata
1395 1118 1413 1139 a
1436 1117 1539 1139 carne.
1648 1108 1700 1140 Ad
1715 1109 1857 1149 primum
1871 1107 1987 1140 dicitur
2000 1108 2092 1150 quod
2106 1115 2194 1141 mors
2214 1110 2257 1141 in.
2264 1108 2350 1142 facto
2366 1111 2563 1143 euenum
2592 1144 2597 1153 ¹

479 1156 564 1195 Ergo
589 1152 746 1195 quidquid
769 1154 851 1184 circa
875 1162 1003 1184 carnem
1025 1152 1144 1184 Christi
1167 1152 1206 1183 ab
1229 1152 1336 1183 anima
1365 1157 1541 1203 separatam
1595 1151 1779 1193 dupliciter:
1803 1153 1919 1193 primo,
1935 1152 2114 1184 seeundum
2136 1162 2171 1184 se
2185 1153 2304 1191 solam3
2328 1154 2392 1186 alio
2413 1154 2582 1194 moda-ut

479 1200 621 1239 contigit,
645 1197 706 1229 fuit
727 1198 821 1228 nobis
844 1196 1042 1228 salutiferum
1065 1197 1179 1227 virtute
1203 1195 1326 1227 deitatis
1348 1196 1466 1227 mitae.
1594 1196 1695 1227 minat
1716 1195 1795 1227 fieri.
1822 1195 1864 1227 Et
1885 1205 1973 1227 mors
1994 1195 2128 1238 quidem
2149 1202 2186 1228 ut
2208 1197 2371 1229 terminat
2377 1197 2465 1236 fieri,
2488 1191 2578 1231 aa&

533 1241 642 1273 Tertia
665 1241 830 1272 conclusio
855 1246 918 1271 est.
943 1240 1038 1271 Mors
1063 1239 1183 1271 Christi
1207 1244 1340 1281 operata
1356 1245 1404 1270 est
1417 1239 1541 1271 destru-
1594 1241 1709 1271 merito
1725 1250 1793 1271 uno
1809 1244 1841 1271 et
1856 1238 1972 1271 eodem
1987 1240 2047 1278 sub
2063 1249 2131 1282 quo
2146 1240 2230 1272 eadit
2251 1250 2348 1272 suum
2370 1240 2457 1273 fieri.
2480 1243 2571 1275 uno

479 1287 616 1317 ctionem
639 1285 805 1326 utriusque
827 1289 959 1315 nostrae
980 1283 1104 1319 mortis,
1121 1283 1244 1315 scilicet
1264 1284 1393 1314 animae
1415 1288 1447 1314 et
1468 1293 1540 1314 cor·
1594 1288 1626 1314 et
1648 1282 1765 1314 eodem
1788 1289 1862 1315 actu
1882 1287 2003 1326 martyr
2022 1284 2093 1316 vult
2113 1292 2148 1315 se
2169 1283 2274 1316 oemdi
2297 1290 2329 1316 et
2351 1285 2496 1325 occisum
2511 1276 2592 1319 essai

472 1330 576 1371 poris.
600 1329 764 1360 Probatur.
790 1328 877 1359 Mors
901 1327 1018 1358 Christi
1041 1327 1102 1358 fuit
1122 1328 1259 1368 privatio
1281 1327 1431 1368 propriae
1445 1327 1538 1358 vitae.
1593 1328 1638 1358 sic
1647 1327 1795 1368 pretiosa
1802 1332 1855 1359 est
1867 1327 1901 1358 in
1914 1331 2085 1369 conspectu
2095 1326 2231 1359 Domini
2241 1336 2331 1360 mors
2344 1323 2558 1372 sanctorium-
2584 1329 2591 1336 ’
2648 1340 2656 1353 ¹1·

478 1373 564 1414 Ergo
589 1372 719 1404 effectus
743 1373 811 1403 eius
838 1372 967 1412 proprie
991 1377 1039 1402 est
1060 1372 1198 1403 remotio
1228 1375 1413 1402 nostrorum
1438 1371 1542 1412 impe·
1594 1371 1636 1402 Et
1657 1372 1702 1402 sic
1723 1380 1812 1402 mors
1835 1370 1954 1403 Christi
1975 1371 2037 1403 fuit
2058 1372 2277 1403 meritoria.-
2298 1372 2362 1404 Sed
2382 1372 2502 1405 littere
2505 1366 2700 1408 ΜΨ

479 1417 696 1448 dimentorum
726 1422 872 1447 aeternae
897 1415 989 1446 vitae.
1021 1414 1107 1455 Ergo
1131 1421 1179 1446 est
1209 1415 1347 1446 remotio
1373 1415 1542 1456 utriusque
1594 1415 1703 1456 quitur
1724 1415 1770 1446 sic
1793 1415 1834 1446 de
1855 1421 1960 1447 morte
1975 1414 2108 1447 Christi:
2132 1415 2189 1447 sed
2210 1416 2330 1457 primo
2334 1416 2588 1466 -modossffl

479 1462 590 1492 mortis
606 1466 742 1491 nostrae.
765 1477 789 1482 -
810 1459 916 1490 Prima
931 1459 1162 1499 consequentia
1176 1458 1339 1499 probatur.
1360 1458 1447 1497 Quia
1461 1467 1540 1490 con·
1594 1457 1737 1490 cundum
1760 1468 1794 1490 se
1817 1458 1929 1496 solam,
1945 1464 2049 1511 prout
2063 1465 2111 1490 est
2125 1464 2268 1500 separata
2289 1460 2462 1536 mcum
2411 1462 2595 1537 neom&

479 1504 630 1535 sideratur
653 1504 781 1544 proprie
805 1504 937 1544 alicuius
961 1511 1074 1533 causae
1098 1501 1229 1533 effectus
1252 1502 1430 1533 secundum
1443 1502 1540 1533 'simi-
1593 1503 1638 1533 sic
1661 1510 1700 1534 ex
1722 1502 1812 1534 nulla
1833 1507 1922 1544 parte
1944 1503 2104 1534 invenitur
2129 1504 2211 1534 rufio
2232 1504 2357 1535 meriti:
2703 1522 2707 1533 1

479 1548 647 1579 litudinem
664 1557 786 1578 causae.
803 1565 825 1570 -
840 1545 988 1578 Secunda
1002 1555 1095 1577 vero:
1118 1546 1194 1586 quia
1209 1551 1344 1586 utraque
1359 1555 1446 1576 mors
1462 1555 1540 1576 con·
1594 1545 1726 1583 elicitus,
1742 1555 1804 1577 nec
1827 1551 1916 1578 actus
1930 1547 2104 1588 imperatus
2119 1547 2244 1578 animae
2266 1548 2307 1578 sit
2327 1550 2416 1583 mors
2429 1545 2580 1582 inst&
2671 1543 2718 1565 “““’>

479 1593 622 1623 trariatur
645 1597 791 1622 aeternae
813 1596 939 1621 nostrae
963 1590 1056 1620 saluti
1079 1595 1329 1621 consummatae.
1352 1607 1375 1612 -
1398 1589 1440 1620 Et
1462 1599 1540 1620 con·
1593 1595 1721 1630 sumpta
1743 1589 1921 1621 secundum
1944 1599 1978 1621 se
2000 1590 2085 1627 sola;
2109 1591 2256 1642 quamvis
2277 1592 2347 1632 ipsa
2368 1596 2406 1623 ut
2426 1592 2588 1625 termnt-
2590 1590 2670 1626 ΨΜ

479 1636 622 1667 firmatur
645 1635 811 1666 conclusio
835 1635 1084 1665 auctoritatibus.
1592 1634 1766 1665 luntarium
1777 1634 1871 1670 mori,
1885 1633 1975 1665 cadat
1986 1635 2045 1665 sub
2060 1639 2134 1666 actu
2149 1635 2216 1675 imp
2218 1640 2305 1666 erato
2318 1634 2542 1676 (extendendo
2544 1638 2661 1674 mm

535 1680 571 1710 ΙΙ.
596 1679 734 1710 Adverte
757 1679 809 1709 hic
833 1678 922 1719 quod
953 1687 1040 1709 mors
1063 1678 1096 1708 in
1120 1677 1204 1708 facto
1239 1686 1307 1708 esse
1333 1687 1368 1708 se
1390 1683 1478 1708 tenet
1500 1687 1540 1708 ex
1592 1678 1787 1718 imperatum
1799 1677 1840 1709 ad
1854 1678 1921 1719 pati
1935 1678 2175 1719 voluntarium),
2193 1683 2224 1710 et
2237 1677 2324 1716 ideo,
2346 1684 2383 1711 ut
2397 1678 2519 1713 dictum
2540 1680 2663 1721 *2ss

480 1729 568 1764 parte
584 1724 743 1763 corporis:
760 1732 829 1753 non
844 1723 931 1753 enim
947 1721 1062 1752 dicitur
1077 1722 1182 1752 anima
1197 1726 1334 1758 mortua,
1351 1721 1407 1752 sed
1422 1730 1540 1762 corpus
1593 1721 1763 1752 meritoria.

481 1767 595 1798 dicitur
617 1773 648 1797 et
672 1772 718 1797 est
740 1771 915 1797 mortuum.
940 1766 981 1796 Et
1004 1766 1080 1806 quia
1103 1774 1220 1806 corpus
1237 1765 1354 1796 Christi
1374 1770 1540 1796 mortuum
1648 1765 1701 1796 Ad
1722 1764 1902 1796 secundum
1925 1764 2060 1797 dubium
2082 1759 2197 1797 dieitur
2211 1765 2303 1807 quod
2324 1775 2393 1798 non
2416 1771 2464 1798 est
2481 1764 2549 1799 hic
2545 1765 2656 1845 qim-

481 1816 547 1842 erat
561 1811 788 1846 inanimatum
812 1815 844 1840 et
858 1810 1008 1840 meritum
1023 1808 1238 1849 principaliter
1260 1809 1404 1839 consistit
1417 1809 1452 1839 in
1467 1814 1541 1840 actu
1593 1808 1691 1840 tenda
1714 1808 1903 1840 omnimoda
1924 1808 2120 1841 similitudo.
2144 1818 2219 1841 cum
2241 1818 2302 1842 nee
2325 1810 2422 1847 etiam
2700 1814 2728 1848 ῖ-

481 1856 623 1885 animae:
655 1854 729 1884 ideo
752 1854 875 1884 Auctor
893 1854 927 1884 in
949 1853 1052 1897 littera
1069 1861 1129 1893 pro
1153 1853 1323 1889 constanti,
1341 1861 1401 1892 pro
1424 1861 1482 1893 per
1503 1861 1538 1884 se
1594 1852 1715 1884 fectum
1737 1853 1901 1884 assimilari
1922 1861 2036 1884 causae
2057 1853 2299 1885 instrumentali.
2330 1853 2394 1886 Sed
2416 1853 2547 1893 stimat,
2567 1853 2658 1888 ffl-
2695 1887 2707 1896 „

480 1904 560 1929 noto
576 1898 704 1938 reliquit
727 1898 863 1937 primam
885 1902 1007 1937 partem
1031 1895 1189 1926 secundae
1213 1896 1439 1931 conclusionis,
1459 1896 1541 1926 scili·
1594 1896 1770 1927 subiectam
1805 1896 1988 1933 materiam,
2021 1896 2198 1938 intelligere
2231 1897 2380 1930 effectum
2414 1907 2433 1929 a
2667 1893 2671 1900 “
2696 1899 2698 1901 ’

483 1948 532 1972 cet
556 1941 645 1982 quod
659 1950 746 1972 mors
763 1940 880 1972 Christi
894 1941 928 1971 in
943 1940 1028 1970 facto
1045 1949 1112 1971 esse
1135 1949 1203 1970 non
1217 1938 1340 1980 profuit
1361 1939 1540 1976 meritorie;
1594 1940 1706 1970 mortis
1729 1939 1857 1976 Christi,
1881 1949 1964 1981 quae
1987 1941 2131 1972 consistit
2152 1941 2187 1972 in
2208 1941 2397 1982 privatione
2407 1942 2525 1984 vitto

482 1991 548 2017 erat
570 1986 656 2016 enim
679 1985 712 2015 in
736 1993 871 2025 corpore
893 1989 1040 2020 mortuo,
1064 1984 1098 2014 in
1122 1992 1188 2024 quo
1211 1983 1338 2013 nullum·
1368 1987 1434 2013 erat
1455 1983 1541 2034 prin-
1595 1989 1726 2024 propter
1747 1981 1974 2015 vivificandum
2005 1993 2086 2022 nos,
2110 1993 2178 2016 esse
2192 1984 2449 2027 privationem,
2540 1988 2545 1990 ’

483 2030 603 2070 cipium
618 2027 771 2059 merendi.
795 2028 836 2058 Et
855 2029 930 2068 quia
953 2032 1019 2058 erat
1033 2028 1067 2058 in
1082 2027 1138 2058 illo
1155 2036 1290 2067 corpore
1305 2032 1435 2058 mortuo
1455 2027 1541 2066 prin-
1596 2026 1652 2058 sed
1675 2027 1907 2058 contrariorum
1928 2028 2013 2059 vitae
2034 2033 2171 2066 nostrae,
2187 2033 2238 2060 ιιι
2245 2037 2303 2070 per
2318 2028 2383 2061 hui

483 2074 603 2114 cipium
627 2071 793 2108 efficiendi,
817 2072 937 2102 scilicet
959 2070 1076 2106 deitas,
1099 2070 1174 2102 ideo
1197 2071 1343 2102 asseritur
1361 2069 1452 2111 quod
1474 2069 1540 2101 effi·
1597 2071 1738 2102 ctionem
1761 2070 1802 2102 ad
1815 2069 1924 2108 finem,
1943 2071 2063 2103 scilicet
2077 2071 2117 2103 acl
2128 2073 2230 2105 vitam
2249 2078 2431 2110 nostram.

481 2126 554 2157 cere
575 2117 692 2157 potuit.
725 2115 773 2147 Ex
796 2125 836 2146 eo
859 2124 1000 2155 namque
1023 2113 1113 2155 quod
1136 2113 1234 2145 deitas
1264 2123 1400 2155 corpore
1424 2113 1542 2145 Christi
