2872 3970
242 577 252 586 ⁴
267 574 354 597 Homil.
370 579 445 594 Lxxxv

241 603 270 623 al.
286 606 378 622 Lxxxw.

340 682 355 704 η

245 2116 254 2125 ·
270 2114 338 2136 Vers.
356 2115 378 2136 8.

248 2395 256 2405 ⁸
266 2394 301 2415 Ps.
311 2399 390 2420 xxxvl,
399 2399 458 2415 vers.

245 2427 282 2449 39-

254 2923 263 2933 ·
276 2921 346 2943 Num.
362 2921 382 2942 6.

255 3127 264 3136 ⁸
280 3126 326 3153 Qu*
343 3131 368 3152 ιι,
387 3131 427 3148 art.
446 3134 464 3153 i,

254 3153 282 3206 gd
291 3158 372 3200 grggq
388 3157 428 3174 art.
444 3159 464 3180 2

485 282 562 328 452
588 315 592 319 ,

483 411 598 449 etiam
615 423 696 450 non
715 410 849 450 habuit
875 410 1058 448 meritum
1077 417 1119 447 ut
1137 421 1229 447 cum
1248 408 1458 445 latronibus
1477 419 1547 457 po-

482 471 645 511 neretur,
673 464 740 501 sed
768 463 891 500 voluit
918 475 1009 501 cum
1037 462 1178 511 iniquis
1206 460 1382 510 deputari
1407 467 1450 497 ut
1478 472 1548 497 sm

481 517 618 553 virtute
647 516 887 566 iniquitatem
915 516 1135 552 destrueret.
1176 514 1286 551 Unde
1319 513 1547 562 Chrysosto·

448 589 453 600 ν
481 582 569 606 mus
597 568 696 616 dicit,
716 581 827 630 super
854 571 961 605 Ioan.
981 568 1013 612 ²⁸,
1034 567 1141 617 quod
1160 567 1342 603 latronem
1371 567 1407 602 in
1437 578 1549 603 cruce

481 628 696 660 convertere
724 628 757 658 et
784 623 821 658 in
845 622 1066 671 paradisum
1101 620 1292 665 inducere,
1322 631 1396 655 non
1425 620 1548 656 minus

470 675 550 723 fuit
577 687 689 725 quam
717 679 914 712 concutere
933 679 950 701 η
973 679 1112 723 petras

534 729 591 764 An
619 739 808 765 SECUNDUM
836 738 1018 764 nicENDUM
1050 725 1158 774 quod
1186 736 1265 761 non
1294 723 1549 761 conveniebat

482 780 590 829 quod
617 792 708 817 cum
737 779 888 816 Christo
918 778 1054 827 aliquis
1082 777 1178 815 alius
1205 784 1398 826 pateretur
1420 789 1467 814 ex
1486 789 1548 814 ea-

482 833 573 870 dem
593 844 718 870 causa.
740 832 852 869 Unde
870 830 1056 879 Origenes
1075 830 1220 867 ibidem
1240 829 1387 866 subdit:
1413 829 1550 867 Omnes

534 963 562 996 η)
581 965 731 988 concutere.
748 976 766 981 -
784 961 887 992 Tei-tim
905 965 1043 987 conterere
1062 961 1091 992 F,
1109 960 1273 987 contundere
1292 962 1381 986 ceteri.

1154 1049 1491 1081 Commentaria
1513 1049 1768 1082 Garamans
1789 1049 1993 1082 Caietam

485 1150 649 1212 Tirurus
666 1140 777 1170 clarus.
799 1157 822 1160 —
845 1139 881 1169 In
902 1147 1038 1179 corpore
1054 1147 1118 1168 una
1140 1137 1313 1174 distinctio,
1329 1147 1405 1168 cum
1427 1137 1551 1168 duabus

543 1183 814 1214 conclusionibus.
851 1183 1020 1213 Distinctio
1040 1187 1103 1212 est:
1128 1182 1202 1212 Alia
1225 1182 1354 1212 ratione
1374 1182 1551 1213 seeundum
1603 1187 1751 1213 taverunt
1773 1180 1882 1213 Iudaei
1904 1181 2102 1213 confundere
2130 1191 2259 1213 crucem
2283 1182 2401 1214 Christi
2423 1191 2499 1214 cum
2522 1183 2610 1215 crud

482 1228 690 1258 intentionem
708 1227 918 1263 Iudaeorum,
935 1231 967 1257 et
988 1227 1055 1257 alia
1073 1226 1248 1257 secundum
1264 1225 1407 1257 diuinam
1423 1226 1551 1258 electio-

482 1281 563 1307 nem,
591 1272 737 1303 Christus
760 1272 847 1302 inter
868 1271 1013 1302 latrones
1036 1270 1213 1312 craefflxus
1235 1274 1291 1301 est.

537 1316 642 1346 Prima
665 1315 849 1347 conclusio:
877 1315 1024 1346 Christus
1042 1315 1219 1356 crucifixus
1235 1319 1282 1345 est
1297 1314 1381 1345 inter
1397 1315 1551 1350 latrones,

482 1360 656 1391 secundum
673 1360 881 1390 intentionem
897 1359 1106 1395 Iudaeorum,
1119 1364 1155 1389 ut
1170 1358 1357 1389 crederetur
1372 1359 1467 1389 etiam
1484 1368 1551 1388 ma-

484 1404 534 1435 lus
550 1405 635 1435 inter
649 1405 753 1435 malos
771 1404 930 1447 punitus:
952 1404 1016 1434 hoc
1032 1409 1091 1439 est,
1106 1403 1334 1434 convenienter
1357 1402 1489 1443 quidem
1513 1402 1553 1432 ad

483 1448 600 1479 malam
628 1458 740 1479 eorum
766 1449 991 1484 intentionem,
1016 1448 1091 1488 quia
1117 1446 1263 1479 medium
1290 1454 1472 1478 consonum
1495 1445 1553 1477 fini

483 1493 585 1529 malo3
602 1492 657 1523 sed
672 1493 936 1524 inconvenienter
953 1497 1111 1532 quantum
1127 1491 1166 1522 ad
1179 1496 1341 1527 eventum,
1355 1491 1431 1532 quia
1447 1499 1552 1531 oppo-

483 1537 579 1568 situm
596 1538 711 1573 evenit,
729 1536 808 1568 dum
824 1536 942 1568 Christi
958 1546 1035 1567 crux
1056 1535 1214 1572 adoratur,
1233 1540 1265 1566 et
1280 1535 1319 1565 ab
1334 1534 1465 1566 illorum
1481 1543 1552 1565 eru-

1211 1705 1532 1749 ARTICULUS
1562 1704 1944 1750 DUODECIMUS

910 1801 1067 1832 UTRUM
1090 1800 1237 1832 PAssm
1263 1800 1436 1831 cums'ri
1461 1799 1527 1831 srr
1551 1799 1648 1831 mus
1670 1799 1912 1831 DlV1N1TAT1
1934 1800 2251 1831 ATTRIBUENDA

921 1880 955 1905 lv
977 1869 1053 1905 Cont.
1075 1879 1348 1912 Gent„cap.1.v,ad
1370 1886 1415 1911 14;
1437 1879 1467 1903 In
1488 1878 1581 1912 Symb.
1600 1879 1706 1911 Apost„
1723 1884 1770 1905 an.
1788 1886 1822 1911 4;
1841 1878 1851 1904 1
1869 1879 1998 1908 ad‘Cor„
2017 1886 2074 1913 cap.
2091 1886 2118 1909 ιι,
2138 1880 2197 1905 lect.
2215 1887 2243 1906 u.

502 2062 575 2155 33¹}
558 2091 617 2132 *⁹⁷1
639 2073 939 2117 {attribuenda
958 2079 987 2111 α.
1016 2074 1166 2111 Dicitur
1192 2073 1297 2111 enim
1325 2075 1339 2111 1
1371 2075 1458 2111 Cor.
1479 2073 1550 2110 11³²:

504 2100 580 2166 A·
576 2139 585 2153 »-
598 2122 638 2163 ’ἶν
657 2124 1020 2178 Sicognovissent,
1035 2138 1226 2177 nunquam
1245 2128 1452 2164 Dominum
1471 2126 1552 2177 glo-

487 2192 567 2217 rzae
584 2181 863 2228 crucifixissent.
895 2180 972 2218 Sed
991 2180 1184 2217 Dominus
1208 2179 1349 2228 gloriae
1369 2187 1424 2216 est
1444 2178 1553 2216 Chri-

487 2241 566 2270 stus
595 2234 811 2270 seeundum
840 2233 1090 2270 divinitatem.
1125 2233 1227 2281 Ergo
1256 2232 1384 2283 passio
1413 2231 1554 2270 Christi

486 2286 668 2336 competit
696 2286 730 2323 ei
759 2286 976 2323 secundum
1004 2285 1253 2324 divinitatem.

498 2336 501 2338 ’
541 2351 575 2376 2.
606 2340 846 2386 PRAETEREA,
875 2338 1110 2388 principium
1134 2338 1264 2376 salutis
1283 2339 1478 2376 humanae
1499 2345 1554 2375 est

486 2392 568 2441 ipsa
599 2392 794 2429 divinitas:
834 2392 1051 2429 secundum
1080 2391 1173 2429 illud
1201 2391 1343 2429 Psalmi
1370 2391 1410 2429 *ι
1446 2391 1554 2429 Salus

486 2451 608 2483 autem
638 2447 816 2483 iustorum
836 2458 859 2482 a
878 2447 1055 2482 Domino.
1087 2444 1127 2482 Si
1146 2456 1236 2493 ergo
1255 2444 1383 2496 passio
1414 2443 1554 2482 Christi

486 2498 536 2535 ad
555 2498 637 2535 eius
665 2497 902 2535 divinitatem
930 2509 1010 2535 non
1038 2497 1254 2547 pertineret,
1274 2497 1429 2536 videtur
1445 2498 1553 2547 quod

487 2563 567 2588 non
594 2559 724 2600 posset
752 2562 833 2588 esse
862 2551 974 2588 nobis
1001 2550 1200 2588 fructifera.

543 2604 576 2641 3.
607 2605 839 2651 PRAETEREA,
864 2601 999 2641 'Iudaei
1027 2603 1151 2653 puniti
1180 2611 1269 2641 sunt
1295 2615 1367 2654 pro
1395 2611 1553 2653 peccato

488 2656 689 2695 occisionis
710 2656 848 2694 Christi
867 2664 1053 2706 tanquam
1075 2656 1294 2696 homicidae
1314 2656 1433 2707 ipsius
1461 2656 1552 2694 Dei:

489 2710 596 2759 quod
615 2709 840 2757 magnitudo
868 2722 1018 2759 poenae
1038 2710 1287 2748 demonstrat.
1317 2710 1405 2747 Hoc
1423 2717 1554 2747 autem

489 2774 569 2799 non
597 2770 705 2810 esset,
726 2762 756 2799 si
784 2763 911 2812 passio
940 2763 988 2800 ad
1017 2762 1255 2800 divinitatem
1282 2775 1364 2800 non
1390 2762 1554 2812 pertine-

490 2823 555 2852 ret.
585 2816 686 2864 Ergo
715 2815 841 2865 passio
863 2815 1000 2852 Christi
1029 2816 1078 2853 ad
1106 2815 1342 2854 divinitatem
1360 2815 1552 2865 pertinuit.

544 2869 619 2905 SED
647 2881 790 2906 CONTRA
818 2880 883 2906 EST
907 2869 1014 2917 quod
1033 2869 1265 2906 Athanasius
1285 2868 1384 2916 dicit,
1404 2868 1444 2905 in
1463 2868 1554 2919 Epi-

490 2922 585 2958 stola
612 2922 663 2958 ad
687 2923 892 2971 Epictetum
911 2922 948 2958 *τ
978 2922 1129 2959 Natura
1155 2923 1258 2960 Deus
1276 2934 1431 2959 manens
1466 2923 1554 2959 Ver-

490 2975 577 3010 bum
606 2979 657 3011 est
683 2975 915 3027 impassibile.
956 2974 1033 3012 Sed
1061 2974 1295 3026 impassibile
1322 2986 1403 3012 non
1420 2981 1555 3027 potest

490 3026 578 3075 pati.
609 3027 740 3064 Passio
769 3039 860 3075 ergo
888 3026 1027 3064 Christi
1055 3039 1135 3064 non
1154 3027 1367 3077 pertinebat
1395 3020 1445 3065 ad
1472 3027 1554 3065 eius

491 3078 740 3116 divinitatem.

544 3133 768 3170 Rssmwnso
788 3145 969 3170 monimum
990 3133 1108 3182 quod,
1125 3133 1222 3171 sicut
1240 3146 1356 3184 supra
1369 3133 1390 3156 *
1408 3133 1554 3172 dictum

493 3191 567 3229 est,
596 3185 690 3222 unio
719 3186 913 3223 humanae
947 3194 1103 3223 naturae
1133 3193 1169 3223 et
1196 3186 1349 3224 divinae
1377 3187 1471 3224 facta
1500 3194 1556 3224 est

494 3236 532 3272 in
569 3249 733 3286 persona
766 3246 802 3274 et
838 3238 1033 3288 hypostasi
1061 3246 1097 3275 et
1125 3239 1345 3299 supposito,
1375 3247 1554 3278 manente

493 3296 622 3326 tamen
651 3290 891 3327 distinctione
915 3298 1157 3329 naturarum:
1187 3299 1230 3328 ut
1256 3291 1395 3329 scilicet
1422 3292 1469 3330 sit
1496 3305 1554 3331 ea-

495 3341 584 3378 dem
612 3353 777 3391 persona
805 3350 840 3380 et
868 3343 1082 3392 hypostasis
1115 3343 1266 3381 divinae
1296 3353 1332 3382 et
1360 3346 1554 3383 humanae

550 3471 576 3503 α)
595 3472 774 3498 attribuenda.
784 3487 802 3492 -
814 3473 900 3503 Pei-“n
914 3474 1086 3499 attribuenda
1098 3474 1153 3500 sive
1165 3476 1341 3501 adscribenda
1351 3477 1444 3506 Aaou,
1454 3477 1557 3503 adscri—
1581 3476 1584 3490 ¹

498 3507 582 3531 benda
602 3507 713 3532 DGHbc.

551 3541 577 3610 [13
599 3542 694 3575 Cyrilli
713 3543 819 3569 dicitur.
837 3557 856 3562 —
877 3543 994 3576 Cyrillus
1010 3543 1078 3584 aicit
1097 3544 1169 3569 tertia
1188 3551 1287 3577 praeter
1306 3546 1324 3571 Ι.

550 3584 566 3610 γ
596 3578 674 3609 quod.
693 3592 711 3596 -
730 3578 791 3603 Om.
810 3578 840 3607 ὸς
859 3586 917 3603 mox
937 3584 1071 3612 repetitum
1091 3587 1145 3604 om.
1164 3579 1191 3611 ξ’.

1151 279 1414 327 QUAESTIO
1445 278 1586 323 XLVI,
1615 277 1910 316 ARTICULUS
1935 278 2002 316 XII

482 359 572 397 tarie
601 358 715 397 subiit
742 366 784 395 ut
811 370 880 396 sua
908 357 1046 395 virtute
1078 357 1247 394 vinceret
1282 363 1470 396 mortem,
1497 355 1547 392 ita
1590 355 1783 402 fuerant*
1768 368 1805 392 m
1819 357 1992 405 peccatis,
2012 361 2046 392 et
2073 367 2202 392 omnes
2229 367 2320 404 opus
2338 356 2524 393 habebant
2539 362 2666 434 atsto

1597 777 1767 826 primum
1798 782 1950 826 uterque
1977 777 2305 826 blasphemaverit‚·
2332 777 2480 823 deinde,
2508 779 2595 814 visis

522 1991 580 2028 ἂι
602 1998 638 2016 2,
697 1981 720 2006 n
752 1980 988 2006 nuonecmum
1025 1980 1077 2005 sm
1114 1979 1349 2006 moenum-un.
1393 1966 1554 2005 Videtur
1606 1975 1777 2014 naturae,
1797 1969 1902 2005 salva
1929 1974 2059 2005 tamen
2087 1968 2286 2018 utriusque
2315 1977 2474 2008 naturae
2501 1980 2675 2024 proprie·

511 1997 675 2081 VM)
698 2022 805 2071 quod
833 2021 960 2071 passio
999 2021 1139 2058 Christi
1171 2021 1217 2058 sit
1251 2021 1333 2058 eius
1368 2020 1553 2058 divinitati
1605 2028 1680 2057 tate
1694 2021 1725 2057 ’¹‘.
1747 2021 1796 2058 Et
1814 2020 1914 2068 ideo,
1934 2020 2031 2058 sicut
2059 2033 2176 2071 supra
2193 2021 2238 2044 *Κ
2259 2021 2406 2060 dictum
2434 2026 2507 2072 est,
2522 2034 2675 2084 suppo-

1602 409 1652 444 eis
1680 408 1775 444 alius
1801 414 2020 454 moreretur,
2050 420 2124 445 non
2153 409 2224 457 ipsi
2247 420 2318 457 pro
2346 409 2437 446 aliis.
2657 422 2660 432 ²

1656 461 1714 497 Au
1740 471 1900 498 ‘rm-nun
1927 472 2109 499 1³11:an
2146 461 2270 510 quod,
2300 459 2397 498 sicut
2427 434 2664 510 liumus

1603 512 1706 558 dicit,
1732 512 1773 550 in
1800 512 1897 550 libro
1925 513 1971 550 d'e
2001 514 2192 550 Consensu
2225 512 2416 564 Εναῆεῧ*
2417 540 2426 560 ,
2454 522 2618 563 possum

1603 565 1808 613 intelligere
1845 566 2088 602 Matthaeum
2119 568 2286 615 posuisse
2311 566 2499 616 pluralem
2537 571 2628 604 num
2712 591 2746 613 ,45

1603 630 1688 655 rum
1710 630 1786 668 pro
1812 618 2010 668 singulari,
2039 630 2131 656 cum
2159 618 2262 666 dixit,
2292 619 2454 656 latrones
2481 620 2664 671 imprope-

1603 673 1738 708 rabant
1766 672 1810 707 ei.
2721 675 2740 710 ³².

1656 723 1727 760 Vel
1740 730 1866 773 potest
1880 721 1967 769 dici,
1983 722 2199 760 secundum
2213 712 2502 774 Hieronymum
2511 723 2543 770 ⁸¹³,
2558 711 2665 774 qu63

1601 830 1699 879 gnis,
1729 841 1824 866 unus
1851 841 1982 866 eorum
2009 829 2214 866 crediderit.

1641 993 1657 1002 α

1605 1138 1695 1169 cibus
1710 1138 1756 1168 sic
1771 1137 1968 1169 discernitur.
1992 1137 2034 1168 Et
2048 1147 2122 1169 vere
2137 1143 2243 1169 totum
2267 1138 2455 1179 oppositum
2474 1139 2591 1171 evenit.
2635 1138 2637 1141 ’

1604 1226 1791 1267 impiorum,
1807 1225 1896 1263 dum,
1913 1226 2008 1257 simul
2024 1235 2101 1257 cum
2115 1227 2224 1268 impiis
2238 1226 2417 1263 crucifixus
2433 1227 2517 1259 sicut
2530 1226 2585 1259 alii

1604 1271 1763 1301 transiret:
1787 1269 1845 1301 sed
1866 1270 1973 1301 evenit
1987 1275 2024 1301 ut
2039 1269 2157 1301 Christi
2173 1280 2249 1302 cmx
2272 1269 2402 1302 fulserit
2407 1271 2452 1302 ita
2469 1269 2560 1312 quod

1605 1315 1680 1345 alias
1702 1314 1937 1351 memorabiles,
1961 1315 2107 1355 quamvis
2129 1324 2197 1345 non
2218 1314 2423 1352 venerabiles,
2439 1313 2619 1353 reddiderit.

1606 1359 1800 1399 experientia
1821 1363 1964 1389 testatur.

1661 1402 1808 1435 Secunda
1831 1402 2014 1434 conclusio:
2042 1402 2198 1441 Christus,
2214 1403 2392 1435 secundum
2405 1402 2470 1435 Dei
2491 1412 2532 1439 or
2554 1402 2569 1445 ‚i

1605 1456 1687 1482 nem,
1711 1447 1797 1478 inter
1819 1446 1965 1478 latrones
1986 1447 2214 1478 convem'enter
2237 1446 2413 1489 crucifixus
2436 1452 2521 1488 esest
2557 1446 2571 1452 ”

1606 1490 1864 1532 quadrupliciter.
1887 1509 1912 1513 -
1935 1490 2053 1522 Omnia
2076 1491 2158 1522 clara
2181 1497 2264 1522 sunt.

1606 2073 1677 2110 sito
1706 2073 1860 2110 divinae
1888 2081 2046 2111 naturae
2081 2074 2322 2112 attribuenda
2349 2083 2406 2112 est
2432 2074 2575 2125 passio.
2593 2088 2639 2115 n·

1607 2126 1752 2163 ratione
1789 2125 1945 2163 divinae
1981 2134 2152 2173 naturae,
2189 2139 2291 2177 quae
2327 2135 2383 2165 est

1607 2179 1675 2216 sed
1703 2178 1850 2217 ratione
1878 2179 2073 2217 humanae
2097 2187 2268 2218 naturae.
2297 2181 2410 2219 Unde
2436 2180 2478 2219 in
2517 2179 2578 2227 χε·

1608 2232 1804 2281 Synodali
1822 2231 1952 2281 Cyrilli
1970 2231 2109 2270 dicitur
2126 2232 2142 2263 β
2155 2233 2190 2270 *ε
2220 2235 2261 2271 Si
2278 2236 2358 2284 quis
2381 2246 2456 2274 non
2479 2247 2539 2283 co

1605 2286 1680 2322 Dez
1713 2286 1874 2323 Verbum
1896 2297 2052 2335 passum
2084 2298 2201 2324 carne
2227 2293 2261 2324 et
2287 2284 2527 2337 crucifi-xum
2538 2284 2657 2330 edm!

1606 2333 1807 2376 anathema
1829 2339 1884 2375 sit.
1914 2337 2081 2376 Pertinet
2099 2351 2190 2388 ergo
2209 2339 2337 2390 passio
2357 2339 2500 2381 Christi}
2510 2341 2581 2390 ad

1606 2391 1777 2441 positum
1796 2390 1949 2428 divinae
1968 2398 2127 2429 naturae
2146 2392 2292 2430 ratione
2310 2401 2471 2432 naturae
2497 2412 2508 2427 ι
2524 2411 2529 2426 =
2544 2411 2579 2426 2:

1607 2451 1848 2495 assumptae,
1887 2454 1968 2481 non
2001 2451 2131 2482 autem
2159 2445 2306 2485 ratione
2333 2444 2490 2486 divinae
2525 2465 2533 2480 v
2543 2464 2585 2484 ηι
2607 2475 2612 2479 .

1607 2497 1862 2547 impassibilis.
2555 2524 2561 2530 -
2631 2502 2634 2503 ⁷

1660 2552 1718 2587 AD
1746 2562 1882 2588 ramum
1911 2562 2010 2588 ERGO
2028 2562 2211 2589 mei-:noun
2239 2552 2347 2602 quod
2375 2550 2580 2594 Dominus

1607 2603 1684 2640 riae
1713 2603 1851 2641 dicitur
1877 2602 2114 2649 crucifixus,
2115 2616 2196 2642 non
2223 2605 2443 2644 secundum
2468 2605 2577 2658 quod

1608 2656 1737 2694 minus
1756 2664 1812 2693 est
1829 2655 1984 2706 gloriae,
2004 2657 2072 2694 sed
2091 2657 2308 2696 secundum
2327 2658 2436 2709 quod
2454 2666 2539 2702 erat
2550 2657 2606 2705 hs:

1607 2709 1811 2761 passibilis
2608 2707 2637 2753 ᾗ

1661 2764 1718 2800 AD
1746 2774 1936 2800 SECUNDUM
1963 2775 2146 2801 mcennum
2165 2763 2273 2814 quod
2291 2769 2319 2811 Υ,
2347 2764 2445 2802 sicut
2471 2747 2614 2806 dictinii

1608 2816 1782 2865 quodam
1801 2827 1980 2853 sermone
2000 2816 2186 2867 Ephesini
2206 2817 2368 2856 Concilii
2385 2818 2420 2865 ²⁸,
2445 2815 2572 2869 quod

1612 2870 1757 2915 Christi,
1777 2875 1955 2918 tanquam
1971 2870 2083 2918 facta
2100 2882 2204 2907 mors
2221 2870 2304 2917 Dei,
2319 2869 2458 2909 scilieet
2473 2882 2569 2922 per

1608 2934 1700 2959 nem
1715 2921 1753 2958 in
1767 2933 1946 2972 persona,
1965 2922 2144 2961 destruxit
2157 2929 2332 2961 mortem:
2350 2921 2569 2974 quoniam⁸
2619 2949 2632 2955 η

1608 2981 1642 3011 et
1659 2976 1771 3012 homo
1790 2981 1871 3013 erat
1888 2975 1956 3024 qui
1974 2974 2199 3025 patiebatur.
2222 2976 2314 3015 Non
2334 2979 2434 3015 enim
2453 2982 2589 3017 naun-a
2618 2983 2633 3008 ⁹

1607 3028 1708 3065 laesa
1736 3034 1806 3065 est:
1833 3039 1901 3066 nec
1918 3030 2120 3067 mutatione
2145 3041 2214 3067 sua
2239 3031 2395 3080 suscepit
2415 3030 2609 3081 passiones

1661 3082 1718 3118 Ao
1745 3093 1905 3120 rERTmM
1932 3093 2114 3119 monimum
2139 3081 2262 3133 quod,
2278 3081 2378 3122 sicut
2402 3082 2579 3124 subditur

1609 3133 1699 3171 dem
1713 3133 1745 3179 ²¹¹,
1766 3145 1841 3172 non
1858 3147 1998 3185 purum
2025 3136 2214 3173 hommem
2241 3136 2509 3185 crucifixerunt
2527 3135 2575 3175 Iu

1606 3187 1672 3224 sed
1683 3188 1764 3224 Deo
1779 3188 1980 3225 intulerunt
1987 3189 2318 3239 praesumptiones.
2337 3188 2442 3227 Rme
2454 3189 2553 3227 enim

1608 3242 1727 3291 cipem
1746 3240 1849 3290 loqui
1859 3253 1932 3291 per
1949 3242 2115 3288 verbum,
2135 3246 2169 3278 et
2186 3241 2257 3279 hoc
2264 3242 2438 3290 formari
2447 3253 2521 3292 per
2537 3241 2566 3279 11·
2611 3267 2626 3287 s

1609 3295 1646 3330 in
1667 3294 1797 3331 charta
1816 3294 1953 3344 aliqua,
1969 3299 2002 3331 et
2019 3294 2138 3344 dirigi
2153 3295 2375 3332 civitatzbus:
2392 3300 2426 3332 et
2444 3294 2576 3345 aliquis
2601 3291 2618 3304 ⁸*

1609 3346 1756 3383 bediens
1784 3347 1952 3384 chartam
1981 3345 2196 3397 disrumpat.
2225 3347 2288 3385 Ad
2312 3349 2440 3384 mortis
2457 3353 2581 3385 senten
2596 3355 2701 3394 ime*

1663 3477 1687 3511 δ)
1707 3478 1841 3511 quoniam.
1858 3492 1879 3498 -
1895 3478 2004 3511 quando
2028 3479 2135 3505 GHabc.
2159 3479 2210 3504 Pro
2234 3478 2319 3508 Dus,
2337 3479 2469 3505 Donum
2493 3478 2594 3505 ABCE.
2610 3478 2672 3505 Post

1610 3513 1683 3538 laesa
1701 3517 1740 3538 est
1759 3513 1829 3538 addit
1845 3513 1895 3539 sed
1911 3513 2029 3539 humana
2053 3515 2126 3540 tertia
2144 3518 2245 3547 praeter
2263 3513 2283 3540 1.
2299 3527 2320 3533 —
2336 3514 2452 3547 suscepit
2470 3514 2542 3545 {²013
2559 3512 2674 3541 suu-MR

1611 3548 1640 3578 E,
1658 3548 1803 3574 succedunt
1822 3548 1850 3579 F.
1869 3549 1986 3574 succedit
2004 3549 2091 3575 cetu-i.
2474 3560 2479 3569 r
