2872 3970
2410 247 2491 271 XLIII

308 314 685 369 subsequentibus,
709 325 820 367 quae
844 313 898 352 ab
922 314 1113 353 Auctore
1137 313 1354 354 tractanda
1377 320 1495 354 erant
1516 314 1571 354 ad
1593 314 1896 368 perfectionem
1921 316 2074 368 operis,
2100 322 2174 364 est,
2200 329 2287 356 non
2310 317 2488 372 aggredi

309 377 504 418 ordinem
538 388 614 429 per
646 374 922 428 quaestiones
958 380 999 414 et
1031 375 1231 415 articulos
1266 375 1481 430 sigillatim
1515 375 1768 424 decidendo,
1793 376 1914 429 quasi
1950 378 2163 430 complere
2194 378 2347 419 vellem
2381 379 2489 419 Ter-

309 440 410 480 tiam
433 439 603 478 Partem
637 436 859 490 (imparem
894 436 1006 476 enim
1040 449 1109 476 me
1136 442 1254 476 tanto
1289 437 1466 492 negotio
1491 443 1533 477 et
1556 450 1778 492 cognosco
1804 443 1846 477 et
1867 438 2038 491 fateor):
2073 439 2150 479 sed
2185 439 2315 479 dubia
2347 441 2490 494 aliqua

309 501 437 547 utilia,
463 511 631 539 necnon
665 497 934 538 discussione
967 497 1110 552 digna,
1133 504 1323 545 tractare,
1348 504 1400 547 et,
1424 498 1541 539 iuxta
1573 499 1733 553 ingenii
1765 498 1891 546 vires,
1927 499 2072 540 divina
2105 501 2316 554 aspirante
2339 503 2487 557 gratia,

310 561 604 604 determinare.
643 558 930 612 Servaboque
965 559 1160 600 ordinem
1193 566 1559 600 sacramentorum
1593 573 1722 614 supra
1755 560 1943 614 positum
1972 577 2008 601 ».
2053 561 2342 613 Quaestiones
2377 577 2488 617 quae

307 628 549 669 tractantur,
592 621 645 661 de
686 620 954 661 Contritione
997 627 1108 669 sunt,
1153 621 1450 669 Confessione,
1495 622 1806 670 Satisfactione,
1851 622 2047 663 Ministro
2091 625 2343 664 sacramenti
2375 626 2488 665 Poe-

309 684 522 731 nitentiae,
559 682 612 722 de
645 681 942 737 Indulgentiis,
977 689 1244 722 sacramento
1284 683 1478 730 Ordinis,
1513 689 1556 723 et
1586 689 1853 723 sacramento
1892 697 1972 724 usu
2006 690 2048 724 et
2079 691 2174 725 actu
2215 686 2486 727 Matrimonii.

310 746 480 799 Quibus
514 743 716 785 omnibus
749 743 947 791 tractatis„
971 743 1100 784 finem
1134 745 1211 784 toti
1246 745 1365 797 operi
1388 745 1452 784 his
1485 745 1629 785 verbis
1662 745 1860 799 imponit:
1901 762 1918 782 ‹
1947 746 2002 785 Et
2034 746 2139 787 haec
2171 747 2382 788 sufficiant
2409 762 2487 802 pro

309 809 391 849 hoc
424 807 534 847 libro
567 818 696 860 super
727 805 873 846 Tertia
905 806 1030 845 Parte
1063 805 1151 845 divi
1185 805 1394 854 Thomae,
1429 819 1478 846 ac
1511 819 1586 860 per
1613 807 1706 855 hoc,
1741 820 1818 860 pro
1858 808 2173 848 commentariis
2207 809 2382 863 integris
2415 823 2487 850 su-

309 883 387 924 per
417 874 508 909 tota
541 867 722 908 Summa
764 866 984 908 eiusdem:
1019 867 1073 907 ad
1107 867 1289 922 gloriam
1324 868 1365 907 in
1398 867 1544 921 primis
1579 868 1884 922 omnipotentis
1918 869 2014 916 Dei,
2051 869 2206 910 deinde
2239 870 2372 924 ipsius
2400 871 2486 911 divi

310 931 518 978 Thomae,
554 929 776 970 utilitatem
798 934 942 969 autem
968 929 1206 977 Ecclesiae;
1240 929 1321 968 sub
1346 930 1609 970 correctione
1643 929 1827 971 Sanctae
1860 930 1988 970 Sedis
2011 931 2303 984 Apostolicae,
2329 933 2370 972 in
2403 946 2488 986 qua

311 1006 422 1034 nunc
456 991 578 1032 sedet
608 992 702 1031 Leo
737 990 943 1031 Decimus
977 990 1175 1031 Pontifex
1207 990 1434 1039 Maximus,
1460 991 1526 1031 cui
1551 997 1592 1031 et
1613 992 1768 1045 scripta
1791 998 1832 1032 et
1853 992 2080 1032 scribenda
2102 994 2247 1034 omnia
2273 995 2488 1035 submissa

310 1067 480 1109 semper
513 1065 609 1094 esse
642 1053 759 1093 volo.
794 1053 974 1100 Romae,
999 1052 1068 1092 die
1089 1064 1166 1092 xlx
1188 1052 1455 1100 Decembris,
1479 1066 1592 1092 anno
1628 1053 1893 1093 Christianae
1926 1054 2073 1094 salutis
2107 1055 2333 1096 millesimo
2363 1057 2486 1110 quin-

309 1116 552 1172 gentesimo
586 1115 813 1170 vigesimo,
848 1114 997 1154 aetatis
1031 1120 1174 1154 autem
1208 1126 1328 1154 meae
1362 1114 1929 1169 quinquagesimosecundo.
1965 1116 2107 1156 Amen
2135 1134 2169 1157 ».

434 1178 482 1218 In
515 1178 655 1218 lucem
688 1175 846 1230 prodiit
879 1189 988 1229 opus
1024 1175 1216 1215 Caietani
1249 1189 1363 1215 anno
1405 1175 1530 1224 1523,
1566 1176 1847 1229 impressione
1880 1177 2103 1218 terminata
2136 1184 2258 1218 sexto
2293 1179 2388 1219 idus
2422 1181 2487 1219 Ia-

311 1239 492 1280 nuarias.
532 1237 704 1278 Interim
738 1243 932 1277 mortuus
973 1243 1062 1277 erat
1094 1238 1187 1277 Leo
1222 1237 1448 1284 Decimus,
1483 1237 1787 1291 Adrianusque
1822 1238 1980 1278 Sextus
2014 1239 2056 1278 in
2091 1240 2181 1280 eius
2220 1240 2361 1280 locum
2401 1241 2487 1281 suf-

310 1302 444 1342 fectus
479 1300 547 1340 die
581 1313 609 1352 9
643 1300 729 1339 Ian.
772 1297 912 1339 1522:
948 1298 1014 1338 cui
1049 1298 1286 1339 Cardinalis
1321 1299 1626 1340 commentaria
1658 1313 1736 1339 sua
1770 1299 1994 1348 dedicavit,
2021 1301 2200 1354 epistola
2233 1302 2388 1355 scripta
2422 1303 2488 1342 die

318 1375 370 1403 10
404 1360 545 1402 Martii
588 1360 783 1415 proxime
824 1366 1044 1414 sequente,
1085 1377 1103 1398 ι
1133 1360 1388 1414 disponente
1431 1361 1619 1401 suaviter
1652 1361 1812 1415 Spiritu
1845 1361 2006 1402 Sancto
2047 1368 2093 1402 ut
2124 1363 2229 1403 haec
2269 1370 2414 1404 nostra
2447 1364 2488 1404 in

310 1424 501 1465 Tertiam
524 1423 694 1463 Partem
718 1422 822 1463 Divi
845 1422 1043 1462 Thomae
1066 1422 1398 1470 Commentaria,
1423 1423 1520 1463 licet
1542 1423 1750 1478 superiori
1773 1437 1887 1463 anno
1911 1423 2110 1464 absoluta
2137 1425 2326 1473 fuissent,
2350 1439 2488 1479 usque

312 1487 353 1526 in
386 1498 591 1540 praesens
624 1490 767 1524 tamen
801 1484 843 1524 in
877 1484 1095 1538 publicum
1129 1485 1424 1533 non-exirent,
1460 1498 1547 1539 quo
1581 1485 1641 1525 sic
1675 1485 1774 1525 Tibi
1808 1485 2058 1526 nominatim
2092 1486 2161 1526 illa
2195 1487 2488 1528 dedicaremus

312 1548 401 1601 (Ad
435 1547 675 1588 Adrianum
708 1546 770 1586 VI
803 1546 999 1600 Praefat.)
1028 1562 1063 1587 ›.
1105 1547 1279 1587 Praeter
1317 1547 1594 1600 quaestiones
1634 1547 1855 1587 adiunctas
1896 1548 1950 1588 de
1989 1547 2146 1601 quibus
2186 1562 2328 1602 supra,
2370 1563 2488 1590 com-

312 1609 529 1650 mentariis
562 1608 605 1649 in
638 1614 832 1649 sanctum
865 1609 1082 1648 Thomam
1114 1609 1221 1648 aliae
1246 1609 1438 1649 Caietani
1471 1609 1788 1649 lucubrationes
1813 1609 2194 1670 coniungebantur.
2229 1611 2369 1651 Huius
2400 1612 2489 1652 edi-

311 1671 440 1712 tionis
475 1670 734 1724 exemplaria
755 1670 881 1710 valde
916 1683 1009 1710 rara
1030 1677 1140 1710 sunt.
1175 1671 1222 1710 In
1246 1670 1517 1711 bibliothecis
1541 1671 1722 1724 publicis
1745 1671 1889 1711 Italiae
1913 1684 2044 1711 unum
2071 1672 2244 1712 solum
2229 1673 2488 1721 mvenimus,

312 1734 432 1787 quod
466 1746 519 1773 ex
551 1732 790 1773 urbanitate
824 1731 979 1772 nobilis
1001 1731 1080 1772 viri
1114 1733 1344 1786 praepositi
1379 1733 1672 1772 Bibliothecae
1695 1732 2024 1773 Marucellianae
2057 1733 2330 1774 Florentinae
2358 1748 2491 1788 penes

312 1807 392 1835 nos
415 1794 655 1835 habuimus.
690 1794 831 1834 Frons
864 1793 958 1834 libri
993 1793 1124 1834 deest.
1159 1794 1266 1833 Post
1298 1794 1476 1843 tabulas,
1502 1794 1544 1833 in
1577 1794 1647 1835 fol.
1680 1807 1692 1834 1
1723 1800 1852 1842 recto,
1876 1801 1973 1835 ante
1996 1794 2233 1849 Prologum
2262 1795 2347 1835 divi
2370 1797 2490 1836 Tho-

311 1869 406 1897 mae
441 1862 483 1896 et
505 1855 936 1903 Commentariorum,
960 1855 1065 1895 haec
1098 1855 1332 1895 habentur:
1373 1873 1391 1892 ‹
1420 1853 1578 1896 Revemi
1603 1856 1644 1896 in
1669 1856 1839 1896 Christo
1874 1857 2004 1910 patris
2028 1862 2070 1896 et
2091 1856 2253 1897 domini
2277 1858 2347 1898 do.
2371 1858 2491 1898 Tho-

312 1931 407 1959 mae
440 1917 494 1958 de
527 1917 613 1958 Vio
649 1917 841 1958 Caietani
875 1916 920 1958 S.
955 1917 1036 1957 Ro.
1073 1930 1131 1958 ec.
1166 1917 1208 1958 ti.
1243 1931 1274 1958 s.
1308 1918 1434 1971 Xysti
1467 1918 1731 1972 praesbyteri
1767 1918 2003 1959 Cardinalis
2042 1918 2280 1973 dignissimi
2326 1933 2491 1960 necnon

310 1980 464 2020 artium
497 1986 539 2020 et
571 1992 716 2020 sacrae
750 1979 996 2034 theologiae
1040 1979 1229 2019 doctoris
1263 1980 1570 2020 absolutissimi
1604 1980 1645 2020 in
1680 1982 1751 2021 3⁸⁰²
1797 1980 1885 2020 divi
1918 1981 2027 2021 Tho.
2064 1981 2292 2035 Aquinatis
2330 1988 2491 2036 partem

312 2042 618 2083 commentaria
651 2041 988 2096 praeclarissima
1015 2058 1050 2081 ».
1075 2041 1169 2082 Fol.
1201 2054 1276 2093 191
1307 2055 1461 2082 verso:
1502 2058 1520 2079 ‹
1550 2042 1734 2096 Explicit
1756 2042 1798 2082 id
1822 2043 1941 2096 quod
1966 2042 2019 2083 de
2042 2043 2163 2083 tertia
2184 2050 2302 2097 parte
2325 2057 2492 2084 summe

311 2104 445 2144 sancti
468 2104 579 2144 Tho.
605 2103 833 2157 Aquinatis
866 2103 1047 2143 habetur
1068 2103 1140 2157 qui
1165 2109 1303 2144 morte
1337 2109 1595 2157 praeventus
1631 2118 1724 2145 eam
1758 2104 1961 2158 perficere
1995 2105 2188 2158 nequivit
2215 2122 2248 2146 ».
2285 2106 2377 2147 Fol.
2410 2119 2489 2158 192

312 2171 441 2214 recto,
464 2165 670 2220 incipiunt
695 2181 713 2202 ‹
734 2165 942 2206 Eiusdem
964 2165 1328 2206 Reverendissimi
1355 2165 1442 2206 Dni
1463 2166 1550 2206 tho.
1575 2166 1628 2206 de
1650 2166 1723 2207 vio
1747 2166 1938 2207 Caietani
1972 2166 2194 2207 cardinalis
2227 2168 2360 2208 sancti
2383 2169 2493 2208 Xisti

312 2227 503 2282 insignes
526 2227 803 2281 quaestiones
825 2240 901 2268 seu
927 2227 1077 2267 dubia:
1112 2227 1186 2267 ubi
1209 2227 1263 2282 ad
1286 2227 1414 2267 finem
1439 2227 1529 2268 eius
1553 2228 1672 2281 quod
1697 2228 1750 2268 de
1772 2228 1894 2268 tertia
1918 2228 2006 2268 divi
2029 2229 2114 2269 tho.
2139 2229 2352 2283 aquinatis
2375 2236 2492 2284 parte

312 2289 493 2330 habetur
514 2295 768 2343 perventum
792 2295 867 2333 est.
887 2294 1100 2343 oportune
1123 2289 1332 2330 adiuncte.
1357 2290 1413 2330 Et
1435 2296 1534 2330 sunt
1557 2289 1610 2330 de
1633 2290 1888 2331 contritione
1912 2290 2182 2331 confessione
2204 2291 2491 2332 satisfactione

313 2351 506 2392 ministro
540 2350 793 2392 sacramenti
826 2351 1088 2405 poenitentie
1112 2351 1165 2391 de
1188 2351 1463 2406 indulgentiis
1497 2358 1764 2392 sacramento
1800 2352 1961 2392 ordinis
1985 2358 2026 2392 et
2048 2359 2313 2393 sacramento
2349 2366 2427 2394 usu
2453 2360 2494 2393 et

312 2419 408 2454 actu
447 2413 704 2454 matrimonii
733 2429 769 2453 ›.
809 2413 1110 2454 Terminantur
1143 2413 1419 2467 quaestiones
1453 2413 1623 2454 additae
1656 2414 1726 2454 fol.
1764 2426 1849 2454 202
1885 2427 2014 2454 verso
2053 2428 2150 2455 cum
2187 2415 2330 2454 verbis
2364 2428 2492 2468 supra

313 2475 461 2524 citatis,
486 2481 527 2515 et
548 2475 741 2529 sequitur
772 2475 1016 2515 immediate
1050 2475 1194 2515 tabula
1227 2488 1458 2529 paucarum
1491 2476 1697 2516 linearum
1732 2489 1828 2516 cum
1861 2476 1943 2516 hoc
1969 2476 2112 2517 titulo:
2152 2493 2170 2513 ‹
2199 2477 2266 2516 Ex
2289 2477 2491 2516 emenda-

313 2536 494 2577 tioribus
529 2536 749 2577 codicibus
783 2543 884 2591 post
916 2537 1243 2590 impressionem
1277 2537 1484 2592 castigata
1512 2554 1546 2578 ».
1582 2537 1752 2578 Deinde
1786 2538 1966 2578 habetur
1997 2544 2198 2578 tractatus
2229 2538 2419 2578 Caietani
2440 2538 2492 2578 de

313 2598 585 2639 Auctorz'tate
599 2599 750 2653 Papae
765 2602 809 2639 et
826 2598 1011 2639 Concz‘liz'.
1030 2599 1280 2653 Sequuntur
1302 2599 1495 2640 eiusdem
1516 2599 1632 2640 varia
1655 2600 1873 2654 opuscula,
1892 2606 1992 2654 post
2015 2613 2137 2654 quae,
2156 2599 2226 2639 fol.
2246 2601 2332 2651 248
2349 2612 2489 2647 verso,

316 2660 467 2700 iterum
501 2667 728 2701 occurrunt
761 2661 802 2701 in
835 2661 982 2715 paucis
1005 2661 1154 2701 lineis:
1194 2678 1212 2698 ‹
1240 2662 1346 2701 Post
1378 2661 1705 2715 impressionem
1740 2661 1946 2717 castigata
1974 2678 2009 2702 ».
2045 2661 2214 2713 Quibus
2248 2661 2490 2702 immediate

315 2721 505 2762 succedit
545 2722 786 2762 terminatio
824 2722 1082 2763 voluminis:
1131 2739 1150 2759 α
1182 2723 1510 2778 Theologorum
1548 2723 1748 2777 principis
1788 2723 1875 2763 divi
1914 2723 1999 2764 tho.
2035 2722 2263 2776 Aquinatis
2297 2724 2348 2763 3ξι
2379 2736 2488 2776 pars,

315 2783 662 2838 praeclarissimis
695 2784 794 2824 Rffii
828 2784 990 2824 domini
1024 2784 1111 2825 tho.
1147 2784 1202 2824 de
1241 2784 1314 2825 vio
1357 2785 1532 2825 caietani
1579 2784 1803 2825 cardinalis
1836 2798 1868 2825 s.
1903 2784 2014 2837 xysti
2060 2784 2491 2824 commentationibus

314 2845 541 2900 insignita:
577 2857 744 2886 necnon
767 2857 820 2886 eo
844 2859 932 2899 quo
956 2846 1045 2886 fieri
1068 2846 1208 2900 potuit
1238 2846 1381 2886 studio
1415 2846 1694 2900 plurimorum
1728 2847 1997 2900 antiquorum
2034 2845 2337 2898 exemplarium
2361 2846 2490 2886 colla-

314 2908 444 2954 tione,
480 2907 641 2947 cunctis
675 2906 848 2960 (quibus
880 2907 1069 2961 undique
1104 2907 1385 2962 redundabat)
1421 2908 1587 2948 mendis
1621 2908 1869 2962 depurgata.
1904 2907 2106 2947 restitutis
2130 2906 2235 2946 locis
2258 2907 2346 2947 suis
2381 2921 2491 2960 quae

316 2969 358 3009 in
391 2969 604 3023 integrum
640 2967 896 3008 deficiebant
928 2982 1057 3022 quam
1091 2969 1282 3023 plurimis
1315 2970 1556 3010 sententiis:
1593 2982 1669 3009 ceu
1704 2969 1764 3021 (ut
1795 2969 1864 3008 vel
1889 2968 1975 3008 duo
2001 2981 2053 3008 ex
2076 2967 2188 3008 mille
2222 2968 2488 3022 inducantur)

317 3044 358 3084 q.
395 3043 450 3071 22
486 3044 541 3070 ar.
581 3042 619 3070 2.
658 3030 711 3070 de
752 3031 1033 3083 responsione
1073 3031 1127 3070 ad
1161 3033 1245 3079 3¹¹¹,
1281 3038 1322 3071 et
1355 3045 1395 3085 q.
1432 3030 1488 3071 55
1522 3044 1577 3070 ar.
1614 3032 1642 3070 6
1676 3030 1730 3070 de
1763 3032 1876 3084 argt⁰
1916 3028 1942 3069 5
1976 3035 2102 3083 patet.
2136 3030 2488 3083 quandoquidem

317 3092 359 3132 in
393 3092 594 3133 omnibus
628 3105 739 3145 quos
773 3091 953 3131 viderim
987 3092 1219 3141 codicibus,
1254 3093 1440 3133 totaliter
1473 3092 1738 3132 deficiebant.
1773 3091 1967 3131 Adiectis
1997 3104 2173 3144 quoque
2206 3091 2247 3130 in
2281 3091 2364 3131 fine
2399 3092 2488 3131 eius

317 3154 438 3207 quod
471 3153 524 3194 de
558 3155 609 3194 3ξι
643 3159 760 3207 parte
795 3152 882 3193 divi
915 3153 1002 3193 tho.
1037 3152 1227 3202 habetur,
1263 3154 1431 3207 corpori
1464 3153 1638 3207 quidem
1674 3153 1795 3193 tertie
1827 3153 1956 3206 partis
1996 3153 2138 3193 multis
2172 3152 2364 3193 eiusdem
2398 3166 2488 3193 car-

318 3215 468 3255 dinalis
502 3215 735 3256 utilissimis
759 3213 1084 3269 quaestionibus
1107 3228 1184 3255 seu
1207 3215 1366 3255 dubiis:
1401 3221 1519 3255 extra
1553 3227 1707 3267 corpus
1730 3221 1872 3255 autem
1895 3213 2216 3268 ipsiusseptem
2243 3214 2487 3254 tractatibus

325 3279 377 3318 16
410 3277 763 3331 responsionibus
805 3277 976 3316 duobus
1016 3276 1246 3329 quolibetis
1280 3283 1321 3316 et
1358 3289 1434 3316 sex
1473 3275 1739 3316 orationibus
1779 3275 2134 3330 praeclarissimis.
2179 3276 2374 3316 Feliciter
2414 3289 2487 3315 ex-

317 3339 443 3392 plicit.
478 3338 576 3391 Que
611 3338 755 3379 omnia
787 3338 1063 3378 studiossime
1097 3337 1236 3378 revisa
1259 3351 1308 3377 ac
1331 3337 1557 3377 emendata
1590 3337 1631 3377 in
1659 3338 1770 3378 alma
1802 3337 2067 3378 venetiarum
2094 3337 2200 3378 urbe
2235 3337 2358 3377 nullis
2391 3350 2487 3390 par-

319 3400 456 3440 cendo
479 3400 695 3454 impensis,
720 3413 888 3440 summa
911 3413 1010 3440 cura
1032 3411 1107 3453 per
1129 3398 1317 3439 nobilem
1340 3398 1479 3439 virum
1503 3398 1724 3439 dominum
1748 3399 2138 3439 lucamanthonium
2163 3398 2216 3438 de
2236 3399 2385 3453 giunta
2408 3399 2486 3438 flo-

319 3461 540 3502 rentinum.
576 3462 707 3502 Anno
741 3462 887 3502 salutis
919 3461 1043 3502 1523.
1068 3467 1190 3500 sexto
1214 3461 1309 3501 idus
1343 3461 1552 3501 ianuarias
1575 3460 1630 3500 ad
1654 3460 1721 3501 dei
1744 3461 1925 3516 gloriam
1950 3461 2155 3514 impressa
2177 3460 2292 3500 fuere
2314 3477 2348 3500 ».
2382 3460 2489 3500 Post

318 3523 544 3585 registrum
577 3523 787 3572 foliorum,
822 3523 962 3563 adhuc
995 3522 1255 3591 adiungitur:
1296 3539 1313 3559 «
1342 3521 1415 3562 Ad
1437 3522 1651 3562 lectorem
1688 3523 1833 3574 Ouum
1868 3522 1978 3562 Huic
2001 3522 2106 3575 parti
2141 3521 2353 3575 quaedam
2377 3535 2487 3575 quae

318 3583 442 3626 antea
465 3591 777 3626 consueverant
803 3584 1020 3625 subdititia
1043 3584 1245 3639 coniungi
1265 3583 1390 3638 (quae
1413 3583 1654 3624 additiones
1676 3584 1849 3638 vocant)
1874 3597 1960 3624 non
1985 3583 2290 3624 addiderimus:
2310 3596 2362 3623 ne
2379 3583 2491 3622 forte
