2872 3970
257 2093 266 2102 ¹·
281 2091 346 2113 Vers.
361 2097 394 2119 25·

258 2198 266 2206 ⁶
281 2196 346 2218 Vers.
361 2201 396 2222 24.

257 2303 267 2313 ⁸
276 2302 311 2323 De
320 2302 379 2324 Fide
389 2302 457 2356 Orfh.
451 2317 465 2330 .,

255 2329 270 2350 li
273 2329 295 2350 b.
301 2329 340 2356 111,
347 2335 410 2356 capa

505 290 579 327 330

1162 287 1424 334 QUAESTIO
1453 287 1595 333 XXXI,
1627 286 1920 324 ARTICULUS
1947 286 2013 323 VlI

548 369 606 405 Αι)
634 380 823 405 SECUNDUM
851 379 1031 404 DlCENDUM
1060 365 1179 415 quod,
1208 365 1386 414 quamvis
1415 376 1556 413 corpus
1581 364 1585 403 1
1611 364 1732 410 ditur,
1761 375 1842 400 non
1878 363 2093 401 secundum
2129 363 2329 401 materiam
2366 370 2574 410 remotam,
2602 365 2671 402 sed
2711 388 2735 406 .;
2842 360 2846 371 “

498 420 636 458 Christi
663 433 744 458 non
777 419 888 457 fuerit
916 420 955 456 in
983 419 1109 456 Adam
1138 425 1174 454 et
1202 418 1241 454 in
1269 417 1350 454 aliis
1384 416 1556 466 patribus

497 474 711 510 secundum
749 472 970 510 seminalem
1010 471 1214 517 rationem,
1241 481 1389 528 corpus
1426 477 1555 506 tamen

497 525 634 564 Beatae
652 525 826 574 Virginis,
855 524 962 574 quod
991 536 1036 561 ex
1064 523 1209 560 semine
1238 522 1354 559 maris
1382 529 1437 558 est
1464 533 1554 558 con-

495 586 664 628 ceptum,
683 578 751 615 fuit
778 577 818 615 in
836 578 963 615 Adam
991 584 1028 613 et
1055 575 1094 612 in
1113 575 1193 612 aliis
1221 574 1392 624 patribus
1420 585 1554 611 secun-

495 632 591 668 dum
619 630 807 668 rationem
844 629 1068 667 seminalem
1086 628 1117 664 ²⁸.
1151 629 1199 664 Et
1227 627 1333 673 ideo,
1363 626 1554 664 mediante

495 685 611 721 Beata
638 683 812 731 Virgine,
843 682 1016 719 Christus
1039 681 1252 718 secundum
1283 691 1438 716 carnem
1467 678 1555 716 dici-

494 745 556 774 tur
583 748 664 773 esse
693 747 739 772 ex
767 734 911 772 semine
940 734 1066 771 David
1094 745 1163 782 per
1190 732 1355 769 modum
1388 731 1552 780 originis.

547 790 604 826 AD
631 800 789 825 TERTIUM
817 799 997 824 mCENDUM
1024 786 1130 836 quod
1160 784 1332 822 Christus
1361 784 1475 821 habet
1502 785 1553 821 af-

493 841 679 885 finitatem
707 840 755 877 ad
783 841 1002 876 humanum
1029 851 1150 886 genus
1179 838 1394 874 secundum
1425 836 1554 874 simili-

493 893 667 931 tudinem
695 891 844 942 speciei.
876 891 1093 929 Similitudo
1114 898 1242 928 autern
1271 889 1410 939 speciei
1438 897 1552 926 atten—

1165 989 1498 1030 Commentariis
1519 995 1772 1029 Cardinalis
1794 994 1997 1028 Caietani

494 1097 657 1159 Tmarus
689 1086 893 1117 occasionem
916 1085 1011 1116 habet
1034 1095 1072 1116 ex
1095 1094 1199 1116 errore
1229 1085 1411 1126 putantium
1438 1094 1555 1126 corpus

552 1130 667 1161 Christi
690 1130 863 1160 formatum
886 1139 923 1160 ex
947 1134 1031 1160 certa
1056 1128 1262 1160 determinata
1284 1130 1433 1169 port-ione
1455 1134 1554 1160 trans-

491 1174 560 1205 fusa
584 1175 759 1205 successive
783 1174 822 1204 de
846 1183 982 1214 persona
1004 1174 1038 1203 in
1061 1183 1231 1214 personam
1263 1174 1301 1204 ab
1325 1173 1428 1204 Adam
1451 1182 1555 1213 usque

492 1218 531 1249 ad
554 1219 684 1249 Beatam
707 1218 889 1258 Virginem:
921 1218 985 1248 sive
1015 1218 1078 1248 hoc
1108 1218 1147 1247 sit
1175 1218 1343 1258 opinatum
1374 1227 1441 1248 esse
1466 1227 1555 1248 com-

491 1272 589 1293 mune
613 1263 762 1303 omnibus
785 1262 978 1297 hominibus,
1003 1262 1068 1292 sive
1092 1261 1219 1292 Christo
1243 1262 1420 1302 proprium.

546 1307 581 1337 In
605 1316 738 1346 corpore
763 1306 885 1336 articuli
911 1315 975 1336 una
999 1310 1045 1336 est
1068 1305 1251 1336 conclusio:
1283 1305 1410 1346 Corpus
1435 1305 1556 1336 Christi

492 1360 556 1380 non
571 1351 646 1392 fuit
668 1351 700 1380 in
723 1350 826 1380 Adam
855 1355 886 1380 et
907 1349 982 1380 aliis
999 1349 1146 1389 patribus
1169 1350 1344 1380 secundum
1367 1349 1491 1390 aliquid
1512 1350 1554 1380 si-

490 1400 636 1435 gnatum.
661 1395 824 1424 Probatur.
856 1393 1023 1434 Quidquid
1047 1393 1106 1424 fuit
1127 1394 1161 1423 in
1184 1394 1281 1424 Beata
1303 1394 1434 1434 Virgine
1457 1404 1475 1424 a
1497 1403 1553 1434 pa-

491 1439 631 1469 rentibus
655 1438 841 1478 ac'ceptum,
873 1437 933 1468 fuit
956 1442 1028 1467 actu
1051 1447 1123 1477 pars
1146 1437 1261 1468 Beatae
1285 1438 1432 1478 Virginis.
1468 1438 1553 1478 Ergo

491 1482 569 1512 illud
592 1492 658 1513 non
682 1482 741 1512 fuit
763 1482 893 1512 materia
911 1482 1054 1521 corporis
1074 1481 1200 1511 Christi.
1225 1482 1311 1521 Ergo
1327 1491 1445 1522 corpus
1461 1481 1553 1512 Chri-

491 1527 530 1556 sti
553 1536 620 1556 non
643 1526 702 1556 fuit
726 1527 758 1556 in
777 1525 881 1556 Adam
905 1530 936 1555 et
959 1525 1026 1555 aliis
1045 1524 1224 1555 secundum
1247 1525 1368 1566 aliquid
1383 1526 1552 1566 signatum.

2523 1617 2550 1650 'J
2580 1650 2582 1653 4

1274 1679 1591 1722 ARTICULUS
1621 1679 1888 1722 SEPTIMUS
2433 1701 2437 1705 ff

755 1771 911 1802 UTRUM
935 1771 1052 1802 CARo
1078 1771 1250 1802 CHRISTI
1274 1771 1317 1802 IN
1341 1771 1548 1810 ANTIQUIS
1570 1772 1781 1803 PATRIBUS
1803 1771 2010 1804 PECCATo
2034 1771 2224 1803 INFECTA
2247 1771 2406 1803 FUERrr
2557 1752 2561 1754 ’
2723 1751 2765 1777 ‘³

667 1851 722 1875 Art.
741 1857 805 1883 seq„
825 1850 857 1874 ad
877 1857 906 1880 2;
926 1850 957 1874 111
976 1850 1060 1879 Sem„
1080 1849 1137 1875 dist.
1158 1857 1195 1880 ιιι,
1214 1857 1259 1882 qu.
1278 1857 1312 1879 tv.
1332 1857 1378 1875 art.
1398 1857 1427 1880 1;
1447 1855 1512 1883 part.
1532 1858 1559 1880 ιι,
1580 1851 1683 1883 arpos.
1702 1850 1755 1876 litt.
1761 1859 1771 1881 ,⁸
1790 1851 1820 1876 In
1842 1850 1949 1880 Isaiam,
1969 1858 2024 1883 cap.
2043 1858 2081 1882 x13
2102 1850 2132 1876 In
2153 1851 2242 1880 toan„
2262 1858 2318 1883 cap.
2336 1857 2374 1882 m,
2393 1850 2452 1876 lect.
2469 1857 2495 1875 v.

577 1943 586 1957 ι
626 1948 661 1977 ,5
701 1939 724 1964 ι)
744 1938 921 1964 SEPTIMUM
940 1939 992 1964 sm
1012 1939 1246 1964 PROCEDrrUR.
1267 1926 1428 1964 Videtur
1446 1927 1552 1976 quod
1608 1927 1791 1976 patribus,
1820 1939 2094 1977 comparamus
2121 1927 2269 1977 ipsum,
2297 1929 2361 1965 vel
2387 1938 2545 1969 carnem
2575 1927 2673 1974 eius.
2726 1927 2727 1930 ¹

611 1966 791 2045 ’ζ’
829 1979 968 2016 Christi
995 1979 1035 2016 in
1063 1979 1229 2029 antiquis
1263 1979 1434 2029 patribus
1466 1992 1554 2039 pec-

494 2191 699 2239 Sapientia:
717 2198 759 2226 ut
777 2189 914 2226 dicitur
932 2191 945 2226 1
965 2191 1016 2227 ad
1031 2190 1188 2228 Cor.1*.
1216 2191 1317 2239 Ergo
1337 2202 1426 2228 caro
1445 2190 1553 2228 Chri-

494 2241 539 2279 sti
566 2254 769 2291 nunquam
796 2250 954 2292 peccato
982 2243 1180 2292 inquinata
1207 2243 1286 2281 fuit.

548 2307 581 2331 2.
612 2296 841 2342 PRAETEREA,
862 2296 1126 2333 Damascenus
1154 2296 1253 2344 dicit,
1274 2296 1314 2334 in
1341 2298 1387 2334 111
1406 2296 1542 2334 libro*

459 2345 599 2396 quod
628 2347 801 2385 Christus
830 2350 1015 2398 primitias
1043 2355 1191 2387 nostrae
1225 2355 1383 2387 naturae
1413 2362 1553 2387 assum-

487 2402 570 2450 psit.
601 2400 686 2438 Sed'
705 2401 744 2438 in
771 2401 898 2450 primo
927 2409 1024 2439 statu
1053 2414 1142 2439 caro
1171 2403 1344 2440 humana
1371 2415 1452 2440 non
1477 2409 1555 2439 erat

492 2461 648 2502 peccato
677 2453 823 2491 infecta.
861 2455 962 2503 Ergo
990 2467 1079 2492 caro
1116 2455 1255 2494 Christi
1287 2468 1368 2493 non
1402 2455 1471 2493 fuit
1498 2455 1554 2492 in-

493 2507 588 2543 secta
615 2518 686 2543 nec
714 2506 754 2543 in
781 2507 907 2544 Adam
935 2519 1007 2544 nec
1035 2508 1074 2545 in
1102 2508 1182 2545 aliis
1210 2508 1392 2558 patribus.

548 2559 582 2595 3.
610 2560 842 2607 PRAETEREA,
868 2560 1104 2608 Augustinus
1133 2561 1232 2609 dicit,
1260 2562 1295 2598 X
1319 2574 1431 2611 super
1460 2562 1552 2598 Gen.

493 2613 543 2650 ad
555 2612 616 2649 litt.
632 2612 662 2660 ²¹⁶,
683 2613 791 2662 quod
810 2619 944 2650 natura
963 2615 1129 2651 humana
1147 2627 1293 2664 semper
1311 2616 1448 2661 habuit,
1469 2626 1554 2651 cum

493 2666 664 2711 vulnere,
693 2666 854 2704 vulneris
889 2667 1123 2704 medicinam.
1166 2668 1242 2704 Sed
1279 2667 1318 2704 id
1355 2667 1463 2716 quod
1500 2675 1555 2704 est

494 2718 687 2764 infectum,
708 2730 787 2755 non
814 2727 939 2768 potest
967 2732 1048 2756 esse
1067 2719 1236 2757 vulneris
1263 2719 1466 2768 medicina,
1487 2721 1554 2757 sed

495 2770 613 2819 magis
641 2770 769 2820 ipsum
797 2770 938 2819 indiget
964 2772 1165 2810 medicina.
1205 2774 1306 2821 Ergo
1335 2785 1488 2823 semper
1514 2772 1554 2810 in

495 2831 630 2860 natura
649 2825 821 2861 humana
839 2824 908 2861 fuit
927 2825 1070 2874 aliquid
1094 2838 1175 2863 non
1194 2825 1388 2874 infectum,
1409 2838 1455 2863 ex
1474 2838 1554 2875 quo

496 2877 748 2925 postmodum
775 2885 830 2914 est
857 2890 997 2927 corpus
1027 2878 1166 2916 Christi
1194 2879 1412 2916 formatum.

549 2929 621 2966 SED
655 2941 798 2966 CONTRA
826 2942 891 2967 EST
919 2931 1027 2979 quod
1054 2943 1196 2981 corpus
1225 2931 1364 2969 Christi
1391 2943 1472 2969 non
1500 2944 1554 2968 re-

495 2981 610 3018 fertur
637 2982 685 3019 ad
713 2983 839 3020 Adam
867 2991 903 3020 et
931 2984 979 3020 ad
999 2983 1092 3021 alios
1110 2991 1235 3034 patres
1263 2984 1334 3021 nisi
1363 2984 1554 3022 mediante

496 3046 656 3083 corpore
685 3036 822 3072 Beatae
850 3036 1024 3084 Virginis,
1054 3037 1102 3074 de
1131 3049 1208 3087 qua
1236 3049 1390 3075 carnem
1410 3049 1554 3075 assum-

496 3086 580 3135 psit.
619 3087 694 3124 Sed
723 3100 863 3137 corpus
891 3090 1029 3126 Beatae
1058 3089 1221 3138 Virginis
1258 3098 1383 3128 totum
1418 3090 1487 3128 fuit
1515 3090 1554 3128 in

498 3138 703 3198 originalia
731 3149 963 3190 conceptum
981 3141 1012 3189 ³¹⁸,
1033 3150 1075 3179 ut
1098 3155 1214 3192 supra
1231 3143 1271 3165 ¹⁰⁸*
1304 3143 1450 3180 dictum
1479 3151 1553 3181 est:

324 3206 330 3220 .
347 3179 442 3226 x⁰=v‚ar-
465 3217 469 3225 ,
498 3199 533 3227 et
559 3191 607 3228 ita
626 3192 751 3239 etiam,
773 3194 987 3231 secundum
1007 3195 1112 3243 quod
1132 3195 1227 3232 fuit
1218 3208 1257 3233 m
1285 3195 1467 3245 patribus,
1486 3196 1555 3234 fuit

498 3252 653 3291 peccato
674 3244 898 3282 obnoxium.
929 3247 1029 3294 Ergo
1049 3259 1137 3284 caro
1167 3248 1318 3294 Christi,
1339 3249 1555 3287 secundum

499 3297 604 3343 quod
633 3296 700 3333 suit
728 3296 766 3333 in
798 3297 979 3346 patribus,
1008 3299 1076 3336 suit
1103 3309 1259 3349 peccato
1288 3301 1466 3340 obnoxia.

553 3349 774 3386 REsponnEo
804 3361 982 3387 DlCENDUM
1002 3353 1120 3399 quod,
1141 3365 1229 3390 cum
1259 3353 1422 3391 dicimus
1449 3354 1554 3392 Chri-

501 3408 612 3447 stum,
629 3402 689 3437 vel
709 3401 790 3438 eius
809 3413 964 3439 carnem
984 3400 1008 3449 β,
1025 3403 1138 3440 fuisse
1158 3404 1196 3441 in
1215 3406 1342 3443 Adam
1361 3414 1397 3443 et
1416 3406 1454 3444 in
1474 3407 1555 3445 aliis

554 3510 581 3544 α)
600 3512 772 3552 originali.—
787 3517 895 3545 peccato
915 3514 1011 3538 addunt
1030 3515 1163 3541 editiones.
1182 3517 1220 3542 Cf.
1241 3523 1286 3543 art.
1305 3526 1361 3551 seq.
1380 3524 1434 3545 not.
1451 3519 1474 3548 ζ.

554 3545 579 3578 β)
599 3546 638 3571 vet
652 3547 707 3571 eius
725 3555 839 3573 carnem.
851 3550 924 3574 —vet
936 3556 1043 3574 carnem
1063 3550 1118 3575 eius
1133 3550 1200 3582 Glll,
1214 3553 1356 3578 secundum
1374 3561 1481 3586 carnem
1501 3555 1556 3580 eiua

502 3580 624 3605 editiones

1606 1306 1673 1342 nis,
1698 1305 1753 1336 sed
1776 1306 1922 1346 sanguis:
1954 1310 1991 1336 ut
2014 1309 2100 1356 patet
2122 1304 2155 1335 in
2178 1303 2381 1344 praecedenti
2404 1302 2547 1335 articulo.
2569 1321 2594 1327 -
2614 1301 2671 1344 Se·

1606 1349 1710 1380 cunda
1725 1359 1800 1380 vero
1817 1349 2047 1400 consequentia
2062 1348 2224 1389 probatur.
2241 1347 2327 1386 Quia
2338 1356 2456 1387 corpus
2470 1346 2587 1379 Christi
2601 1355 2671 1379 non
2711 1365 2714 1367 Δ
2730 1351 2755 1375 '2-

1606 1394 1702 1424 habet
1731 1394 1861 1434 originis
1890 1394 2079 1424 relationem
2109 1391 2148 1423 ad
2177 1391 2282 1423 Adam
2312 1397 2344 1423 et
2369 1391 2449 1422 alios
2475 1396 2580 1432 panes
2608 1390 2671 1430 affl
2719 1399 2766 1440 ,ἐς

569 2047 629 2077 *r
645 2036 672 2081 ί
703 2039 786 2069 cato
824 2031 961 2069 infecta
992 2044 1072 2069 non
1109 2032 1231 2069 fuerit.
1270 2032 1418 2070 Dicitur
1449 2032 1553 2069 enim

548 2051 693 2117 ἐςᾧ)
660 2077 789 2134 &Sap
811 2097 855 2122 vn
874 2084 1021 2134 *quod
1049 2084 1089 2121 in
1117 2085 1289 2122 divinam
1318 2085 1554 2134 Sapientiam
1609 2085 1673 2122 sti:
1712 2098 1802 2123 narn
1832 2093 1958 2135 patres
1990 2086 2144 2123 fuerunt
2171 2085 2330 2124 subiecti
2356 2085 2671 2146 19800810,οωῖί-

495 2137 585 2174 nihil
611 2138 841 2186 inquinatum
861 2139 1025 2174 incurrit.
1057 2138 1229 2175 Christus
1248 2145 1379 2175 autem
1406 2146 1461 2175 est
1483 2139 1557 2175 Dei

1611 392 1828 453 secun⁷dum
1866 415 2065 453 materiam
2105 415 2345 465 proximam,
2383 423 2420 453 et
2455 416 2670 466 secundum
2713 423 2719 467 j

1611 467 1845 518 principium
1872 467 2052 528 activum,
2073 468 2180 517 quod
2207 475 2361 516 generat
2388 467 2459 506 sibi
2486 465 2640 514 simile
2617 481 2670 518 ιβ
2700 462 2734 525 'g
2754 472 2774 502 ἰ

1611 521 1747 571 specie.
1788 521 1851 559 Sic
1877 520 1990 569 igitur
2016 520 2179 558 affinitas
2207 519 2346 558 Christi
2373 521 2423 559 ad
2449 515 2670 571 humanum
2699 528 2714 558 1-

1609 585 1731 622 genus
1758 573 1989 611 sufficienter
2008 580 2256 611 conservatur
2273 584 2343 622 per
2360 573 2439 611 hoc
2454 573 2562 623 quod
2582 585 2671 619 [ωιτν

1609 638 1684 675 pus
1713 625 1851 663 Christi
1877 627 2086 663 formamm
2113 634 2169 663 est
2196 638 2243 662 ex
2275 625 2524 674 sanguinibus
2550 625 2670 676 Vix-32»

1610 678 1669 716 nis
1686 678 1718 726 ²¹⁸,
1747 678 1925 716 derivatis
1953 678 2170 716 secundum
2198 677 2385 728 originem
2413 678 2462 716 ab
2489 678 2628 728 Adam
2629 685 2671 730 eft
2697 686 2709 701 ·
2752 703 2753 706 =

1610 730 1691 768 aliis
1718 731 1900 781 patribus.
1929 731 2013 768 Nec
2031 731 2142 768 refert
2170 730 2219 768 ad
2238 731 2339 768 hanc
2357 730 2581 768 affinitatem
2598 728 2670 776 un*
2747 760 2766 782 .-

1611 784 1830 843 decumque
1866 782 2024 821 materia
2058 782 2212 821 illorum
2249 782 2482 832 sanguinum
2517 781 2671 844 sum-pta
2724 807 2742 828 ,,-,

1608 836 1736 874 fuerit:
1773 836 1870 874 sicut
1895 848 1968 874 nec
1999 837 2076 874 hoc
2103 836 2213 873 refert
2238 835 2278 874 in
2305 835 2548 884 generatione
2580 834 2671 879 altos

1610 901 1698 927 rum
1717 888 1937 935 hominum,
1958 888 2054 926 sicut
2073 888 2112 925 in
2131 888 2261 927 Prima
2279 889 2420 926 Parte*
2437 888 2593 927 dictum
2602 895 2671 929 est}
2752 904 2762 940 ῥ’

1664 1084 1866 1116 Antecedens
1893 1094 1952 1125 pro
1977 1083 2135 1115 constanti
2157 1083 2363 1134 relinquitur·
2395 1083 2471 1124 quia
2493 1082 2539 1114 sic
2565 1086 2623 1115 es't
2629 1071 2672 1116 Ἦ

1609 1129 1676 1160 aliis
1699 1129 1894 1159 hominibus.
1925 1129 2030 1159 Prima
2053 1128 2139 1159 enim
2158 1133 2194 1158 et
2215 1127 2387 1168 praecipua
2409 1136 2480 1168 pars
2502 1122 2612 1168 geniti
2618 1119 2673 1159 e&
2729 1147 2731 1150 -

1608 1173 1640 1204 id
1664 1172 1754 1213 quod
1777 1183 1795 1203 a
1809 1173 1993 1213 parentibus
2010 1172 2154 1207 habetur,
2181 1170 2360 1202 secundum
2376 1180 2499 1202 ornnes.
2521 1189 2546 1195 —
2609 1170 2616 1179 '
2730 1170 2749 1176 ’

1608 1218 1838 1257 consequentia
1860 1217 2022 1258 probatur.
2047 1216 2132 1254 Quia
2154 1216 2284 1246 materia
2307 1215 2451 1256 corporis
2471 1214 2672 1249 Chi-istium
2727 1247 2741 1262 ἡ
2759 1253 2760 1256 4

1609 1261 1668 1292 fuit
1691 1271 1765 1292 caro
1789 1266 1843 1292 aut
1867 1271 1904 1292 os
1927 1266 1982 1292 aut
2005 1269 2230 1301 quaecumque
2253 1269 2325 1300 pars
2347 1265 2420 1290 actu
2439 1259 2554 1291 Beatae
2568 1258 2672 1300 Visgi-

1608 1437 1768 1469 mediante
1791 1447 1927 1478 COl'pore
1950 1437 2057 1468 matris
2080 1446 2166 1468 suae.

1609 1981 1659 2017 ad
1678 1980 1804 2018 Adam
1833 1988 1869 2018 et
1887 1981 1937 2018 ad
1964 1980 2059 2018 alios
2085 1988 2222 2030 patres.
2252 1980 2501 2018 Manifestum
2526 1987 2586 2023 eat
2602 1993 2671 2025 nu—

1608 2040 1687 2070 tem
1714 2033 1821 2082 quod
1849 2032 1922 2070 alia
1939 2033 2008 2070 fuit
2026 2033 2196 2070 conditio
2223 2041 2390 2083 patrum,
2409 2041 2446 2071 et
2471 2032 2547 2073 alia
2563 2032 2670 2072 Chri-

1609 2146 1689 2175 stus
1717 2146 1847 2176 autem
1873 2138 1942 2176 fuit
1961 2139 2122 2178 omnino
2141 2151 2164 2176 a
2182 2146 2339 2189 peccato
2367 2138 2563 2179 immunis.
2589 2136 2681 2181 Du?
2733 2152 2751 2163 ‘²

1609 2190 1755 2240 pliciter
1781 2203 1872 2240 ergo
1900 2191 1940 2228 in
1967 2192 2040 2229 hac
2065 2191 2353 2241 comparatione
2380 2202 2507 2230 errare
2521 2191 2671 2234 contin.-
2734 2211 2752 2231 ε

1609 2243 1671 2303 git.
1701 2245 1789 2282 Uno
1809 2244 1943 2290 modo,
1963 2252 2006 2282 ut
2024 2243 2278 2282 attribuamus
2297 2243 2462 2292 Christo,
2481 2246 2544 2288 vel
2566 2244 2677 2294 emt}

1610 2296 1702 2343 eius,
1732 2296 1995 2335 conditionem
2022 2309 2123 2347 quae
2148 2297 2217 2335 fuit
2244 2297 2283 2335 in
2310 2297 2505 2348 patribus:
2514 2296 2646 2359 puta
2637 2287 2676 2337 ἐῖ

1610 2349 1783 2387 dicamus
1817 2350 1927 2399 quod
1955 2350 2128 2388 Christus
2155 2349 2196 2388 in
2222 2351 2351 2388 Adam
2376 2348 2561 2400 peccavit
2571 2347 2677 2412 q&

1610 2402 1648 2439 in
1677 2415 1724 2440 eo
1753 2402 1882 2452 aliquo
1902 2403 2024 2442 modo
2050 2403 2130 2441 fuit.
2161 2403 2280 2451 Quod
2306 2404 2446 2441 falsum
2472 2402 2674 2455 estium
2726 2411 2732 2456 ]

1610 2467 1690 2492 non
1718 2468 1765 2493 eo
1794 2456 1915 2493 modo
1943 2456 1983 2493 in
2011 2468 2058 2494 eo
2086 2456 2156 2494 fuit
2182 2463 2226 2494 ut
2243 2456 2292 2494 ad
2313 2456 2526 2499 Chrisnm
2722 2466 2730 2505 ᾗ

1609 2516 1693 2545 tum
1712 2509 1819 2546 Adae
1837 2508 2042 2558 pertineret
2059 2514 2095 2555 ῖς
2125 2509 2218 2559 quia
2234 2520 2316 2548 non
2343 2509 2538 2569 derivatur
2547 2493 2671 2566 ahion

1610 2562 1827 2599 secundum
1846 2561 2178 2612 concupiscentiae
2198 2563 2334 2611 legem,
2354 2561 2435 2601 sive
2453 2556 2674 2622 ΒΕΝΜ
2702 2606 2705 2608 4

1610 2614 1798 2652 rationem
1826 2615 2063 2662 seminalem,
2092 2617 2134 2652 ut
2159 2627 2277 2665 supra
2293 2615 2314 2637 ’¹‘
2340 2614 2489 2653 dictum
2512 2620 2628 2658 eet-1²
2621 2632 2698 2677 ²²³3:
2704 2613 2715 2619 ‘'
2732 2614 2742 2620 “’

1662 2667 1748 2704 Alio
1777 2668 1897 2705 modo
1917 2667 2099 2728 contingit
2125 2679 2268 2716 errare,
2297 2680 2329 2705 si
2356 2667 2467 2707 attrib
2560 2666 2699 2712 usq*

1610 2721 1716 2769 quod
1745 2728 1831 2758 actu
1859 2721 1928 2758 fuit
1955 2721 1995 2758 in
2021 2720 2204 2771 patribus,
2226 2679 2742 2783 conditionefflmf
2717 2736 2727 2762 ·,

1609 2774 1670 2810 vel
1690 2773 1813 2810 carnis
1841 2773 1943 2811 eius:
1973 2781 2015 2811 ut
2041 2773 2192 2822 scilicet,
2212 2786 2304 2824 quia
2329 2785 2420 2812 caro
2442 2772 2727 2830 (ἶ111ἵιεῐι,“κβῦ“4-”.4

1609 2826 1781 2863 cundum
1811 2827 1919 2886 quod
1947 2826 1987 2864 in
2016 2826 2168 2865 Christo
2195 2827 2282 2874 fuit,
2310 2838 2391 2865 non
2416 2826 2487 2865 fuit
2510 2831 2677 2882 Μ

1610 2878 1788 2926 obnoxia,
1818 2879 1868 2917 ita
1897 2879 2011 2918 etiam
2038 2879 2079 2917 in
2106 2879 2233 2918 Adam
2261 2887 2298 2918 et
2323 2879 2364 2918 in
2390 2879 2472 2918 aliis
2495 2875 2682 2930 panib&

1609 2931 1677 2968 fuit
1705 2931 1833 2981 aliqua
1859 2945 1948 2982 pars
1967 2932 2138 2982 corporis
2165 2932 2248 2970 eius
2266 2944 2367 2983 quae
2394 2944 2475 2971 non
2494 2931 2574 2973 fuit
2569 2943 2673 2983 peet-
2727 2925 2732 2935 ¹

1609 2992 1693 3022 cato
1722 2985 1901 3033 obnoxia,
1922 2998 1968 3023 ex
1987 2998 2065 3036 qua
2089 2985 2342 3035 postmodum
2360 2996 2502 3035 corpus
2524 2983 2673 3031 Chris&
2727 3009 2743 3036 ,ς

1609 3037 1857 3085 formaretur;
1895 3038 1991 3076 sicut
2027 3038 2188 3088 quidam
2221 3046 2436 3088 posuerunt
2469 3037 2501 3076 ¹⁸.
2543 3043 2604 3071 ⁸¹·
2625 3059 2633 3069 ν

1610 3089 1769 3140 quidem
1797 3103 1879 3128 esse
1907 3103 1988 3130 non
2006 3099 2141 3142 potest.
2170 3090 2315 3139 Primo,
2335 3090 2426 3142 quia
2453 3102 2542 3130 caro
2562 3087 2679 3139 Qffi
2712 3093 2714 3096 ’

1609 3142 1655 3180 sti
1674 3155 1754 3181 non
1781 3143 1850 3182 fuit
1868 3145 2083 3182 secundum
2107 3143 2251 3194 aliquid
2269 3144 2459 3193 signatum
2479 3142 2524 3183 111
2540 3140 2714 3194 ΑΜ

1609 3203 1646 3233 et
1673 3195 1712 3234 in
1732 3196 1812 3234 aliis
1840 3197 2029 3246 patribus,
2058 3197 2165 3247 quod
2192 3205 2324 3247 posset
2357 3195 2535 3246 distingui
2560 3206 2593 3236 8
2602 3200 2725 3244 νωμ·”“

1609 3248 1712 3298 liqua
1741 3249 1823 3287 eius
1851 3261 1964 3288 carne
1992 3250 2089 3288 sicut
2114 3262 2259 3300 purum
2287 3249 2336 3288 ab
2361 3249 2536 3310 impuro:
2572 3248 2714 3293 sicut

1609 3301 1686 3339 iam
1706 3314 1822 3352 supra
1840 3302 1860 3325 '¹‘
1887 3302 2032 3341 dictum
2051 3311 2116 3341 est.
2148 3303 2328 3341 Secundo
2347 3302 2449 3353 quia,
2468 3313 2570 3340 cum
2577 3307 2676 3341 σιω
2695 3286 2736 3354 *ff

1610 3355 1782 3392 humana
1808 3363 1966 3415 peccato
1994 3355 2184 3394 inficiatur
2210 3367 2256 3394 ex
2284 3356 2360 3394 hoc
2386 3354 2495 3405 quod
2517 3362 2575 3393 est
2598 3351 2726 3414 pe&
2822 3391 2823 3394 ,

1609 3407 1958 3458 concupiscentiam
1976 3416 2171 3458 concepta,
2191 3409 2288 3447 sicut
2305 3416 2383 3447 tota
2400 3420 2490 3447 caro
2508 3406 2674 3450 alieuius

1662 3519 1689 3554 γ)
1704 3522 1861 3554 pertineret.
1878 3535 1898 3541 ·-
1912 3522 2065 3554 perveniret
2083 3523 2123 3548 ed.
2140 3529 2160 3548 a
2177 3528 2202 3548 et
2220 3523 2292 3548 tertia
2309 3527 2411 3555 praeter
2428 3522 2460 3549 G.
2495 3534 2498 3539 v
