<?xml version="1.0" encoding="UTF-8"?>
<!DOCTYPE html PUBLIC "-//W3C//DTD XHTML 1.0 Transitional//EN"
    "http://www.w3.org/TR/xhtml1/DTD/xhtml1-transitional.dtd">
<html xmlns="http://www.w3.org/1999/xhtml" xml:lang="en" lang="en">
 <head>
  <title>
</title>
<meta http-equiv="Content-Type" content="text/html;charset=utf-8" />
  <meta name='ocr-system' content='tesseract 3.04.00' />
  <meta name='ocr-capabilities' content='ocr_page ocr_carea ocr_par ocr_line ocrx_word'/>
</head>
<body>
  <div class='ocr_page' id='page_1' title='image "./operaomniaiussui11thom_0111.png"; bbox 0 0 2872 3970; ppageno 0'>
   <div class='ocr_carea' id='block_1_1' title="bbox 0 1822 240 1896">
    <p class='ocr_par' dir='ltr' id='par_1_1' title="bbox 0 1822 240 1896">
     <span class='ocr_line' id='line_1_1' title="bbox 0 1822 240 1848; baseline 0.004 -5"><span class='ocrx_word' id='word_1_1' title='bbox 0 1822 166 1848; x_wconf 75' lang='grc' dir='ltr'>;·.Α11501111</span> <span class='ocrx_word' id='word_1_2' title='bbox 187 1822 240 1844; x_wconf 87' lang='grc' dir='ltr'>Μο-</span> 
     </span>
     <span class='ocr_line' id='line_1_2' title="bbox 0 1848 240 1877; baseline -0.004 -7"><span class='ocrx_word' id='word_1_3' title='bbox 0 1849 7 1877; x_wconf 60' lang='lat'>¹,-</span> <span class='ocrx_word' id='word_1_4' title='bbox 25 1848 119 1877; x_wconf 67' lang='grc' dir='ltr'><strong><em>κοὶος,</em></strong></span> <span class='ocrx_word' id='word_1_5' title='bbox 137 1854 188 1876; x_wconf 75' lang='lat' dir='ltr'>cap.</span> <span class='ocrx_word' id='word_1_6' title='bbox 202 1855 240 1876; x_wconf 87' lang='lat' dir='ltr'>xv,</span> 
     </span>
     <span class='ocr_line' id='line_1_3' title="bbox 24 1875 120 1896; baseline 0 0"><span class='ocrx_word' id='word_1_7' title='bbox 24 1875 60 1896; x_wconf 70' lang='grc' dir='ltr'>4ι1.</span> <span class='ocrx_word' id='word_1_8' title='bbox 74 1880 120 1896; x_wconf 80' lang='lat' dir='ltr'>xtx.</span> 
     </span>
    </p>
   </div>
   <div class='ocr_carea' id='block_1_2' title="bbox 0 1888 7 1921">
    <p class='ocr_par' dir='ltr' id='par_1_2' title="bbox 0 1888 7 1921">
     <span class='ocr_line' id='line_1_4' title="bbox 0 1888 7 1921; baseline 0 0"><span class='ocrx_word' id='word_1_9' title='bbox 0 1888 7 1921; x_wconf 69' lang='lat' dir='ltr'>i</span> 
     </span>
    </p>
   </div>
   <div class='ocr_carea' id='block_1_3' title="bbox 27 1913 170 1936">
    <p class='ocr_par' dir='ltr' id='par_1_3' title="bbox 27 1913 170 1936">
     <span class='ocr_line' id='line_1_5' title="bbox 27 1913 170 1936; baseline 0 -1"><span class='ocrx_word' id='word_1_10' title='bbox 27 1913 41 1925; x_wconf 75' lang='lat'><strong><em>⁴</em></strong></span> <span class='ocrx_word' id='word_1_11' title='bbox 54 1913 170 1936; x_wconf 78' lang='lat' dir='ltr'>Secunda.</span> 
     </span>
    </p>
   </div>
   <div class='ocr_carea' id='block_1_4' title="bbox 0 2014 9 2147">
    <p class='ocr_par' dir='ltr' id='par_1_4' title="bbox 0 2014 9 2147">
     <span class='ocr_line' id='line_1_6' title="bbox 0 2014 9 2048; baseline 0 0"><span class='ocrx_word' id='word_1_12' title='bbox 0 2014 9 2048; x_wconf 69' lang='lat' dir='ltr'><strong>f</strong></span> 
     </span>
     <span class='ocr_line' id='line_1_7' title="bbox 0 2070 8 2147; baseline 0 0"><span class='ocrx_word' id='word_1_13' title='bbox 0 2070 8 2147; x_wconf 66' lang='grc' dir='ltr'>’ἱ</span> 
     </span>
    </p>
   </div>
   <div class='ocr_carea' id='block_1_5' title="bbox 0 2150 11 2435">
    <p class='ocr_par' dir='ltr' id='par_1_5' title="bbox 0 2150 11 2435">
     <span class='ocr_line' id='line_1_8' title="bbox 0 2150 11 2435; baseline 0 1535"><span class='ocrx_word' id='word_1_14' title='bbox 0 2150 11 2435; x_wconf 95' lang='lat' dir='ltr'> </span> 
     </span>
    </p>
   </div>
   <div class='ocr_carea' id='block_1_6' title="bbox 0 2437 140 2466">
    <p class='ocr_par' dir='ltr' id='par_1_6' title="bbox 0 2437 140 2466">
     <span class='ocr_line' id='line_1_9' title="bbox 0 2437 140 2466; baseline -0.007 -7"><span class='ocrx_word' id='word_1_15' title='bbox 0 2442 9 2466; x_wconf 62' lang='grc' dir='ltr'>ξ.</span> <span class='ocrx_word' id='word_1_16' title='bbox 25 2437 40 2449; x_wconf 81' lang='lat'><strong><em>⁴</em></strong></span> <span class='ocrx_word' id='word_1_17' title='bbox 53 2437 105 2459; x_wconf 83' lang='lat' dir='ltr'>Art.</span> <span class='ocrx_word' id='word_1_18' title='bbox 120 2443 140 2459; x_wconf 81' lang='lat'>2.</span> 
     </span>
    </p>
   </div>
   <div class='ocr_carea' id='block_1_7' title="bbox 0 2737 29 3286">
    <p class='ocr_par' dir='ltr' id='par_1_7' title="bbox 0 2737 29 3286">
     <span class='ocr_line' id='line_1_10' title="bbox 0 2737 29 3286; baseline 0 0"><span class='ocrx_word' id='word_1_19' title='bbox 0 2737 29 3286; x_wconf 95' lang='lat' dir='ltr'>    </span> 
     </span>
    </p>
   </div>
   <div class='ocr_carea' id='block_1_8' title="bbox 29 3044 228 3072">
    <p class='ocr_par' dir='ltr' id='par_1_8' title="bbox 29 3044 228 3072">
     <span class='ocr_line' id='line_1_11' title="bbox 29 3044 228 3072; baseline 0 -6"><span class='ocrx_word' id='word_1_20' title='bbox 29 3044 44 3056; x_wconf 81' lang='lat'><strong><em>⁴</em></strong></span> <span class='ocrx_word' id='word_1_21' title='bbox 55 3044 107 3067; x_wconf 77' lang='lat' dir='ltr'>Art.</span> <span class='ocrx_word' id='word_1_22' title='bbox 123 3045 228 3072; x_wconf 76' lang='lat' dir='ltr'>praeced.</span> 
     </span>
    </p>
   </div>
   <div class='ocr_carea' id='block_1_9' title="bbox 19 3243 243 3273">
    <p class='ocr_par' dir='ltr' id='par_1_9' title="bbox 19 3243 243 3273">
     <span class='ocr_line' id='line_1_12' title="bbox 19 3243 243 3273; baseline -0.005 -6"><span class='ocrx_word' id='word_1_23' title='bbox 19 3243 135 3273; x_wconf 71' lang='lat' dir='ltr'>&#39;‘Qu-u,</span> <span class='ocrx_word' id='word_1_24' title='bbox 144 3248 186 3267; x_wconf 78' lang='lat' dir='ltr'>nrt.</span> <span class='ocrx_word' id='word_1_25' title='bbox 196 3252 215 3273; x_wconf 80' lang='lat' dir='ltr'>i,</span> <span class='ocrx_word' id='word_1_26' title='bbox 223 3251 243 3266; x_wconf 83' lang='lat'>2.</span> 
     </span>
    </p>
   </div>
   <div class='ocr_carea' id='block_1_10' title="bbox 998 247 1351 296">
    <p class='ocr_par' dir='ltr' id='par_1_10' title="bbox 998 247 1351 296">
     <span class='ocr_line' id='line_1_13' title="bbox 998 247 1351 296; baseline -0.006 -9"><span class='ocrx_word' id='word_1_27' title='bbox 998 247 1260 296; x_wconf 84' lang='lat' dir='ltr'>QUAESTIO</span> <span class='ocrx_word' id='word_1_28' title='bbox 1289 251 1351 296; x_wconf 90' lang='lat'>111,</span> 
     </span>
    </p>
   </div>
   <div class='ocr_carea' id='block_1_11' title="bbox 265 329 1338 2514">
    <p class='ocr_par' dir='ltr' id='par_1_11' title="bbox 272 329 1338 852">
     <span class='ocr_line' id='line_1_14' title="bbox 276 329 1338 369; baseline -0.004 -7"><span class='ocrx_word' id='word_1_29' title='bbox 276 331 449 362; x_wconf 83' lang='lat' dir='ltr'>formaliter</span> <span class='ocrx_word' id='word_1_30' title='bbox 476 331 626 361; x_wconf 86' lang='lat' dir='ltr'><strong>metimur</strong></span> <span class='ocrx_word' id='word_1_31' title='bbox 648 336 684 360; x_wconf 90' lang='lat' dir='ltr'>ut</span> <span class='ocrx_word' id='word_1_32' title='bbox 708 339 758 360; x_wconf 88' lang='lat' dir='ltr'>eas</span> <span class='ocrx_word' id='word_1_33' title='bbox 782 329 860 359; x_wconf 88' lang='lat' dir='ltr'>nihil</span> <span class='ocrx_word' id='word_1_34' title='bbox 884 329 970 359; x_wconf 88' lang='lat' dir='ltr'>aliud</span> <span class='ocrx_word' id='word_1_35' title='bbox 993 329 1166 359; x_wconf 84' lang='lat' dir='ltr'>formaliter</span> <span class='ocrx_word' id='word_1_36' title='bbox 1189 339 1255 359; x_wconf 87' lang='lat' dir='ltr'>esse</span> <span class='ocrx_word' id='word_1_37' title='bbox 1278 339 1338 369; x_wconf 94' lang='lat' dir='ltr'>pu-</span> 
     </span>
     <span class='ocr_line' id='line_1_15' title="bbox 276 373 1337 415; baseline -0.003 -9"><span class='ocrx_word' id='word_1_38' title='bbox 276 381 380 406; x_wconf 89' lang='lat' dir='ltr'>temus</span> <span class='ocrx_word' id='word_1_39' title='bbox 396 384 494 415; x_wconf 88' lang='lat' dir='ltr'>quam</span> <span class='ocrx_word' id='word_1_40' title='bbox 510 374 598 414; x_wconf 91' lang='lat' dir='ltr'>quod</span> <span class='ocrx_word' id='word_1_41' title='bbox 613 374 758 404; x_wconf 84' lang='lat' dir='ltr'>relationi</span> <span class='ocrx_word' id='word_1_42' title='bbox 774 374 849 403; x_wconf 89' lang='lat' dir='ltr'>reali</span> <span class='ocrx_word' id='word_1_43' title='bbox 866 373 1039 403; x_wconf 86' lang='lat' dir='ltr'>formaliter</span> <span class='ocrx_word' id='word_1_44' title='bbox 1055 374 1214 404; x_wconf 88' lang='lat' dir='ltr'>convenit.</span> <span class='ocrx_word' id='word_1_45' title='bbox 1239 373 1337 410; x_wconf 93' lang='lat' dir='ltr'>Quod</span> 
     </span>
     <span class='ocr_line' id='line_1_16' title="bbox 276 417 1337 456; baseline -0.003 -7"><span class='ocrx_word' id='word_1_46' title='bbox 276 419 415 449; x_wconf 82' lang='lat' dir='ltr'>alienum</span> <span class='ocrx_word' id='word_1_47' title='bbox 439 424 485 448; x_wconf 93' lang='lat' dir='ltr'>est</span> <span class='ocrx_word' id='word_1_48' title='bbox 507 428 526 448; x_wconf 91' lang='lat' dir='ltr'>a</span> <span class='ocrx_word' id='word_1_49' title='bbox 549 417 733 448; x_wconf 85' lang='lat' dir='ltr'>celsitudine</span> <span class='ocrx_word' id='word_1_50' title='bbox 756 417 987 456; x_wconf 86' lang='lat' dir='ltr'>personalitatis</span> <span class='ocrx_word' id='word_1_51' title='bbox 1011 417 1135 447; x_wconf 89' lang='lat' dir='ltr'>divinae</span> <span class='ocrx_word' id='word_1_52' title='bbox 1164 417 1337 447; x_wconf 87' lang='lat' dir='ltr'>formaliter</span> 
     </span>
     <span class='ocr_line' id='line_1_17' title="bbox 275 460 1337 503; baseline -0.003 -10"><span class='ocrx_word' id='word_1_53' title='bbox 275 468 430 503; x_wconf 84' lang='lat' dir='ltr'>sumptae.</span> <span class='ocrx_word' id='word_1_54' title='bbox 455 462 629 500; x_wconf 84' lang='lat' dir='ltr'>Quoniam,</span> <span class='ocrx_word' id='word_1_55' title='bbox 653 466 690 491; x_wconf 91' lang='lat' dir='ltr'>ut</span> <span class='ocrx_word' id='word_1_56' title='bbox 713 460 834 491; x_wconf 87' lang='lat' dir='ltr'>dictum</span> <span class='ocrx_word' id='word_1_57' title='bbox 857 466 912 496; x_wconf 89' lang='lat' dir='ltr'>est,</span> <span class='ocrx_word' id='word_1_58' title='bbox 938 462 1088 490; x_wconf 90' lang='lat' dir='ltr'>convenit</span> <span class='ocrx_word' id='word_1_59' title='bbox 1103 461 1148 491; x_wconf 89' lang='lat' dir='ltr'>illi</span> <span class='ocrx_word' id='word_1_60' title='bbox 1164 461 1337 490; x_wconf 85' lang='lat' dir='ltr'>formaliter</span> 
     </span>
     <span class='ocr_line' id='line_1_18' title="bbox 275 505 1337 545; baseline -0.002 -9"><span class='ocrx_word' id='word_1_61' title='bbox 275 507 490 537; x_wconf 88' lang='lat' dir='ltr'>subsistentia:</span> <span class='ocrx_word' id='word_1_62' title='bbox 513 506 655 545; x_wconf 91' lang='lat' dir='ltr'>alioquin</span> <span class='ocrx_word' id='word_1_63' title='bbox 671 514 737 535; x_wconf 91' lang='lat' dir='ltr'>non</span> <span class='ocrx_word' id='word_1_64' title='bbox 755 510 835 534; x_wconf 90' lang='lat' dir='ltr'>esset</span> <span class='ocrx_word' id='word_1_65' title='bbox 850 505 1066 543; x_wconf 85' lang='lat' dir='ltr'>personalitas,</span> <span class='ocrx_word' id='word_1_66' title='bbox 1084 506 1158 544; x_wconf 90' lang='lat' dir='ltr'>quia</span> <span class='ocrx_word' id='word_1_67' title='bbox 1173 514 1240 534; x_wconf 92' lang='lat' dir='ltr'>non</span> <span class='ocrx_word' id='word_1_68' title='bbox 1257 510 1337 534; x_wconf 89' lang='lat' dir='ltr'>esset</span> 
     </span>
     <span class='ocr_line' id='line_1_19' title="bbox 275 548 1336 588; baseline -0.002 -8"><span class='ocrx_word' id='word_1_69' title='bbox 275 550 478 580; x_wconf 89' lang='lat' dir='ltr'>constitutiva</span> <span class='ocrx_word' id='word_1_70' title='bbox 500 559 534 579; x_wconf 90' lang='lat' dir='ltr'>se</span> <span class='ocrx_word' id='word_1_71' title='bbox 557 554 624 579; x_wconf 86' lang='lat' dir='ltr'>tota</span> <span class='ocrx_word' id='word_1_72' title='bbox 646 557 810 588; x_wconf 88' lang='lat' dir='ltr'>personae.</span> <span class='ocrx_word' id='word_1_73' title='bbox 839 548 974 578; x_wconf 83' lang='lat' dir='ltr'>Constat</span> <span class='ocrx_word' id='word_1_74' title='bbox 996 554 1103 578; x_wconf 87' lang='lat' dir='ltr'>autem</span> <span class='ocrx_word' id='word_1_75' title='bbox 1127 548 1215 588; x_wconf 91' lang='lat' dir='ltr'>quod</span> <span class='ocrx_word' id='word_1_76' title='bbox 1239 548 1336 578; x_wconf 90' lang='lat' dir='ltr'>Filius</span> 
     </span>
     <span class='ocr_line' id='line_1_20' title="bbox 274 591 1334 634; baseline -0.003 -10"><span class='ocrx_word' id='word_1_77' title='bbox 274 595 344 630; x_wconf 90' lang='lat' dir='ltr'>Dei,</span> <span class='ocrx_word' id='word_1_78' title='bbox 369 599 526 634; x_wconf 87' lang='lat' dir='ltr'>quatenus</span> <span class='ocrx_word' id='word_1_79' title='bbox 549 593 730 628; x_wconf 89' lang='lat' dir='ltr'>subsistens,</span> <span class='ocrx_word' id='word_1_80' title='bbox 747 598 892 622; x_wconf 89' lang='lat' dir='ltr'>naturam</span> <span class='ocrx_word' id='word_1_81' title='bbox 908 593 1081 622; x_wconf 87' lang='lat' dir='ltr'>humanam</span> <span class='ocrx_word' id='word_1_82' title='bbox 1097 591 1334 622; x_wconf 88' lang='lat' dir='ltr'>substantificat.</span> 
     </span>
     <span class='ocr_line' id='line_1_21' title="bbox 274 635 1336 677; baseline -0.004 -8"><span class='ocrx_word' id='word_1_83' title='bbox 274 637 368 669; x_wconf 84' lang='lat' dir='ltr'>Unde</span> <span class='ocrx_word' id='word_1_84' title='bbox 389 642 477 677; x_wconf 89' lang='lat' dir='ltr'>patet</span> <span class='ocrx_word' id='word_1_85' title='bbox 498 636 588 676; x_wconf 94' lang='lat' dir='ltr'>quod</span> <span class='ocrx_word' id='word_1_86' title='bbox 610 636 762 671; x_wconf 89' lang='lat' dir='ltr'>Verbum,</span> <span class='ocrx_word' id='word_1_87' title='bbox 787 635 965 666; x_wconf 90' lang='lat' dir='ltr'>secundum</span> <span class='ocrx_word' id='word_1_88' title='bbox 980 636 1067 666; x_wconf 89' lang='lat' dir='ltr'>illam</span> <span class='ocrx_word' id='word_1_89' title='bbox 1090 646 1165 666; x_wconf 88' lang='lat' dir='ltr'>suae</span> <span class='ocrx_word' id='word_1_90' title='bbox 1185 645 1336 675; x_wconf 88' lang='lat' dir='ltr'>persona-</span> 
     </span>
     <span class='ocr_line' id='line_1_22' title="bbox 273 679 1336 719; baseline -0.002 -8"><span class='ocrx_word' id='word_1_91' title='bbox 273 681 367 714; x_wconf 82' lang='lat' dir='ltr'>litatis</span> <span class='ocrx_word' id='word_1_92' title='bbox 397 681 553 711; x_wconf 86' lang='lat' dir='ltr'>rationem</span> <span class='ocrx_word' id='word_1_93' title='bbox 583 689 647 719; x_wconf 92' lang='lat' dir='ltr'>qua</span> <span class='ocrx_word' id='word_1_94' title='bbox 670 685 717 709; x_wconf 89' lang='lat' dir='ltr'>est</span> <span class='ocrx_word' id='word_1_95' title='bbox 739 680 927 715; x_wconf 88' lang='lat' dir='ltr'>subsistens,</span> <span class='ocrx_word' id='word_1_96' title='bbox 958 689 994 709; x_wconf 90' lang='lat' dir='ltr'>ac</span> <span class='ocrx_word' id='word_1_97' title='bbox 1024 689 1081 719; x_wconf 88' lang='lat' dir='ltr'>per</span> <span class='ocrx_word' id='word_1_98' title='bbox 1103 680 1167 710; x_wconf 92' lang='lat' dir='ltr'>hoc</span> <span class='ocrx_word' id='word_1_99' title='bbox 1193 679 1336 709; x_wconf 87' lang='lat' dir='ltr'>infinitae</span> 
     </span>
     <span class='ocr_line' id='line_1_23' title="bbox 273 723 1336 762; baseline -0.003 -7"><span class='ocrx_word' id='word_1_100' title='bbox 273 725 506 759; x_wconf 86' lang='lat' dir='ltr'>subsistentiae,</span> <span class='ocrx_word' id='word_1_101' title='bbox 530 724 615 753; x_wconf 91' lang='lat' dir='ltr'>vices</span> <span class='ocrx_word' id='word_1_102' title='bbox 645 723 803 753; x_wconf 87' lang='lat' dir='ltr'>humanae</span> <span class='ocrx_word' id='word_1_103' title='bbox 826 733 981 762; x_wconf 90' lang='lat' dir='ltr'>personae</span> <span class='ocrx_word' id='word_1_104' title='bbox 1009 723 1182 753; x_wconf 88' lang='lat' dir='ltr'>formaliter</span> <span class='ocrx_word' id='word_1_105' title='bbox 1205 728 1235 752; x_wconf 92' lang='lat' dir='ltr'>et</span> <span class='ocrx_word' id='word_1_106' title='bbox 1259 724 1336 753; x_wconf 88' lang='lat' dir='ltr'>emi-</span> 
     </span>
     <span class='ocr_line' id='line_1_24' title="bbox 272 767 1335 808; baseline -0.003 -9"><span class='ocrx_word' id='word_1_107' title='bbox 272 774 384 799; x_wconf 89' lang='lat' dir='ltr'>nenter</span> <span class='ocrx_word' id='word_1_108' title='bbox 405 769 439 798; x_wconf 92' lang='lat' dir='ltr'>in</span> <span class='ocrx_word' id='word_1_109' title='bbox 453 768 605 808; x_wconf 90' lang='lat' dir='ltr'>mysterio</span> <span class='ocrx_word' id='word_1_110' title='bbox 621 767 846 797; x_wconf 85' lang='lat' dir='ltr'>incarnationis</span> <span class='ocrx_word' id='word_1_111' title='bbox 862 767 1004 807; x_wconf 89' lang='lat' dir='ltr'>supplet:</span> <span class='ocrx_word' id='word_1_112' title='bbox 1030 773 1076 796; x_wconf 92' lang='lat' dir='ltr'>est</span> <span class='ocrx_word' id='word_1_113' title='bbox 1092 767 1178 797; x_wconf 91' lang='lat' dir='ltr'>enim</span> <span class='ocrx_word' id='word_1_114' title='bbox 1194 767 1335 796; x_wconf 90' lang='lat' dir='ltr'>Verbum</span> 
     </span>
     <span class='ocr_line' id='line_1_25' title="bbox 272 812 756 852; baseline -0.004 -10"><span class='ocrx_word' id='word_1_115' title='bbox 272 821 409 852; x_wconf 87' lang='lat' dir='ltr'>persona</span> <span class='ocrx_word' id='word_1_116' title='bbox 432 812 591 841; x_wconf 90' lang='lat' dir='ltr'>humanae</span> <span class='ocrx_word' id='word_1_117' title='bbox 613 816 756 840; x_wconf 89' lang='lat' dir='ltr'>naturae.</span> 
     </span>
    </p>

    <p class='ocr_par' dir='ltr' id='par_1_12' title="bbox 268 854 1336 1508">
     <span class='ocr_line' id='line_1_26' title="bbox 327 854 1336 894; baseline -0.002 -8"><span class='ocrx_word' id='word_1_118' title='bbox 327 856 368 886; x_wconf 92' lang='lat' dir='ltr'>Et</span> <span class='ocrx_word' id='word_1_119' title='bbox 391 854 606 886; x_wconf 88' lang='lat' dir='ltr'>confirmatur.</span> <span class='ocrx_word' id='word_1_120' title='bbox 631 854 715 892; x_wconf 90' lang='lat' dir='ltr'>Quia</span> <span class='ocrx_word' id='word_1_121' title='bbox 738 864 795 894; x_wconf 90' lang='lat' dir='ltr'>per</span> <span class='ocrx_word' id='word_1_122' title='bbox 810 854 889 884; x_wconf 92' lang='lat' dir='ltr'>illud</span> <span class='ocrx_word' id='word_1_123' title='bbox 905 854 990 884; x_wconf 91' lang='lat' dir='ltr'>idem</span> <span class='ocrx_word' id='word_1_124' title='bbox 1014 864 1080 894; x_wconf 94' lang='lat' dir='ltr'>quo</span> <span class='ocrx_word' id='word_1_125' title='bbox 1103 855 1246 884; x_wconf 88' lang='lat' dir='ltr'>Verbum</span> <span class='ocrx_word' id='word_1_126' title='bbox 1262 855 1336 884; x_wconf 90' lang='lat' dir='ltr'>sub-</span> 
     </span>
     <span class='ocr_line' id='line_1_27' title="bbox 271 898 1336 937; baseline -0.003 -7"><span class='ocrx_word' id='word_1_127' title='bbox 271 899 351 930; x_wconf 86' lang='lat' dir='ltr'>sistit</span> <span class='ocrx_word' id='word_1_128' title='bbox 373 900 406 929; x_wconf 92' lang='lat' dir='ltr'>in</span> <span class='ocrx_word' id='word_1_129' title='bbox 429 898 553 928; x_wconf 90' lang='lat' dir='ltr'>duabus</span> <span class='ocrx_word' id='word_1_130' title='bbox 574 899 704 934; x_wconf 81' lang='lat' dir='ltr'>naturiS,</span> <span class='ocrx_word' id='word_1_131' title='bbox 729 898 835 928; x_wconf 87' lang='lat' dir='ltr'>divina</span> <span class='ocrx_word' id='word_1_132' title='bbox 858 898 977 928; x_wconf 89' lang='lat' dir='ltr'>scilicet</span> <span class='ocrx_word' id='word_1_133' title='bbox 1000 903 1032 928; x_wconf 88' lang='lat' dir='ltr'>et</span> <span class='ocrx_word' id='word_1_134' title='bbox 1053 899 1206 934; x_wconf 91' lang='lat' dir='ltr'>humana,</span> <span class='ocrx_word' id='word_1_135' title='bbox 1230 903 1336 937; x_wconf 89' lang='lat' dir='ltr'>potest</span> 
     </span>
     <span class='ocr_line' id='line_1_28' title="bbox 272 941 1333 982; baseline -0.002 -9"><span class='ocrx_word' id='word_1_136' title='bbox 272 943 456 978; x_wconf 86' lang='lat' dir='ltr'>subsistere,</span> <span class='ocrx_word' id='word_1_137' title='bbox 482 947 638 982; x_wconf 88' lang='lat' dir='ltr'>quantum</span> <span class='ocrx_word' id='word_1_138' title='bbox 662 947 709 972; x_wconf 90' lang='lat' dir='ltr'>est</span> <span class='ocrx_word' id='word_1_139' title='bbox 732 951 770 971; x_wconf 88' lang='lat' dir='ltr'>ex</span> <span class='ocrx_word' id='word_1_140' title='bbox 792 946 881 981; x_wconf 90' lang='lat' dir='ltr'>parte</span> <span class='ocrx_word' id='word_1_141' title='bbox 904 951 970 978; x_wconf 91' lang='lat' dir='ltr'>sua,</span> <span class='ocrx_word' id='word_1_142' title='bbox 994 942 1027 971; x_wconf 92' lang='lat' dir='ltr'>in</span> <span class='ocrx_word' id='word_1_143' title='bbox 1050 941 1182 971; x_wconf 86' lang='lat' dir='ltr'>infinitis</span> <span class='ocrx_word' id='word_1_144' title='bbox 1205 942 1333 971; x_wconf 89' lang='lat' dir='ltr'>naturis.</span> 
     </span>
     <span class='ocr_line' id='line_1_29' title="bbox 271 984 1335 1026; baseline -0.003 -9"><span class='ocrx_word' id='word_1_145' title='bbox 271 987 436 1025; x_wconf 89' lang='lat' dir='ltr'>Quoniam</span> <span class='ocrx_word' id='word_1_146' title='bbox 458 986 514 1016; x_wconf 93' lang='lat' dir='ltr'>ubi</span> <span class='ocrx_word' id='word_1_147' title='bbox 536 986 698 1026; x_wconf 83' lang='lat' dir='ltr'>pluralitas</span> <span class='ocrx_word' id='word_1_148' title='bbox 713 995 780 1015; x_wconf 89' lang='lat' dir='ltr'>non</span> <span class='ocrx_word' id='word_1_149' title='bbox 796 984 872 1016; x_wconf 88' lang='lat' dir='ltr'>facit</span> <span class='ocrx_word' id='word_1_150' title='bbox 887 985 1105 1021; x_wconf 87' lang='lat' dir='ltr'>differentiam,</span> <span class='ocrx_word' id='word_1_151' title='bbox 1121 995 1181 1015; x_wconf 90' lang='lat' dir='ltr'>nec</span> <span class='ocrx_word' id='word_1_152' title='bbox 1196 984 1335 1015; x_wconf 90' lang='lat' dir='ltr'>infinitas</span> 
     </span>
     <span class='ocr_line' id='line_1_30' title="bbox 271 1028 1335 1069; baseline -0.003 -8"><span class='ocrx_word' id='word_1_153' title='bbox 271 1030 388 1067; x_wconf 85' lang='lat' dir='ltr'>faceret</span> <span class='ocrx_word' id='word_1_154' title='bbox 411 1029 629 1065; x_wconf 87' lang='lat' dir='ltr'>differentiam,</span> <span class='ocrx_word' id='word_1_155' title='bbox 654 1030 679 1059; x_wconf 90' lang='lat' dir='ltr'>si</span> <span class='ocrx_word' id='word_1_156' title='bbox 702 1028 840 1059; x_wconf 87' lang='lat' dir='ltr'>infinitas</span> <span class='ocrx_word' id='word_1_157' title='bbox 863 1029 1022 1069; x_wconf 90' lang='lat' dir='ltr'>possibilis</span> <span class='ocrx_word' id='word_1_158' title='bbox 1046 1035 1136 1059; x_wconf 90' lang='lat' dir='ltr'>esset.</span> <span class='ocrx_word' id='word_1_159' title='bbox 1172 1028 1235 1059; x_wconf 88' lang='lat' dir='ltr'>Sed</span> <span class='ocrx_word' id='word_1_160' title='bbox 1257 1029 1335 1058; x_wconf 93' lang='lat' dir='ltr'>Ver-</span> 
     </span>
     <span class='ocr_line' id='line_1_31' title="bbox 271 1073 1335 1114; baseline -0.003 -9"><span class='ocrx_word' id='word_1_161' title='bbox 271 1076 350 1105; x_wconf 92' lang='lat' dir='ltr'>bum</span> <span class='ocrx_word' id='word_1_162' title='bbox 371 1083 429 1114; x_wconf 90' lang='lat' dir='ltr'>per</span> <span class='ocrx_word' id='word_1_163' title='bbox 451 1083 542 1104; x_wconf 89' lang='lat' dir='ltr'>suam</span> <span class='ocrx_word' id='word_1_164' title='bbox 564 1073 838 1113; x_wconf 88' lang='lat' dir='ltr'>personalitatem,</span> <span class='ocrx_word' id='word_1_165' title='bbox 871 1078 1027 1112; x_wconf 89' lang='lat' dir='ltr'>quatenus</span> <span class='ocrx_word' id='word_1_166' title='bbox 1056 1078 1102 1103; x_wconf 89' lang='lat' dir='ltr'>est</span> <span class='ocrx_word' id='word_1_167' title='bbox 1132 1073 1335 1102; x_wconf 85' lang='lat' dir='ltr'>constitutiva</span> 
     </span>
     <span class='ocr_line' id='line_1_32' title="bbox 270 1117 1335 1158; baseline -0.004 -9"><span class='ocrx_word' id='word_1_168' title='bbox 270 1127 426 1158; x_wconf 90' lang='lat' dir='ltr'>personae</span> <span class='ocrx_word' id='word_1_169' title='bbox 449 1117 552 1158; x_wconf 92' lang='lat' dir='ltr'>(quod</span> <span class='ocrx_word' id='word_1_170' title='bbox 576 1122 623 1147; x_wconf 90' lang='lat' dir='ltr'>est</span> <span class='ocrx_word' id='word_1_171' title='bbox 645 1117 759 1152; x_wconf 88' lang='lat' dir='ltr'>dicere,</span> <span class='ocrx_word' id='word_1_172' title='bbox 785 1122 941 1156; x_wconf 90' lang='lat' dir='ltr'>quatenus</span> <span class='ocrx_word' id='word_1_173' title='bbox 965 1122 1011 1146; x_wconf 87' lang='lat' dir='ltr'>est</span> <span class='ocrx_word' id='word_1_174' title='bbox 1034 1117 1237 1146; x_wconf 88' lang='lat' dir='ltr'>constitutiva</span> <span class='ocrx_word' id='word_1_175' title='bbox 1260 1117 1335 1146; x_wconf 93' lang='lat' dir='ltr'>sub-</span> 
     </span>
     <span class='ocr_line' id='line_1_33' title="bbox 271 1159 1334 1200; baseline -0.003 -8"><span class='ocrx_word' id='word_1_176' title='bbox 271 1162 407 1192; x_wconf 90' lang='lat' dir='ltr'>sistentis</span> <span class='ocrx_word' id='word_1_177' title='bbox 436 1162 470 1192; x_wconf 92' lang='lat' dir='ltr'>in</span> <span class='ocrx_word' id='word_1_178' title='bbox 494 1161 599 1191; x_wconf 90' lang='lat' dir='ltr'>divina</span> <span class='ocrx_word' id='word_1_179' title='bbox 621 1160 765 1200; x_wconf 88' lang='lat' dir='ltr'>natura),</span> <span class='ocrx_word' id='word_1_180' title='bbox 795 1161 890 1190; x_wconf 90' lang='lat' dir='ltr'>habet</span> <span class='ocrx_word' id='word_1_181' title='bbox 913 1160 1002 1199; x_wconf 92' lang='lat' dir='ltr'>quod</span> <span class='ocrx_word' id='word_1_182' title='bbox 1024 1161 1125 1199; x_wconf 90' lang='lat' dir='ltr'>possit</span> <span class='ocrx_word' id='word_1_183' title='bbox 1154 1161 1188 1190; x_wconf 90' lang='lat' dir='ltr'>in</span> <span class='ocrx_word' id='word_1_184' title='bbox 1211 1159 1334 1190; x_wconf 88' lang='lat' dir='ltr'>duabus</span> 
     </span>
     <span class='ocr_line' id='line_1_34' title="bbox 269 1204 1334 1243; baseline -0.003 -7"><span class='ocrx_word' id='word_1_185' title='bbox 269 1206 388 1236; x_wconf 90' lang='lat' dir='ltr'>naturis</span> <span class='ocrx_word' id='word_1_186' title='bbox 412 1205 590 1235; x_wconf 80' lang='lat' dir='ltr'>subsistere.</span> <span class='ocrx_word' id='word_1_187' title='bbox 614 1204 699 1243; x_wconf 88' lang='lat' dir='ltr'>Ergo</span> <span class='ocrx_word' id='word_1_188' title='bbox 723 1213 780 1243; x_wconf 88' lang='lat' dir='ltr'>per</span> <span class='ocrx_word' id='word_1_189' title='bbox 798 1213 889 1234; x_wconf 90' lang='lat' dir='ltr'>suam</span> <span class='ocrx_word' id='word_1_190' title='bbox 911 1204 1177 1243; x_wconf 85' lang='lat' dir='ltr'>personalitatem,</span> <span class='ocrx_word' id='word_1_191' title='bbox 1202 1209 1238 1233; x_wconf 92' lang='lat' dir='ltr'>ut</span> <span class='ocrx_word' id='word_1_192' title='bbox 1261 1204 1334 1233; x_wconf 91' lang='lat' dir='ltr'>sub-</span> 
     </span>
     <span class='ocr_line' id='line_1_35' title="bbox 270 1246 1334 1286; baseline -0.004 -6"><span class='ocrx_word' id='word_1_193' title='bbox 270 1251 433 1280; x_wconf 86' lang='lat' dir='ltr'>sistentem</span> <span class='ocrx_word' id='word_1_194' title='bbox 462 1249 496 1278; x_wconf 91' lang='lat' dir='ltr'>in</span> <span class='ocrx_word' id='word_1_195' title='bbox 527 1247 633 1278; x_wconf 89' lang='lat' dir='ltr'>divina</span> <span class='ocrx_word' id='word_1_196' title='bbox 662 1253 790 1283; x_wconf 83' lang='lat' dir='ltr'>natura,</span> <span class='ocrx_word' id='word_1_197' title='bbox 820 1252 927 1286; x_wconf 90' lang='lat' dir='ltr'>potest</span> <span class='ocrx_word' id='word_1_198' title='bbox 949 1248 1117 1277; x_wconf 88' lang='lat' dir='ltr'>subsistere</span> <span class='ocrx_word' id='word_1_199' title='bbox 1147 1248 1180 1277; x_wconf 90' lang='lat' dir='ltr'>in</span> <span class='ocrx_word' id='word_1_200' title='bbox 1203 1246 1334 1277; x_wconf 90' lang='lat' dir='ltr'>infinitis</span> 
     </span>
     <span class='ocr_line' id='line_1_36' title="bbox 269 1290 1334 1331; baseline -0.003 -8"><span class='ocrx_word' id='word_1_201' title='bbox 269 1293 398 1323; x_wconf 91' lang='lat' dir='ltr'>naturis.</span> <span class='ocrx_word' id='word_1_202' title='bbox 422 1291 485 1322; x_wconf 90' lang='lat' dir='ltr'>Sed</span> <span class='ocrx_word' id='word_1_203' title='bbox 506 1301 602 1331; x_wconf 90' lang='lat' dir='ltr'>posse</span> <span class='ocrx_word' id='word_1_204' title='bbox 625 1291 794 1321; x_wconf 86' lang='lat' dir='ltr'>subsistere</span> <span class='ocrx_word' id='word_1_205' title='bbox 817 1292 850 1320; x_wconf 92' lang='lat' dir='ltr'>in</span> <span class='ocrx_word' id='word_1_206' title='bbox 874 1290 1005 1320; x_wconf 85' lang='lat' dir='ltr'>infinitis</span> <span class='ocrx_word' id='word_1_207' title='bbox 1021 1291 1140 1320; x_wconf 90' lang='lat' dir='ltr'>naturis</span> <span class='ocrx_word' id='word_1_208' title='bbox 1164 1296 1211 1320; x_wconf 92' lang='lat' dir='ltr'>est</span> <span class='ocrx_word' id='word_1_209' title='bbox 1233 1291 1334 1320; x_wconf 90' lang='lat' dir='ltr'>subsi-</span> 
     </span>
     <span class='ocr_line' id='line_1_37' title="bbox 268 1333 1332 1374; baseline -0.003 -7"><span class='ocrx_word' id='word_1_210' title='bbox 268 1337 401 1367; x_wconf 83' lang='lat' dir='ltr'>stentiae</span> <span class='ocrx_word' id='word_1_211' title='bbox 423 1335 574 1366; x_wconf 89' lang='lat' dir='ltr'>infinitae.</span> <span class='ocrx_word' id='word_1_212' title='bbox 599 1335 696 1374; x_wconf 88' lang='lat' dir='ltr'>Igitur</span> <span class='ocrx_word' id='word_1_213' title='bbox 719 1335 919 1364; x_wconf 88' lang='lat' dir='ltr'>subsistentia</span> <span class='ocrx_word' id='word_1_214' title='bbox 943 1344 1007 1374; x_wconf 91' lang='lat' dir='ltr'>qua</span> <span class='ocrx_word' id='word_1_215' title='bbox 1024 1335 1167 1364; x_wconf 89' lang='lat' dir='ltr'>Verbum</span> <span class='ocrx_word' id='word_1_216' title='bbox 1191 1334 1230 1364; x_wconf 95' lang='lat' dir='ltr'>de</span> <span class='ocrx_word' id='word_1_217' title='bbox 1248 1333 1332 1364; x_wconf 86' lang='lat' dir='ltr'>facto</span> 
     </span>
     <span class='ocr_line' id='line_1_38' title="bbox 269 1378 1333 1417; baseline -0.004 -6"><span class='ocrx_word' id='word_1_218' title='bbox 269 1379 497 1411; x_wconf 90' lang='lat' dir='ltr'>substantificat</span> <span class='ocrx_word' id='word_1_219' title='bbox 516 1380 690 1409; x_wconf 88' lang='lat' dir='ltr'>humanam</span> <span class='ocrx_word' id='word_1_220' title='bbox 705 1383 860 1413; x_wconf 89' lang='lat' dir='ltr'>naturam,</span> <span class='ocrx_word' id='word_1_221' title='bbox 879 1379 973 1417; x_wconf 87' lang='lat' dir='ltr'>exigit</span> <span class='ocrx_word' id='word_1_222' title='bbox 988 1378 1187 1408; x_wconf 87' lang='lat' dir='ltr'>infinitatem.</span> <span class='ocrx_word' id='word_1_223' title='bbox 1212 1378 1333 1408; x_wconf 90' lang='lat' dir='ltr'>Eadem</span> 
     </span>
     <span class='ocr_line' id='line_1_39' title="bbox 269 1421 1334 1462; baseline -0.004 -7"><span class='ocrx_word' id='word_1_224' title='bbox 269 1425 356 1455; x_wconf 87' lang='lat' dir='ltr'>enim</span> <span class='ocrx_word' id='word_1_225' title='bbox 379 1429 426 1454; x_wconf 90' lang='lat' dir='ltr'>est</span> <span class='ocrx_word' id='word_1_226' title='bbox 449 1422 591 1453; x_wconf 91' lang='lat' dir='ltr'>conditio</span> <span class='ocrx_word' id='word_1_227' title='bbox 615 1423 682 1452; x_wconf 91' lang='lat' dir='ltr'>eius</span> <span class='ocrx_word' id='word_1_228' title='bbox 714 1431 777 1462; x_wconf 91' lang='lat' dir='ltr'>qua</span> <span class='ocrx_word' id='word_1_229' title='bbox 799 1431 887 1452; x_wconf 92' lang='lat' dir='ltr'>nunc</span> <span class='ocrx_word' id='word_1_230' title='bbox 910 1422 1050 1452; x_wconf 89' lang='lat' dir='ltr'>subsistit</span> <span class='ocrx_word' id='word_1_231' title='bbox 1072 1423 1106 1452; x_wconf 93' lang='lat' dir='ltr'>in</span> <span class='ocrx_word' id='word_1_232' title='bbox 1129 1421 1270 1458; x_wconf 89' lang='lat' dir='ltr'>duabus,</span> <span class='ocrx_word' id='word_1_233' title='bbox 1303 1427 1334 1451; x_wconf 93' lang='lat' dir='ltr'>et</span> 
     </span>
     <span class='ocr_line' id='line_1_40' title="bbox 269 1465 763 1508; baseline -0.004 -9"><span class='ocrx_word' id='word_1_234' title='bbox 269 1478 333 1508; x_wconf 90' lang='lat' dir='ltr'>qua</span> <span class='ocrx_word' id='word_1_235' title='bbox 355 1468 537 1498; x_wconf 89' lang='lat' dir='ltr'>subsisteret</span> <span class='ocrx_word' id='word_1_236' title='bbox 559 1467 593 1496; x_wconf 92' lang='lat' dir='ltr'>in</span> <span class='ocrx_word' id='word_1_237' title='bbox 615 1465 763 1497; x_wconf 81' lang='lat' dir='ltr'>infinitis..</span> 
     </span>
    </p>

    <p class='ocr_par' dir='ltr' id='par_1_13' title="bbox 265 1509 1333 2035">
     <span class='ocr_line' id='line_1_41' title="bbox 323 1509 1332 1550; baseline -0.003 -8"><span class='ocrx_word' id='word_1_238' title='bbox 323 1513 505 1546; x_wconf 88' lang='lat' dir='ltr'>Praeterea,</span> <span class='ocrx_word' id='word_1_239' title='bbox 536 1510 633 1540; x_wconf 90' lang='lat' dir='ltr'>Verbi</span> <span class='ocrx_word' id='word_1_240' title='bbox 662 1510 869 1550; x_wconf 88' lang='lat' dir='ltr'>personalitas</span> <span class='ocrx_word' id='word_1_241' title='bbox 901 1510 934 1539; x_wconf 91' lang='lat' dir='ltr'>in</span> <span class='ocrx_word' id='word_1_242' title='bbox 964 1519 1021 1540; x_wconf 85' lang='lat' dir='ltr'>sua</span> <span class='ocrx_word' id='word_1_243' title='bbox 1053 1509 1178 1539; x_wconf 91' lang='lat' dir='ltr'>formali</span> <span class='ocrx_word' id='word_1_244' title='bbox 1210 1510 1332 1540; x_wconf 90' lang='lat' dir='ltr'>ratione</span> 
     </span>
     <span class='ocr_line' id='line_1_42' title="bbox 269 1553 1332 1593; baseline -0.003 -7"><span class='ocrx_word' id='word_1_245' title='bbox 269 1556 387 1586; x_wconf 91' lang='lat' dir='ltr'>claudit</span> <span class='ocrx_word' id='word_1_246' title='bbox 401 1555 646 1585; x_wconf 89' lang='lat' dir='ltr'>subsistentiam.</span> <span class='ocrx_word' id='word_1_247' title='bbox 670 1554 766 1593; x_wconf 87' lang='lat' dir='ltr'>Ergo,</span> <span class='ocrx_word' id='word_1_248' title='bbox 783 1553 1014 1593; x_wconf 89' lang='lat' dir='ltr'>perfectionem</span> <span class='ocrx_word' id='word_1_249' title='bbox 1029 1554 1222 1593; x_wconf 87' lang='lat' dir='ltr'>simpliciter.</span> <span class='ocrx_word' id='word_1_250' title='bbox 1247 1554 1332 1593; x_wconf 89' lang='lat' dir='ltr'>Ergo</span> 
     </span>
     <span class='ocr_line' id='line_1_43' title="bbox 269 1597 1333 1637; baseline -0.003 -7"><span class='ocrx_word' id='word_1_251' title='bbox 269 1605 316 1630; x_wconf 88' lang='lat' dir='ltr'>est</span> <span class='ocrx_word' id='word_1_252' title='bbox 330 1599 454 1630; x_wconf 86' lang='lat' dir='ltr'>infinita</span> <span class='ocrx_word' id='word_1_253' title='bbox 470 1598 652 1628; x_wconf 90' lang='lat' dir='ltr'>formaliter.</span> <span class='ocrx_word' id='word_1_254' title='bbox 668 1615 692 1619; x_wconf 85' lang='lat'>—</span> <span class='ocrx_word' id='word_1_255' title='bbox 706 1597 909 1627; x_wconf 90' lang='lat' dir='ltr'>Antecedens</span> <span class='ocrx_word' id='word_1_256' title='bbox 924 1598 1096 1637; x_wconf 88' lang='lat' dir='ltr'>probatum</span> <span class='ocrx_word' id='word_1_257' title='bbox 1113 1602 1168 1627; x_wconf 92' lang='lat' dir='ltr'>est.</span> <span class='ocrx_word' id='word_1_258' title='bbox 1188 1615 1211 1618; x_wconf 78' lang='lat'>—</span> <span class='ocrx_word' id='word_1_259' title='bbox 1228 1597 1333 1627; x_wconf 89' lang='lat' dir='ltr'>Prima</span> 
     </span>
     <span class='ocr_line' id='line_1_44' title="bbox 269 1641 1333 1683; baseline -0.004 -8"><span class='ocrx_word' id='word_1_260' title='bbox 269 1643 499 1683; x_wconf 89' lang='lat' dir='ltr'>consequentia</span> <span class='ocrx_word' id='word_1_261' title='bbox 513 1642 676 1682; x_wconf 87' lang='lat' dir='ltr'>probatur.</span> <span class='ocrx_word' id='word_1_262' title='bbox 700 1641 819 1677; x_wconf 92' lang='lat' dir='ltr'>Primo,</span> <span class='ocrx_word' id='word_1_263' title='bbox 837 1642 912 1681; x_wconf 90' lang='lat' dir='ltr'>quia</span> <span class='ocrx_word' id='word_1_264' title='bbox 927 1642 1128 1671; x_wconf 88' lang='lat' dir='ltr'>subsistentia</span> <span class='ocrx_word' id='word_1_265' title='bbox 1143 1651 1211 1671; x_wconf 92' lang='lat' dir='ltr'>non</span> <span class='ocrx_word' id='word_1_266' title='bbox 1227 1641 1333 1671; x_wconf 91' lang='lat' dir='ltr'>solum</span> 
     </span>
     <span class='ocr_line' id='line_1_45' title="bbox 268 1684 1332 1727; baseline -0.003 -9"><span class='ocrx_word' id='word_1_267' title='bbox 268 1693 315 1718; x_wconf 90' lang='lat' dir='ltr'>est</span> <span class='ocrx_word' id='word_1_268' title='bbox 337 1686 502 1727; x_wconf 85' lang='lat' dir='ltr'>perfectio,</span> <span class='ocrx_word' id='word_1_269' title='bbox 527 1685 582 1715; x_wconf 92' lang='lat' dir='ltr'>sed</span> <span class='ocrx_word' id='word_1_270' title='bbox 605 1685 742 1715; x_wconf 84' lang='lat' dir='ltr'>maxima</span> <span class='ocrx_word' id='word_1_271' title='bbox 757 1684 930 1724; x_wconf 89' lang='lat' dir='ltr'>perfectio:</span> <span class='ocrx_word' id='word_1_272' title='bbox 955 1685 1081 1715; x_wconf 90' lang='lat' dir='ltr'>nullum</span> <span class='ocrx_word' id='word_1_273' title='bbox 1096 1694 1237 1724; x_wconf 89' lang='lat' dir='ltr'>namque</span> <span class='ocrx_word' id='word_1_274' title='bbox 1254 1684 1332 1715; x_wconf 91' lang='lat' dir='ltr'>divi-</span> 
     </span>
     <span class='ocr_line' id='line_1_46' title="bbox 267 1728 1332 1770; baseline -0.004 -8"><span class='ocrx_word' id='word_1_275' title='bbox 267 1741 348 1762; x_wconf 92' lang='lat' dir='ltr'>num</span> <span class='ocrx_word' id='word_1_276' title='bbox 371 1736 452 1761; x_wconf 90' lang='lat' dir='ltr'>esset</span> <span class='ocrx_word' id='word_1_277' title='bbox 473 1729 652 1770; x_wconf 86' lang='lat' dir='ltr'>perfectum</span> <span class='ocrx_word' id='word_1_278' title='bbox 675 1729 736 1758; x_wconf 90' lang='lat' dir='ltr'>nisi</span> <span class='ocrx_word' id='word_1_279' title='bbox 759 1729 942 1759; x_wconf 90' lang='lat' dir='ltr'>subsistens.</span> <span class='ocrx_word' id='word_1_280' title='bbox 973 1728 1134 1764; x_wconf 81' lang='lat' dir='ltr'>Secundo,</span> <span class='ocrx_word' id='word_1_281' title='bbox 1159 1738 1196 1758; x_wconf 88' lang='lat' dir='ltr'>ex</span> <span class='ocrx_word' id='word_1_282' title='bbox 1221 1728 1332 1758; x_wconf 91' lang='lat' dir='ltr'>defini-</span> 
     </span>
     <span class='ocr_line' id='line_1_47' title="bbox 267 1772 1332 1815; baseline -0.004 -9"><span class='ocrx_word' id='word_1_283' title='bbox 267 1776 356 1806; x_wconf 89' lang='lat' dir='ltr'>tione</span> <span class='ocrx_word' id='word_1_284' title='bbox 373 1773 578 1815; x_wconf 89' lang='lat' dir='ltr'>perfectionis</span> <span class='ocrx_word' id='word_1_285' title='bbox 594 1772 786 1812; x_wconf 89' lang='lat' dir='ltr'>simpliciter,</span> <span class='ocrx_word' id='word_1_286' title='bbox 811 1773 930 1802; x_wconf 87' lang='lat' dir='ltr'>scilicet</span> <span class='ocrx_word' id='word_1_287' title='bbox 951 1772 1040 1812; x_wconf 92' lang='lat' dir='ltr'>quod</span> <span class='ocrx_word' id='word_1_288' title='bbox 1063 1773 1095 1802; x_wconf 87' lang='lat' dir='ltr'>in</span> <span class='ocrx_word' id='word_1_289' title='bbox 1114 1772 1254 1812; x_wconf 82' lang='lat' dir='ltr'>quolibet</span> <span class='ocrx_word' id='word_1_290' title='bbox 1268 1782 1332 1802; x_wconf 87' lang='lat' dir='ltr'>me-</span> 
     </span>
     <span class='ocr_line' id='line_1_48' title="bbox 267 1816 1332 1858; baseline -0.004 -9"><span class='ocrx_word' id='word_1_291' title='bbox 267 1819 333 1849; x_wconf 86' lang='lat' dir='ltr'>lior</span> <span class='ocrx_word' id='word_1_292' title='bbox 347 1823 394 1849; x_wconf 84' lang='lat' dir='ltr'>est</span> <span class='ocrx_word' id='word_1_293' title='bbox 409 1818 477 1858; x_wconf 82' lang='lat' dir='ltr'>ipsa</span> <span class='ocrx_word' id='word_1_294' title='bbox 493 1826 589 1857; x_wconf 84' lang='lat' dir='ltr'>quam</span> <span class='ocrx_word' id='word_1_295' title='bbox 605 1816 756 1856; x_wconf 83' lang='lat' dir='ltr'>non-ipsa</span> <span class='ocrx_word' id='word_1_296' title='bbox 768 1817 794 1851; x_wconf 50' lang='grc' dir='ltr'><strong>ἦ</strong></span> <span class='ocrx_word' id='word_1_297' title='bbox 807 1817 947 1855; x_wconf 84' lang='lat' dir='ltr'>arguitur</span> <span class='ocrx_word' id='word_1_298' title='bbox 963 1817 1016 1845; x_wconf 92' lang='lat' dir='ltr'>sic.</span> <span class='ocrx_word' id='word_1_299' title='bbox 1034 1816 1069 1845; x_wconf 92' lang='lat' dir='ltr'>In</span> <span class='ocrx_word' id='word_1_300' title='bbox 1086 1816 1231 1855; x_wconf 87' lang='lat' dir='ltr'>quolibet</span> <span class='ocrx_word' id='word_1_301' title='bbox 1249 1821 1332 1852; x_wconf 90' lang='lat' dir='ltr'>ente,</span> 
     </span>
     <span class='ocr_line' id='line_1_49' title="bbox 267 1859 1332 1899; baseline -0.005 -6"><span class='ocrx_word' id='word_1_302' title='bbox 267 1868 302 1893; x_wconf 90' lang='lat' dir='ltr'>ut</span> <span class='ocrx_word' id='word_1_303' title='bbox 324 1863 380 1898; x_wconf 91' lang='lat' dir='ltr'>sic,</span> <span class='ocrx_word' id='word_1_304' title='bbox 403 1861 518 1892; x_wconf 89' lang='lat' dir='ltr'>melior</span> <span class='ocrx_word' id='word_1_305' title='bbox 541 1866 588 1890; x_wconf 88' lang='lat' dir='ltr'>est</span> <span class='ocrx_word' id='word_1_306' title='bbox 611 1860 812 1890; x_wconf 86' lang='lat' dir='ltr'>subsistentia</span> <span class='ocrx_word' id='word_1_307' title='bbox 835 1869 932 1899; x_wconf 90' lang='lat' dir='ltr'>quam</span> <span class='ocrx_word' id='word_1_308' title='bbox 952 1859 1119 1899; x_wconf 89' lang='lat' dir='ltr'>quodlibet</span> <span class='ocrx_word' id='word_1_309' title='bbox 1134 1859 1192 1888; x_wconf 87' lang='lat' dir='ltr'>sibi</span> <span class='ocrx_word' id='word_1_310' title='bbox 1208 1860 1332 1889; x_wconf 90' lang='lat' dir='ltr'>incom-</span> 
     </span>
     <span class='ocr_line' id='line_1_50' title="bbox 265 1903 1332 1947; baseline -0.005 -10"><span class='ocrx_word' id='word_1_311' title='bbox 265 1906 426 1947; x_wconf 89' lang='lat' dir='ltr'>possibile.</span> <span class='ocrx_word' id='word_1_312' title='bbox 462 1905 547 1944; x_wconf 87' lang='lat' dir='ltr'>Ergo</span> <span class='ocrx_word' id='word_1_313' title='bbox 567 1909 614 1934; x_wconf 90' lang='lat' dir='ltr'>est</span> <span class='ocrx_word' id='word_1_314' title='bbox 630 1903 784 1943; x_wconf 88' lang='lat' dir='ltr'>perfectio</span> <span class='ocrx_word' id='word_1_315' title='bbox 809 1903 1002 1943; x_wconf 85' lang='lat' dir='ltr'>simpliciter.</span> <span class='ocrx_word' id='word_1_316' title='bbox 1018 1921 1041 1925; x_wconf 79' lang='lat'>—</span> <span class='ocrx_word' id='word_1_317' title='bbox 1057 1903 1178 1933; x_wconf 87' lang='lat' dir='ltr'>Tertia</span> <span class='ocrx_word' id='word_1_318' title='bbox 1180 1904 1196 1919; x_wconf 47' lang='grc' dir='ltr'>θ’</span> <span class='ocrx_word' id='word_1_319' title='bbox 1220 1913 1332 1933; x_wconf 90' lang='grc'>001150-</span> 
     </span>
     <span class='ocr_line' id='line_1_51' title="bbox 267 1947 1332 1991; baseline -0.004 -10"><span class='ocrx_word' id='word_1_320' title='bbox 267 1950 398 1991; x_wconf 87' lang='lat' dir='ltr'>quentia</span> <span class='ocrx_word' id='word_1_321' title='bbox 419 1954 467 1980; x_wconf 92' lang='lat' dir='ltr'>est</span> <span class='ocrx_word' id='word_1_322' title='bbox 489 1947 618 1979; x_wconf 89' lang='lat' dir='ltr'>evidens</span> <span class='ocrx_word' id='word_1_323' title='bbox 641 1948 736 1978; x_wconf 85' lang='lat' dir='ltr'>etiam</span> <span class='ocrx_word' id='word_1_324' title='bbox 759 1947 845 1987; x_wconf 91' lang='lat' dir='ltr'>apud</span> <span class='ocrx_word' id='word_1_325' title='bbox 868 1947 1018 1978; x_wconf 88' lang='lat' dir='ltr'>Scotum:</span> <span class='ocrx_word' id='word_1_326' title='bbox 1049 1948 1203 1987; x_wconf 88' lang='lat' dir='ltr'>quoniam</span> <span class='ocrx_word' id='word_1_327' title='bbox 1227 1948 1332 1977; x_wconf 89' lang='lat' dir='ltr'>omnis</span> 
     </span>
     <span class='ocr_line' id='line_1_52' title="bbox 266 1990 1201 2035; baseline -0.005 -10"><span class='ocrx_word' id='word_1_328' title='bbox 266 1994 420 2035; x_wconf 85' lang='lat' dir='ltr'>perfectio</span> <span class='ocrx_word' id='word_1_329' title='bbox 444 1992 628 2032; x_wconf 88' lang='lat' dir='ltr'>simpliciter</span> <span class='ocrx_word' id='word_1_330' title='bbox 651 1996 698 2021; x_wconf 90' lang='lat' dir='ltr'>est</span> <span class='ocrx_word' id='word_1_331' title='bbox 720 1992 755 2021; x_wconf 90' lang='lat' dir='ltr'>in</span> <span class='ocrx_word' id='word_1_332' title='bbox 777 1991 848 2021; x_wconf 93' lang='lat' dir='ltr'>Deo</span> <span class='ocrx_word' id='word_1_333' title='bbox 872 1990 995 2021; x_wconf 82' lang='lat' dir='ltr'>infinita</span> <span class='ocrx_word' id='word_1_334' title='bbox 1018 1990 1201 2021; x_wconf 88' lang='lat' dir='ltr'>formaliter.</span> 
     </span>
    </p>

    <p class='ocr_par' dir='ltr' id='par_1_14' title="bbox 265 2034 1332 2429">
     <span class='ocr_line' id='line_1_53' title="bbox 320 2034 1331 2076; baseline -0.005 -7"><span class='ocrx_word' id='word_1_335' title='bbox 320 2038 369 2069; x_wconf 86' lang='lat' dir='ltr'>Ex</span> <span class='ocrx_word' id='word_1_336' title='bbox 392 2037 482 2068; x_wconf 89' lang='lat' dir='ltr'>dictis</span> <span class='ocrx_word' id='word_1_337' title='bbox 504 2036 609 2076; x_wconf 88' lang='lat' dir='ltr'>igitur,</span> <span class='ocrx_word' id='word_1_338' title='bbox 633 2035 658 2065; x_wconf 92' lang='lat' dir='ltr'>si</span> <span class='ocrx_word' id='word_1_339' title='bbox 674 2035 755 2065; x_wconf 91' lang='lat' dir='ltr'>bene</span> <span class='ocrx_word' id='word_1_340' title='bbox 771 2034 1021 2071; x_wconf 87' lang='lat' dir='ltr'>considerentur,</span> <span class='ocrx_word' id='word_1_341' title='bbox 1045 2034 1177 2065; x_wconf 89' lang='lat' dir='ltr'>fidelitas</span> <span class='ocrx_word' id='word_1_342' title='bbox 1200 2035 1331 2071; x_wconf 86' lang='lat' dir='ltr'>litterae,</span> 
     </span>
     <span class='ocr_line' id='line_1_54' title="bbox 265 2079 1332 2119; baseline -0.005 -6"><span class='ocrx_word' id='word_1_343' title='bbox 265 2089 332 2113; x_wconf 88' lang='lat' dir='ltr'>tam</span> <span class='ocrx_word' id='word_1_344' title='bbox 353 2082 388 2112; x_wconf 85' lang='lat' dir='ltr'>in</span> <span class='ocrx_word' id='word_1_345' title='bbox 410 2080 618 2111; x_wconf 89' lang='lat' dir='ltr'>conclusione</span> <span class='ocrx_word' id='word_1_346' title='bbox 641 2088 737 2119; x_wconf 89' lang='lat' dir='ltr'>quam</span> <span class='ocrx_word' id='word_1_347' title='bbox 759 2079 843 2109; x_wconf 88' lang='lat' dir='ltr'>illius</span> <span class='ocrx_word' id='word_1_348' title='bbox 866 2080 998 2115; x_wconf 88' lang='lat' dir='ltr'>ratione,</span> <span class='ocrx_word' id='word_1_349' title='bbox 1015 2084 1154 2118; x_wconf 86' lang='lat' dir='ltr'>apparet.</span> <span class='ocrx_word' id='word_1_350' title='bbox 1188 2079 1270 2108; x_wconf 90' lang='lat' dir='ltr'>Nam</span> <span class='ocrx_word' id='word_1_351' title='bbox 1294 2089 1332 2109; x_wconf 89' lang='lat' dir='ltr'>ex</span> 
     </span>
     <span class='ocr_line' id='line_1_55' title="bbox 265 2122 1330 2166; baseline -0.006 -8"><span class='ocrx_word' id='word_1_352' title='bbox 265 2128 330 2157; x_wconf 87' lang='lat' dir='ltr'>hoc</span> <span class='ocrx_word' id='word_1_353' title='bbox 353 2124 443 2166; x_wconf 92' lang='lat' dir='ltr'>quod</span> <span class='ocrx_word' id='word_1_354' title='bbox 457 2133 594 2165; x_wconf 92' lang='lat' dir='ltr'>persona</span> <span class='ocrx_word' id='word_1_355' title='bbox 609 2122 715 2154; x_wconf 85' lang='lat' dir='ltr'>divina</span> <span class='ocrx_word' id='word_1_356' title='bbox 731 2133 769 2153; x_wconf 84' lang='lat' dir='ltr'>ex</span> <span class='ocrx_word' id='word_1_357' title='bbox 785 2133 859 2153; x_wconf 89' lang='lat' dir='ltr'>suae</span> <span class='ocrx_word' id='word_1_358' title='bbox 875 2123 1106 2163; x_wconf 87' lang='lat' dir='ltr'>personalitatis</span> <span class='ocrx_word' id='word_1_359' title='bbox 1122 2122 1330 2162; x_wconf 84' lang='lat' dir='ltr'>perfectione,</span> 
     </span>
     <span class='ocr_line' id='line_1_56' title="bbox 267 2166 1331 2211; baseline -0.005 -10"><span class='ocrx_word' id='word_1_360' title='bbox 267 2179 366 2211; x_wconf 89' lang='lat' dir='ltr'>quam</span> <span class='ocrx_word' id='word_1_361' title='bbox 387 2169 472 2200; x_wconf 89' lang='lat' dir='ltr'>illius</span> <span class='ocrx_word' id='word_1_362' title='bbox 495 2167 696 2198; x_wconf 87' lang='lat' dir='ltr'>subsistentia</span> <span class='ocrx_word' id='word_1_363' title='bbox 717 2168 826 2206; x_wconf 91' lang='lat' dir='ltr'>ponit,</span> <span class='ocrx_word' id='word_1_364' title='bbox 850 2167 945 2197; x_wconf 90' lang='lat' dir='ltr'>habet</span> <span class='ocrx_word' id='word_1_365' title='bbox 969 2166 1058 2207; x_wconf 92' lang='lat' dir='ltr'>quod</span> <span class='ocrx_word' id='word_1_366' title='bbox 1079 2167 1181 2206; x_wconf 92' lang='lat' dir='ltr'>possit</span> <span class='ocrx_word' id='word_1_367' title='bbox 1203 2167 1236 2196; x_wconf 92' lang='lat' dir='ltr'>in</span> <span class='ocrx_word' id='word_1_368' title='bbox 1258 2167 1331 2207; x_wconf 87' lang='lat' dir='ltr'>plu—</span> 
     </span>
     <span class='ocr_line' id='line_1_57' title="bbox 265 2210 1331 2250; baseline -0.005 -5"><span class='ocrx_word' id='word_1_369' title='bbox 265 2215 352 2244; x_wconf 90' lang='lat' dir='ltr'>ribus</span> <span class='ocrx_word' id='word_1_370' title='bbox 374 2213 494 2243; x_wconf 89' lang='lat' dir='ltr'>naturis</span> <span class='ocrx_word' id='word_1_371' title='bbox 517 2211 696 2246; x_wconf 88' lang='lat' dir='ltr'>subsistere,</span> <span class='ocrx_word' id='word_1_372' title='bbox 719 2210 886 2241; x_wconf 89' lang='lat' dir='ltr'>manifeste</span> <span class='ocrx_word' id='word_1_373' title='bbox 909 2211 1042 2241; x_wconf 90' lang='lat' dir='ltr'>habetur</span> <span class='ocrx_word' id='word_1_374' title='bbox 1065 2210 1164 2250; x_wconf 91' lang='lat' dir='ltr'>quod,</span> <span class='ocrx_word' id='word_1_375' title='bbox 1189 2220 1263 2240; x_wconf 91' lang='lat' dir='ltr'>cum</span> <span class='ocrx_word' id='word_1_376' title='bbox 1278 2211 1331 2240; x_wconf 90' lang='lat' dir='ltr'>illa</span> 
     </span>
     <span class='ocr_line' id='line_1_58' title="bbox 265 2254 1330 2298; baseline -0.004 -10"><span class='ocrx_word' id='word_1_377' title='bbox 265 2257 420 2298; x_wconf 87' lang='lat' dir='ltr'>perfectio</span> <span class='ocrx_word' id='word_1_378' title='bbox 444 2257 483 2286; x_wconf 93' lang='lat' dir='ltr'>sit</span> <span class='ocrx_word' id='word_1_379' title='bbox 505 2255 645 2291; x_wconf 90' lang='lat' dir='ltr'>infinita,</span> <span class='ocrx_word' id='word_1_380' title='bbox 662 2255 836 2295; x_wconf 80' lang='lat' dir='ltr'>proprium</span> <span class='ocrx_word' id='word_1_381' title='bbox 859 2255 922 2284; x_wconf 89' lang='lat' dir='ltr'>erit</span> <span class='ocrx_word' id='word_1_382' title='bbox 943 2254 1071 2285; x_wconf 81' lang='lat' dir='ltr'>divinae</span> <span class='ocrx_word' id='word_1_383' title='bbox 1088 2264 1266 2294; x_wconf 82' lang='lat' dir='ltr'>personae,</span> <span class='ocrx_word' id='word_1_384' title='bbox 1292 2255 1330 2285; x_wconf 86' lang='lat' dir='ltr'>ob</span> 
     </span>
     <span class='ocr_line' id='line_1_59' title="bbox 265 2298 1330 2342; baseline -0.005 -9"><span class='ocrx_word' id='word_1_385' title='bbox 265 2302 334 2333; x_wconf 83' lang='lat' dir='ltr'>eius</span> <span class='ocrx_word' id='word_1_386' title='bbox 357 2301 555 2342; x_wconf 86' lang='lat' dir='ltr'>infinitatem,</span> <span class='ocrx_word' id='word_1_387' title='bbox 580 2298 666 2339; x_wconf 85' lang='lat' dir='ltr'>quod</span> <span class='ocrx_word' id='word_1_388' title='bbox 689 2299 721 2328; x_wconf 89' lang='lat' dir='ltr'>in</span> <span class='ocrx_word' id='word_1_389' title='bbox 746 2308 784 2329; x_wconf 90' lang='lat' dir='ltr'>ea</span> <span class='ocrx_word' id='word_1_390' title='bbox 796 2298 865 2339; x_wconf 85' lang='lat' dir='ltr'>fiat</span> <span class='ocrx_word' id='word_1_391' title='bbox 881 2308 1058 2329; x_wconf 84' lang='lat' dir='ltr'>concursus</span> <span class='ocrx_word' id='word_1_392' title='bbox 1074 2304 1267 2328; x_wconf 87' lang='lat' dir='ltr'>naturarum</span> <span class='ocrx_word' id='word_1_393' title='bbox 1282 2308 1330 2328; x_wconf 90' lang='lat' dir='ltr'>se-</span> 
     </span>
     <span class='ocr_line' id='line_1_60' title="bbox 266 2342 1330 2383; baseline -0.005 -6"><span class='ocrx_word' id='word_1_394' title='bbox 266 2345 405 2377; x_wconf 87' lang='lat' dir='ltr'>cundum</span> <span class='ocrx_word' id='word_1_395' title='bbox 427 2343 671 2375; x_wconf 83' lang='lat' dir='ltr'>subsistentiam.</span> <span class='ocrx_word' id='word_1_396' title='bbox 696 2343 737 2373; x_wconf 90' lang='lat' dir='ltr'>Et</span> <span class='ocrx_word' id='word_1_397' title='bbox 758 2352 816 2383; x_wconf 90' lang='lat' dir='ltr'>per</span> <span class='ocrx_word' id='word_1_398' title='bbox 830 2343 894 2372; x_wconf 91' lang='lat' dir='ltr'>hoc</span> <span class='ocrx_word' id='word_1_399' title='bbox 917 2342 1035 2373; x_wconf 89' lang='lat' dir='ltr'>solutio</span> <span class='ocrx_word' id='word_1_400' title='bbox 1051 2343 1217 2382; x_wconf 88' lang='lat' dir='ltr'>utriusque</span> <span class='ocrx_word' id='word_1_401' title='bbox 1233 2352 1330 2382; x_wconf 90' lang='lat' dir='ltr'>quae-</span> 
     </span>
     <span class='ocr_line' id='line_1_61' title="bbox 267 2389 540 2429; baseline -0.011 -8"><span class='ocrx_word' id='word_1_402' title='bbox 267 2389 378 2421; x_wconf 89' lang='lat' dir='ltr'>stionis</span> <span class='ocrx_word' id='word_1_403' title='bbox 402 2393 540 2429; x_wconf 89' lang='lat' dir='ltr'>apparet.</span> 
     </span>
    </p>

    <p class='ocr_par' dir='ltr' id='par_1_15' title="bbox 266 2430 1331 2514">
     <span class='ocr_line' id='line_1_62' title="bbox 321 2430 1330 2471; baseline -0.005 -7"><span class='ocrx_word' id='word_1_404' title='bbox 321 2433 374 2464; x_wconf 83' lang='lat' dir='ltr'>VI.</span> <span class='ocrx_word' id='word_1_405' title='bbox 398 2433 467 2463; x_wconf 88' lang='lat' dir='ltr'>Nec</span> <span class='ocrx_word' id='word_1_406' title='bbox 483 2442 520 2462; x_wconf 83' lang='lat' dir='ltr'>ex</span> <span class='ocrx_word' id='word_1_407' title='bbox 542 2432 591 2462; x_wconf 92' lang='lat' dir='ltr'>his</span> <span class='ocrx_word' id='word_1_408' title='bbox 615 2431 767 2471; x_wconf 87' lang='lat' dir='ltr'>sequitur,</span> <span class='ocrx_word' id='word_1_409' title='bbox 784 2436 820 2460; x_wconf 96' lang='grc'>111</span> <span class='ocrx_word' id='word_1_410' title='bbox 839 2430 964 2466; x_wconf 77' lang='grc'>5001115,</span> <span class='ocrx_word' id='word_1_411' title='bbox 981 2430 1110 2466; x_wconf 87' lang='lat' dir='ltr'>ibidem,</span> <span class='ocrx_word' id='word_1_412' title='bbox 1129 2440 1182 2470; x_wconf 93' lang='lat' dir='ltr'>qu.</span> <span class='ocrx_word' id='word_1_413' title='bbox 1195 2441 1215 2460; x_wconf 88' lang='lat' dir='ltr'>v</span> <span class='ocrx_word' id='word_1_414' title='bbox 1230 2431 1257 2467; x_wconf 39' lang='grc' dir='ltr'>ᾗ,</span> <span class='ocrx_word' id='word_1_415' title='bbox 1275 2440 1330 2460; x_wconf 89' lang='grc'>00-</span> 
     </span>
     <span class='ocr_line' id='line_1_63' title="bbox 266 2475 1331 2514; baseline -0.005 -6"><span class='ocrx_word' id='word_1_416' title='bbox 266 2483 359 2508; x_wconf 88' lang='lat' dir='ltr'>natur</span> <span class='ocrx_word' id='word_1_417' title='bbox 382 2475 548 2512; x_wconf 88' lang='lat' dir='ltr'>deducere,</span> <span class='ocrx_word' id='word_1_418' title='bbox 573 2475 712 2506; x_wconf 88' lang='lat' dir='ltr'>divinam</span> <span class='ocrx_word' id='word_1_419' title='bbox 734 2480 879 2505; x_wconf 86' lang='lat' dir='ltr'>naturam</span> <span class='ocrx_word' id='word_1_420' title='bbox 903 2484 970 2504; x_wconf 88' lang='lat' dir='ltr'>esse</span> <span class='ocrx_word' id='word_1_421' title='bbox 999 2484 1056 2514; x_wconf 91' lang='lat' dir='ltr'>per</span> <span class='ocrx_word' id='word_1_422' title='bbox 1079 2484 1112 2504; x_wconf 91' lang='lat' dir='ltr'>se</span> <span class='ocrx_word' id='word_1_423' title='bbox 1142 2475 1246 2514; x_wconf 91' lang='lat' dir='ltr'>primo</span> <span class='ocrx_word' id='word_1_424' title='bbox 1270 2479 1331 2504; x_wconf 90' lang='lat' dir='ltr'>ter-</span> 
     </span>
    </p>
   </div>
   <div class='ocr_carea' id='block_1_12' title="bbox 1035 2655 1351 2697">
    <p class='ocr_par' dir='ltr' id='par_1_16' title="bbox 1035 2655 1351 2697">
     <span class='ocr_line' id='line_1_64' title="bbox 1035 2655 1351 2697; baseline 0.003 -1"><span class='ocrx_word' id='word_1_425' title='bbox 1035 2655 1351 2697; x_wconf 90' lang='lat' dir='ltr'>ARTICULUS</span> 
     </span>
    </p>
   </div>
   <div class='ocr_carea' id='block_1_13' title="bbox 1390 250 2453 288">
    <p class='ocr_par' dir='ltr' id='par_1_17' title="bbox 1390 250 2453 288">
     <span class='ocr_line' id='line_1_65' title="bbox 1390 250 2453 288; baseline -0.001 -2"><span class='ocrx_word' id='word_1_426' title='bbox 1390 250 1681 288; x_wconf 90' lang='lat' dir='ltr'>ARTICULUS</span> <span class='ocrx_word' id='word_1_427' title='bbox 1709 252 1738 287; x_wconf 92' lang='lat' dir='ltr'>II</span> <span class='ocrx_word' id='word_1_428' title='bbox 2406 251 2424 286; x_wconf 88' lang='lat'><em>5</em></span> <span class='ocrx_word' id='word_1_429' title='bbox 2434 251 2453 285; x_wconf 83' lang='lat'><strong>5</strong></span> 
     </span>
    </p>
   </div>
   <div class='ocr_carea' id='block_1_14' title="bbox 1387 330 2453 1156">
    <p class='ocr_par' dir='ltr' id='par_1_18' title="bbox 1387 330 2453 1156">
     <span class='ocr_line' id='line_1_66' title="bbox 1390 330 2452 370; baseline 0 -11"><span class='ocrx_word' id='word_1_430' title='bbox 1390 330 1514 359; x_wconf 89' lang='lat' dir='ltr'>minum</span> <span class='ocrx_word' id='word_1_431' title='bbox 1538 331 1676 365; x_wconf 89' lang='lat' dir='ltr'>unionis,</span> <span class='ocrx_word' id='word_1_432' title='bbox 1701 335 1868 370; x_wconf 87' lang='lat' dir='ltr'>propterea</span> <span class='ocrx_word' id='word_1_433' title='bbox 1885 331 1959 370; x_wconf 91' lang='lat' dir='ltr'>quia</span> <span class='ocrx_word' id='word_1_434' title='bbox 1974 330 2112 360; x_wconf 91' lang='lat' dir='ltr'>infinitas</span> <span class='ocrx_word' id='word_1_435' title='bbox 2128 331 2232 370; x_wconf 91' lang='lat' dir='ltr'>primo</span> <span class='ocrx_word' id='word_1_436' title='bbox 2250 336 2296 360; x_wconf 90' lang='lat' dir='ltr'>est</span> <span class='ocrx_word' id='word_1_437' title='bbox 2311 335 2452 360; x_wconf 91' lang='lat' dir='ltr'>naturae.</span> 
     </span>
     <span class='ocr_line' id='line_1_67' title="bbox 1390 373 2453 414; baseline 0 -11"><span class='ocrx_word' id='word_1_438' title='bbox 1390 373 1554 410; x_wconf 89' lang='lat' dir='ltr'>Quoniam</span> <span class='ocrx_word' id='word_1_439' title='bbox 1578 373 1714 403; x_wconf 91' lang='lat' dir='ltr'>infinitas</span> <span class='ocrx_word' id='word_1_440' title='bbox 1739 374 1815 410; x_wconf 90' lang='lat' dir='ltr'>Dei,</span> <span class='ocrx_word' id='word_1_441' title='bbox 1841 380 1876 404; x_wconf 92' lang='lat' dir='ltr'>ut</span> <span class='ocrx_word' id='word_1_442' title='bbox 1899 380 1946 404; x_wconf 91' lang='lat' dir='ltr'>est</span> <span class='ocrx_word' id='word_1_443' title='bbox 1968 380 2115 410; x_wconf 89' lang='lat' dir='ltr'>naturae,</span> <span class='ocrx_word' id='word_1_444' title='bbox 2147 374 2199 404; x_wconf 89' lang='lat' dir='ltr'>dat</span> <span class='ocrx_word' id='word_1_445' title='bbox 2221 373 2453 414; x_wconf 89' lang='lat' dir='ltr'>perfectionem</span> 
     </span>
     <span class='ocr_line' id='line_1_68' title="bbox 1389 416 2453 457; baseline 0 -11"><span class='ocrx_word' id='word_1_446' title='bbox 1389 416 1546 447; x_wconf 89' lang='lat' dir='ltr'>infinitam</span> <span class='ocrx_word' id='word_1_447' title='bbox 1568 418 1602 447; x_wconf 91' lang='lat' dir='ltr'>in</span> <span class='ocrx_word' id='word_1_448' title='bbox 1625 417 1758 447; x_wconf 92' lang='lat' dir='ltr'>essendo</span> <span class='ocrx_word' id='word_1_449' title='bbox 1784 423 1814 447; x_wconf 86' lang='lat' dir='ltr'>et</span> <span class='ocrx_word' id='word_1_450' title='bbox 1836 419 1870 448; x_wconf 94' lang='lat' dir='ltr'>in</span> <span class='ocrx_word' id='word_1_451' title='bbox 1894 418 2071 448; x_wconf 90' lang='lat' dir='ltr'>causando:</span> <span class='ocrx_word' id='word_1_452' title='bbox 2097 424 2132 447; x_wconf 91' lang='lat' dir='ltr'>ut</span> <span class='ocrx_word' id='word_1_453' title='bbox 2148 423 2253 448; x_wconf 92' lang='lat' dir='ltr'>autem</span> <span class='ocrx_word' id='word_1_454' title='bbox 2275 423 2321 447; x_wconf 91' lang='lat' dir='ltr'>est</span> <span class='ocrx_word' id='word_1_455' title='bbox 2344 427 2453 457; x_wconf 88' lang='lat' dir='ltr'>perso-</span> 
     </span>
     <span class='ocr_line' id='line_1_69' title="bbox 1389 460 2451 500; baseline 0 -9"><span class='ocrx_word' id='word_1_456' title='bbox 1389 470 1458 496; x_wconf 87' lang='lat' dir='ltr'>nae,</span> <span class='ocrx_word' id='word_1_457' title='bbox 1483 461 1535 491; x_wconf 86' lang='lat' dir='ltr'>dat</span> <span class='ocrx_word' id='word_1_458' title='bbox 1558 461 1788 500; x_wconf 89' lang='lat' dir='ltr'>perfectionem</span> <span class='ocrx_word' id='word_1_459' title='bbox 1804 461 1961 491; x_wconf 91' lang='lat' dir='ltr'>infinitam</span> <span class='ocrx_word' id='word_1_460' title='bbox 1977 462 2010 491; x_wconf 92' lang='lat' dir='ltr'>in</span> <span class='ocrx_word' id='word_1_461' title='bbox 2026 461 2237 491; x_wconf 90' lang='lat' dir='ltr'>terminando.</span> <span class='ocrx_word' id='word_1_462' title='bbox 2262 461 2338 498; x_wconf 93' lang='lat' dir='ltr'>Quo</span> <span class='ocrx_word' id='word_1_463' title='bbox 2355 460 2391 490; x_wconf 92' lang='lat' dir='ltr'>fit</span> <span class='ocrx_word' id='word_1_464' title='bbox 2406 466 2451 496; x_wconf 91' lang='lat' dir='ltr'>ut,</span> 
     </span>
     <span class='ocr_line' id='line_1_70' title="bbox 1390 504 2453 545; baseline 0 -11"><span class='ocrx_word' id='word_1_465' title='bbox 1390 505 1464 543; x_wconf 85' lang='lat' dir='ltr'>quia</span> <span class='ocrx_word' id='word_1_466' title='bbox 1494 505 1661 534; x_wconf 88' lang='lat' dir='ltr'>terminare</span> <span class='ocrx_word' id='word_1_467' title='bbox 1691 510 1836 535; x_wconf 89' lang='lat' dir='ltr'>naturam</span> <span class='ocrx_word' id='word_1_468' title='bbox 1868 511 2062 545; x_wconf 90' lang='lat' dir='ltr'>assumptam</span> <span class='ocrx_word' id='word_1_469' title='bbox 2092 505 2213 535; x_wconf 89' lang='lat' dir='ltr'>nullam</span> <span class='ocrx_word' id='word_1_470' title='bbox 2238 504 2453 534; x_wconf 86' lang='lat' dir='ltr'>causalitatem</span> 
     </span>
     <span class='ocr_line' id='line_1_71' title="bbox 1390 548 2453 588; baseline 0.001 -11"><span class='ocrx_word' id='word_1_471' title='bbox 1390 548 1479 583; x_wconf 90' lang='lat' dir='ltr'>dicit,</span> <span class='ocrx_word' id='word_1_472' title='bbox 1505 554 1737 588; x_wconf 87' lang='lat' dir='ltr'>consequenter</span> <span class='ocrx_word' id='word_1_473' title='bbox 1759 549 1897 579; x_wconf 88' lang='lat' dir='ltr'>infinitas</span> <span class='ocrx_word' id='word_1_474' title='bbox 1920 550 1953 579; x_wconf 92' lang='lat' dir='ltr'>in</span> <span class='ocrx_word' id='word_1_475' title='bbox 1975 548 2176 579; x_wconf 89' lang='lat' dir='ltr'>terminando</span> <span class='ocrx_word' id='word_1_476' title='bbox 2200 549 2321 578; x_wconf 90' lang='lat' dir='ltr'>nullam</span> <span class='ocrx_word' id='word_1_477' title='bbox 2345 558 2453 578; x_wconf 88' lang='lat' dir='ltr'>causa-</span> 
     </span>
     <span class='ocr_line' id='line_1_72' title="bbox 1389 591 2453 632; baseline 0.001 -11"><span class='ocrx_word' id='word_1_478' title='bbox 1389 592 1509 622; x_wconf 89' lang='lat' dir='ltr'>litatem</span> <span class='ocrx_word' id='word_1_479' title='bbox 1534 592 1601 622; x_wconf 91' lang='lat' dir='ltr'>det:</span> <span class='ocrx_word' id='word_1_480' title='bbox 1627 598 1657 622; x_wconf 92' lang='lat' dir='ltr'>et</span> <span class='ocrx_word' id='word_1_481' title='bbox 1680 598 1787 622; x_wconf 90' lang='lat' dir='ltr'>tamen</span> <span class='ocrx_word' id='word_1_482' title='bbox 1811 599 1935 623; x_wconf 90' lang='lat' dir='ltr'>constat</span> <span class='ocrx_word' id='word_1_483' title='bbox 1958 593 2047 632; x_wconf 90' lang='lat' dir='ltr'>quod</span> <span class='ocrx_word' id='word_1_484' title='bbox 2071 593 2205 632; x_wconf 82' lang='lat' dir='ltr'>exigitur</span> <span class='ocrx_word' id='word_1_485' title='bbox 2220 592 2259 622; x_wconf 90' lang='lat' dir='ltr'>ad</span> <span class='ocrx_word' id='word_1_486' title='bbox 2277 593 2340 622; x_wconf 95' lang='lat' dir='ltr'>hoc</span> <span class='ocrx_word' id='word_1_487' title='bbox 2364 591 2453 631; x_wconf 90' lang='lat' dir='ltr'>quod</span> 
     </span>
     <span class='ocr_line' id='line_1_73' title="bbox 1390 634 2452 675; baseline 0 -10"><span class='ocrx_word' id='word_1_488' title='bbox 1390 645 1454 665; x_wconf 90' lang='lat' dir='ltr'>una</span> <span class='ocrx_word' id='word_1_489' title='bbox 1475 645 1612 675; x_wconf 90' lang='lat' dir='ltr'>persona</span> <span class='ocrx_word' id='word_1_490' title='bbox 1630 637 1776 666; x_wconf 86' lang='lat' dir='ltr'>subsistat</span> <span class='ocrx_word' id='word_1_491' title='bbox 1791 637 1824 666; x_wconf 91' lang='lat' dir='ltr'>in</span> <span class='ocrx_word' id='word_1_492' title='bbox 1840 634 1971 667; x_wconf 88' lang='lat' dir='ltr'>infinitis</span> <span class='ocrx_word' id='word_1_493' title='bbox 1987 637 2116 672; x_wconf 89' lang='lat' dir='ltr'>naturis,</span> <span class='ocrx_word' id='word_1_494' title='bbox 2134 637 2159 666; x_wconf 94' lang='lat' dir='ltr'>si</span> <span class='ocrx_word' id='word_1_495' title='bbox 2175 642 2288 666; x_wconf 87' lang='lat' dir='ltr'>essent.</span> <span class='ocrx_word' id='word_1_496' title='bbox 2313 635 2452 672; x_wconf 89' lang='lat' dir='ltr'>Quando</span> 
     </span>
     <span class='ocr_line' id='line_1_74' title="bbox 1390 680 2451 720; baseline -0.001 -11"><span class='ocrx_word' id='word_1_497' title='bbox 1390 689 1465 719; x_wconf 89' lang='lat' dir='ltr'>ergo</span> <span class='ocrx_word' id='word_1_498' title='bbox 1488 680 1597 710; x_wconf 88' lang='lat' dir='ltr'>obiicit</span> <span class='ocrx_word' id='word_1_499' title='bbox 1613 680 1727 710; x_wconf 90' lang='lat' dir='ltr'>Scotus</span> <span class='ocrx_word' id='word_1_500' title='bbox 1743 681 1760 696; x_wconf 61' lang='lat'>³*</span> <span class='ocrx_word' id='word_1_501' title='bbox 1783 680 1872 720; x_wconf 89' lang='lat' dir='ltr'>quod</span> <span class='ocrx_word' id='word_1_502' title='bbox 1889 681 2084 710; x_wconf 90' lang='lat' dir='ltr'>continentia</span> <span class='ocrx_word' id='word_1_503' title='bbox 2100 680 2239 710; x_wconf 89' lang='lat' dir='ltr'>virtualis</span> <span class='ocrx_word' id='word_1_504' title='bbox 2255 680 2287 709; x_wconf 93' lang='lat' dir='ltr'>in</span> <span class='ocrx_word' id='word_1_505' title='bbox 2304 680 2451 715; x_wconf 89' lang='lat' dir='ltr'>termino,</span> 
     </span>
     <span class='ocr_line' id='line_1_75' title="bbox 1390 722 2453 764; baseline -0.001 -11"><span class='ocrx_word' id='word_1_506' title='bbox 1390 733 1452 762; x_wconf 87' lang='lat' dir='ltr'>qua</span> <span class='ocrx_word' id='word_1_507' title='bbox 1475 724 1674 763; x_wconf 88' lang='lat' dir='ltr'>aequivalere</span> <span class='ocrx_word' id='word_1_508' title='bbox 1690 729 1795 763; x_wconf 91' lang='lat' dir='ltr'>potest</span> <span class='ocrx_word' id='word_1_509' title='bbox 1817 729 1866 754; x_wconf 90' lang='lat' dir='ltr'>tot</span> <span class='ocrx_word' id='word_1_510' title='bbox 1884 725 2039 764; x_wconf 91' lang='lat' dir='ltr'>personis,</span> <span class='ocrx_word' id='word_1_511' title='bbox 2056 724 2193 763; x_wconf 89' lang='lat' dir='ltr'>pertinet</span> <span class='ocrx_word' id='word_1_512' title='bbox 2215 723 2254 753; x_wconf 89' lang='lat' dir='ltr'>ad</span> <span class='ocrx_word' id='word_1_513' title='bbox 2270 722 2453 763; x_wconf 88' lang='lat' dir='ltr'>dependen-</span> 
     </span>
     <span class='ocr_line' id='line_1_76' title="bbox 1388 767 2452 807; baseline 0 -11"><span class='ocrx_word' id='word_1_514' title='bbox 1388 768 1464 796; x_wconf 91' lang='lat' dir='ltr'>tiam</span> <span class='ocrx_word' id='word_1_515' title='bbox 1488 768 1569 797; x_wconf 90' lang='lat' dir='ltr'>inter</span> <span class='ocrx_word' id='word_1_516' title='bbox 1593 777 1720 797; x_wconf 89' lang='lat' dir='ltr'>causam</span> <span class='ocrx_word' id='word_1_517' title='bbox 1745 773 1775 797; x_wconf 91' lang='lat' dir='ltr'>et</span> <span class='ocrx_word' id='word_1_518' title='bbox 1799 773 1963 798; x_wconf 90' lang='lat' dir='ltr'>causatum</span> <span class='ocrx_word' id='word_1_519' title='bbox 1987 773 2022 798; x_wconf 89' lang='lat' dir='ltr'>ut</span> <span class='ocrx_word' id='word_1_520' title='bbox 2046 768 2106 803; x_wconf 92' lang='lat' dir='ltr'>sic,</span> <span class='ocrx_word' id='word_1_521' title='bbox 2127 767 2312 807; x_wconf 89' lang='lat' dir='ltr'>simpliciter</span> <span class='ocrx_word' id='word_1_522' title='bbox 2333 776 2452 806; x_wconf 89' lang='lat' dir='ltr'>negan-</span> 
     </span>
     <span class='ocr_line' id='line_1_77' title="bbox 1389 810 2453 851; baseline 0 -11"><span class='ocrx_word' id='word_1_523' title='bbox 1389 810 1467 840; x_wconf 91' lang='lat' dir='ltr'>dum</span> <span class='ocrx_word' id='word_1_524' title='bbox 1491 817 1546 841; x_wconf 90' lang='lat' dir='ltr'>est.</span> <span class='ocrx_word' id='word_1_525' title='bbox 1571 811 1611 840; x_wconf 90' lang='lat' dir='ltr'>Et</span> <span class='ocrx_word' id='word_1_526' title='bbox 1635 811 1807 841; x_wconf 91' lang='lat' dir='ltr'>dicendum</span> <span class='ocrx_word' id='word_1_527' title='bbox 1831 817 1878 842; x_wconf 90' lang='lat' dir='ltr'>est</span> <span class='ocrx_word' id='word_1_528' title='bbox 1901 811 2000 851; x_wconf 91' lang='lat' dir='ltr'>quod,</span> <span class='ocrx_word' id='word_1_529' title='bbox 2021 811 2096 851; x_wconf 90' lang='lat' dir='ltr'>quia</span> <span class='ocrx_word' id='word_1_530' title='bbox 2115 812 2283 841; x_wconf 89' lang='lat' dir='ltr'>terminare</span> <span class='ocrx_word' id='word_1_531' title='bbox 2306 816 2453 840; x_wconf 90' lang='lat' dir='ltr'>naturam</span> 
     </span>
     <span class='ocr_line' id='line_1_78' title="bbox 1388 855 2452 894; baseline 0 -10"><span class='ocrx_word' id='word_1_532' title='bbox 1388 855 1523 884; x_wconf 90' lang='lat' dir='ltr'>alienam</span> <span class='ocrx_word' id='word_1_533' title='bbox 1547 855 1748 885; x_wconf 90' lang='lat' dir='ltr'>subsistendo</span> <span class='ocrx_word' id='word_1_534' title='bbox 1764 856 1797 885; x_wconf 91' lang='lat' dir='ltr'>in</span> <span class='ocrx_word' id='word_1_535' title='bbox 1820 856 1883 891; x_wconf 90' lang='lat' dir='ltr'>illa,</span> <span class='ocrx_word' id='word_1_536' title='bbox 1909 865 1946 885; x_wconf 89' lang='lat' dir='ltr'>ex</span> <span class='ocrx_word' id='word_1_537' title='bbox 1969 855 2124 885; x_wconf 89' lang='lat' dir='ltr'>infinitate</span> <span class='ocrx_word' id='word_1_538' title='bbox 2148 864 2303 894; x_wconf 90' lang='lat' dir='ltr'>personae</span> <span class='ocrx_word' id='word_1_539' title='bbox 2327 863 2395 884; x_wconf 93' lang='lat' dir='ltr'>non</span> <span class='ocrx_word' id='word_1_540' title='bbox 2419 855 2452 884; x_wconf 92' lang='lat' dir='ltr'>in</span> 
     </span>
     <span class='ocr_line' id='line_1_79' title="bbox 1389 898 2452 938; baseline -0.001 -10"><span class='ocrx_word' id='word_1_541' title='bbox 1389 898 1549 928; x_wconf 89' lang='lat' dir='ltr'>causando</span> <span class='ocrx_word' id='word_1_542' title='bbox 1563 898 1618 928; x_wconf 91' lang='lat' dir='ltr'>sed</span> <span class='ocrx_word' id='word_1_543' title='bbox 1629 899 1662 928; x_wconf 94' lang='lat' dir='ltr'>in</span> <span class='ocrx_word' id='word_1_544' title='bbox 1674 899 1874 929; x_wconf 89' lang='lat' dir='ltr'>terminando</span> <span class='ocrx_word' id='word_1_545' title='bbox 1887 900 2035 938; x_wconf 91' lang='lat' dir='ltr'>provenit</span> <span class='ocrx_word' id='word_1_546' title='bbox 2048 898 2201 938; x_wconf 89' lang='lat' dir='ltr'>(ideoque</span> <span class='ocrx_word' id='word_1_547' title='bbox 2213 903 2346 928; x_wconf 90' lang='lat' dir='ltr'>vocatur</span> <span class='ocrx_word' id='word_1_548' title='bbox 2362 898 2452 937; x_wconf 91' lang='lat' dir='ltr'>quasi</span> 
     </span>
     <span class='ocr_line' id='line_1_80' title="bbox 1389 941 2452 982; baseline 0 -10"><span class='ocrx_word' id='word_1_549' title='bbox 1389 942 1584 972; x_wconf 87' lang='lat' dir='ltr'>continentia</span> <span class='ocrx_word' id='word_1_550' title='bbox 1599 942 1738 972; x_wconf 85' lang='lat' dir='ltr'>virtualis</span> <span class='ocrx_word' id='word_1_551' title='bbox 1753 943 2015 982; x_wconf 90' lang='lat' dir='ltr'>personalitatum</span> <span class='ocrx_word' id='word_1_552' title='bbox 2031 943 2064 972; x_wconf 93' lang='lat' dir='ltr'>in</span> <span class='ocrx_word' id='word_1_553' title='bbox 2080 952 2216 982; x_wconf 90' lang='lat' dir='ltr'>persona</span> <span class='ocrx_word' id='word_1_554' title='bbox 2232 941 2367 981; x_wconf 89' lang='lat' dir='ltr'>divina),</span> <span class='ocrx_word' id='word_1_555' title='bbox 2384 951 2452 972; x_wconf 91' lang='lat' dir='ltr'>non</span> 
     </span>
     <span class='ocr_line' id='line_1_81' title="bbox 1388 984 2451 1025; baseline 0 -10"><span class='ocrx_word' id='word_1_556' title='bbox 1388 991 1508 1024; x_wconf 90' lang='lat' dir='ltr'>spectat</span> <span class='ocrx_word' id='word_1_557' title='bbox 1531 986 1570 1015; x_wconf 89' lang='lat' dir='ltr'>ad</span> <span class='ocrx_word' id='word_1_558' title='bbox 1594 986 1838 1025; x_wconf 88' lang='lat' dir='ltr'>dependentiam</span> <span class='ocrx_word' id='word_1_559' title='bbox 1862 996 1974 1016; x_wconf 88' lang='lat' dir='ltr'>causae</span> <span class='ocrx_word' id='word_1_560' title='bbox 1999 992 2029 1016; x_wconf 92' lang='lat' dir='ltr'>et</span> <span class='ocrx_word' id='word_1_561' title='bbox 2049 986 2166 1016; x_wconf 89' lang='lat' dir='ltr'>causati</span> <span class='ocrx_word' id='word_1_562' title='bbox 2190 991 2225 1015; x_wconf 91' lang='lat' dir='ltr'>ut</span> <span class='ocrx_word' id='word_1_563' title='bbox 2249 986 2308 1021; x_wconf 92' lang='grc'>510,</span> <span class='ocrx_word' id='word_1_564' title='bbox 2334 985 2390 1015; x_wconf 90' lang='lat' dir='ltr'>sed</span> <span class='ocrx_word' id='word_1_565' title='bbox 2412 984 2451 1015; x_wconf 88' lang='lat' dir='ltr'>ad</span> 
     </span>
     <span class='ocr_line' id='line_1_82' title="bbox 1388 1029 2451 1069; baseline 0 -11"><span class='ocrx_word' id='word_1_566' title='bbox 1388 1029 1632 1068; x_wconf 68' lang='lat' dir='ltr'>dependendam</span> <span class='ocrx_word' id='word_1_567' title='bbox 1649 1039 1803 1068; x_wconf 89' lang='lat' dir='ltr'>personae</span> <span class='ocrx_word' id='word_1_568' title='bbox 1826 1029 1933 1060; x_wconf 90' lang='lat' dir='ltr'>finitae</span> <span class='ocrx_word' id='word_1_569' title='bbox 1948 1031 1982 1060; x_wconf 90' lang='lat' dir='ltr'>in</span> <span class='ocrx_word' id='word_1_570' title='bbox 2005 1029 2205 1060; x_wconf 90' lang='lat' dir='ltr'>terminando</span> <span class='ocrx_word' id='word_1_571' title='bbox 2222 1029 2261 1059; x_wconf 91' lang='lat' dir='ltr'>ad</span> <span class='ocrx_word' id='word_1_572' title='bbox 2280 1038 2451 1069; x_wconf 86' lang='lat' dir='ltr'>personam</span> 
     </span>
     <span class='ocr_line' id='line_1_83' title="bbox 1387 1072 2452 1113; baseline 0 -11"><span class='ocrx_word' id='word_1_573' title='bbox 1387 1072 1545 1102; x_wconf 88' lang='lat' dir='ltr'>infinitam</span> <span class='ocrx_word' id='word_1_574' title='bbox 1577 1074 1610 1102; x_wconf 91' lang='lat' dir='ltr'>in</span> <span class='ocrx_word' id='word_1_575' title='bbox 1633 1073 1844 1103; x_wconf 88' lang='lat' dir='ltr'>terminando.</span> <span class='ocrx_word' id='word_1_576' title='bbox 1879 1074 1920 1103; x_wconf 92' lang='lat' dir='ltr'>Et</span> <span class='ocrx_word' id='word_1_577' title='bbox 1950 1074 2024 1113; x_wconf 92' lang='lat' dir='ltr'>quia</span> <span class='ocrx_word' id='word_1_578' title='bbox 2053 1074 2116 1103; x_wconf 92' lang='lat' dir='ltr'>hoc</span> <span class='ocrx_word' id='word_1_579' title='bbox 2140 1074 2291 1103; x_wconf 88' lang='lat' dir='ltr'>convenit</span> <span class='ocrx_word' id='word_1_580' title='bbox 2321 1073 2452 1102; x_wconf 87' lang='lat' dir='ltr'>cuilibet</span> 
     </span>
     <span class='ocr_line' id='line_1_84' title="bbox 1387 1115 2450 1156; baseline 0 -10"><span class='ocrx_word' id='word_1_581' title='bbox 1387 1115 1512 1150; x_wconf 68' lang='lat' dir='ltr'>diffinae</span> <span class='ocrx_word' id='word_1_582' title='bbox 1528 1126 1683 1155; x_wconf 90' lang='lat' dir='ltr'>personae</span> <span class='ocrx_word' id='word_1_583' title='bbox 1700 1118 1822 1147; x_wconf 90' lang='lat' dir='ltr'>ratione</span> <span class='ocrx_word' id='word_1_584' title='bbox 1845 1127 1919 1147; x_wconf 90' lang='lat' dir='ltr'>suae</span> <span class='ocrx_word' id='word_1_585' title='bbox 1935 1118 2082 1156; x_wconf 89' lang='lat' dir='ltr'>propriae</span> <span class='ocrx_word' id='word_1_586' title='bbox 2105 1117 2346 1156; x_wconf 86' lang='lat' dir='ltr'>personalitatis,</span> <span class='ocrx_word' id='word_1_587' title='bbox 2365 1116 2450 1152; x_wconf 88' lang='lat' dir='ltr'>ideo,</span> 
     </span>
    </p>
   </div>
   <div class='ocr_carea' id='block_1_15' title="bbox 1374 1159 2451 1200">
    <p class='ocr_par' dir='ltr' id='par_1_19' title="bbox 1374 1159 2451 1200">
     <span class='ocr_line' id='line_1_85' title="bbox 1374 1159 2451 1200; baseline 0 -11"><span class='ocrx_word' id='word_1_588' title='bbox 1374 1164 1422 1190; x_wconf 68' lang='lat' dir='ltr'>&#39;ut</span> <span class='ocrx_word' id='word_1_589' title='bbox 1444 1159 1526 1190; x_wconf 84' lang='lat' dir='ltr'>infra</span> <span class='ocrx_word' id='word_1_590' title='bbox 1541 1161 1557 1176; x_wconf 59' lang='lat'>⁴⁶</span> <span class='ocrx_word' id='word_1_591' title='bbox 1580 1161 1710 1199; x_wconf 85' lang='lat' dir='ltr'>patebit,</span> <span class='ocrx_word' id='word_1_592' title='bbox 1727 1161 1855 1200; x_wconf 89' lang='lat' dir='ltr'>propria</span> <span class='ocrx_word' id='word_1_593' title='bbox 1876 1161 2082 1200; x_wconf 85' lang='lat' dir='ltr'>personalitas</span> <span class='ocrx_word' id='word_1_594' title='bbox 2106 1161 2212 1195; x_wconf 91' lang='lat' dir='ltr'>Verbi,</span> <span class='ocrx_word' id='word_1_595' title='bbox 2229 1160 2348 1190; x_wconf 91' lang='lat' dir='ltr'>scilicet</span> <span class='ocrx_word' id='word_1_596' title='bbox 2372 1159 2451 1189; x_wconf 90' lang='lat' dir='ltr'>filia-</span> 
     </span>
    </p>
   </div>
   <div class='ocr_carea' id='block_1_16' title="bbox 1379 1203 2452 2504">
    <p class='ocr_par' dir='ltr' id='par_1_20' title="bbox 1386 1203 2361 1243">
     <span class='ocr_line' id='line_1_86' title="bbox 1386 1203 2361 1243; baseline 0 -10"><span class='ocrx_word' id='word_1_597' title='bbox 1386 1204 1442 1239; x_wconf 90' lang='lat' dir='ltr'>tio,</span> <span class='ocrx_word' id='word_1_598' title='bbox 1461 1209 1508 1233; x_wconf 92' lang='lat' dir='ltr'>est</span> <span class='ocrx_word' id='word_1_599' title='bbox 1531 1203 1569 1233; x_wconf 93' lang='lat' dir='ltr'>de</span> <span class='ocrx_word' id='word_1_600' title='bbox 1589 1203 1673 1233; x_wconf 86' lang='lat' dir='ltr'>facto</span> <span class='ocrx_word' id='word_1_601' title='bbox 1698 1213 1754 1243; x_wconf 92' lang='lat' dir='ltr'>per</span> <span class='ocrx_word' id='word_1_602' title='bbox 1770 1213 1802 1233; x_wconf 91' lang='lat' dir='ltr'>se</span> <span class='ocrx_word' id='word_1_603' title='bbox 1825 1205 1930 1243; x_wconf 91' lang='lat' dir='ltr'>primo</span> <span class='ocrx_word' id='word_1_604' title='bbox 1950 1205 2104 1234; x_wconf 91' lang='lat' dir='ltr'>terminus</span> <span class='ocrx_word' id='word_1_605' title='bbox 2126 1204 2361 1233; x_wconf 82' lang='lat' dir='ltr'>incarnationis.</span> 
     </span>
    </p>

    <p class='ocr_par' dir='ltr' id='par_1_21' title="bbox 1379 1247 2452 2504">
     <span class='ocr_line' id='line_1_87' title="bbox 1441 1247 2451 1287; baseline -0.001 -10"><span class='ocrx_word' id='word_1_606' title='bbox 1441 1247 1508 1276; x_wconf 90' lang='lat' dir='ltr'>VII.</span> <span class='ocrx_word' id='word_1_607' title='bbox 1534 1247 1569 1276; x_wconf 90' lang='lat' dir='ltr'>In</span> <span class='ocrx_word' id='word_1_608' title='bbox 1594 1247 1708 1277; x_wconf 88' lang='lat' dir='ltr'>eodem</span> <span class='ocrx_word' id='word_1_609' title='bbox 1732 1248 1835 1287; x_wconf 89' lang='lat' dir='ltr'>primo</span> <span class='ocrx_word' id='word_1_610' title='bbox 1860 1247 2009 1283; x_wconf 85' lang='lat' dir='ltr'>articulo,</span> <span class='ocrx_word' id='word_1_611' title='bbox 2040 1248 2073 1277; x_wconf 91' lang='lat' dir='ltr'>in</span> <span class='ocrx_word' id='word_1_612' title='bbox 2097 1248 2304 1286; x_wconf 90' lang='lat' dir='ltr'>responsione</span> <span class='ocrx_word' id='word_1_613' title='bbox 2329 1247 2367 1276; x_wconf 89' lang='lat' dir='ltr'>ad</span> <span class='ocrx_word' id='word_1_614' title='bbox 2390 1252 2451 1276; x_wconf 88' lang='lat' dir='ltr'>ter—</span> 
     </span>
     <span class='ocr_line' id='line_1_88' title="bbox 1385 1290 2450 1329; baseline -0.001 -9"><span class='ocrx_word' id='word_1_615' title='bbox 1385 1291 1480 1326; x_wconf 90' lang='lat' dir='ltr'>tium,</span> <span class='ocrx_word' id='word_1_616' title='bbox 1510 1290 1635 1320; x_wconf 90' lang='lat' dir='ltr'>adverte</span> <span class='ocrx_word' id='word_1_617' title='bbox 1658 1297 1694 1321; x_wconf 87' lang='lat' dir='ltr'>ut</span> <span class='ocrx_word' id='word_1_618' title='bbox 1718 1297 1809 1321; x_wconf 89' lang='lat' dir='ltr'>caute</span> <span class='ocrx_word' id='word_1_619' title='bbox 1831 1292 1964 1321; x_wconf 89' lang='lat' dir='ltr'>verbum</span> <span class='ocrx_word' id='word_1_620' title='bbox 1987 1291 2258 1321; x_wconf 84' lang='lat' dir='ltr'>denominationis</span> <span class='ocrx_word' id='word_1_621' title='bbox 2280 1290 2450 1329; x_wconf 87' lang='lat' dir='ltr'>intelligas,</span> 
     </span>
     <span class='ocr_line' id='line_1_89' title="bbox 1386 1334 2450 1374; baseline -0.001 -10"><span class='ocrx_word' id='word_1_622' title='bbox 1386 1344 1461 1364; x_wconf 91' lang='lat' dir='ltr'>cum</span> <span class='ocrx_word' id='word_1_623' title='bbox 1484 1335 1561 1374; x_wconf 89' lang='lat' dir='ltr'>legis</span> <span class='ocrx_word' id='word_1_624' title='bbox 1593 1334 1681 1374; x_wconf 91' lang='lat' dir='ltr'>quod</span> <span class='ocrx_word' id='word_1_625' title='bbox 1709 1340 1827 1365; x_wconf 85' lang='lat' dir='ltr'>natura</span> <span class='ocrx_word' id='word_1_626' title='bbox 1850 1335 1990 1365; x_wconf 85' lang='lat' dir='ltr'>humana</span> <span class='ocrx_word' id='word_1_627' title='bbox 2021 1345 2085 1364; x_wconf 89' lang='lat' dir='ltr'>non</span> <span class='ocrx_word' id='word_1_628' title='bbox 2117 1335 2282 1364; x_wconf 84' lang='lat' dir='ltr'>constituit</span> <span class='ocrx_word' id='word_1_629' title='bbox 2310 1334 2450 1364; x_wconf 77' lang='lat' dir='ltr'>diuinam</span> 
     </span>
     <span class='ocr_line' id='line_1_90' title="bbox 1379 1377 2452 1418; baseline -0.001 -10"><span class='ocrx_word' id='word_1_630' title='bbox 1379 1388 1555 1418; x_wconf 85' lang='lat' dir='ltr'>personam</span> <span class='ocrx_word' id='word_1_631' title='bbox 1579 1379 1779 1418; x_wconf 80' lang='lat' dir='ltr'>simpliciter,</span> <span class='ocrx_word' id='word_1_632' title='bbox 1811 1379 1867 1408; x_wconf 85' lang='lat' dir='ltr'>sed</span> <span class='ocrx_word' id='word_1_633' title='bbox 1889 1379 2055 1409; x_wconf 83' lang='lat' dir='ltr'>constituit</span> <span class='ocrx_word' id='word_1_634' title='bbox 2076 1388 2146 1408; x_wconf 86' lang='lat' dir='ltr'>eam</span> <span class='ocrx_word' id='word_1_635' title='bbox 2168 1378 2343 1408; x_wconf 84' lang='lat' dir='ltr'>secundum</span> <span class='ocrx_word' id='word_1_636' title='bbox 2366 1377 2452 1417; x_wconf 85' lang='lat' dir='ltr'>quod</span> 
     </span>
     <span class='ocr_line' id='line_1_91' title="bbox 1385 1421 2450 1452; baseline -0.001 0"><span class='ocrx_word' id='word_1_637' title='bbox 1385 1422 1614 1452; x_wconf 81' lang='lat' dir='ltr'>denominatur</span> <span class='ocrx_word' id='word_1_638' title='bbox 1635 1432 1655 1452; x_wconf 88' lang='lat' dir='ltr'>a</span> <span class='ocrx_word' id='word_1_639' title='bbox 1679 1423 1738 1452; x_wconf 91' lang='lat' dir='ltr'>tali</span> <span class='ocrx_word' id='word_1_640' title='bbox 1762 1427 1890 1452; x_wconf 85' lang='lat' dir='ltr'>natura.</span> <span class='ocrx_word' id='word_1_641' title='bbox 1915 1423 1990 1452; x_wconf 91' lang='lat' dir='ltr'>Non</span> <span class='ocrx_word' id='word_1_642' title='bbox 2007 1423 2092 1452; x_wconf 91' lang='lat' dir='ltr'>enim</span> <span class='ocrx_word' id='word_1_643' title='bbox 2117 1423 2252 1452; x_wconf 92' lang='lat' dir='ltr'>sumitur</span> <span class='ocrx_word' id='word_1_644' title='bbox 2275 1422 2326 1451; x_wconf 92' lang='lat' dir='ltr'>hic</span> <span class='ocrx_word' id='word_1_645' title='bbox 2351 1421 2450 1451; x_wconf 92' lang='lat' dir='ltr'>deno-</span> 
     </span>
     <span class='ocr_line' id='line_1_92' title="bbox 1385 1465 2451 1506; baseline -0.002 -10"><span class='ocrx_word' id='word_1_646' title='bbox 1385 1467 1518 1496; x_wconf 90' lang='lat' dir='ltr'>minatio</span> <span class='ocrx_word' id='word_1_647' title='bbox 1535 1476 1594 1506; x_wconf 90' lang='lat' dir='ltr'>pro</span> <span class='ocrx_word' id='word_1_648' title='bbox 1619 1476 1823 1506; x_wconf 88' lang='lat' dir='ltr'>quacumque</span> <span class='ocrx_word' id='word_1_649' title='bbox 1840 1466 2117 1496; x_wconf 89' lang='lat' dir='ltr'>denominatione:</span> <span class='ocrx_word' id='word_1_650' title='bbox 2144 1475 2218 1496; x_wconf 91' lang='lat' dir='ltr'>cum</span> <span class='ocrx_word' id='word_1_651' title='bbox 2240 1465 2451 1495; x_wconf 87' lang='lat' dir='ltr'>denominen-</span> 
     </span>
     <span class='ocr_line' id='line_1_93' title="bbox 1385 1509 2451 1550; baseline -0.002 -10"><span class='ocrx_word' id='word_1_652' title='bbox 1385 1516 1436 1540; x_wconf 90' lang='lat' dir='ltr'>tur</span> <span class='ocrx_word' id='word_1_653' title='bbox 1466 1511 1572 1550; x_wconf 82' lang='lat' dir='ltr'>aliqua</span> <span class='ocrx_word' id='word_1_654' title='bbox 1595 1511 1633 1539; x_wconf 86' lang='lat' dir='ltr'>ab</span> <span class='ocrx_word' id='word_1_655' title='bbox 1658 1511 1851 1545; x_wconf 87' lang='lat' dir='ltr'>extrinseco,</span> <span class='ocrx_word' id='word_1_656' title='bbox 1876 1515 1911 1540; x_wconf 89' lang='lat' dir='ltr'>ut</span> <span class='ocrx_word' id='word_1_657' title='bbox 1934 1510 2078 1540; x_wconf 88' lang='lat' dir='ltr'>Socrates</span> <span class='ocrx_word' id='word_1_658' title='bbox 2103 1509 2216 1539; x_wconf 88' lang='lat' dir='ltr'>dicitur</span> <span class='ocrx_word' id='word_1_659' title='bbox 2243 1509 2366 1539; x_wconf 90' lang='lat' dir='ltr'>locatus</span> <span class='ocrx_word' id='word_1_660' title='bbox 2396 1514 2451 1538; x_wconf 93' lang='lat' dir='ltr'>aut</span> 
     </span>
     <span class='ocr_line' id='line_1_94' title="bbox 1384 1553 2451 1593; baseline -0.002 -9"><span class='ocrx_word' id='word_1_661' title='bbox 1384 1555 1531 1590; x_wconf 87' lang='lat' dir='ltr'>vestitus;</span> <span class='ocrx_word' id='word_1_662' title='bbox 1557 1554 1662 1593; x_wconf 90' lang='lat' dir='ltr'>aliqua</span> <span class='ocrx_word' id='word_1_663' title='bbox 1685 1554 1723 1583; x_wconf 91' lang='lat' dir='ltr'>ab</span> <span class='ocrx_word' id='word_1_664' title='bbox 1743 1553 1915 1589; x_wconf 89' lang='lat' dir='ltr'>accidente,</span> <span class='ocrx_word' id='word_1_665' title='bbox 1940 1559 1975 1583; x_wconf 89' lang='lat' dir='ltr'>ut</span> <span class='ocrx_word' id='word_1_666' title='bbox 1998 1554 2142 1583; x_wconf 88' lang='lat' dir='ltr'>Socrates</span> <span class='ocrx_word' id='word_1_667' title='bbox 2159 1553 2272 1583; x_wconf 91' lang='lat' dir='ltr'>dicitur</span> <span class='ocrx_word' id='word_1_668' title='bbox 2288 1553 2393 1588; x_wconf 70' lang='lat' dir='ltr'>albus:</span> <span class='ocrx_word' id='word_1_669' title='bbox 2420 1557 2451 1582; x_wconf 91' lang='lat' dir='ltr'>et</span> 
     </span>
     <span class='ocr_line' id='line_1_95' title="bbox 1385 1597 2450 1637; baseline -0.001 -10"><span class='ocrx_word' id='word_1_670' title='bbox 1385 1598 1491 1637; x_wconf 90' lang='lat' dir='ltr'>aliqua</span> <span class='ocrx_word' id='word_1_671' title='bbox 1506 1608 1523 1628; x_wconf 87' lang='lat' dir='ltr'>a</span> <span class='ocrx_word' id='word_1_672' title='bbox 1540 1598 1722 1633; x_wconf 90' lang='lat' dir='ltr'>substantia,</span> <span class='ocrx_word' id='word_1_673' title='bbox 1739 1603 1775 1627; x_wconf 91' lang='lat' dir='ltr'>ut</span> <span class='ocrx_word' id='word_1_674' title='bbox 1798 1598 1942 1627; x_wconf 88' lang='lat' dir='ltr'>Socrates</span> <span class='ocrx_word' id='word_1_675' title='bbox 1959 1597 2072 1627; x_wconf 89' lang='lat' dir='ltr'>dicitur</span> <span class='ocrx_word' id='word_1_676' title='bbox 2087 1597 2243 1627; x_wconf 90' lang='lat' dir='ltr'>animatus</span> <span class='ocrx_word' id='word_1_677' title='bbox 2259 1597 2309 1626; x_wconf 92' lang='lat' dir='ltr'>vel</span> <span class='ocrx_word' id='word_1_678' title='bbox 2334 1606 2450 1635; x_wconf 91' lang='lat' dir='ltr'>corpo-</span> 
     </span>
     <span class='ocr_line' id='line_1_96' title="bbox 1385 1640 2449 1681; baseline -0.002 -10"><span class='ocrx_word' id='word_1_679' title='bbox 1385 1652 1473 1672; x_wconf 91' lang='lat' dir='ltr'>reus:</span> <span class='ocrx_word' id='word_1_680' title='bbox 1493 1659 1516 1664; x_wconf 77' lang='lat'><strong><em>—</em></strong></span> <span class='ocrx_word' id='word_1_681' title='bbox 1535 1641 1590 1671; x_wconf 91' lang='lat' dir='ltr'>sed</span> <span class='ocrx_word' id='word_1_682' title='bbox 1607 1643 1741 1671; x_wconf 89' lang='lat' dir='ltr'>sumitur</span> <span class='ocrx_word' id='word_1_683' title='bbox 1759 1651 1818 1681; x_wconf 93' lang='lat' dir='ltr'>pro</span> <span class='ocrx_word' id='word_1_684' title='bbox 1832 1641 2092 1671; x_wconf 85' lang='lat' dir='ltr'>denominatione</span> <span class='ocrx_word' id='word_1_685' title='bbox 2108 1641 2313 1670; x_wconf 82' lang='lat' dir='ltr'>substantiali.</span> <span class='ocrx_word' id='word_1_686' title='bbox 2334 1640 2449 1679; x_wconf 89' lang='lat' dir='ltr'>Neque</span> 
     </span>
     <span class='ocr_line' id='line_1_97' title="bbox 1384 1684 2449 1724; baseline -0.002 -9"><span class='ocrx_word' id='word_1_687' title='bbox 1384 1686 1581 1724; x_wconf 86' lang='lat' dir='ltr'>restringitur</span> <span class='ocrx_word' id='word_1_688' title='bbox 1603 1686 1655 1715; x_wconf 91' lang='lat' dir='ltr'>hic</span> <span class='ocrx_word' id='word_1_689' title='bbox 1679 1685 1897 1715; x_wconf 90' lang='lat' dir='ltr'>denominatio</span> <span class='ocrx_word' id='word_1_690' title='bbox 1921 1684 1961 1714; x_wconf 88' lang='lat' dir='ltr'>ad</span> <span class='ocrx_word' id='word_1_691' title='bbox 1984 1684 2279 1714; x_wconf 90' lang='lat' dir='ltr'>denominationem</span> <span class='ocrx_word' id='word_1_692' title='bbox 2301 1685 2334 1714; x_wconf 90' lang='lat' dir='ltr'>in</span> <span class='ocrx_word' id='word_1_693' title='bbox 2353 1685 2449 1713; x_wconf 87' lang='lat' dir='ltr'>Ante-</span> 
     </span>
     <span class='ocr_line' id='line_1_98' title="bbox 1379 1727 2450 1769; baseline -0.002 -10"><span class='ocrx_word' id='word_1_694' title='bbox 1379 1729 1650 1769; x_wconf 84' lang='lat' dir='ltr'>praedicamentis</span> <span class='ocrx_word' id='word_1_695' title='bbox 1666 1730 1682 1745; x_wconf 70' lang='lat'>⁴*</span> <span class='ocrx_word' id='word_1_696' title='bbox 1706 1728 1878 1758; x_wconf 88' lang='lat' dir='ltr'>definitam.</span> <span class='ocrx_word' id='word_1_697' title='bbox 1903 1728 2057 1765; x_wconf 90' lang='lat' dir='ltr'>Quamvis</span> <span class='ocrx_word' id='word_1_698' title='bbox 2081 1734 2111 1758; x_wconf 90' lang='lat' dir='ltr'>et</span> <span class='ocrx_word' id='word_1_699' title='bbox 2132 1727 2171 1758; x_wconf 91' lang='lat' dir='ltr'>de</span> <span class='ocrx_word' id='word_1_700' title='bbox 2186 1728 2239 1757; x_wconf 85' lang='grc'>1113</span> <span class='ocrx_word' id='word_1_701' title='bbox 2254 1728 2356 1757; x_wconf 83' lang='grc'>1111013</span> <span class='ocrx_word' id='word_1_702' title='bbox 2371 1728 2450 1757; x_wconf 85' lang='grc'>11300</span> 
     </span>
     <span class='ocr_line' id='line_1_99' title="bbox 1383 1770 2449 1810; baseline -0.002 -8"><span class='ocrx_word' id='word_1_703' title='bbox 1383 1772 1573 1806; x_wconf 87' lang='lat' dir='ltr'>verificetur,</span> <span class='ocrx_word' id='word_1_704' title='bbox 1599 1772 1637 1802; x_wconf 90' lang='lat' dir='ltr'>de</span> <span class='ocrx_word' id='word_1_705' title='bbox 1662 1771 1924 1802; x_wconf 87' lang='lat' dir='ltr'>denominatione</span> <span class='ocrx_word' id='word_1_706' title='bbox 1947 1772 2144 1801; x_wconf 88' lang='lat' dir='ltr'>substantiali</span> <span class='ocrx_word' id='word_1_707' title='bbox 2167 1770 2342 1810; x_wconf 89' lang='lat' dir='ltr'>loquendo.</span> <span class='ocrx_word' id='word_1_708' title='bbox 2366 1771 2449 1800; x_wconf 90' lang='lat' dir='ltr'>Nam</span> 
     </span>
     <span class='ocr_line' id='line_1_100' title="bbox 1384 1816 2449 1856; baseline -0.002 -10"><span class='ocrx_word' id='word_1_709' title='bbox 1384 1826 1521 1856; x_wconf 90' lang='lat' dir='ltr'>persona</span> <span class='ocrx_word' id='word_1_710' title='bbox 1544 1816 1615 1846; x_wconf 90' lang='lat' dir='ltr'>Filii</span> <span class='ocrx_word' id='word_1_711' title='bbox 1639 1816 1699 1845; x_wconf 90' lang='lat' dir='ltr'>Dei</span> <span class='ocrx_word' id='word_1_712' title='bbox 1723 1821 1769 1845; x_wconf 90' lang='lat' dir='ltr'>est</span> <span class='ocrx_word' id='word_1_713' title='bbox 1784 1825 1857 1845; x_wconf 85' lang='lat' dir='ltr'>vere</span> <span class='ocrx_word' id='word_1_714' title='bbox 1873 1825 2010 1854; x_wconf 90' lang='lat' dir='ltr'>persona</span> <span class='ocrx_word' id='word_1_715' title='bbox 2025 1816 2178 1845; x_wconf 89' lang='lat' dir='ltr'>humana:</span> <span class='ocrx_word' id='word_1_716' title='bbox 2205 1820 2235 1844; x_wconf 93' lang='lat' dir='ltr'>et</span> <span class='ocrx_word' id='word_1_717' title='bbox 2258 1816 2449 1854; x_wconf 87' lang='lat' dir='ltr'>inquantum</span> 
     </span>
     <span class='ocr_line' id='line_1_101' title="bbox 1385 1859 2448 1899; baseline -0.002 -9"><span class='ocrx_word' id='word_1_718' title='bbox 1385 1866 1432 1890; x_wconf 86' lang='lat' dir='ltr'>est</span> <span class='ocrx_word' id='word_1_719' title='bbox 1454 1869 1591 1899; x_wconf 88' lang='lat' dir='ltr'>persona</span> <span class='ocrx_word' id='word_1_720' title='bbox 1614 1860 1764 1895; x_wconf 90' lang='lat' dir='ltr'>humana,</span> <span class='ocrx_word' id='word_1_721' title='bbox 1790 1860 1993 1889; x_wconf 90' lang='lat' dir='ltr'>constituitur</span> <span class='ocrx_word' id='word_1_722' title='bbox 2016 1869 2073 1898; x_wconf 90' lang='lat' dir='ltr'>per</span> <span class='ocrx_word' id='word_1_723' title='bbox 2095 1864 2241 1888; x_wconf 90' lang='lat' dir='ltr'>naturam</span> <span class='ocrx_word' id='word_1_724' title='bbox 2257 1859 2448 1894; x_wconf 87' lang='lat' dir='ltr'>humanam;</span> 
     </span>
     <span class='ocr_line' id='line_1_102' title="bbox 1384 1902 2450 1943; baseline -0.003 -9"><span class='ocrx_word' id='word_1_725' title='bbox 1384 1905 1428 1934; x_wconf 88' lang='lat' dir='ltr'>ita</span> <span class='ocrx_word' id='word_1_726' title='bbox 1458 1903 1547 1943; x_wconf 93' lang='lat' dir='ltr'>quod</span> <span class='ocrx_word' id='word_1_727' title='bbox 1577 1909 1689 1933; x_wconf 87' lang='lat' dir='ltr'>natura</span> <span class='ocrx_word' id='word_1_728' title='bbox 1711 1904 1851 1933; x_wconf 86' lang='lat' dir='ltr'>humana</span> <span class='ocrx_word' id='word_1_729' title='bbox 1881 1903 1914 1933; x_wconf 91' lang='lat' dir='ltr'>in</span> <span class='ocrx_word' id='word_1_730' title='bbox 1938 1903 2065 1932; x_wconf 91' lang='lat' dir='ltr'>Christo</span> <span class='ocrx_word' id='word_1_731' title='bbox 2096 1912 2163 1932; x_wconf 93' lang='lat' dir='ltr'>non</span> <span class='ocrx_word' id='word_1_732' title='bbox 2187 1903 2351 1932; x_wconf 89' lang='lat' dir='ltr'>constituit</span> <span class='ocrx_word' id='word_1_733' title='bbox 2379 1902 2450 1932; x_wconf 91' lang='lat' dir='ltr'>Filii</span> 
     </span>
     <span class='ocr_line' id='line_1_103' title="bbox 1384 1946 2449 1987; baseline -0.003 -9"><span class='ocrx_word' id='word_1_734' title='bbox 1384 1948 1445 1978; x_wconf 89' lang='lat' dir='ltr'>Dei</span> <span class='ocrx_word' id='word_1_735' title='bbox 1467 1957 1638 1987; x_wconf 86' lang='lat' dir='ltr'>personam</span> <span class='ocrx_word' id='word_1_736' title='bbox 1659 1953 1817 1986; x_wconf 85' lang='lat' dir='ltr'>quatenus</span> <span class='ocrx_word' id='word_1_737' title='bbox 1833 1952 1879 1977; x_wconf 87' lang='lat' dir='ltr'>est</span> <span class='ocrx_word' id='word_1_738' title='bbox 1902 1956 2047 1986; x_wconf 88' lang='lat' dir='ltr'>persona,</span> <span class='ocrx_word' id='word_1_739' title='bbox 2072 1946 2127 1976; x_wconf 87' lang='lat' dir='ltr'>sed</span> <span class='ocrx_word' id='word_1_740' title='bbox 2143 1951 2300 1986; x_wconf 88' lang='lat' dir='ltr'>quatenus</span> <span class='ocrx_word' id='word_1_741' title='bbox 2317 1952 2363 1975; x_wconf 89' lang='lat' dir='ltr'>est</span> <span class='ocrx_word' id='word_1_742' title='bbox 2378 1955 2449 1985; x_wconf 91' lang='lat' dir='ltr'>per-</span> 
     </span>
     <span class='ocr_line' id='line_1_104' title="bbox 1385 1990 2448 2030; baseline -0.002 -9"><span class='ocrx_word' id='word_1_743' title='bbox 1385 2001 1464 2022; x_wconf 90' lang='lat' dir='ltr'>sona</span> <span class='ocrx_word' id='word_1_744' title='bbox 1479 1992 1629 2021; x_wconf 90' lang='lat' dir='ltr'>humana.</span> <span class='ocrx_word' id='word_1_745' title='bbox 1655 1992 1696 2021; x_wconf 91' lang='lat' dir='ltr'>Et</span> <span class='ocrx_word' id='word_1_746' title='bbox 1714 1991 1777 2021; x_wconf 89' lang='lat' dir='ltr'>hoc</span> <span class='ocrx_word' id='word_1_747' title='bbox 1793 1990 1928 2021; x_wconf 90' lang='lat' dir='ltr'>intendit</span> <span class='ocrx_word' id='word_1_748' title='bbox 1943 1991 2054 2020; x_wconf 87' lang='lat' dir='ltr'>littera.</span> <span class='ocrx_word' id='word_1_749' title='bbox 2079 1990 2243 2028; x_wconf 90' lang='lat' dir='ltr'>Quoniam</span> <span class='ocrx_word' id='word_1_750' title='bbox 2259 1990 2292 2030; x_wconf 93' lang='lat' dir='ltr'>ly</span> <span class='ocrx_word' id='word_1_751' title='bbox 2306 1990 2448 2020; x_wconf 83' lang='lat' dir='ltr'>humana</span> 
     </span>
     <span class='ocr_line' id='line_1_105' title="bbox 1384 2034 2447 2073; baseline -0.002 -8"><span class='ocrx_word' id='word_1_752' title='bbox 1384 2035 1680 2065; x_wconf 88' lang='lat' dir='ltr'>denominationem</span> <span class='ocrx_word' id='word_1_753' title='bbox 1704 2035 1942 2065; x_wconf 85' lang='lat' dir='ltr'>substantialem</span> <span class='ocrx_word' id='word_1_754' title='bbox 1965 2044 1982 2063; x_wconf 93' lang='lat' dir='ltr'>a</span> <span class='ocrx_word' id='word_1_755' title='bbox 2004 2039 2117 2064; x_wconf 90' lang='lat' dir='ltr'>natura</span> <span class='ocrx_word' id='word_1_756' title='bbox 2131 2034 2271 2063; x_wconf 90' lang='lat' dir='ltr'>hominis</span> <span class='ocrx_word' id='word_1_757' title='bbox 2286 2034 2447 2073; x_wconf 89' lang='lat' dir='ltr'>importat.</span> 
     </span>
     <span class='ocr_line' id='line_1_106' title="bbox 1384 2077 2448 2118; baseline -0.002 -10"><span class='ocrx_word' id='word_1_758' title='bbox 1384 2080 1425 2109; x_wconf 89' lang='lat' dir='ltr'>Et</span> <span class='ocrx_word' id='word_1_759' title='bbox 1448 2079 1603 2118; x_wconf 90' lang='lat' dir='ltr'>quoniam</span> <span class='ocrx_word' id='word_1_760' title='bbox 1626 2079 1698 2108; x_wconf 92' lang='lat' dir='ltr'>Filii</span> <span class='ocrx_word' id='word_1_761' title='bbox 1721 2079 1781 2108; x_wconf 91' lang='lat' dir='ltr'>Dei</span> <span class='ocrx_word' id='word_1_762' title='bbox 1810 2088 1947 2118; x_wconf 90' lang='lat' dir='ltr'>persona</span> <span class='ocrx_word' id='word_1_763' title='bbox 1976 2079 2020 2108; x_wconf 91' lang='lat' dir='ltr'>sic</span> <span class='ocrx_word' id='word_1_764' title='bbox 2044 2077 2125 2108; x_wconf 88' lang='lat' dir='ltr'>facta</span> <span class='ocrx_word' id='word_1_765' title='bbox 2149 2083 2196 2107; x_wconf 89' lang='lat' dir='ltr'>est</span> <span class='ocrx_word' id='word_1_766' title='bbox 2225 2087 2361 2117; x_wconf 89' lang='lat' dir='ltr'>persona</span> <span class='ocrx_word' id='word_1_767' title='bbox 2389 2078 2448 2107; x_wconf 93' lang='lat' dir='ltr'>hu-</span> 
     </span>
     <span class='ocr_line' id='line_1_107' title="bbox 1383 2114 2448 2162; baseline -0.002 -10"><span class='ocrx_word' id='word_1_768' title='bbox 1383 2133 1478 2152; x_wconf 90' lang='lat' dir='ltr'>mana</span> <span class='ocrx_word' id='word_1_769' title='bbox 1500 2128 1536 2152; x_wconf 92' lang='lat' dir='ltr'>ut</span> <span class='ocrx_word' id='word_1_770' title='bbox 1558 2123 1627 2162; x_wconf 92' lang='lat' dir='ltr'>ipse</span> <span class='ocrx_word' id='word_1_771' title='bbox 1651 2122 1750 2152; x_wconf 90' lang='lat' dir='ltr'>Filius</span> <span class='ocrx_word' id='word_1_772' title='bbox 1765 2114 1833 2152; x_wconf 93' lang='lat' dir='ltr'>Dei</span> <span class='ocrx_word' id='word_1_773' title='bbox 1856 2131 1929 2152; x_wconf 91' lang='lat' dir='ltr'>vere</span> <span class='ocrx_word' id='word_1_774' title='bbox 1953 2122 1992 2151; x_wconf 93' lang='lat' dir='ltr'>sit</span> <span class='ocrx_word' id='word_1_775' title='bbox 2014 2122 2132 2157; x_wconf 92' lang='lat' dir='ltr'>homo,</span> <span class='ocrx_word' id='word_1_776' title='bbox 2165 2121 2240 2151; x_wconf 89' lang='lat' dir='ltr'>ideo</span> <span class='ocrx_word' id='word_1_777' title='bbox 2271 2121 2334 2151; x_wconf 86' lang='lat' dir='ltr'>dixi</span> <span class='ocrx_word' id='word_1_778' title='bbox 2359 2121 2448 2160; x_wconf 92' lang='lat' dir='ltr'>quod</span> 
     </span>
     <span class='ocr_line' id='line_1_108' title="bbox 1384 2164 2448 2205; baseline -0.002 -9"><span class='ocrx_word' id='word_1_779' title='bbox 1384 2167 1603 2196; x_wconf 89' lang='lat' dir='ltr'>denominatio</span> <span class='ocrx_word' id='word_1_780' title='bbox 1619 2167 1678 2196; x_wconf 90' lang='lat' dir='ltr'>ista</span> <span class='ocrx_word' id='word_1_781' title='bbox 1693 2176 1761 2196; x_wconf 93' lang='lat' dir='ltr'>non</span> <span class='ocrx_word' id='word_1_782' title='bbox 1781 2166 1826 2196; x_wconf 89' lang='lat' dir='ltr'>sic</span> <span class='ocrx_word' id='word_1_783' title='bbox 1840 2166 2036 2205; x_wconf 84' lang='lat' dir='ltr'>restringitur</span> <span class='ocrx_word' id='word_1_784' title='bbox 2059 2166 2138 2205; x_wconf 91' lang='lat' dir='ltr'>quin</span> <span class='ocrx_word' id='word_1_785' title='bbox 2153 2164 2333 2195; x_wconf 89' lang='lat' dir='ltr'>verificetur</span> <span class='ocrx_word' id='word_1_786' title='bbox 2353 2165 2448 2195; x_wconf 88' lang='lat' dir='ltr'>etiam</span> 
     </span>
     <span class='ocr_line' id='line_1_109' title="bbox 1384 2208 2448 2248; baseline -0.002 -8"><span class='ocrx_word' id='word_1_787' title='bbox 1384 2210 1595 2240; x_wconf 88' lang='lat' dir='ltr'>substantialis</span> <span class='ocrx_word' id='word_1_788' title='bbox 1622 2210 1818 2240; x_wconf 88' lang='lat' dir='ltr'>univocatio.</span> <span class='ocrx_word' id='word_1_789' title='bbox 1852 2210 1992 2239; x_wconf 88' lang='lat' dir='ltr'>Persona</span> <span class='ocrx_word' id='word_1_790' title='bbox 2021 2208 2179 2248; x_wconf 90' lang='lat' dir='ltr'>siquidem</span> <span class='ocrx_word' id='word_1_791' title='bbox 2201 2209 2299 2238; x_wconf 89' lang='lat' dir='ltr'>Verbi</span> <span class='ocrx_word' id='word_1_792' title='bbox 2327 2209 2370 2239; x_wconf 90' lang='lat' dir='ltr'>ita</span> <span class='ocrx_word' id='word_1_793' title='bbox 2401 2214 2448 2238; x_wconf 90' lang='lat' dir='ltr'>est</span> 
     </span>
     <span class='ocr_line' id='line_1_110' title="bbox 1383 2252 2447 2294; baseline -0.002 -10"><span class='ocrx_word' id='word_1_794' title='bbox 1383 2255 1523 2284; x_wconf 87' lang='lat' dir='ltr'>humana</span> <span class='ocrx_word' id='word_1_795' title='bbox 1547 2253 1636 2294; x_wconf 92' lang='lat' dir='ltr'>quod</span> <span class='ocrx_word' id='word_1_796' title='bbox 1659 2259 1705 2284; x_wconf 87' lang='lat' dir='ltr'>est</span> <span class='ocrx_word' id='word_1_797' title='bbox 1729 2254 1823 2283; x_wconf 84' lang='lat' dir='ltr'>etiarn</span> <span class='ocrx_word' id='word_1_798' title='bbox 1846 2254 1946 2283; x_wconf 91' lang='lat' dir='ltr'>homo</span> <span class='ocrx_word' id='word_1_799' title='bbox 1970 2254 2108 2283; x_wconf 88' lang='lat' dir='ltr'>univoce</span> <span class='ocrx_word' id='word_1_800' title='bbox 2138 2262 2213 2282; x_wconf 92' lang='lat' dir='ltr'>cum</span> <span class='ocrx_word' id='word_1_801' title='bbox 2235 2252 2365 2291; x_wconf 90' lang='lat' dir='ltr'>reliquis</span> <span class='ocrx_word' id='word_1_802' title='bbox 2387 2253 2447 2282; x_wconf 92' lang='lat' dir='ltr'>ho-</span> 
     </span>
     <span class='ocr_line' id='line_1_111' title="bbox 1383 2296 2446 2328; baseline -0.003 0"><span class='ocrx_word' id='word_1_803' title='bbox 1383 2297 1532 2328; x_wconf 85' lang='lat' dir='ltr'>minibus.</span> <span class='ocrx_word' id='word_1_804' title='bbox 1558 2298 1661 2327; x_wconf 90' lang='lat' dir='ltr'>Tanta</span> <span class='ocrx_word' id='word_1_805' title='bbox 1684 2303 1730 2327; x_wconf 89' lang='lat' dir='ltr'>est</span> <span class='ocrx_word' id='word_1_806' title='bbox 1753 2302 1860 2327; x_wconf 90' lang='lat' dir='ltr'>autem</span> <span class='ocrx_word' id='word_1_807' title='bbox 1883 2297 2067 2327; x_wconf 85' lang='lat' dir='ltr'>excellentia</span> <span class='ocrx_word' id='word_1_808' title='bbox 2086 2296 2311 2326; x_wconf 88' lang='lat' dir='ltr'>incarnationis</span> <span class='ocrx_word' id='word_1_809' title='bbox 2327 2301 2363 2326; x_wconf 91' lang='lat' dir='ltr'>ut</span> <span class='ocrx_word' id='word_1_810' title='bbox 2377 2305 2446 2326; x_wconf 90' lang='lat' dir='ltr'>non</span> 
     </span>
     <span class='ocr_line' id='line_1_112' title="bbox 1383 2340 2445 2382; baseline -0.002 -10"><span class='ocrx_word' id='word_1_811' title='bbox 1383 2343 1483 2382; x_wconf 89' lang='lat' dir='ltr'>possit</span> <span class='ocrx_word' id='word_1_812' title='bbox 1507 2343 1601 2372; x_wconf 90' lang='lat' dir='ltr'>unica</span> <span class='ocrx_word' id='word_1_813' title='bbox 1623 2343 1674 2371; x_wconf 90' lang='lat' dir='ltr'>via</span> <span class='ocrx_word' id='word_1_814' title='bbox 1697 2346 1751 2371; x_wconf 90' lang='lat' dir='ltr'>aut</span> <span class='ocrx_word' id='word_1_815' title='bbox 1773 2341 1895 2371; x_wconf 91' lang='lat' dir='ltr'>ratione</span> <span class='ocrx_word' id='word_1_816' title='bbox 1919 2340 1997 2371; x_wconf 88' lang='lat' dir='ltr'>dici:</span> <span class='ocrx_word' id='word_1_817' title='bbox 2022 2340 2077 2370; x_wconf 92' lang='lat' dir='ltr'>sed</span> <span class='ocrx_word' id='word_1_818' title='bbox 2100 2345 2247 2379; x_wconf 87' lang='lat' dir='ltr'>oporteat</span> <span class='ocrx_word' id='word_1_819' title='bbox 2261 2340 2370 2370; x_wconf 89' lang='lat' dir='ltr'>multis</span> <span class='ocrx_word' id='word_1_820' title='bbox 2385 2340 2445 2370; x_wconf 86' lang='lat' dir='ltr'>viis</span> 
     </span>
     <span class='ocr_line' id='line_1_113' title="bbox 1384 2383 2445 2426; baseline -0.004 -10"><span class='ocrx_word' id='word_1_821' title='bbox 1384 2396 1420 2416; x_wconf 92' lang='lat' dir='ltr'>ac</span> <span class='ocrx_word' id='word_1_822' title='bbox 1443 2385 1548 2416; x_wconf 89' lang='lat' dir='ltr'>modis</span> <span class='ocrx_word' id='word_1_823' title='bbox 1577 2386 1718 2426; x_wconf 89' lang='lat' dir='ltr'>mysterii</span> <span class='ocrx_word' id='word_1_824' title='bbox 1746 2385 1829 2414; x_wconf 88' lang='lat' dir='ltr'>illius</span> <span class='ocrx_word' id='word_1_825' title='bbox 1860 2385 2077 2423; x_wconf 87' lang='lat' dir='ltr'>cognitionem</span> <span class='ocrx_word' id='word_1_826' title='bbox 2105 2383 2373 2423; x_wconf 89' lang='lat' dir='ltr'>qualemcumque</span> <span class='ocrx_word' id='word_1_827' title='bbox 2396 2384 2445 2412; x_wconf 90' lang='lat' dir='ltr'>in·-</span> 
     </span>
     <span class='ocr_line' id='line_1_114' title="bbox 1384 2427 2444 2470; baseline -0.004 -10"><span class='ocrx_word' id='word_1_828' title='bbox 1384 2431 1546 2470; x_wconf 86' lang='lat' dir='ltr'>vestigare.</span> <span class='ocrx_word' id='word_1_829' title='bbox 1582 2430 1622 2459; x_wconf 89' lang='lat' dir='ltr'>Et</span> <span class='ocrx_word' id='word_1_830' title='bbox 1644 2429 1718 2459; x_wconf 88' lang='lat' dir='ltr'>ideo</span> <span class='ocrx_word' id='word_1_831' title='bbox 1747 2438 1834 2458; x_wconf 91' lang='lat' dir='ltr'>nunc</span> <span class='ocrx_word' id='word_1_832' title='bbox 1856 2438 1913 2468; x_wconf 88' lang='lat' dir='ltr'>per</span> <span class='ocrx_word' id='word_1_833' title='bbox 1936 2427 2247 2463; x_wconf 90' lang='lat' dir='ltr'>denominationem,</span> <span class='ocrx_word' id='word_1_834' title='bbox 2277 2436 2364 2457; x_wconf 91' lang='lat' dir='ltr'>nunc</span> <span class='ocrx_word' id='word_1_835' title='bbox 2387 2436 2444 2466; x_wconf 91' lang='lat' dir='ltr'>per</span> 
     </span>
     <span class='ocr_line' id='line_1_115' title="bbox 1384 2472 1854 2504; baseline -0.004 0"><span class='ocrx_word' id='word_1_836' title='bbox 1384 2474 1645 2504; x_wconf 91' lang='lat' dir='ltr'>univocationem</span> <span class='ocrx_word' id='word_1_837' title='bbox 1668 2472 1854 2503; x_wconf 83' lang='lat' dir='ltr'>incedimus.</span> 
     </span>
    </p>
   </div>
   <div class='ocr_carea' id='block_1_17' title="bbox 1382 2654 1680 2704">
    <p class='ocr_par' dir='ltr' id='par_1_22' title="bbox 1382 2654 1680 2704">
     <span class='ocr_line' id='line_1_116' title="bbox 1382 2654 1680 2704; baseline -0.003 -8"><span class='ocrx_word' id='word_1_838' title='bbox 1382 2654 1680 2704; x_wconf 81' lang='lat' dir='ltr'>SECUNDUS</span> 
     </span>
    </p>
   </div>
   <div class='ocr_carea' id='block_1_18' title="bbox 793 2745 1918 2779">
    <p class='ocr_par' dir='ltr' id='par_1_23' title="bbox 793 2745 1918 2779">
     <span class='ocr_line' id='line_1_117' title="bbox 793 2745 1918 2779; baseline -0.003 0"><span class='ocrx_word' id='word_1_839' title='bbox 793 2748 950 2779; x_wconf 90' lang='lat' dir='ltr'><strong>UTRUM</strong></span> <span class='ocrx_word' id='word_1_840' title='bbox 972 2747 1183 2779; x_wconf 92' lang='lat' dir='ltr'>NATURAE</span> <span class='ocrx_word' id='word_1_841' title='bbox 1206 2747 1383 2778; x_wconf 89' lang='lat' dir='ltr'>DIVINAE</span> <span class='ocrx_word' id='word_1_842' title='bbox 1408 2746 1663 2778; x_wconf 91' lang='lat' dir='ltr'>CONVENIAT</span> <span class='ocrx_word' id='word_1_843' title='bbox 1690 2745 1918 2777; x_wconf 89' lang='lat' dir='ltr'>ASSUMERE</span> 
     </span>
    </p>
   </div>
   <div class='ocr_carea' id='block_1_19' title="bbox 1114 2834 1594 2866">
    <p class='ocr_par' dir='ltr' id='par_1_24' title="bbox 1114 2834 1594 2866">
     <span class='ocr_line' id='line_1_118' title="bbox 1114 2834 1594 2866; baseline 0 -8"><span class='ocrx_word' id='word_1_844' title='bbox 1114 2834 1145 2858; x_wconf 90' lang='lat'>111</span> <span class='ocrx_word' id='word_1_845' title='bbox 1166 2834 1253 2864; x_wconf 83' lang='lat' dir='ltr'>Sent.‚</span> <span class='ocrx_word' id='word_1_846' title='bbox 1273 2834 1331 2860; x_wconf 84' lang='lat' dir='ltr'>dist,</span> <span class='ocrx_word' id='word_1_847' title='bbox 1349 2842 1374 2864; x_wconf 87' lang='lat' dir='ltr'>v,</span> <span class='ocrx_word' id='word_1_848' title='bbox 1394 2842 1438 2866; x_wconf 85' lang='lat' dir='ltr'>qu.</span> <span class='ocrx_word' id='word_1_849' title='bbox 1457 2841 1484 2864; x_wconf 85' lang='lat'>11,</span> <span class='ocrx_word' id='word_1_850' title='bbox 1505 2839 1551 2859; x_wconf 85' lang='lat' dir='ltr'>art.</span> <span class='ocrx_word' id='word_1_851' title='bbox 1571 2840 1594 2858; x_wconf 88' lang='lat'>2.</span> 
     </span>
    </p>
   </div>
   <div class='ocr_carea' id='block_1_20' title="bbox 269 2921 1328 3445">
    <p class='ocr_par' dir='ltr' id='par_1_25' title="bbox 287 2921 1328 3085">
     <span class='ocr_line' id='line_1_119' title="bbox 336 2921 1328 2989; baseline -0.002 -29"><span class='ocrx_word' id='word_1_852' title='bbox 336 2941 365 2955; x_wconf 54' lang='grc' dir='ltr'>»ι</span> <span class='ocrx_word' id='word_1_853' title='bbox 388 2954 406 2976; x_wconf 15' lang='grc' dir='ltr'>,η</span> <span class='ocrx_word' id='word_1_854' title='bbox 419 2944 467 2989; x_wconf 49' lang='grc' dir='ltr'>ἔξ(-</span> <span class='ocrx_word' id='word_1_855' title='bbox 479 2936 502 2960; x_wconf 83' lang='grc'>1)</span> <span class='ocrx_word' id='word_1_856' title='bbox 517 2934 705 2959; x_wconf 77' lang='lat' dir='ltr'><strong>SECUNDUM</strong></span> <span class='ocrx_word' id='word_1_857' title='bbox 724 2933 775 2958; x_wconf 90' lang='lat' dir='ltr'>s1c</span> <span class='ocrx_word' id='word_1_858' title='bbox 795 2933 1028 2959; x_wconf 68' lang='lat' dir='ltr'>Paocnm&#39;run.</span> <span class='ocrx_word' id='word_1_859' title='bbox 1043 2921 1204 2958; x_wconf 90' lang='lat' dir='ltr'>Videtur</span> <span class='ocrx_word' id='word_1_860' title='bbox 1222 2922 1328 2970; x_wconf 90' lang='lat' dir='ltr'>quod</span> 
     </span>
     <span class='ocr_line' id='line_1_120' title="bbox 297 2954 1328 3035; baseline -0.002 -22.988"><span class='ocrx_word' id='word_1_861' title='bbox 297 2954 341 3018; x_wconf 50' lang='grc' dir='ltr'>’ἃ</span> <span class='ocrx_word' id='word_1_862' title='bbox 322 2966 436 3035; x_wconf 31' lang='lat' dir='ltr'>(JNAJ</span> <span class='ocrx_word' id='word_1_863' title='bbox 414 2974 459 3030; x_wconf 58' lang='lat' dir='ltr'>aits</span> <span class='ocrx_word' id='word_1_864' title='bbox 480 2982 637 3012; x_wconf 90' lang='lat' dir='ltr'>naturae</span> <span class='ocrx_word' id='word_1_865' title='bbox 678 2973 830 3010; x_wconf 89' lang='lat' dir='ltr'>divinae</span> <span class='ocrx_word' id='word_1_866' title='bbox 867 2985 948 3010; x_wconf 94' lang='lat' dir='ltr'>non</span> <span class='ocrx_word' id='word_1_867' title='bbox 984 2974 1188 3011; x_wconf 91' lang='lat' dir='ltr'>conveniat</span> <span class='ocrx_word' id='word_1_868' title='bbox 1224 2987 1328 3011; x_wconf 89' lang='lat' dir='ltr'>assu-</span> 
     </span>
     <span class='ocr_line' id='line_1_121' title="bbox 287 3010 1327 3105; baseline -0.004 -38"><span class='ocrx_word' id='word_1_869' title='bbox 287 3010 369 3105; x_wconf 40' lang='lat'>252</span> <span class='ocrx_word' id='word_1_870' title='bbox 350 3041 407 3072; x_wconf 64' lang='lat' dir='ltr'>*r</span> <span class='ocrx_word' id='word_1_871' title='bbox 422 3025 597 3072; x_wconf 63' lang='grc' dir='ltr'>ἰ’11κ&gt;,.1·0</span> <span class='ocrx_word' id='word_1_872' title='bbox 620 3026 734 3073; x_wconf 88' lang='lat' dir='ltr'>Quia,</span> <span class='ocrx_word' id='word_1_873' title='bbox 750 3026 846 3062; x_wconf 91' lang='lat' dir='ltr'>sicut</span> <span class='ocrx_word' id='word_1_874' title='bbox 863 3026 1008 3062; x_wconf 88' lang='lat' dir='ltr'>dictum</span> <span class='ocrx_word' id='word_1_875' title='bbox 1023 3026 1117 3072; x_wconf 78' lang='lat' dir='ltr'>est*,</span> <span class='ocrx_word' id='word_1_876' title='bbox 1133 3038 1327 3063; x_wconf 84' lang='lat' dir='ltr'>assumere</span> 
     </span>
    </p>

    <p class='ocr_par' dir='ltr' id='par_1_26' title="bbox 270 3048 1328 3340">
     <span class='ocr_line' id='line_1_122' title="bbox 327 3048 1328 3138; baseline 0.001 -24.018"><span class='ocrx_word' id='word_1_877' title='bbox 345 3074 365 3087; x_wconf 60' lang='grc'>’</span> <span class='ocrx_word' id='word_1_878' title='bbox 327 3048 448 3120; x_wconf 49' lang='lat'>(³333)</span> <span class='ocrx_word' id='word_1_879' title='bbox 438 3073 618 3118; x_wconf 41' lang='lat' dir='ltr'>&amp;dicitur</span> <span class='ocrx_word' id='word_1_880' title='bbox 646 3078 755 3138; x_wconf 80' lang='lat' dir='ltr'>quasi</span> <span class='ocrx_word' id='word_1_881' title='bbox 783 3078 834 3115; x_wconf 83' lang='lat' dir='ltr'>ad</span> <span class='ocrx_word' id='word_1_882' title='bbox 848 3091 887 3115; x_wconf 84' lang='lat' dir='ltr'>se</span> <span class='ocrx_word' id='word_1_883' title='bbox 903 3090 1059 3115; x_wconf 87' lang='lat' dir='ltr'>sumere.</span> <span class='ocrx_word' id='word_1_884' title='bbox 1090 3055 1166 3115; x_wconf 90' lang='lat' dir='ltr'>Sed</span> <span class='ocrx_word' id='word_1_885' title='bbox 1194 3086 1328 3115; x_wconf 87' lang='lat' dir='ltr'>natura</span> 
     </span>
     <span class='ocr_line' id='line_1_123' title="bbox 271 3131 1325 3180; baseline -0.004 -9"><span class='ocrx_word' id='word_1_886' title='bbox 271 3133 402 3171; x_wconf 83' lang='lat' dir='ltr'>divina</span> <span class='ocrx_word' id='word_1_887' title='bbox 434 3145 515 3170; x_wconf 92' lang='lat' dir='ltr'>non</span> <span class='ocrx_word' id='word_1_888' title='bbox 551 3131 712 3180; x_wconf 90' lang='lat' dir='ltr'>sumpsit</span> <span class='ocrx_word' id='word_1_889' title='bbox 746 3131 795 3168; x_wconf 91' lang='lat' dir='ltr'>ad</span> <span class='ocrx_word' id='word_1_890' title='bbox 823 3143 862 3168; x_wconf 90' lang='lat' dir='ltr'>se</span> <span class='ocrx_word' id='word_1_891' title='bbox 891 3131 1104 3167; x_wconf 87' lang='lat' dir='ltr'>humanam</span> <span class='ocrx_word' id='word_1_892' title='bbox 1131 3138 1325 3167; x_wconf 89' lang='lat' dir='ltr'>naturam:</span> 
     </span>
     <span class='ocr_line' id='line_1_124' title="bbox 271 3182 1325 3245; baseline -0.004 -22"><span class='ocrx_word' id='word_1_893' title='bbox 271 3185 362 3245; x_wconf 87' lang='lat' dir='ltr'>quia</span> <span class='ocrx_word' id='word_1_894' title='bbox 379 3197 462 3222; x_wconf 89' lang='lat' dir='ltr'>non</span> <span class='ocrx_word' id='word_1_895' title='bbox 479 3193 535 3223; x_wconf 91' lang='lat' dir='ltr'>est</span> <span class='ocrx_word' id='word_1_896' title='bbox 551 3185 646 3222; x_wconf 87' lang='lat' dir='ltr'>facta</span> <span class='ocrx_word' id='word_1_897' title='bbox 669 3183 762 3220; x_wconf 91' lang='lat' dir='ltr'>unio</span> <span class='ocrx_word' id='word_1_898' title='bbox 782 3184 821 3220; x_wconf 91' lang='lat' dir='ltr'>in</span> <span class='ocrx_word' id='word_1_899' title='bbox 839 3190 985 3229; x_wconf 91' lang='lat' dir='ltr'>natura,</span> <span class='ocrx_word' id='word_1_900' title='bbox 1007 3182 1100 3219; x_wconf 90' lang='lat' dir='ltr'>sed</span> <span class='ocrx_word' id='word_1_901' title='bbox 1092 3195 1131 3219; x_wconf 90' lang='grc'>111</span> <span class='ocrx_word' id='word_1_902' title='bbox 1149 3195 1325 3231; x_wconf 87' lang='lat' dir='ltr'>persona,</span> 
     </span>
     <span class='ocr_line' id='line_1_125' title="bbox 270 3235 1327 3287; baseline -0.004 -12"><span class='ocrx_word' id='word_1_903' title='bbox 270 3238 367 3276; x_wconf 91' lang='lat' dir='ltr'>sicut</span> <span class='ocrx_word' id='word_1_904' title='bbox 400 3250 516 3287; x_wconf 91' lang='lat' dir='ltr'>supra</span> <span class='ocrx_word' id='word_1_905' title='bbox 533 3237 554 3260; x_wconf 70' lang='lat'>&#39;¹‘</span> <span class='ocrx_word' id='word_1_906' title='bbox 581 3237 726 3274; x_wconf 90' lang='lat' dir='ltr'>dictum</span> <span class='ocrx_word' id='word_1_907' title='bbox 754 3243 818 3273; x_wconf 90' lang='lat' dir='ltr'>est.</span> <span class='ocrx_word' id='word_1_908' title='bbox 855 3236 956 3283; x_wconf 87' lang='lat' dir='ltr'>Ergo</span> <span class='ocrx_word' id='word_1_909' title='bbox 985 3242 1142 3271; x_wconf 83' lang='lat' dir='ltr'>naturae</span> <span class='ocrx_word' id='word_1_910' title='bbox 1175 3235 1327 3272; x_wconf 88' lang='lat' dir='ltr'>divinae</span> 
     </span>
     <span class='ocr_line' id='line_1_126' title="bbox 270 3288 1239 3340; baseline -0.006 -12"><span class='ocrx_word' id='word_1_911' title='bbox 270 3302 351 3328; x_wconf 93' lang='lat' dir='ltr'>non</span> <span class='ocrx_word' id='word_1_912' title='bbox 378 3290 560 3340; x_wconf 90' lang='lat' dir='ltr'>competit</span> <span class='ocrx_word' id='word_1_913' title='bbox 587 3301 781 3326; x_wconf 89' lang='lat' dir='ltr'>assumere</span> <span class='ocrx_word' id='word_1_914' title='bbox 810 3295 986 3325; x_wconf 87' lang='lat' dir='ltr'>naturam</span> <span class='ocrx_word' id='word_1_915' title='bbox 1014 3288 1239 3323; x_wconf 91' lang='lat' dir='ltr'>humanam.</span> 
     </span>
    </p>

    <p class='ocr_par' dir='ltr' id='par_1_27' title="bbox 269 3338 1325 3445">
     <span class='ocr_line' id='line_1_127' title="bbox 324 3338 1325 3390; baseline -0.006 -9"><span class='ocrx_word' id='word_1_916' title='bbox 324 3355 359 3380; x_wconf 89' lang='lat'>2.</span> <span class='ocrx_word' id='word_1_917' title='bbox 393 3344 630 3390; x_wconf 78' lang='lat' dir='ltr'>PRAETEREA,</span> <span class='ocrx_word' id='word_1_918' title='bbox 668 3349 803 3379; x_wconf 89' lang='lat' dir='ltr'>natura</span> <span class='ocrx_word' id='word_1_919' title='bbox 843 3340 972 3378; x_wconf 91' lang='lat' dir='ltr'>divina</span> <span class='ocrx_word' id='word_1_920' title='bbox 1012 3338 1229 3376; x_wconf 89' lang='lat' dir='ltr'>communis</span> <span class='ocrx_word' id='word_1_921' title='bbox 1271 3346 1325 3375; x_wconf 89' lang='lat' dir='ltr'>est</span> 
     </span>
     <span class='ocr_line' id='line_1_128' title="bbox 269 3391 1324 3445; baseline -0.006 -12"><span class='ocrx_word' id='word_1_922' title='bbox 269 3395 390 3433; x_wconf 88' lang='lat' dir='ltr'>tribus</span> <span class='ocrx_word' id='word_1_923' title='bbox 416 3394 599 3445; x_wconf 89' lang='lat' dir='ltr'>personis.</span> <span class='ocrx_word' id='word_1_924' title='bbox 630 3394 670 3432; x_wconf 93' lang='lat' dir='ltr'>Si</span> <span class='ocrx_word' id='word_1_925' title='bbox 695 3394 805 3442; x_wconf 89' lang='lat' dir='ltr'>igitur</span> <span class='ocrx_word' id='word_1_926' title='bbox 831 3401 988 3430; x_wconf 88' lang='lat' dir='ltr'>naturae</span> <span class='ocrx_word' id='word_1_927' title='bbox 1016 3391 1194 3428; x_wconf 87' lang='lat' dir='ltr'>convenit</span> <span class='ocrx_word' id='word_1_928' title='bbox 1221 3403 1324 3428; x_wconf 91' lang='lat' dir='ltr'>assu-</span> 
     </span>
    </p>
   </div>
   <div class='ocr_carea' id='block_1_21' title="bbox 283 2935 470 3114">
    <p class='ocr_par' dir='ltr' id='par_1_28' title="bbox 283 2935 470 3114">
     <span class='ocr_line' id='line_1_129' title="bbox 283 2935 470 3114; baseline 0 -117"><span class='ocrx_word' id='word_1_929' title='bbox 283 2935 470 3114; x_wconf 95' lang='lat' dir='ltr'>  </span> 
     </span>
    </p>
   </div>
   <div class='ocr_carea' id='block_1_22' title="bbox 323 3532 691 3569">
    <p class='ocr_par' dir='ltr' id='par_1_29' title="bbox 323 3532 691 3569">
     <span class='ocr_line' id='line_1_130' title="bbox 323 3532 691 3569; baseline 0 -10"><span class='ocrx_word' id='word_1_930' title='bbox 323 3534 351 3569; x_wconf 83' lang='grc' dir='ltr'>α)</span> <span class='ocrx_word' id='word_1_931' title='bbox 370 3541 429 3566; x_wconf 81' lang='lat' dir='ltr'>quo.</span> <span class='ocrx_word' id='word_1_932' title='bbox 440 3547 460 3552; x_wconf 94' lang='lat'>-</span> <span class='ocrx_word' id='word_1_933' title='bbox 477 3532 578 3564; x_wconf 57' lang='lat' dir='ltr'>’rex-523</span> <span class='ocrx_word' id='word_1_934' title='bbox 595 3540 613 3558; x_wconf 81' lang='lat' dir='ltr'>a</span> <span class='ocrx_word' id='word_1_935' title='bbox 631 3540 691 3565; x_wconf 75' lang='lat' dir='ltr'>quo.</span> 
     </span>
    </p>
   </div>
   <div class='ocr_carea' id='block_1_23' title="bbox 1378 2918 2440 3440">
    <p class='ocr_par' dir='ltr' id='par_1_30' title="bbox 1382 2918 2440 3071">
     <span class='ocr_line' id='line_1_131' title="bbox 1383 2918 2437 2970; baseline -0.004 -12"><span class='ocrx_word' id='word_1_936' title='bbox 1383 2934 1499 2967; x_wconf 89' lang='lat' dir='ltr'>mere,</span> <span class='ocrx_word' id='word_1_937' title='bbox 1530 2921 1699 2970; x_wconf 88' lang='lat' dir='ltr'>sequitur</span> <span class='ocrx_word' id='word_1_938' title='bbox 1726 2920 1831 2969; x_wconf 92' lang='lat' dir='ltr'>quod</span> <span class='ocrx_word' id='word_1_939' title='bbox 1865 2919 2066 2956; x_wconf 87' lang='lat' dir='ltr'>conveniat</span> <span class='ocrx_word' id='word_1_940' title='bbox 2099 2918 2218 2954; x_wconf 86' lang='lat' dir='ltr'>tribus</span> <span class='ocrx_word' id='word_1_941' title='bbox 2252 2918 2437 2966; x_wconf 89' lang='lat' dir='ltr'>personis.</span> 
     </span>
     <span class='ocr_line' id='line_1_132' title="bbox 1382 2970 2440 3021; baseline -0.003 -11"><span class='ocrx_word' id='word_1_942' title='bbox 1382 2975 1430 3010; x_wconf 90' lang='lat' dir='ltr'>Et</span> <span class='ocrx_word' id='word_1_943' title='bbox 1457 2974 1507 3010; x_wconf 85' lang='lat' dir='ltr'>ita</span> <span class='ocrx_word' id='word_1_944' title='bbox 1528 2975 1638 3010; x_wconf 90' lang='lat' dir='ltr'>Pater</span> <span class='ocrx_word' id='word_1_945' title='bbox 1665 2971 1868 3021; x_wconf 88' lang='lat' dir='ltr'>assumpsit</span> <span class='ocrx_word' id='word_1_946' title='bbox 1895 2972 2107 3008; x_wconf 90' lang='lat' dir='ltr'>humanam</span> <span class='ocrx_word' id='word_1_947' title='bbox 2135 2977 2323 3018; x_wconf 85' lang='lat' dir='ltr'>naturam,</span> <span class='ocrx_word' id='word_1_948' title='bbox 2344 2970 2440 3007; x_wconf 91' lang='lat' dir='ltr'>sicut</span> 
     </span>
     <span class='ocr_line' id='line_1_133' title="bbox 1382 3025 2052 3071; baseline -0.004 -8"><span class='ocrx_word' id='word_1_949' title='bbox 1382 3034 1418 3063; x_wconf 90' lang='lat' dir='ltr'>et</span> <span class='ocrx_word' id='word_1_950' title='bbox 1446 3026 1574 3062; x_wconf 89' lang='lat' dir='ltr'>Filius.</span> <span class='ocrx_word' id='word_1_951' title='bbox 1606 3025 1724 3071; x_wconf 93' lang='lat' dir='ltr'>Quod</span> <span class='ocrx_word' id='word_1_952' title='bbox 1752 3031 1807 3061; x_wconf 91' lang='lat' dir='ltr'>est</span> <span class='ocrx_word' id='word_1_953' title='bbox 1835 3036 2052 3061; x_wconf 89' lang='lat' dir='ltr'>erroneum.</span> 
     </span>
    </p>

    <p class='ocr_par' dir='ltr' id='par_1_31' title="bbox 1380 3077 2438 3271">
     <span class='ocr_line' id='line_1_134' title="bbox 1437 3077 2438 3124; baseline -0.002 -10"><span class='ocrx_word' id='word_1_954' title='bbox 1437 3078 1470 3114; x_wconf 88' lang='lat'>3.</span> <span class='ocrx_word' id='word_1_955' title='bbox 1494 3079 1723 3123; x_wconf 77' lang='lat' dir='ltr'>PRAETEREA,</span> <span class='ocrx_word' id='word_1_956' title='bbox 1739 3088 1933 3113; x_wconf 88' lang='lat' dir='ltr'>assumere</span> <span class='ocrx_word' id='word_1_957' title='bbox 1953 3083 2007 3112; x_wconf 92' lang='lat' dir='ltr'>est</span> <span class='ocrx_word' id='word_1_958' title='bbox 2026 3087 2146 3124; x_wconf 89' lang='lat' dir='ltr'>agere.</span> <span class='ocrx_word' id='word_1_959' title='bbox 2167 3077 2288 3124; x_wconf 87' lang='lat' dir='ltr'>Agere</span> <span class='ocrx_word' id='word_1_960' title='bbox 2308 3083 2438 3112; x_wconf 89' lang='lat' dir='ltr'>autem</span> 
     </span>
     <span class='ocr_line' id='line_1_135' title="bbox 1381 3128 2437 3178; baseline -0.002 -12"><span class='ocrx_word' id='word_1_961' title='bbox 1381 3130 1560 3167; x_wconf 89' lang='lat' dir='ltr'>convenit</span> <span class='ocrx_word' id='word_1_962' title='bbox 1586 3141 1784 3178; x_wconf 87' lang='lat' dir='ltr'>personae,</span> <span class='ocrx_word' id='word_1_963' title='bbox 1814 3141 1892 3165; x_wconf 91' lang='lat' dir='ltr'>non</span> <span class='ocrx_word' id='word_1_964' title='bbox 1920 3136 2089 3174; x_wconf 88' lang='lat' dir='ltr'>naturae,</span> <span class='ocrx_word' id='word_1_965' title='bbox 2120 3141 2218 3177; x_wconf 88' lang='lat' dir='ltr'>quae</span> <span class='ocrx_word' id='word_1_966' title='bbox 2247 3128 2365 3176; x_wconf 89' lang='lat' dir='ltr'>magis</span> <span class='ocrx_word' id='word_1_967' title='bbox 2393 3128 2437 3164; x_wconf 90' lang='lat' dir='ltr'>si-</span> 
     </span>
     <span class='ocr_line' id='line_1_136' title="bbox 1380 3180 2436 3230; baseline -0.001 -12"><span class='ocrx_word' id='word_1_968' title='bbox 1380 3182 1580 3230; x_wconf 86' lang='lat' dir='ltr'>gnificatur</span> <span class='ocrx_word' id='word_1_969' title='bbox 1607 3189 1649 3218; x_wconf 91' lang='lat' dir='ltr'>ut</span> <span class='ocrx_word' id='word_1_970' title='bbox 1675 3181 1906 3230; x_wconf 91' lang='lat' dir='ltr'>principium</span> <span class='ocrx_word' id='word_1_971' title='bbox 1934 3193 2013 3230; x_wconf 93' lang='lat' dir='ltr'>quo</span> <span class='ocrx_word' id='word_1_972' title='bbox 2034 3186 2051 3202; x_wconf 76' lang='lat'>‘²</span> <span class='ocrx_word' id='word_1_973' title='bbox 2079 3193 2193 3229; x_wconf 85' lang='lat' dir='ltr'>agens</span> <span class='ocrx_word' id='word_1_974' title='bbox 2221 3180 2304 3229; x_wconf 88' lang='lat' dir='ltr'>agit.</span> <span class='ocrx_word' id='word_1_975' title='bbox 2335 3181 2436 3228; x_wconf 88' lang='lat' dir='ltr'>Ergo</span> 
     </span>
     <span class='ocr_line' id='line_1_137' title="bbox 1381 3233 2084 3271; baseline -0.001 0"><span class='ocrx_word' id='word_1_976' title='bbox 1381 3246 1575 3271; x_wconf 89' lang='lat' dir='ltr'>assumere</span> <span class='ocrx_word' id='word_1_977' title='bbox 1603 3246 1683 3270; x_wconf 92' lang='lat' dir='ltr'>non</span> <span class='ocrx_word' id='word_1_978' title='bbox 1711 3233 1889 3271; x_wconf 89' lang='lat' dir='ltr'>convenit</span> <span class='ocrx_word' id='word_1_979' title='bbox 1916 3241 2084 3270; x_wconf 89' lang='lat' dir='ltr'>naturae.</span> 
     </span>
    </p>

    <p class='ocr_par' dir='ltr' id='par_1_32' title="bbox 1378 3285 2435 3440">
     <span class='ocr_line' id='line_1_138' title="bbox 1434 3285 2434 3335; baseline -0.001 -12"><span class='ocrx_word' id='word_1_980' title='bbox 1434 3288 1507 3324; x_wconf 80' lang='lat' dir='ltr'>SED</span> <span class='ocrx_word' id='word_1_981' title='bbox 1526 3298 1670 3323; x_wconf 78' lang='lat' dir='ltr'>CONTRA</span> <span class='ocrx_word' id='word_1_982' title='bbox 1684 3298 1749 3323; x_wconf 84' lang='lat' dir='ltr'>EST</span> <span class='ocrx_word' id='word_1_983' title='bbox 1768 3287 1875 3335; x_wconf 92' lang='lat' dir='ltr'>quod</span> <span class='ocrx_word' id='word_1_984' title='bbox 1889 3285 2123 3334; x_wconf 91' lang='lat' dir='ltr'>Augustinus</span> <span class='ocrx_word' id='word_1_985' title='bbox 2137 3285 2157 3307; x_wconf 74' lang='lat'>&#39;¹²</span> <span class='ocrx_word' id='word_1_986' title='bbox 2171 3285 2269 3331; x_wconf 91' lang='lat' dir='ltr'>dicit,</span> <span class='ocrx_word' id='word_1_987' title='bbox 2285 3285 2324 3322; x_wconf 89' lang='lat' dir='ltr'>in</span> <span class='ocrx_word' id='word_1_988' title='bbox 2339 3285 2434 3322; x_wconf 87' lang='lat' dir='ltr'>libro</span> 
     </span>
     <span class='ocr_line' id='line_1_139' title="bbox 1378 3335 2435 3388; baseline -0.001 -13"><span class='ocrx_word' id='word_1_989' title='bbox 1378 3339 1422 3375; x_wconf 84' lang='lat' dir='ltr'>de</span> <span class='ocrx_word' id='word_1_990' title='bbox 1440 3339 1531 3376; x_wconf 85' lang='lat' dir='ltr'>Fide</span> <span class='ocrx_word' id='word_1_991' title='bbox 1549 3340 1599 3375; x_wconf 85' lang='lat' dir='ltr'>ad</span> <span class='ocrx_word' id='word_1_992' title='bbox 1614 3340 1764 3376; x_wconf 89' lang='lat' dir='ltr'>Petrum</span> <span class='ocrx_word' id='word_1_993' title='bbox 1782 3338 1820 3375; x_wconf 74' lang='lat'>²¹⁶:</span> <span class='ocrx_word' id='word_1_994' title='bbox 1849 3339 1922 3375; x_wconf 88' lang='lat' dir='ltr'>Illa</span> <span class='ocrx_word' id='word_1_995' title='bbox 1941 3345 2074 3375; x_wconf 86' lang='lat' dir='ltr'>natura</span> <span class='ocrx_word' id='word_1_996' title='bbox 2094 3351 2187 3388; x_wconf 88' lang='lat' dir='ltr'>quae</span> <span class='ocrx_word' id='word_1_997' title='bbox 2212 3350 2356 3387; x_wconf 85' lang='lat' dir='ltr'>semper</span> <span class='ocrx_word' id='word_1_998' title='bbox 2372 3335 2435 3387; x_wconf 41' lang='lat' dir='ltr'>ge*—</span> 
     </span>
     <span class='ocr_line' id='line_1_140' title="bbox 1378 3391 2435 3440; baseline -0.002 -12"><span class='ocrx_word' id='word_1_999' title='bbox 1378 3393 1453 3428; x_wconf 86' lang='lat' dir='ltr'>nita</span> <span class='ocrx_word' id='word_1_1000' title='bbox 1481 3397 1604 3428; x_wconf 88' lang='lat' dir='ltr'>manet</span> <span class='ocrx_word' id='word_1_1001' title='bbox 1631 3403 1680 3428; x_wconf 88' lang='lat' dir='ltr'>ex</span> <span class='ocrx_word' id='word_1_1002' title='bbox 1706 3393 1827 3438; x_wconf 87' lang='lat' dir='ltr'>Patre,</span> <span class='ocrx_word' id='word_1_1003' title='bbox 1848 3391 1953 3439; x_wconf 89' lang='lat' dir='ltr'>idest,</span> <span class='ocrx_word' id='word_1_1004' title='bbox 1980 3403 2079 3440; x_wconf 90' lang='lat' dir='ltr'>quae</span> <span class='ocrx_word' id='word_1_1005' title='bbox 2108 3398 2162 3428; x_wconf 90' lang='lat' dir='ltr'>est</span> <span class='ocrx_word' id='word_1_1006' title='bbox 2189 3402 2257 3440; x_wconf 88' lang='lat' dir='ltr'>per</span> <span class='ocrx_word' id='word_1_1007' title='bbox 2283 3402 2435 3438; x_wconf 89' lang='lat' dir='ltr'>genera-</span> 
     </span>
    </p>
   </div>
   <div class='ocr_carea' id='block_1_24' title="bbox 2481 688 2564 709">
    <p class='ocr_par' dir='ltr' id='par_1_33' title="bbox 2481 688 2564 709">
     <span class='ocr_line' id='line_1_141' title="bbox 2481 688 2564 709; baseline 0 0"><span class='ocrx_word' id='word_1_1008' title='bbox 2481 689 2490 699; x_wconf 80' lang='grc'><em>·</em></span> <span class='ocrx_word' id='word_1_1009' title='bbox 2506 688 2564 709; x_wconf 80' lang='lat' dir='ltr'>ibid.</span> 
     </span>
    </p>
   </div>
   <div class='ocr_carea' id='block_1_25' title="bbox 2478 1168 2691 1242">
    <p class='ocr_par' dir='ltr' id='par_1_34' title="bbox 2478 1168 2691 1242">
     <span class='ocr_line' id='line_1_142' title="bbox 2478 1168 2691 1195; baseline 0.009 -7"><span class='ocrx_word' id='word_1_1010' title='bbox 2478 1168 2691 1195; x_wconf 76' lang='lat' dir='ltr'>’Art.seq.,Com·</span> 
     </span>
     <span class='ocr_line' id='line_1_143' title="bbox 2478 1198 2688 1221; baseline 0.005 -6"><span class='ocrx_word' id='word_1_1011' title='bbox 2478 1198 2549 1215; x_wconf 84' lang='lat' dir='ltr'>ment.</span> <span class='ocrx_word' id='word_1_1012' title='bbox 2570 1201 2635 1216; x_wconf 86' lang='lat' dir='ltr'>num.</span> <span class='ocrx_word' id='word_1_1013' title='bbox 2656 1201 2688 1221; x_wconf 76' lang='lat' dir='ltr'>iv,</span> 
     </span>
     <span class='ocr_line' id='line_1_144' title="bbox 2478 1227 2529 1242; baseline 0 -1"><span class='ocrx_word' id='word_1_1014' title='bbox 2478 1227 2529 1242; x_wconf 75' lang='lat' dir='ltr'>Vin.</span> 
     </span>
    </p>
   </div>
   <div class='ocr_carea' id='block_1_26' title="bbox 2477 1728 2686 1782">
    <p class='ocr_par' dir='ltr' id='par_1_35' title="bbox 2477 1728 2686 1782">
     <span class='ocr_line' id='line_1_145' title="bbox 2477 1728 2686 1782; baseline 0 -33"><span class='ocrx_word' id='word_1_1015' title='bbox 2477 1728 2584 1782; x_wconf 40' lang='lat' dir='ltr'>gamag.</span> <span class='ocrx_word' id='word_1_1016' title='bbox 2604 1734 2655 1755; x_wconf 82' lang='lat' dir='ltr'>cap.</span> <span class='ocrx_word' id='word_1_1017' title='bbox 2670 1735 2686 1754; x_wconf 86' lang='lat'>1,</span> 
     </span>
    </p>
   </div>
   <div class='ocr_carea' id='block_1_27' title="bbox 2562 3200 2578 3215">
    <p class='ocr_par' dir='ltr' id='par_1_36' title="bbox 2562 3200 2578 3215">
     <span class='ocr_line' id='line_1_146' title="bbox 2562 3200 2578 3215; baseline 0 0"><span class='ocrx_word' id='word_1_1018' title='bbox 2562 3200 2578 3215; x_wconf 70' lang='grc' dir='ltr'>α</span> 
     </span>
    </p>
   </div>
   <div class='ocr_carea' id='block_1_28' title="bbox 2464 3294 2629 3323">
    <p class='ocr_par' dir='ltr' id='par_1_37' title="bbox 2464 3294 2629 3323">
     <span class='ocr_line' id='line_1_147' title="bbox 2464 3294 2629 3323; baseline 0 -7"><span class='ocrx_word' id='word_1_1019' title='bbox 2464 3296 2473 3306; x_wconf 80' lang='grc'><em>“</em></span> <span class='ocrx_word' id='word_1_1020' title='bbox 2486 3294 2629 3323; x_wconf 72' lang='lat' dir='ltr'>Fulgentius.</span> 
     </span>
    </p>
   </div>
   <div class='ocr_carea' id='block_1_29' title="bbox 2463 3352 2584 3378">
    <p class='ocr_par' dir='ltr' id='par_1_38' title="bbox 2463 3352 2584 3378">
     <span class='ocr_line' id='line_1_148' title="bbox 2463 3352 2584 3378; baseline -0.017 -4"><span class='ocrx_word' id='word_1_1021' title='bbox 2463 3352 2473 3362; x_wconf 64' lang='lat'>⁶</span> <span class='ocrx_word' id='word_1_1022' title='bbox 2487 3352 2544 3378; x_wconf 85' lang='lat' dir='ltr'>Cap.</span> <span class='ocrx_word' id='word_1_1023' title='bbox 2559 3357 2584 3372; x_wconf 85' lang='grc'>11.</span> 
     </span>
    </p>
   </div>
  </div>
 </body>
</html>
