2872 3970
120 3037 129 3047 ‘
143 3036 178 3058 Cf.
194 3041 256 3057 num.
271 3042 300 3058 w.

353 231 401 267 26
1081 222 1343 271 QUAESTIO
1373 222 1421 264 II,
1456 222 1749 260 ARTICULUS
1777 224 1807 260 II

349 308 435 338 mina
453 313 646 341 naturarum,
664 310 694 335 et
710 303 796 335 aliud
812 303 968 344 significat
988 303 1137 333 Socrates
1154 307 1183 332 et
1200 302 1259 332 alia
1282 301 1415 331 nomina

349 360 574 392 personarum,
607 354 799 379 monstratur
823 347 997 378 differentia
1028 347 1061 376 in
1090 347 1184 376 rebus
1215 344 1413 385 significatis,

349 396 468 426 scilicet
491 400 602 424 natura
626 399 656 424 et
679 402 826 433 persona.

404 438 551 469 Procedit
574 443 681 468 autem
704 437 806 466 littera
834 445 871 466 ex
895 434 1069 465 differentia
1098 434 1180 463 inter
1206 438 1351 462 naturam
1383 437 1414 462 et

349 483 552 523 suppositum
575 481 615 512 ad
639 480 846 511 differentiam
869 480 950 509 inter
968 484 1113 508 naturam
1137 482 1168 507 et
1191 485 1371 516 personam,
1396 485 1414 506 a

349 526 626 557 communioribus
642 524 767 555 tradens
783 523 970 554 doctrinam.
996 522 1207 562 Suppositum
1224 521 1320 555 enim,
1338 529 1414 550 cum

348 570 433 602 idem
457 571 496 601 sit
520 569 609 610 quod
626 569 735 609 prima
759 567 952 601 substantia,
978 575 1152 596 commune
1176 570 1222 594 est
1245 564 1335 594 omni
1358 573 1413 594 na-

349 621 437 645 turae
460 614 584 654 generis
607 612 814 643 substantiae:
839 619 975 651 persona
999 615 1106 639 autem
1129 610 1162 639 in
1186 608 1253 638 sola
1269 607 1413 638 rationali

349 669 405 689 seu
429 657 633 688 intellectuali
656 661 767 686 natura
790 655 959 685 invenitur.
993 653 1037 683 Ita
1060 652 1163 693 quod,
1188 653 1269 682 sicut
1292 661 1413 692 suppo-

349 703 444 734 situm
468 701 622 742 significat
645 701 780 740 primam
803 698 1010 728 substantiam
1032 698 1066 727 in
1086 705 1291 736 quacumque
1307 695 1413 735 specie

349 746 540 777 substantiae
564 746 619 779 sit,
643 745 686 774 ita
709 752 846 783 persona
868 741 1024 781 significat
1047 741 1182 780 primam
1205 739 1413 770 substantiam

348 792 381 821 in
404 800 520 830 genere
543 787 763 819 intellectualis
782 786 983 816 substantiae.
1008 785 1049 815 Et
1071 790 1240 825 propterea
1262 784 1295 813 in
1311 783 1413 813 littera

349 835 462 865 dicitur
486 833 574 873 quod
598 831 772 862 differentia
795 830 950 869 assignata
973 829 1054 859 inter
1069 834 1213 858 naturam
1238 833 1413 869 et-suppo·

348 879 444 909 situm
474 875 678 916 intelligenda
701 880 748 904 est
772 874 866 904 etiam
895 874 978 903 inter
1001 878 1146 902 naturam
1170 878 1201 902 et
1223 880 1411 912 personam:

348 922 544 952 contrahitur
560 921 646 950 enim
669 928 726 959 per
742 918 774 958 ly
791 927 936 957 persona
960 917 991 957 ly
1008 921 1127 946 natura
1152 915 1191 946 ad
1207 915 1412 951 rationalem;

348 971 379 996 et
401 964 533 1005 perinde
557 969 603 994 est
633 972 669 993 ac
693 963 718 992 si
742 961 899 991 diceretur
928 960 1126 1000 suppositum
1151 965 1289 990 naturae
1312 959 1412 989 ratio-

347 1010 441 1040 nalis.

402 1053 438 1083 11.
463 1052 504 1082 Et
527 1051 682 1091 quoniam
706 1048 917 1080 diversimode
941 1049 974 1079 in
991 1048 1120 1079 diversis
1144 1047 1304 1078 invenitur
1326 1046 1413 1078 aliud

347 1102 378 1127 et
396 1095 482 1126 aliud
505 1095 595 1135 quod
618 1093 812 1135 significatur
830 1093 1016 1123 nominibus
1037 1098 1168 1123 naturae
1191 1097 1223 1122 et
1245 1101 1411 1132 personae,

346 1141 422 1181 quia
444 1141 478 1170 in
494 1138 686 1180 quibusdam
709 1138 869 1168 invenitur
885 1136 971 1167 aliud
994 1136 1173 1167 secundum
1189 1145 1267 1172 rem,
1291 1136 1324 1166 in
1341 1135 1412 1176 qui-

345 1184 480 1215 busdam
504 1182 589 1214 aliud
612 1181 790 1213 secundum
814 1182 971 1212 rationem
994 1187 1135 1217 tantum;
1159 1179 1234 1211 ideo
1250 1180 1284 1210 in
1299 1180 1411 1216 littera,

346 1234 419 1270 post
442 1227 641 1268 propositam
665 1225 874 1257 differentiam
897 1225 1063 1265 significati
1086 1234 1143 1265 per
1166 1230 1312 1255 naturam
1335 1234 1353 1254 a
1372 1224 1412 1254 si-

346 1272 496 1313 gnificato
528 1281 585 1311 per
611 1280 799 1311 personam,
831 1275 970 1310 quatuor
1002 1269 1086 1300 facit.
1121 1269 1247 1304 Primo,
1273 1267 1413 1298 ostendit

347 1326 445 1357 quare
467 1317 501 1346 in
525 1314 716 1355 quibusdam
740 1313 919 1344 secundum
941 1322 1009 1344 rem
1040 1313 1278 1353 distinguuntur
1301 1318 1412 1342 natura

347 1367 378 1392 et
400 1361 620 1400 suppositum:
647 1358 754 1389 dicens
778 1358 840 1388 hoc
864 1357 938 1388 ideo
963 1367 1030 1388 esse
1054 1358 1130 1397 quia
1152 1363 1284 1387 naturae
1306 1361 1413 1396 potest

345 1405 480 1436 inveniri
499 1403 618 1443 aliquid
634 1403 845 1433 coniunctum
869 1407 992 1441 praeter
1007 1401 1040 1431 id
1056 1400 1146 1441 quod
1162 1400 1202 1431 de
1215 1400 1340 1431 ratione
1355 1410 1413 1430 sua

346 1449 471 1479 formali
495 1453 550 1478 est.
576 1447 616 1477 Et
638 1447 720 1476 hanc
744 1446 901 1476 rationem
925 1445 967 1475 ita
990 1445 1146 1484 ponderat
1169 1445 1292 1474 Auctor
1316 1450 1352 1474 ut
1375 1454 1413 1474 ex

346 1493 554 1523 affirmatione
578 1490 831 1525 affirmationem,
856 1494 887 1519 et
904 1499 941 1519 ex
957 1489 1127 1528 negatione
1143 1489 1349 1528 negationem
1364 1488 1412 1518 in-

345 1537 439 1567 ferat:
464 1537 527 1566 hoc
552 1541 608 1570 est,
633 1533 723 1574 quod
746 1534 779 1563 in
795 1533 856 1563 illis
872 1533 1053 1563 substantiis
1069 1533 1102 1562 in
1119 1533 1236 1572 quibus
1252 1532 1413 1562 invenitur

345 1580 466 1621 aliquid
496 1579 577 1609 ultra
606 1584 751 1609 naturam
781 1577 981 1618 specificam,
1012 1577 1217 1617 suppositum
1248 1581 1279 1606 et
1301 1581 1414 1606 natura

346 1625 583 1664 distinguuntur
599 1621 777 1653 secundum
796 1631 880 1657 rem;
906 1627 936 1652 et
952 1622 985 1651 in
1003 1621 1064 1651 illis
1080 1622 1113 1651 in
1130 1621 1247 1660 quibus
1262 1619 1341 1650 nihil
1364 1620 1413 1650 in-

346 1670 471 1699 venitur
494 1673 617 1708 praeter
640 1672 785 1696 naturam
809 1665 1002 1706 specificam,
1027 1665 1232 1705 suppositum
1255 1669 1286 1694 et
1302 1669 1414 1694 natura

346 1723 414 1743 non
438 1712 676 1751 distinguuntur
699 1709 878 1740 secundum
902 1718 978 1739 rem.

402 1755 558 1790 Secundo,
584 1755 730 1794 explanat
752 1754 785 1783 in
810 1753 926 1793 quibus
950 1752 1132 1782 substantiis
1155 1751 1321 1782 manifeste
1339 1751 1413 1782 sub-

347 1801 430 1831 sumi
451 1805 557 1840 potest
581 1798 740 1828 distinctio
756 1797 825 1827 talis
842 1796 1020 1827 secundum
1043 1806 1121 1832 rem,
1146 1796 1196 1826 vel
1219 1795 1413 1826 non-distin-

348 1846 422 1876 ctio.
447 1845 488 1874 Et
511 1843 587 1873 dicit
610 1842 699 1882 quod
723 1843 755 1871 in
777 1841 957 1871 substantiis
980 1841 1167 1880 compositis
1183 1849 1221 1870 ex
1237 1840 1367 1870 materia
1383 1845 1414 1869 et

348 1889 467 1924 forma,
499 1888 532 1918 in
557 1887 673 1926 quibus
703 1886 909 1915 inveniuntur
939 1890 970 1915 et
998 1884 1172 1914 accidentia
1200 1889 1230 1914 et
1257 1884 1414 1924 principia

348 1931 577 1963 individuantia
608 1935 731 1970 praeter
753 1935 898 1959 naturam
921 1927 1121 1968 specificam,
1152 1928 1355 1968 suppositum
1383 1933 1414 1958 et

348 1983 460 2008 natura
483 1975 720 2014 distinguuntur
743 1972 921 2003 secundum
945 1982 1022 2002 rem.

408 2020 529 2054 Tertio,
555 2018 690 2048 declarat
714 2017 848 2057 qualiter
871 2016 1109 2056 distinguuntur
1132 2014 1311 2046 secundum
1333 2025 1412 2046 rem.

350 2066 390 2095 Et
413 2065 503 2095 dicit:
529 2063 776 2101 Distinguuntur
798 2070 865 2091 non
888 2066 1042 2100 tanquam
1066 2059 1147 2090 duae
1170 2069 1219 2090 res
1242 2064 1412 2100 separatae,

350 2109 404 2139 sed
431 2114 584 2147 tanquam
608 2106 719 2136 eadem
743 2103 957 2145 superaddens
981 2104 1087 2144 aliqua
1110 2104 1178 2134 alia.
1215 2104 1278 2134 Ubi
1300 2103 1414 2134 novitii

350 2154 543 2192 distinguant
567 2149 655 2191 quod
679 2149 828 2189 distingui
844 2147 1023 2179 secundum
1038 2157 1106 2178 rem
1130 2148 1286 2187 contingit
1309 2146 1413 2187 dupli-

351 2198 441 2228 citer:
466 2196 582 2236 prim0‚
607 2195 687 2224 sicut
711 2193 792 2223 duae
814 2202 862 2223 res
887 2202 1022 2232 quarum
1038 2202 1102 2222 una
1117 2191 1197 2222 nihil
1213 2197 1260 2221 est
1275 2191 1412 2228 alterius,

350 2247 386 2272 ut
404 2239 517 2271 albedo
535 2244 566 2269 et
585 2237 732 2274 dulcedo,
749 2242 785 2267 ut
801 2237 945 2267 Socrates
962 2242 992 2266 et
1007 2236 1108 2272 Plato,
1123 2241 1198 2272 etc.;
1223 2235 1285 2266 alio
1301 2234 1412 2272 modo,

350 2286 394 2316 sic
417 2290 453 2314 ut
476 2293 540 2314 una
563 2292 611 2313 res
634 2281 775 2312 includat
797 2286 898 2311 totam
922 2280 1015 2310 aliam
1039 2285 1070 2310 et
1092 2279 1283 2320 superaddat
1306 2279 1335 2310 ei
1358 2279 1414 2309 ali-

350 2329 428 2370 quid
451 2327 546 2358 aliud.
571 2327 611 2356 Et
634 2327 697 2356 hoc
713 2324 813 2355 modo
830 2325 1034 2364 suppositum
1051 2323 1254 2364 distinguitur
1269 2333 1287 2353 a
1302 2329 1415 2354 natura

349 2371 527 2404 secundum
558 2380 642 2401 rem:
675 2370 750 2409 quia
781 2369 901 2399 seilicet
930 2367 1065 2398 includit
1094 2373 1240 2398 naturam
1270 2372 1302 2398 et
1329 2367 1414 2398 addit

350 2418 455 2457 aliqua
470 2416 539 2445 alia.
558 2432 579 2437 —
598 2415 639 2444 Et
654 2423 694 2444 ne
711 2414 774 2443 hoc
790 2413 968 2443 voluntarie
985 2411 1047 2442 dici
1062 2411 1215 2448 videatur,
1233 2421 1270 2442 ex
1287 2411 1414 2442 duobus

351 2461 513 2492 effectibus
536 2459 599 2489 hoc
621 2458 745 2498 probat.
770 2457 889 2493 Primo,
914 2466 952 2487 ex
974 2455 1075 2486 modo
1099 2455 1313 2495 significandi:
1339 2456 1415 2495 quia

349 2506 423 2536 hinc
447 2503 595 2544 provenit
625 2501 714 2542 quod
745 2500 938 2541 significatur
965 2500 1169 2540 suppositum
1199 2509 1257 2539 per
1279 2499 1415 2530 modum

349 2550 464 2584 totius,
495 2553 526 2577 et
548 2552 660 2576 natura
689 2555 746 2585 per
769 2544 905 2574 modum
932 2545 1027 2584 partis
1053 2543 1195 2574 formalis
1225 2543 1415 2584 perfectivae

350 2592 518 2633 suppositi.
554 2589 722 2625 Secundo,
754 2598 791 2619 ex
814 2588 960 2628 negativa
982 2587 1233 2628 praedicatione:
1266 2588 1341 2628 quia
1363 2588 1416 2619 hic

350 2639 450 2668 homo
474 2644 541 2665 non
565 2640 612 2664 est
635 2643 692 2664 sua
706 2633 895 2663 humanitas.
921 2633 968 2662 Ex
983 2633 1047 2662 hoc
1063 2632 1149 2662 enim
1166 2631 1256 2671 quod
1271 2631 1416 2662 Socrates

351 2688 397 2712 est
420 2686 455 2711 ut
478 2685 584 2709 totum
607 2677 771 2718 quoddam
794 2682 941 2716 respectu
957 2682 1086 2706 naturae
1108 2681 1139 2706 et
1155 2676 1290 2706 aliorum
1307 2686 1417 2716 super-

351 2725 542 2759 additorum,
559 2722 706 2762 provenit
722 2727 912 2760 utrumque:
939 2726 970 2750 et
993 2720 1082 2760 quod
1105 2720 1150 2750 sic
1169 2719 1363 2760 significetur
1381 2726 1418 2751 ut

351 2776 472 2803 totum,
505 2773 535 2798 et
557 2772 669 2796 natura
692 2771 727 2795 ut
750 2774 837 2805 parS,
863 2765 1067 2794 constitutiva
1089 2769 1212 2800 tamen,
1237 2764 1352 2804 ipsius3
1386 2770 1418 2794 et

353 2812 441 2854 quod
465 2812 540 2842 falsa
563 2811 602 2840 sit
625 2809 791 2840 affirmatio
815 2814 946 2839 naturae
965 2808 1004 2838 de
1021 2808 1160 2844 Socrate,
1185 2813 1298 2848 utpote
1322 2809 1417 2848 partis

353 2858 392 2888 de
415 2862 495 2886 toto.

411 2900 545 2936 Quarto,
559 2899 617 2928 sub
634 2898 695 2928 alio
708 2897 854 2927 membro
871 2897 1028 2927 subsumit
1043 2896 1250 2927 substantiam
1266 2895 1416 2933 divinam,

353 2947 386 2975 in
410 2954 473 2984 qua
495 2949 605 2973 natura
638 2948 668 2972 et
691 2941 895 2981 suppositum
925 2941 993 2971 sola
1015 2941 1139 2971 ratione
1162 2940 1416 2980 distinguuntur:

355 2989 428 3029 quia
450 2987 529 3018 nihil
552 2987 585 3016 in
609 2986 679 3016 Deo
704 2986 785 3015 ultra
808 2995 899 3015 suam
921 2990 1068 3015 naturam
1091 2985 1261 3015 invenitur.

409 3032 459 3062 111.
484 3030 547 3062 Sed
570 3035 742 3060 occurrunt
766 3030 847 3059 circa
869 3030 948 3059 haec
977 3029 1078 3059 multa
1101 3028 1206 3059 dubia.
1241 3029 1385 3059 Primum
1401 3030 1418 3045 ὓ

356 3083 417 3112 est,
449 3086 489 3106 an
520 3073 695 3104 differentia
722 3073 812 3103 realis
843 3074 946 3113 posita
969 3073 1021 3103 hic
1047 3074 1130 3103 inter
1156 3073 1360 3113 suppositum
1387 3078 1419 3103 et

355 3126 509 3154 naturam,
533 3118 646 3147 habeat
669 3117 779 3146 locum
802 3117 834 3146 in
859 3116 986 3156 angelis.
1011 3117 1052 3146 Et
1074 3122 1119 3147 est
1135 3117 1213 3147 ratio
1231 3116 1319 3147 dubii
1343 3117 1418 3157 quia

355 3167 388 3195 in
411 3164 515 3194 Prima
538 3162 639 3196 Parte,
664 3170 718 3200 qu.
736 3170 779 3195 111,
804 3166 858 3190 art.
878 3161 911 3195 3,
936 3160 1012 3190 dixit
1034 3161 1158 3191 Auctor
1181 3162 1214 3191 in
1237 3161 1418 3192 substantiis

357 3207 504 3248 separatis
527 3205 730 3245 suppositum
754 3213 821 3233 esse
844 3203 929 3234 idem
958 3204 1135 3235 secundum
1159 3215 1226 3235 rern
1251 3205 1340 3245 quod
1362 3215 1418 3235 na-

357 3259 440 3283 tura:
466 3251 508 3280 ita
532 3247 620 3289 quod
645 3247 771 3278 Gabriel
796 3252 841 3277 est
864 3257 921 3277 sua
943 3248 1139 3288 gabrielitas.
1165 3249 1266 3279 Cuius
1286 3249 1418 3290 opposi-

358 3302 426 3326 tum
450 3294 563 3325 dicitur
585 3292 637 3322 hic
662 3291 700 3321 de
717 3291 861 3321 Socrate:
887 3291 977 3330 quod
1000 3291 1118 3322 scilicet
1141 3302 1207 3323 non
1225 3299 1271 3323 est
1286 3303 1343 3323 sua
1358 3294 1418 3324 hu-

359 3339 500 3370 manitas,
524 3354 544 3359 -
568 3335 603 3366 In
625 3335 811 3375 oppositum
835 3340 942 3364 autem
959 3340 1005 3365 est
1028 3336 1102 3374 quia
1124 3336 1176 3366 hic
1192 3337 1306 3367 dicitur
1329 3337 1419 3378 quod

358 3385 391 3413 in
415 3382 531 3422 quibus
554 3379 712 3410 invenitur
736 3378 854 3418 aliquid
878 3383 1001 3418 praeter
1023 3384 1167 3409 naturam
1192 3382 1318 3420 speciei,
1343 3391 1418 3421 sup-

360 3427 499 3467 positum
527 3423 628 3454 differt
652 3422 829 3453 secundum
853 3431 919 3452 rem
947 3432 963 3452 a
986 3427 1112 3458 natura,
1145 3424 1219 3462 quia
1242 3425 1274 3454 in
1297 3434 1418 3465 suppo-

361 3472 420 3500 sito
444 3468 615 3499 includitur
638 3472 748 3496 natura
771 3466 897 3506 speciei,
923 3471 953 3496 et
977 3465 1134 3505 quaedam
1158 3467 1216 3496 alia
1240 3477 1322 3506 quae
1345 3474 1419 3499 sunt

361 3519 482 3554 praeter
504 3517 647 3542 naturam
672 3510 797 3550 speciei.
823 3509 957 3540 Constat
973 3514 1079 3540 autem
1102 3510 1134 3539 in
1151 3511 1268 3550 angelis
1284 3512 1418 3542 inveniri

362 3558 461 3588 multa
488 3560 610 3596 praeter
632 3559 776 3584 naturam
800 3554 934 3594 speciei,
966 3559 1002 3583 ut
1025 3553 1187 3584 existentia
1211 3554 1356 3591 actualis,
1389 3561 1420 3586 et

1469 300 1529 330 alia
1552 300 1742 331 accidentia:
1773 301 1917 341 quamvis
1940 310 2007 332 non
2031 301 2232 333 inveniantur
2255 303 2288 334 in
2312 304 2356 334 eis
2379 303 2534 345 principia

1469 343 1708 375 individuantia.
1737 345 1833 385 Ergo.

1524 387 1706 419 Secundum
1721 388 1851 419 dubium
1867 389 1884 406 ⁴*
1901 394 1956 425 est,
1974 399 2014 420 an
2029 389 2108 420 illud
2132 390 2221 430 quod
2237 391 2440 431 suppositum
2457 391 2533 422 dici·
2561 396 2571 407 ·

1468 437 1520 462 tur
1531 431 1650 463 addere
1666 441 1761 473 supra
1776 438 1931 470 naturam,
1949 439 2096 474 oporteat
2112 443 2179 465 esse
2196 444 2252 464 ens
2267 435 2366 465 reale:
2391 444 2431 465 an
2447 435 2534 466 suffi-

1469 476 1530 506 ciat
1553 475 1643 516 quod
1658 476 1698 506 sit
1712 478 1839 516 negatio
1856 476 1971 518 aliqua,
1984 477 2163 508 secundum
2179 477 2357 509 doctrinam
2372 478 2532 510 Auctoris.

1527 520 1670 550 Tertium
1686 520 1817 551 dubium
1832 522 1849 538 ⁴'
1874 527 1930 557 est,
1954 531 1994 552 an
2009 522 2089 552 illud
2113 522 2203 562 quod
2221 522 2307 553 addit
2329 523 2535 563 suppositum

1468 573 1563 603 supra
1586 570 1749 601 naturam,
1780 570 1928 605 oporteat
1951 575 2019 596 esse
2045 566 2254 597 intrinsecum
2276 567 2462 607 supposito:
2494 576 2535 597 an

1468 607 1603 638 sufficiat
1626 607 1716 648 quod
1739 609 1778 639 sit
1801 610 2022 640 extrinsecum.
2047 610 2088 641 Et
2107 615 2154 640 est
2176 620 2282 641 sermo
2306 610 2345 641 de
2365 611 2534 651 supposito

1469 656 1500 681 et
1522 657 1634 682 natura
1656 652 1822 692 singulari:
1846 652 1910 684 hoc
1933 658 1990 690 est,
2014 653 2054 684 de
2073 653 2203 685 Socrate
2227 660 2258 685 et
2274 655 2333 685 hac
2349 664 2406 685 sua
2421 655 2534 685 huma-

1467 695 1575 726 nitate.
1600 696 1640 726 Et
1664 702 1710 726 est
1733 697 1812 727 ratio
1836 696 1925 727 dubii
1949 696 2116 728 difficultas
2138 698 2268 729 videndi
2291 698 2369 739 quid
2386 703 2432 729 est
2454 698 2534 729 illud

1467 739 1693 776 intrinsecum;
1725 746 1756 770 et
1778 739 1940 771 diversitas
1964 742 2176 782 opinionum;
2208 748 2239 773 et
2261 747 2408 773 nostrum
2439 743 2535 773 etiam

1467 782 1590 814 dictum
1613 784 1647 814 in
1663 783 1911 815 Commentariis
1926 786 1943 801 ¹*
1965 785 2090 816 Primae
2105 786 2213 823 Partis,
2237 786 2271 817 in
2294 787 2368 817 loco
2387 786 2534 827 allegam,
2561 792 2572 804 ⁸

1467 827 1523 857 ubi
1547 827 1684 858 diximus
1707 827 1798 868 quod
1819 838 1888 859 non
1911 827 2060 860 differunt
2082 830 2262 861 intrinsece.

1526 871 1687 908 Quartum
1709 872 1840 903 dubium
1856 873 1873 889 ⁴*
1897 878 1952 909 est,
1977 873 2056 913 quid
2071 874 2111 904 sit
2125 873 2205 904 illud
2225 873 2314 914 quod
2329 875 2535 915 suppositum
2561 879 2573 889 ⁸

1468 921 1609 946 creatum
1632 915 1727 952 addit,
1750 916 1957 947 intrinsecum
1975 917 2045 953 sibi,
2062 927 2157 958 supra
2172 918 2254 948 hanc
2269 923 2416 949 naturam
2431 927 2534 949 suam.

1467 959 1508 989 Et
1532 965 1578 990 est
1600 961 1680 990 ratio
1704 959 1792 990 dubii
1812 961 1887 1000 quia
1909 961 1984 991 hinc
2003 971 2071 991 non
2086 967 2217 1002 apparet
2233 961 2310 1002 quid
2326 963 2365 992 sit
2383 961 2478 992 illud:
2504 967 2536 992 et

1466 1009 1598 1044 propter
1615 1004 1660 1034 rei
1676 1004 1913 1040 obscuritatem,
1938 1009 1969 1035 et
1991 1011 2123 1045 propter
2138 1005 2238 1035 varias
2254 1006 2434 1045 opiniones.
2458 1005 2535 1036 Inde

1467 1053 1574 1078 autem
1599 1048 1746 1088 cogimur
1768 1047 1889 1088 aliquid
1912 1047 2033 1079 dicere:
2062 1049 2217 1090 quoniam
2241 1049 2376 1080 dicimus
2399 1055 2432 1080 et
2454 1049 2536 1080 affir-

1466 1101 1592 1122 mamus
1608 1092 1751 1123 Verbum
1767 1092 1828 1122 Dei
1851 1101 1919 1122 non
1939 1093 2146 1133 assumpsisse
2162 1102 2334 1133 personam
2349 1093 2534 1130 humanam,

1466 1135 1522 1166 sed
1542 1136 1748 1176 assumpsisse
1767 1136 1850 1166 hanc
1866 1136 2114 1173 humanitatem;
2139 1143 2170 1167 et
2193 1136 2329 1167 dicimus
2352 1136 2442 1178 quod
2464 1147 2535 1177 per-

1467 1189 1546 1210 sona
1568 1180 1709 1210 humana
1732 1186 1779 1211 est
1808 1180 2086 1221 inassumptibilis,
2109 1181 2188 1212 haec
2216 1186 2324 1212 autem
2346 1187 2459 1212 natura
2488 1191 2536 1212 as-

1467 1229 1594 1264 sumpta
1619 1229 1675 1255 est.

1525 1268 1681 1304 Quintum
1704 1268 1835 1299 dubium
1851 1269 1868 1286 ⁴*
1893 1274 1940 1299 est
1963 1269 2046 1300 circa
2068 1268 2164 1305 illud,
2193 1268 2282 1309 quod
2305 1269 2338 1299 in
2362 1269 2433 1299 Deo
2456 1269 2534 1300 nihil

1467 1313 1628 1343 invenitur
1649 1318 1774 1353 praeter
1795 1313 1952 1343 rationem
1976 1323 2052 1344 suae
2067 1313 2202 1353 speciei:
2227 1322 2303 1343 cum
2318 1313 2440 1350 in,Deo
2456 1322 2535 1344 con-

1466 1355 1613 1387 fiteamur
1635 1357 1819 1397 personales
1842 1357 2052 1396 proprietates
2074 1357 2198 1387 realiter
2221 1357 2303 1387 inter
2319 1366 2352 1388 se
2372 1356 2534 1393 distantes,

1466 1406 1590 1440 praeter
1613 1401 1743 1431 unicam
1766 1401 1945 1431 absolutam
1969 1411 2006 1432 ac
2026 1410 2237 1432 communem
2253 1401 2404 1432 omnibus
2421 1400 2535 1432 divinis

1467 1445 1612 1484 personis
1635 1445 1814 1475 essentiam.

1524 1488 1576 1518 IV.
1600 1488 1651 1519 Ad
1660 1489 1804 1529 primum
1820 1488 1950 1519 dubium
1962 1489 1978 1506 ⁸*
1995 1488 2110 1519 dicitur
2130 1488 2219 1529 quod
2239 1489 2395 1519 sententia
2414 1488 2536 1520 litterae

1467 1533 1556 1563 istius
1572 1533 1684 1572 procul
1703 1532 1802 1563 dubio
1818 1532 1929 1563 locum
1944 1533 2040 1563 habet
2054 1533 2088 1562 in
2104 1533 2233 1573 angelis,
2250 1538 2287 1563 ut
2302 1538 2390 1572 patet
2405 1531 2536 1563 inferius

1467 1577 1500 1607 in
1517 1585 1572 1616 qu.
1585 1586 1626 1612 rv,
1644 1581 1699 1606 art.
1717 1584 1744 1612 ι,
1761 1575 1807 1607 ad.
1818 1576 1847 1611 3,
1871 1577 1927 1606 ubi
1947 1582 2060 1607 natura
2075 1577 2180 1616 angeli
2203 1577 2324 1617 absque
2340 1576 2444 1616 angeli
2464 1585 2537 1617 per-

1467 1620 1634 1651 sonalitate
1658 1620 1884 1660 assumptibilis
1914 1630 1932 1650 a
1962 1620 2069 1650 divina
2098 1621 2231 1660 ponitur
2259 1629 2415 1660 persona,
2447 1619 2537 1660 quod

1468 1670 1593 1696 constat
1615 1674 1684 1695 non
1707 1674 1776 1695 esse
1798 1664 1997 1704 intelligibile
2020 1665 2046 1694 si
2069 1665 2276 1705 suppositum
2300 1670 2331 1695 et
2353 1669 2466 1695 natura
2489 1673 2538 1695 es-

1467 1714 1538 1740 sent
1561 1708 1697 1738 omnino
1720 1707 1806 1738 idem
1833 1707 2012 1739 secundum
2035 1717 2121 1739 rem:
2153 1714 2185 1739 et
2215 1707 2306 1749 quod
2335 1708 2369 1739 in
2399 1707 2536 1748 angelis,

1467 1758 1599 1793 propter
1613 1753 1696 1782 hanc
1711 1752 1832 1782 litterae
1847 1753 2015 1788 rationem,
2032 1761 2130 1792 quam
2145 1753 2269 1783 Auctor
2284 1752 2380 1783 etiam
2395 1753 2428 1783 in
2448 1751 2537 1789 Quo-

1468 1796 1543 1827 libet
1565 1796 1602 1832 11,
1627 1805 1681 1836 qu.
1698 1805 1730 1831 11,
1755 1801 1811 1826 art.
1830 1805 1860 1832 2,
1877 1801 1997 1832 tractat,
2013 1797 2219 1836 suppositum
2235 1794 2338 1827 differt
2357 1795 2537 1827 seeundum

1467 1850 1535 1870 rem
1557 1850 1575 1870 a
1598 1845 1720 1870 natura.
1744 1839 1820 1870 Non
1837 1845 1946 1870 tamen
1962 1840 2053 1870 omni
2067 1839 2168 1870 modo
2192 1849 2260 1880 quo
2283 1839 2434 1871 differunt
2455 1840 2536 1870 haec

1466 1885 1500 1914 in
1524 1884 1712 1924 compositis
1743 1893 1781 1914 ex
1803 1884 1934 1914 materia
1965 1889 1996 1914 et
2019 1883 2139 1920 forma,
2169 1890 2206 1914 ut
2231 1883 2351 1915 ibidem
2366 1885 2383 1901 ⁴⁹
2409 1883 2535 1916 dicitur.

1467 1928 1553 1966 Quia
1568 1928 1772 1968 suppositum
1787 1928 1821 1958 in
1837 1928 2018 1958 substantiis
2034 1928 2248 1958 materialibus
2271 1927 2375 1959 differt
2390 1938 2408 1958 a
2423 1933 2536 1958 natura

1468 1972 1563 2002 etiam
1587 1973 1661 2012 quia
1684 1970 1818 2002 includit
1841 1971 2089 2011 singularitatem
2112 1977 2253 2008 naturae,
2278 1981 2376 2012 quam
2399 1981 2468 2003 non
2485 1971 2535 2002 in-

1468 2015 1568 2046 cludit
1590 2021 1719 2046 natura:
1753 2016 1822 2046 talis
1850 2021 1958 2046 autem
1989 2015 2164 2046 differentia
2193 2025 2261 2046 non
2289 2015 2425 2057 salvatur
2452 2016 2535 2046 inter

1467 2060 1672 2100 suppositum
1703 2064 1734 2090 et
1761 2065 1907 2090 naturam
1937 2060 1971 2090 in
1994 2060 2175 2090 substantiis
2199 2060 2358 2100 separatis.
2393 2059 2456 2091 Sed
2482 2059 2536 2090 illa

1468 2103 1643 2134 differentia
1667 2113 1749 2143 quae
1772 2103 1904 2143 ponitur
1926 2104 1989 2139 hic,
2014 2104 2196 2134 communis
2217 2109 2264 2134 est
2287 2103 2438 2134 omnibus
2460 2104 2535 2134 sub—

1467 2148 1587 2178 stantiis
1604 2148 1732 2178 creatis:
1757 2147 1876 2178 scilicet
1899 2147 1990 2187 quod
2008 2148 2213 2188 suppositum
2227 2147 2364 2178 includit
2378 2153 2535 2184 naturam,

1468 2193 1563 2222 etiam
1586 2192 1678 2227 hanc,
1704 2197 1735 2222 et
1757 2190 1844 2222 addit
1867 2191 2026 2232 quaedam
2049 2192 2126 2228 alia;
2157 2197 2270 2222 natura
2293 2197 2414 2228 autem,
2439 2191 2536 2223 etiam

1467 2237 1556 2272 haec,
1580 2245 1648 2266 non
1671 2234 1805 2266 includit
1827 2235 1890 2266 illa.

1522 2279 1591 2310 Nec
1615 2280 1720 2310 obstat
1743 2279 1888 2310 doctrina
1916 2279 2023 2309 habita
2049 2279 2084 2310 in
2106 2279 2213 2310 Prima
2234 2279 2336 2310 Parte.
2371 2279 2537 2317 Quoniam

1467 2324 1512 2354 ibi
1535 2329 1582 2354 est
1604 2333 1709 2354 sermo
1740 2323 1780 2353 de
1803 2322 1966 2354 identitate
1993 2323 2069 2353 reali
2093 2333 2131 2354 ex
2152 2323 2326 2354 intrinseco
2349 2322 2425 2354 reali
2455 2322 2537 2354 ded-

1467 2369 1597 2408 gnativo
1620 2373 1762 2398 naturae.
1786 2367 1831 2397 Ita
1853 2367 1953 2408 quod,
1971 2377 2046 2398 cum
2061 2367 2206 2407 pluribus
2220 2366 2326 2397 modis
2341 2367 2443 2407 possit
2458 2375 2537 2398 con-

1467 2413 1589 2452 tingere
1613 2411 1774 2443 distinctio
1793 2411 1952 2451 suppositi
1967 2421 1986 2442 a
2000 2417 2123 2448 natura,
2146 2411 2191 2442 ibi
2206 2420 2275 2442 non
2291 2417 2338 2441 est
2353 2420 2460 2442 sermo
2474 2411 2538 2442 nisi

1469 2455 1508 2487 de
1531 2456 1587 2486 illo
1611 2455 1711 2486 modo
1743 2465 1809 2495 quo
1837 2455 1987 2487 differunt
2014 2465 2114 2496 penes
2142 2454 2263 2496 aliquid
2285 2455 2368 2486 reale
2391 2455 2538 2485 intrinse-

1469 2509 1545 2531 cum
1568 2499 1800 2539 designativum
1823 2505 1970 2530 naturae:
1995 2509 2062 2539 quo
2078 2498 2178 2530 modo
2203 2499 2285 2529 clare
2306 2504 2394 2539 patet
2416 2508 2538 2540 suppo-

1469 2545 1565 2574 situm
1597 2543 1720 2574 differre
1751 2543 1789 2573 ab
1814 2543 1947 2574 essentia
1969 2552 2027 2584 per
2055 2542 2276 2573 definitionem
2300 2542 2476 2583 significata
2504 2543 2538 2574 in

1469 2588 1650 2618 substantiis
1673 2587 1903 2623 materialibus;
1928 2587 2073 2618 Socrates
2090 2588 2176 2617 enim
2192 2585 2359 2617 manifeste
2375 2586 2478 2618 differt
2498 2587 2536 2618 ab

1470 2633 1677 2668 humanitate,
1702 2632 1777 2671 quia
1799 2630 1934 2672 includit
1949 2631 2105 2671 principia
2119 2631 2360 2667 individuantia,
2385 2640 2468 2671 quae
2483 2630 2538 2662 de-

1470 2677 1641 2707 terminant
1661 2681 1818 2711 naturam,
1842 2675 1962 2706 scilicet
1977 2676 2219 2711 humanitatem,
2236 2674 2462 2706 constituendo
2477 2675 2538 2707 hu-

1471 2721 1656 2750 manitatem
1681 2729 1748 2750 esse
1770 2720 1869 2755 hanc;
1895 2720 2040 2759 quamvis
2056 2729 2124 2750 non
2140 2719 2263 2762 differat
2281 2729 2338 2759 per
2352 2719 2417 2750 hoc
2432 2719 2539 2750 solum

1474 2764 1619 2795 Socrates
1642 2764 1680 2794 ab
1703 2763 1910 2794 humanitate.
1935 2763 1988 2794 Sic
2005 2764 2091 2794 enim
2113 2765 2148 2794 in
2163 2764 2283 2804 angelis
2305 2773 2374 2794 non
2389 2762 2544 2795 differunt

1471 2808 1676 2849 suppositum
1700 2813 1731 2838 et
1753 2813 1874 2837 natura.

1527 2853 1595 2882 Nec
1625 2857 1796 2892 propterea
1818 2852 1942 2882 Auctor
1971 2851 2032 2882 fuit
2061 2852 2105 2882 ibi
2136 2851 2313 2883 diminutus
2343 2857 2398 2882 aut
2424 2851 2537 2888 falsus,

1473 2896 1603 2927 excluso
1626 2896 1682 2926 illo
1702 2895 1802 2926 modo
1827 2895 2038 2926 distinctionis
2054 2896 2213 2936 suppositi
2228 2906 2247 2926 a
2260 2901 2382 2932 natura,
2406 2895 2538 2927 conclu-

1473 2940 1550 2971 dens
1574 2939 1771 2970 identitatem
1794 2940 1953 2980 suppositi
1977 2946 2008 2971 et
2025 2946 2156 2970 naturae
2179 2941 2214 2971 in
2229 2940 2410 2971 substantiis
2425 2939 2538 2970 imma-

1471 2984 1642 3021 terialibus,
1667 2990 1698 3014 et
1721 2989 1956 3024 consequenter
1978 2984 2011 3014 in
2035 2984 2117 3015 Deo.
2142 2984 2306 3023 Quoniam
2330 2983 2387 3014 etsi
2408 2992 2538 3024 proces-

1472 3039 1525 3059 sus
1547 3029 1606 3059 iste
1629 3028 1716 3058 solus
1744 3027 1932 3068 reprehendi
1955 3029 2074 3068 possit,
2105 3028 2234 3059 iunctus
2262 3033 2370 3058 tamen
2399 3027 2538 3058 articulis

1472 3073 1679 3114 sequentibus
1699 3072 1981 3112 irreprehensibilis
2001 3072 2077 3103 fuit:
2102 3067 2263 3113 quoniam'
2273 3081 2311 3102 ex
2330 3071 2538 3112 sequentibus

1471 3118 1505 3147 in
1527 3117 1648 3147 illamet
1671 3117 1859 3156 quaestione
1882 3117 2022 3147 articulis
2045 3115 2258 3147 excluduntur
2273 3125 2292 3146 a
2306 3115 2389 3151 Deo,
2413 3114 2453 3146 de
2469 3123 2536 3155 quo

1473 3167 1519 3192 est
1541 3160 1724 3202 principalis
1749 3161 1908 3201 quaesti0‚
1933 3160 1986 3191 alii
2008 3159 2099 3191 modi
2121 3160 2237 3200 quibus
2259 3164 2367 3200 potest
2389 3159 2538 3200 supposi-

1471 3211 1542 3236 tum
1565 3204 1744 3236 secundum
1767 3214 1834 3235 rem
1859 3204 2009 3245 distingui
2031 3214 2050 3235 a
2071 3209 2192 3235 natura.
2216 3202 2426 3234 Excludendo
2450 3203 2538 3234 enim

1473 3249 1743 3290 compositionem
1768 3258 1806 3279 ex
1822 3249 1957 3280 essentia
1980 3253 2012 3279 et
2033 3257 2101 3279 esse
2116 3248 2143 3284 ’Β
2167 3253 2199 3278 et
2222 3256 2432 3288 quocumque
2455 3247 2537 3278 acei-

1473 3293 1566 3324 dente
1582 3293 1609 3330 ⁴*‚
1634 3298 1665 3323 et
1681 3301 1887 3333 quacumque
1903 3291 2177 3332 componibilitate
2193 3291 2237 3327 ”,
2261 3291 2335 3322 satis
2350 3291 2432 3322 clare
2450 3296 2538 3331 patet

1473 3337 1562 3378 quod
1586 3338 1739 3368 essentiae
1762 3337 1808 3367 illi
1830 3336 1909 3367 nihil
1931 3341 2055 3376 praeter
2076 3335 2233 3366 rationem
2249 3335 2367 3376 speciei
2389 3335 2536 3366 iunctum

1473 3388 1536 3412 est:
1567 3391 1604 3412 ac
1626 3391 1684 3422 per
1706 3381 1788 3417 hoc,
1812 3389 1926 3411 omnes
1948 3379 2038 3410 modi
2065 3379 2182 3420 quibus
2204 3379 2408 3420 suppositum
2430 3384 2537 3419 potest

1473 3425 1623 3465 distingui
1653 3435 1671 3455 a
1694 3430 1828 3461 natura,
1860 3423 1979 3455 exclusi
2004 3423 2049 3454 ibi
2075 3423 2281 3454 inveniuntur
2302 3432 2322 3453 a
2344 3423 2426 3453 Deo.
2460 3422 2537 3454 Non

1473 3475 1580 3500 autern
1603 3470 1642 3499 ab
1666 3469 1800 3509 angelis:
1825 3467 1865 3499 de
1889 3467 2006 3508 quibus
2027 3477 2096 3498 non
2120 3473 2186 3498 erat
2207 3473 2286 3498 tunc
2309 3466 2464 3507 quaestio.

1528 3513 1646 3544 Sensus
1670 3522 1745 3553 ergo
1769 3511 1932 3543 dominae
1946 3511 2030 3542 illius
2047 3517 2094 3542 est
2117 3510 2207 3552 quod
2228 3511 2263 3542 in
2280 3511 2460 3542 substantiis
2476 3511 2535 3542 im-

1473 3557 1685 3587 materialibus
1701 3557 1904 3597 suppositum
1917 3561 1948 3586 et
1958 3561 2070 3586 natura
2085 3561 2159 3586 sunt
2174 3554 2259 3586 idem
2275 3554 2454 3586 secundum
2467 3564 2536 3586 rem

2585 395 2622 418 Cs.
2637 402 2700 420 num.
2717 404 2739 420 v.

2561 528 2571 538 ⁶
2586 527 2622 549 ef.
2636 527 2696 550 ibid.

2585 791 2656 814 Num.
2669 797 2708 820 vn,
2723 797 2773 815 vm.

2587 878 2624 901 ef.
2637 884 2702 901 num.
2717 885 2739 900 v.

2563 1269 2572 1279 ⁸
2587 1267 2624 1291 Cf.
2639 1268 2697 1291 ibid.

2563 1493 2573 1504 ·
2583 1492 2653 1515 Num.
2668 1492 2775 1520 pru-eod.

2562 1883 2624 1906 ‘Ad
2639 1890 2658 1906 ι.

2565 3251 2575 3261 “
2582 3249 2638 3272 Loc.
2651 3249 2691 3273 eit.
2698 3254 2741 3273 nrt.
2750 3257 2776 3279 ⁴·-

2564 3292 2575 3302 ·
2589 3291 2647 3313 ibid.
2663 3294 2705 3314 m.
2721 3291 2743 3314 ε.

2564 3319 2586 3330 ··
2596 3317 2654 3340 thid.
2663 3321 2706 3341 m.
2719 3323 2742 3347 7,
2751 3317 2777 3341 ο.

2868 1782 2872 1786 .
2867 1743 2872 1766 ὼ,
2863 1553 2872 1734 mmmmm-naa
