2912 4030
491 258 536 283 Xll

493 327 740 357 contributionis
755 327 915 366 praecaria
932 331 978 356 est
995 326 1166 357 distinctio.
1192 325 1314 356 Omnes
1331 325 1417 356 enim
1434 323 1564 356 codices

493 372 589 401 etiarn
613 371 652 407 D,
678 370 716 406 C,
741 371 923 411 quinimmo
947 371 987 407 A,
1005 371 1060 410 qui
1077 380 1095 400 a
1110 370 1135 400 P
1151 376 1187 400 ut
1201 370 1298 410 polus
1321 380 1338 400 a
1354 369 1434 410 polo
1458 368 1562 404 distat,

493 415 614 455 aliquid
644 414 819 446 editoribus
847 415 1036 451 attulerunt;
1064 414 1219 445 lectiones
1246 414 1426 445 editionum
1456 413 1561 443 multo

491 459 691 499 frequentius
724 460 884 500 incipiunt
914 459 1000 500 apud
1024 459 1048 489 F
1073 467 1171 498 quam
1202 458 1289 499 apud
1319 466 1562 498 quemcumque

492 503 590 534 alium
614 502 774 534 secundae
797 504 914 535 classis.
943 504 993 534 Ne
1015 509 1123 534 tamen
1146 509 1214 534 tota
1236 502 1364 533 traditio
1389 508 1475 533 extra
1498 502 1562 542 pri-

491 557 577 578 mam
601 547 735 578 classem
757 557 887 588 prorsus
910 548 1093 579 indistincta
1115 553 1268 584 maneret,
1285 547 1369 577 inter
1391 547 1561 586 antiquum

492 597 523 622 et
545 598 709 622 recentem
732 598 855 624 textum
884 592 1012 624 codices
1039 591 1199 623 secundae
1223 592 1330 622 classis
1353 591 1478 622 medios
1501 600 1561 631 po-

491 636 630 672 suimus,
665 637 740 676 quia
771 637 964 668 variantibus
996 637 1112 668 Pianae
1145 637 1303 667 maiorem
1338 636 1560 676 antiquitatem

491 679 671 711 adsciscunt
708 690 806 721 quam
838 691 876 712 ex
905 682 1024 712 iuniori
1056 681 1242 712 testimonio
1275 681 1384 711 tertiae
1415 681 1560 711 obtinere

490 730 636 764 possunt,
655 729 686 755 et
702 726 777 765 quia
800 726 979 757 lectionum
1003 725 1183 756 editionum
1207 726 1371 766 copiosior
1393 724 1466 756 fons
1490 724 1560 755 fue-

490 774 564 799 runt
588 778 685 809 quam
709 769 838 801 codices
860 771 982 810 primae
1004 775 1036 800 et
1050 771 1149 801 rarior
1168 780 1265 810 quarn
1286 769 1413 800 codices
1436 770 1558 800 tertiae.

545 822 576 852 7.
601 813 690 851 Quas
718 814 888 845 relationes
911 813 1052 845 secunda
1075 820 1107 845 et
1126 815 1216 845 tertia
1241 814 1346 845 classis
1371 823 1446 844 cum
1469 819 1558 844 textu

490 857 622 896 antiquo
646 858 793 895 habeant,
818 859 905 890 hisce
928 859 1203 899 propositionibus
1227 858 1360 899 exprimi
1384 858 1467 888 licet.

544 901 671 938 Primo3
696 901 872 934 differentia
903 903 1038 934 duarum
1068 904 1216 934 classium
1243 904 1282 933 ab
1306 903 1440 942 antiquo
1468 907 1558 933 textu

489 954 554 975 non
568 955 601 976 se
614 946 754 977 extendit
769 947 809 978 ad
821 957 934 978 omnes
951 957 1072 978 errores
1087 948 1349 987 transcriptionis,
1363 947 1419 987 qui
1431 947 1464 977 in
1477 947 1557 978 anti-

489 998 556 1028 quo
573 995 661 1021 textu
685 991 841 1022 obtinent.
867 993 902 1022 In
921 992 1054 1032 singulis
1078 992 1164 1022 libris
1187 992 1255 1022 sine
1278 992 1343 1022 ulla
1367 991 1557 1032 exceptione

488 1034 611 1073 aliquot
627 1044 747 1065 errores
764 1042 926 1076 apparent.
941 1037 975 1067 In
992 1036 1059 1067 aliis
1077 1036 1142 1073 alii,
1152 1042 1183 1067 et
1199 1036 1306 1076 plures
1321 1036 1371 1067 vel
1387 1037 1557 1077 pauciores

487 1084 668 1117 supersunt,
693 1079 747 1109 sed
771 1081 879 1111 nullus
911 1090 1011 1121 purus
1039 1086 1095 1112 est.
1130 1081 1266 1121 Antiqui
1299 1090 1421 1112 errores
1452 1082 1556 1112 multo

487 1122 586 1161 magis
610 1124 783 1154 secundam
807 1124 940 1156 classem
964 1125 1107 1156 afficiunt
1123 1134 1220 1166 quam
1235 1127 1372 1163 tertiam,
1388 1125 1444 1157 sed
1461 1127 1556 1157 etiam

487 1166 519 1196 in
542 1167 632 1197 tertia
664 1168 872 1199 inveniuntur
903 1170 1011 1209 plures
1043 1179 1141 1210 quarn
1174 1169 1356 1202 sufficerent
1385 1176 1422 1201 ut
1451 1176 1556 1202 textus

487 1210 638 1250 antiquus
660 1217 762 1243 totam
785 1213 988 1245 traditionem
1012 1221 1194 1254 penetrasse
1218 1220 1250 1245 et
1272 1215 1305 1246 in
1330 1215 1481 1246 omnibus
1500 1225 1556 1246 co-

488 1253 611 1285 dicibus
634 1263 794 1296 superstes
818 1267 885 1289 esse
910 1259 1042 1290 dicatur.

542 1298 709 1337 Secundo3
744 1303 927 1342 saepissime
957 1313 1024 1334 uno
1050 1309 1081 1334 et
1104 1302 1220 1334 eodem
1251 1303 1326 1334 loco
1357 1304 1478 1335 multae
1502 1313 1555 1334 va-

486 1343 612 1380 riantes,
629 1349 701 1381 tres,
719 1352 867 1386 quatuor,
892 1357 996 1389 usque
1018 1347 1057 1378 ad
1073 1347 1196 1383 decem,
1215 1354 1399 1379 occurrunt.
1423 1348 1513 1387 Quas
1529 1349 1554 1380 si

486 1397 504 1416 a
519 1396 614 1418 sensu
631 1395 662 1419 et
678 1390 716 1419 ab
732 1393 932 1423 attestatione
956 1391 1147 1428 consideras,
1164 1393 1288 1423 invenis
1312 1393 1453 1424 eminere
1473 1393 1555 1424 inter

486 1440 599 1462 omnes
633 1443 798 1466 erroneam
831 1437 1037 1477 scriptionem
1061 1437 1111 1468 vel
1140 1436 1251 1467 falsam
1275 1437 1325 1468 vel
1354 1438 1553 1478 peregrinam

486 1481 516 1505 et
538 1476 700 1508 insolitam
723 1479 906 1515 lectionem,
931 1481 1016 1521 siglis
1040 1481 1255 1521 plurimorum
1280 1487 1311 1512 et
1333 1483 1552 1522 antiquiorum

485 1519 634 1551 codicum
651 1523 816 1561 signatam.
837 1525 1055 1566 Multiplicitas
1071 1531 1178 1555 autem
1195 1525 1371 1557 lectionum
1388 1526 1553 1558 infallibile

484 1570 701 1596 correctorum
725 1568 880 1600 indicium
897 1576 962 1606 est3
988 1571 1072 1610 quia,
1091 1578 1165 1600 curn
1190 1570 1285 1600 unica
1309 1576 1391 1601 esset
1414 1573 1553 1602 auctoris

484 1607 589 1644 lectio,
607 1619 720 1642 omnes
736 1614 831 1644 unius
847 1613 910 1644 loci
926 1615 1083 1645 variantes
1104 1619 1227 1654 praeter
1250 1624 1349 1645 unam
1372 1616 1552 1646 necessario

484 1652 516 1682 in
540 1658 663 1684 textum
686 1658 825 1688 auctoris
841 1657 974 1689 deforis
997 1660 1167 1699 importata
1192 1658 1289 1689 fuisse
1313 1659 1441 1690 debent.
1466 1659 1552 1700 Ergo

484 1697 634 1728 omnibus
658 1699 707 1730 his
730 1701 810 1732 locis
833 1709 1030 1734 correctores
1053 1703 1231 1743 arripimus,
1249 1703 1330 1734 sicut
1353 1703 1454 1734 modo
1478 1705 1553 1735 scri-

484 1746 610 1779 ptorem
633 1744 727 1782 primi
758 1748 933 1787 apographi
957 1757 1014 1787 per
1038 1756 1229 1778 communes
1260 1757 1381 1778 errores
1405 1757 1552 1788 compre-

484 1785 714 1819 hendebamus.

539 1829 670 1868 Tertio;
706 1834 895 1865 variantium
930 1836 1109 1876 signaturae
1143 1837 1176 1866 in
1211 1836 1365 1867 ambabus
1400 1836 1552 1867 classibus

484 1873 640 1906 continuo
675 1882 809 1908 mutant.
846 1879 938 1920 Siglis
970 1881 1122 1911 omnibus
1155 1880 1315 1911 secundae
1349 1881 1456 1911 classis
1486 1886 1551 1912 tam

482 1924 604 1954 paucae
627 1921 782 1952 variantes
805 1929 966 1960 notantur,
984 1930 1019 1955 ut
1038 1935 1105 1955 non
1130 1923 1256 1955 credam
1280 1935 1378 1955 unam
1402 1926 1550 1965 paginam

484 1959 632 2009 editionis
647 1970 773 1996 nostrae
789 1967 981 1999 lectionibus
1001 1983 1014 1996 a<
1030 1969 1171 1999 secunda
1186 1982 1199 1995 »
1219 1969 1380 2009 signandis
1396 1970 1550 2010 integram

482 2006 608 2046 1mpleri
630 2017 736 2048 posse.
761 2011 903 2042 Tantum
926 2022 992 2043 non
1017 2023 1143 2054 semper
1170 2013 1261 2053 plura
1290 2014 1367 2054 sigla
1391 2014 1550 2045 secundae

483 2049 522 2079 ad
538 2055 660 2083 textum
684 2055 853 2095 antiquum
878 2057 1048 2097 ponendae
1071 2063 1156 2094 sunt,
1174 2059 1285 2088 ceteris
1307 2059 1481 2089 variantem
1499 2059 1550 2090 vel

482 2102 654 2127 numerum
677 2099 866 2131 variantium
890 2102 1097 2141 signantibus.
1122 2102 1224 2143 Saepe
1248 2112 1351 2133 unum
1369 2103 1485 2142 siglum
1501 2113 1549 2134 se-

484 2138 606 2188 cundae
629 2142 803 2174 variantem
826 2150 926 2181 notat,
944 2155 1027 2186 quae
1050 2155 1117 2177 non
1139 2147 1324 2187 simpliciter
1339 2146 1379 2177 ad
1394 2147 1549 2178 lectiones

481 2185 667 2224 singulares
698 2188 850 2226 pertinet,
880 2190 955 2230 quia
988 2199 1063 2221 cum
1095 2196 1183 2221 textu
1217 2197 1339 2222 ceterae
1371 2191 1549 2223 traditionis

482 2227 596 2277 collata
619 2229 789 2262 deliberata
805 2238 836 2263 et
850 2234 949 2264 volita
967 2235 1061 2265 lectio
1078 2245 1146 2266 esse
1163 2236 1310 2266 cernitur.
1335 2236 1423 2266 Libri
1438 2237 1548 2267 tertiae

481 2280 618 2322 mvreem
635 2275 799 2315 aliquanto
823 2279 929 2308 minus
946 2280 1104 2310 societatis
1120 2280 1322 2320 impatientes
1338 2286 1422 2316 sunt,
1439 2280 1495 2311 sed
1511 2290 1548 2312 ea

480 2315 626 2348 lectionis
644 2322 868 2358 communitas,
885 2332 982 2362 quarn
999 2329 1149 2354 constans
1172 2325 1331 2364 signatura
1348 2324 1502 2355 indicaret
1517 2331 1548 2356 et

482 2367 544 2398 qua
561 2371 644 2392 unus
663 2365 836 2396 continuus
859 2372 963 2398 textus
986 2367 1116 2398 formari
1139 2374 1258 2408 posset,
1274 2378 1405 2409 prorsus
1429 2368 1545 2400 deficit,

480 2403 607 2436 Frustra
631 2410 737 2438 conati
761 2419 871 2440 sumus
895 2421 932 2442 ex
956 2412 1041 2442 libris
1065 2412 1224 2443 secundae
1240 2413 1290 2443 vel
1310 2413 1419 2443 tertiae
1443 2423 1546 2444 unum

480 2451 640 2490 exemplar
659 2462 779 2484 eruere.
805 2455 943 2486 Codices
967 2457 1124 2487 continuo
1140 2457 1199 2487 sibi
1216 2456 1457 2493 contradicunt;
1483 2458 1546 2488 sin-

478 2493 611 2532 gulatim
633 2497 742 2536 potius
760 2507 857 2538 quam
873 2501 1027 2540 gregatim
1045 2502 1145 2531 textui
1161 2502 1295 2541 antiquo
1312 2511 1345 2532 se
1362 2507 1545 2542 opponunt.

479 2537 522 2567 Ut
536 2538 623 2569 idem
647 2541 714 2572 aliis
737 2543 840 2573 verbis
864 2543 986 2574 dicam:
1011 2554 1128 2585 corpus
1151 2545 1328 2576 lectionum
1352 2546 1391 2576 ab
1411 2546 1545 2586 antiquo

478 2588 566 2613 textu
597 2585 787 2616 variantium
810 2587 842 2617 in
866 2588 954 2618 nulla
985 2588 1216 2620 determinabili
1248 2595 1337 2629 parte
1368 2589 1546 2621 traditionis

478 2625 573 2658 fixam
590 2628 698 2660 sedem
714 2630 819 2661 habet.
843 2632 918 2662 Non
935 2638 1007 2669 tres,
1024 2643 1091 2664 non
1108 2633 1190 2664 duos
1205 2638 1310 2664 textus
1330 2634 1498 2674 parallelos
1515 2640 1546 2665 et

479 2671 683 2704 coordinatos
711 2675 836 2706 traditio
865 2677 1056 2717 suppeditat,
1081 2677 1136 2708 sed
1164 2687 1267 2708 unum
1295 2683 1419 2709 textum
1443 2679 1545 2709 conti-

478 2725 590 2753 nuum,
608 2719 778 2758 antiquum
801 2720 931 2757 scilicet,
949 2727 980 2751 et
995 2727 1156 2762 praeterea
1175 2721 1274 2753 fasces
1290 2722 1490 2759 variantium,
1507 2732 1545 2754 ex

479 2759 546 2790 aliis
570 2767 600 2791 et
623 2762 690 2792 aliis
714 2763 800 2794 libris
823 2765 905 2795 inter
929 2775 961 2796 se
984 2765 1076 2796 valde
1100 2765 1230 2796 diversis
1254 2772 1488 2806 congestarum.

534 2805 673 2843 Quarto;
709 2809 864 2839 variantes
898 2810 937 2840 ab
972 2811 1105 2850 antiquo
1140 2816 1243 2846 textu,
1279 2810 1496 2841 consideratae
1528 2821 1545 2842 a

479 2855 567 2888 parte
599 2860 709 2882 sensus
740 2852 913 2884 verborum
943 2855 1009 2884 sive
1037 2854 1212 2885 formaliter
1243 2861 1279 2885 ut
1308 2855 1472 2891 lectiones,
1498 2855 1545 2886 di—

480 2894 560 2923 versi
584 2894 697 2925 valoris
721 2903 803 2927 sunt.
828 2897 929 2935 Aliae,
947 2907 1069 2939 eaeque
1090 2908 1158 2929 non
1181 2908 1312 2939 paucae,
1329 2900 1363 2930 in
1379 2900 1545 2940 antiquam

480 2937 651 2969 lectionem
668 2949 832 2971 erroneam
848 2947 913 2973 tam
929 2948 1002 2983 apte
1019 2943 1147 2979 cadunt,
1161 2949 1196 2974 ut
1209 2949 1367 2984 quantum
1379 2943 1418 2974 ad
1431 2943 1544 2974 dictio-

480 2991 554 3012 nem
578 2982 740 3015 Thomam
774 2985 882 3016 audire
917 2993 1054 3027 putares,
1090 2993 1247 3028 quantum
1282 2987 1322 3018 ad
1356 2988 1544 3028 scripturam

479 3026 598 3057 litterae
627 3034 657 3058 et
684 3029 772 3069 signa
806 3031 994 3071 autographi
1028 3032 1172 3062 innovari
1207 3031 1383 3062 videantur.
1419 3032 1543 3063 Harum

480 3081 593 3112 magna
616 3082 687 3112 pars
711 3074 869 3104 secundae
894 3075 984 3105 classi
1007 3074 1150 3112 debetur,
1168 3076 1223 3107 sed
1245 3077 1340 3107 etiam
1363 3077 1454 3107 tertia
1476 3086 1544 3107 non

479 3125 596 3155 paucas
619 3118 774 3156 praebuit,
798 3119 908 3148 nescio
933 3129 972 3149 an
996 3129 1063 3149 non
1086 3120 1194 3160 plures
1226 3130 1324 3161 quam
1348 3120 1498 3151 secunda.
1522 3139 1545 3143 —

479 3160 568 3191 Aliae
592 3166 675 3197 sunt,
694 3170 775 3201 quae
800 3171 897 3202 quare
922 3164 1054 3203 antiquo
1079 3166 1177 3195 textui
1202 3175 1304 3205 aeque
1324 3166 1412 3196 bono
1429 3165 1544 3195 substi-

1618 328 1706 355 tutae
1729 325 1792 355 sint
1814 334 1882 356 non
1905 332 2047 367 apparet,
2072 327 2189 366 quibus
2212 331 2320 357 tamen
2345 333 2380 356 ut
2396 325 2435 356 ad
2451 326 2687 366 autographum

1616 369 1812 408 pertinerent
1832 369 1911 400 nihil
1933 370 2032 407 deest,
2050 380 2149 411 quam
2172 370 2263 411 quod
2285 370 2376 401 nullo
2393 369 2570 401 traditionis
2586 369 2688 401 docu-

1616 418 1727 443 mento
1751 421 1826 444 vere
1849 414 1998 454 antiquae
2022 414 2090 446 fieri
2113 420 2260 455 possunt.
2283 415 2354 446 Hae
2377 414 2533 446 lectiones
2551 414 2590 445 ab
2606 415 2687 446 anti-

1617 457 1784 497 quioribus
1811 457 1972 489 secundae
1999 458 2165 490 codicibus
2189 459 2226 495 E,
2251 459 2410 499 Lipsiensi
2434 464 2465 489 et
2487 459 2687 495 Antoniano,

1615 501 1754 532 totaliter
1777 500 1843 532 fere
1866 502 1995 540 absunt3
2019 503 2053 534 in
2071 503 2252 534 iunioribus
2275 504 2354 539 eius,
2372 509 2404 534 et
2418 504 2452 534 in
2468 503 2560 534 tertia
2581 502 2687 535 adhuc

1615 546 1726 586 magis,
1743 545 1916 577 abundant.
1941 547 1990 578 Ex
2003 547 2053 578 his
2068 547 2192 579 duabus
2215 547 2393 579 lectionum
2417 547 2585 588 speciebus
2601 547 2687 587 (qui-

1615 589 1675 620 bus
1699 589 1863 621 addendae
1890 596 1965 622 sunt
1989 592 2156 623 varietates
2178 592 2329 632 antiquae
2353 601 2436 632 quae
2462 592 2544 622 inter
2570 590 2687 623 limites

1613 634 1736 674 primae
1752 634 1859 665 classis
1877 635 2099 676 inveniuntur)
2115 642 2256 677 apparet,
2269 637 2479 668 variationem
2495 636 2534 667 ab
2551 636 2685 676 antiquo

1613 682 1702 709 textu
1719 679 1848 710 saeculo
1865 678 1992 711 decimo
2009 681 2101 711 tertio
2118 680 2204 721 apud
2221 681 2455 712 correctionem
2478 680 2686 720 antiquorum

1614 731 1758 754 errorum
1792 724 1925 754 stetisse.
1948 741 1972 747 -—
1995 724 2134 756 Maxime
2167 731 2275 757 tamen
2306 725 2501 765 conspicuae
2528 730 2561 756 et
2584 724 2686 755 abun-

1613 765 1723 798 dantes
1755 773 1829 798 sunt
1858 767 2003 799 infelices
2026 769 2231 800 coniecturae
2253 770 2288 800 in
2311 770 2492 800 iunioribus
2523 767 2685 801 secundae

1613 816 1644 841 et
1667 812 1701 842 in
1724 813 1825 842 tertia.
1850 811 2077 844 Correctorem
2099 814 2242 844 sentiunt
2264 813 2361 854 longe
2384 813 2524 854 lateque.
2559 812 2684 845 Harum

1612 856 1777 893 meliores,
1802 857 1980 888 successive
2010 858 2044 888 in
2067 863 2190 889 textum
2222 858 2307 898 typis
2336 857 2459 889 editum
2487 856 2683 894 transfusae,

1612 908 1741 931 sensum
1774 910 1842 932 non
1872 900 2019 938 laedunt,
2042 901 2098 932 sed
2128 902 2318 934 correctoris
2349 902 2491 943 sigillum
2522 900 2684 942 profunde

1611 945 1802 986 impressum
1826 951 2006 976 monstrant
2029 945 2160 986 quando
2185 955 2261 977 cum
2284 947 2418 986 antiquo
2442 951 2531 977 textu
2550 955 2683 986 compa-

1610 995 1720 1020 rantur
1737 994 1757 1025 ¹‚
1782 995 1837 1020 aut
1856 989 1987 1030 quando
2003 995 2090 1021 extra
2105 989 2311 1022 traditionem
2327 990 2455 1022 Tertiae
2470 990 2570 1021 Partis
2586 989 2683 1020 colla-

1610 1034 1734 1064 tionem
1757 1035 1948 1065 variantium
1970 1035 2155 1075 protrahere
2171 1034 2222 1066 vel
2243 1035 2276 1065 in
2294 1035 2366 1075 ipso
2390 1044 2490 1075 opere
2512 1034 2605 1065 locos
2626 1042 2683 1074 pa-

1610 1078 1736 1109 rallelos
1759 1087 1958 1119 componere
1981 1079 2065 1110 licet.
2091 1079 2301 1120 Comparatio
2324 1078 2474 1110 locorum
2491 1077 2523 1110 S.
2540 1077 2683 1119 Scriptu-

1609 1131 1672 1157 rae,
1697 1122 1751 1154 SS.
1776 1122 1906 1154 Patrum
1935 1129 1966 1154 et
1989 1123 2069 1154 luris
2100 1123 2260 1154 Canonici
2290 1132 2366 1154 cum
2389 1123 2527 1164 Vulgata
2554 1127 2586 1154 et
2613 1123 2682 1154 eius

1609 1167 1812 1202 variantibus.
1830 1177 1905 1198 cum
1928 1173 2035 1198 vetere
2058 1173 2147 1199 textu
2172 1167 2327 1209 Corporis
2351 1167 2440 1204 Iuris,
2460 1176 2536 1198 cum
2560 1165 2683 1198 Catena

1609 1211 1730 1247 Aurea,
1764 1221 1863 1252 quae,
1897 1212 1993 1243 simul
2025 1221 2101 1243 cum
2133 1213 2246 1243 ceteris
2278 1212 2310 1244 S.
2335 1211 2485 1244 Thomae
2517 1211 2681 1252 operibus.

1609 1257 1732 1286 auctori
1748 1256 1901 1287 Summae
1917 1257 2137 1297 Theologicae
2156 1257 2304 1288 omniurn
2327 1256 2491 1287 uberrimo
2511 1255 2595 1286 fonti
2610 1253 2680 1291 fuit,

1608 1301 1764 1332 variantes
1795 1307 2015 1332 correctorum
2046 1307 2252 1342 praepostere
2281 1306 2312 1332 et
2330 1301 2513 1332 inconsulte
2544 1300 2682 1331 intrusas

1608 1345 1698 1376 omni
1718 1345 1917 1376 desiderabili
1933 1345 2093 1377 evidentia
2107 1349 2120 1366 ²
2143 1345 2303 1386 patefacit.
2318 1363 2343 1368 —
2356 1346 2410 1376 An
2426 1345 2566 1377 auctoris
2580 1344 2682 1376 textui

1608 1390 1789 1430 pepercisse
1805 1389 1955 1422 credendi
1970 1396 2045 1421 sunt
2061 1390 2117 1430 qui
2133 1390 2224 1421 locos
2239 1390 2278 1421 ab
2295 1395 2426 1422 auctore
2449 1390 2563 1421 citatos
2578 1393 2681 1420 atten-

1607 1439 1755 1464 taverunt
1767 1431 1778 1464 ?

1664 1478 1693 1508 8.
1711 1478 1805 1516 Quae
1821 1488 1896 1510 curn
1913 1480 1956 1510 ita
1971 1479 2043 1516 sint,
2060 1488 2188 1510 summa
2203 1479 2422 1510 conclusionis
2437 1478 2618 1510 necessario
2634 1482 2682 1509 est

1607 1523 1704 1553 haec:
1721 1524 1952 1554 variantes
1976 1524 2022 1554 ab
2047 1524 2235 1563 antiquo
2259 1529 2393 1559 textu,
2409 1529 2445 1554 ut
2460 1523 2493 1554 in
2509 1521 2681 1562 traditione

1606 1567 1722 1603 iacent,
1746 1567 1788 1598 in
1813 1569 2046 1608 antiquum
2076 1573 2245 1599 textum
2273 1567 2543 1608 importatae
2567 1571 2679 1598 sunt.

1606 1610 1730 1642 Omnes
1753 1610 1882 1642 codices
1905 1613 2089 1652 superstites
2112 1612 2298 1643 habuissent
2321 1620 2425 1643 unum
2443 1616 2568 1642 textum
2583 1609 2680 1642 unius

1606 1661 1638 1686 et
1660 1655 1805 1687 eiusdem
1838 1656 2241 1697 exemplaris—apographi,
2267 1657 2293 1686 si
2326 1655 2496 1696 scriptores
2520 1660 2551 1687 et
2573 1664 2680 1687 corre-

1606 1706 1710 1731 ctores
1733 1706 1855 1731 textum
1880 1710 1947 1732 non
1971 1706 2156 1732 mutassent.
2190 1700 2275 1732 Nam
2298 1700 2426 1731 codices
2449 1700 2588 1731 invicem
2610 1708 2680 1731 non

1605 1750 1737 1784 possent
1760 1746 1934 1776 convenire
1958 1755 2025 1786 quo
2041 1745 2143 1776 modo
2166 1746 2376 1782 conveniunt,
2392 1745 2453 1775 nisi
2469 1745 2503 1775 in
2517 1743 2679 1785 principio

1605 1788 1783 1820 traditionis
1817 1799 1921 1820 unum
1955 1790 2145 1830 scriptorem
2179 1799 2354 1830 supponas,
2387 1789 2479 1820 cuius
2512 1788 2678 1830 scriptura.

1606 1834 1698 1864 certis
1722 1834 1803 1864 locis
1827 1833 1990 1864 evidenter
2013 1843 2147 1865 erronea
2169 1833 2226 1865 sed
2247 1840 2372 1874 partem
2395 1834 2555 1864 excessive
2578 1833 2679 1864 maxi-

1605 1887 1693 1908 mam
1708 1877 1812 1908 fidelis
1827 1883 1859 1908 et
1874 1878 2067 1914 authentica,
2084 1877 2270 1909 succedenti
2284 1877 2447 1909 traditioni
2468 1877 2631 1918 exemplar
2646 1883 2679 1909 et

1605 1927 1702 1963 typus
1725 1922 1807 1953 facta
1831 1928 1887 1953 est.
1924 1922 2000 1954 Inde
2023 1923 2201 1954 lectionum
2229 1932 2435 1954 erronearum
2462 1922 2677 1963 participatio,

1606 1976 1670 2007 qua
1693 1967 1809 2007 singuli
1834 1966 1962 1998 codices
1985 1967 2130 2008 plurimis
2153 1967 2205 1998 vel
2227 1967 2337 1998 multis
2367 1967 2526 1998 erroribus
2553 1966 2678 2008 antiqui

1605 2017 1709 2042 textus
1745 2012 1906 2042 calculum
1941 2011 2038 2048 dant;
2076 2011 2151 2042 inde
2186 2011 2348 2042 interdum
2381 2011 2528 2042 absoluta
2562 2010 2678 2043 erroris

1605 2056 1831 2092 communitas,
1857 2065 1921 2096 qua
1943 2061 2050 2087 totum
2074 2065 2191 2097 corpus
2214 2055 2392 2087 traditionis
2415 2056 2504 2086 testis
2526 2054 2563 2086 fit
2580 2055 2677 2096 primi

1604 2100 2004 2141 exemplaris-apographi.
2020 2101 2090 2131 Nec
2105 2107 2237 2141 possent
2252 2100 2380 2132 codices
2396 2101 2535 2131 invicem
2551 2098 2678 2131 differre

1604 2154 1644 2175 eo
1668 2144 1821 2185 peculiari
1844 2144 1944 2176 modo
1969 2155 2036 2185 quo
2061 2144 2221 2182 differunt,
2239 2145 2300 2176 nisi
2315 2145 2356 2176 ad
2379 2145 2462 2176 latus
2482 2145 2677 2185 scriptorum

1602 2189 1845 2220 succedentium
1865 2195 2061 2220 correctores
2084 2199 2197 2230 ponas,
2218 2203 2231 2216 «
2246 2189 2434 2220 melioribus
2450 2203 2463 2216 »
2482 2188 2677 2220 lectionibus

1602 2233 1776 2270 studentes,
1800 2243 1928 2274 sagaces
1952 2244 2058 2274 saepe,
2081 2234 2199 2265 sciolos
2222 2234 2411 2275 plurimum,
2435 2242 2577 2274 quorum
2599 2233 2676 2264 scri-

1602 2283 1711 2318 pturas
1734 2279 1851 2309 librarii
1874 2279 1975 2309 textui
1999 2279 2230 2319 exemplarium
2261 2288 2395 2310 suorum
2422 2283 2676 2319 supposuerunt.
2719 2318 2722 2321 ι

1602 2322 1679 2353 Inde
1703 2323 1835 2354 variatio
1860 2323 2025 2354 abundans
2042 2329 2073 2354 et
2088 2323 2300 2359 accumulata,
2324 2323 2454 2354 arbitrio
2478 2328 2562 2358 nata,
2579 2331 2676 2365 saepe

1600 2367 1710 2407 inepta
1726 2373 1757 2397 et
1773 2368 1904 2404 abiecta,
1929 2377 2056 2409 semper
2078 2377 2167 2403 vero,
2183 2368 2369 2410 praesertim
2394 2377 2459 2407 qua
2482 2366 2676 2408 optimaest

1602 2416 1634 2442 et
1649 2418 1814 2442 auctorem
1831 2412 1984 2443 Summae
2007 2412 2109 2448 decet,
2127 2411 2304 2443 errabunda
2320 2417 2351 2443 et
2366 2411 2571 2443 insociabilis.
2596 2409 2674 2443 Inde

1601 2461 1648 2486 est
1667 2456 1756 2496 quod
1780 2466 2021 2497 quamcumque
2045 2455 2196 2487 codicum
2212 2456 2488 2487 combinationem
2511 2461 2598 2486 extra
2612 2460 2675 2488 ter-

1600 2501 1707 2531 minos
1731 2502 1852 2541 primae
1877 2501 1983 2532 classis
2010 2501 2189 2536 tentaveris,
2214 2500 2392 2532 durabilem
2414 2500 2594 2531 lectionum
2617 2509 2674 2531 co-

1600 2545 1796 2575 haerentiam
1819 2555 1887 2576 non
1911 2546 2047 2576 obtines.
2079 2544 2156 2576 Inde
2179 2551 2247 2575 tota
2270 2545 2397 2576 traditio
2421 2544 2525 2585 sigillo
2549 2545 2674 2586 antiqui

1599 2594 1704 2620 textus
1721 2590 1887 2631 obsignata
1902 2595 1934 2620 et
1945 2590 2014 2620 eius
2029 2599 2182 2630 supremo
2202 2589 2376 2630 exemplari
2392 2588 2600 2620 subordinata
2615 2594 2672 2621 est.

1655 2633 1730 2664 Non
1755 2640 1802 2664 est
1825 2644 1955 2674 prorsus
1978 2643 2113 2670 novum,
2130 2643 2237 2674 neque
2258 2634 2401 2664 Tertiam
2424 2634 2551 2664 Partem
2575 2632 2672 2664 eden-

1600 2678 1684 2708 tibus
1708 2679 1849 2718 primum
1881 2679 1975 2708 nobis
1998 2678 2122 2715 accidit,
2146 2684 2198 2714 ut,
2223 2678 2301 2709 dum
2325 2687 2382 2718 per
2405 2678 2489 2708 viam
2518 2677 2672 2709 remotio-

1599 2722 1648 2752 nis
1673 2722 1888 2753 differentium
1911 2722 2089 2753 lectionum
2112 2722 2152 2753 ad
2176 2723 2334 2763 originem
2364 2721 2541 2753 traditionis
2565 2722 2672 2763 operis

1600 2765 1632 2796 S.
1644 2766 1791 2797 Thomae
1807 2766 2073 2807 regrediebamur,
2087 2766 2173 2807 apud
2188 2767 2305 2798 librum
2321 2776 2378 2807 per
2393 2766 2671 2807 transcriptionem

1599 2816 1711 2841 natum
1734 2811 1850 2851 gradus
1873 2811 1967 2841 nobis
1991 2811 2148 2842 sistendus
2172 2817 2264 2842 esset.
2291 2811 2561 2852 Propagationem
2584 2811 2671 2842 enim

1599 2854 1766 2886 Secundae
1790 2855 1956 2886 Secundae
1981 2856 2019 2886 ab
2041 2865 2107 2886 una
2130 2856 2198 2886 sola
2214 2865 2252 2886 ex
2268 2855 2469 2896 autographo
2493 2854 2672 2896 exemplata

1599 2898 1813 2939 descriptione
1836 2900 2027 2940 incoepisse,
2044 2901 2078 2930 in
2100 2899 2353 2931 Praefationibus
2368 2900 2582 2931 Voluminum
2597 2897 2670 2931 VIII

1599 2949 1630 2974 et
1641 2943 1671 2973 X
1682 2943 1810 2974 abunde
1825 2954 1886 2974 nos
1901 2944 2053 2984 probasse
2068 2950 2230 2985 putamus.
2243 2944 2332 2983 Quid
2347 2945 2382 2975 in
2395 2944 2502 2975 Prima
2517 2949 2549 2975 et
2563 2943 2670 2975 Prima
2713 2953 2715 2955 ·

1599 2987 1765 3018 Secundae
1784 2988 1929 3019 Partibus
1951 2988 2110 3019 tradendis
2134 2989 2255 3020 factum
2274 2989 2323 3025 sit,
2339 2994 2449 3020 utrum
2472 2987 2601 3019 codices
2615 2997 2670 3019 su-

1598 3033 1743 3072 perstites
1759 3033 1798 3062 ab
1815 3032 1938 3073 origine
1962 3043 2075 3063 omnes
2099 3033 2212 3064 eadem
2235 3038 2367 3074 peccata
2381 3042 2422 3064 an
2438 3032 2492 3063 alii
2512 3031 2573 3063 alia
2589 3041 2668 3063 con-

1598 3077 1757 3113 traxerint,
1773 3086 1842 3107 non
1858 3082 1924 3107 erat
1939 3077 2048 3108 datum
2073 3078 2271 3118 investigare.
2295 3077 2380 3117 Fieri
2402 3081 2510 3116 potest
2524 3081 2561 3106 ut
2577 3081 2608 3107 et
2622 3076 2668 3107 ibi

1599 3126 1630 3151 et
1653 3121 1727 3151 alibi
1750 3131 1867 3162 aquam
1892 3131 1930 3152 ex
1953 3122 2024 3162 ipso
2055 3120 2145 3153 fonte
2168 3131 2226 3163 per
2253 3130 2357 3152 unum
2378 3125 2505 3151 tantum
2526 3119 2667 3152 rivulum

1598 3165 1775 3196 scaturiisse
1799 3165 1932 3206 diligens
1948 3167 2250 3206 phaenomenorum
2273 3173 2408 3196 examen
2429 3163 2622 3196 manifestet.

533 3282 539 3296 ¹
561 3283 647 3308 Unum
667 3283 814 3315 exemplum
835 3283 912 3315 eligo,
928 3291 957 3308 ex
977 3284 1105 3309 sexcentis
1125 3285 1197 3316 locis,
1217 3293 1261 3318 qu.
1275 3294 1353 3311 vant
1373 3292 1419 3312 art.
1435 3294 1458 3317 1,
1472 3287 1503 3311 ad
1519 3293 1542 3311 1.

480 3318 593 3343 Primum
622 3324 803 3350 argumentum
832 3319 966 3343 audiebat:
996 3329 1008 3342 κ
1025 3320 1178 3344 Passienum
1207 3322 1329 3354 principia
1356 3330 1409 3347 non
1438 3327 1499 3347 sunt
1517 3322 1542 3346 in

479 3354 562 3379 nobis.
581 3354 674 3378 Nullus
693 3359 779 3379 autem
799 3359 913 3378 meretur
930 3355 971 3378 vel
992 3355 1110 3379 laudatur
1124 3355 1171 3380 nisi
1191 3363 1237 3387 per
1254 3357 1278 3380 id
1298 3358 1369 3382 cuius
1388 3358 1541 3390 principium

479 3394 519 3413 est
537 3389 561 3413 in
581 3389 647 3421 ipso.
665 3389 734 3421 Ergo
754 3389 841 3421 passio
861 3389 954 3414 Christi
974 3390 1036 3414 nihil
1050 3395 1090 3414 est
1102 3395 1209 3422 operata
1228 3399 1274 3423 per
1293 3394 1401 3418 modum
1421 3393 1542 3418 meriti».

533 3424 632 3448 Solutio
646 3424 748 3457 antiqua
769 3429 838 3449 erat:
860 3434 872 3446 «
888 3425 927 3449 Ad
948 3424 1060 3457 primum
1081 3425 1219 3450 dicendum
1239 3427 1308 3458 quod
1328 3428 1413 3459 passio
1431 3428 1542 3461 inquan-

478 3463 534 3483 tum
549 3458 697 3484 huiusrnodi
717 3459 794 3484 habet
812 3460 967 3492 principium
982 3461 1013 3484 ab
1027 3461 1153 3490 exteriori.
1173 3461 1223 3485 Sed
1238 3462 1381 3486 secundum
1401 3463 1470 3495 quod
1484 3471 1540 3488 eam

478 3494 572 3525 aliquis
590 3495 733 3519 voluntarie
751 3495 861 3519 sustinet
880 3495 956 3520 habet
975 3495 1127 3528 principium
1148 3496 1180 3520 ab
1199 3495 1350 3521 interiori».

533 3529 617 3554 Iunior
637 3530 772 3555 solutionis
791 3530 902 3555 redactio
921 3535 979 3555 estz
999 3540 1011 3553 κ
1027 3532 1067 3556 Ad
1082 3531 1195 3563 primum
1214 3531 1350 3557 dicendum
1369 3532 1439 3564 quod
1454 3533 1541 3565 passio

481 3565 635 3596 inquantum
655 3565 801 3590 huiusmodi
822 3574 872 3590 non
892 3571 931 3590 est
951 3566 1089 3598 meritoria,
1101 3567 1162 3600 quia
1175 3571 1214 3591 est
1227 3566 1258 3591 ab
1273 3567 1388 3592 exteriori
1408 3567 1542 3600 principio.

1596 3287 1647 3312 Sed
1661 3288 1812 3320 inquantum
1827 3293 1867 3313 est
1879 3293 2010 3321 acceptata
2028 3295 2076 3321 per
2085 3287 2248 3312 voluntatem
2261 3286 2298 3311 sic
2311 3291 2352 3311 est
2364 3285 2395 3311 ab
2409 3285 2523 3311 interiori
2541 3285 2667 3318 principio

1596 3327 1622 3347 et
1643 3322 1692 3348 hoc
1718 3324 1797 3348 modo
1822 3329 1862 3348 est
1888 3324 2018 3348 meritoria
2033 3331 2056 3348 ».
2084 3322 2111 3347 Si
2129 3322 2170 3347 cui
2188 3321 2290 3347 videtur
2316 3321 2365 3351 bic,
2393 3322 2495 3346 seclusa
2523 3321 2666 3346 traditionis

1595 3359 1766 3389 attestatione,
1780 3359 1845 3385 inter
1857 3359 1988 3385 Thomam
2000 3363 2027 3384 et
2038 3362 2211 3383 correctorem
2231 3365 2284 3383 non
2303 3364 2384 3390 posse
2401 3356 2532 3390 distingui,
2545 3357 2581 3382 illi
2595 3357 2666 3390 quod

1596 3393 1679 3418 dicam
1699 3402 1751 3419 non
1771 3395 1864 3420 habeo.
2023 3419 2030 3429 ,

1649 3427 1658 3443 ’
1678 3429 1823 3462 Sequentes
1842 3429 1986 3455 additiones
2002 3428 2079 3454 textui
2094 3429 2209 3461 antiquo,
2223 3433 2249 3453 et
2262 3427 2373 3458 omissio,
2385 3435 2464 3461 quam
2477 3427 2570 3462 ultimo
2585 3435 2665 3462 pono,

1595 3471 1682 3489 nonne
1695 3465 1827 3490 evidenter
1846 3464 2026 3498 praecipitatae
2044 3467 2206 3489 correcturae
2225 3461 2303 3488 sunt?
2323 3473 2336 3486 ι
2351 3463 2451 3488 Venisti
2465 3461 2535 3497 (ante
2548 3463 2664 3497 tempus)

1595 3499 1703 3531 perdere
1717 3507 1765 3523 nos
1773 3509 1784 3523 ι
1795 3509 1801 3531 ς
1822 3509 1835 3524 α
1848 3506 1874 3526 et
1885 3507 1900 3526 a
1912 3499 1970 3525 foro
1980 3497 2140 3533 (venientes)
2153 3498 2202 3523 nisi
2217 3498 2380 3531 baptizentur
2392 3506 2444 3523 non
2457 3499 2626 3524 commedunt
2639 3506 2665 3529 »ς

1597 3544 1609 3556 ‹
1625 3540 1651 3559 et
1669 3535 1802 3560 restitutus
1821 3541 1863 3561 est
1880 3534 1914 3568 (ei
1932 3534 2017 3569 visus)
2032 3541 2056 3564 ις
2075 3544 2088 3557 e
2102 3534 2236 3560 suscitavit
2247 3534 2376 3559 Dominus
2395 3533 2514 3567 spiritum
2532 3534 2664 3567 (sanctum

1595 3568 1660 3603 om.)
1680 3570 1751 3602 pueri
1773 3571 1878 3596 iunioris
1893 3581 1918 3596 »-
