2872 3970
510 290 584 327 386

270 387 358 415 *isEp
348 391 375 408 ι
398 385 480 409 Lx1x
507 378 543 407 et
561 370 600 407 in
619 369 789 419 Epistola
812 369 857 406 de
883 369 970 405 Viro
999 367 1107 403 unius
1125 366 1254 402 uxoris
1272 364 1312 410 *3
1342 370 1378 400 et
1401 362 1565 399 Ambro—

268 415 305 478 ῤ

270 466 372 494 ·e-·=p

367 643 379 659 ε

271 695 281 704 ·
294 693 361 715 Vcrs.
375 693 396 715 8.

270 721 292 731 ‘⁶
305 720 374 745 Ord„

269 1005 279 1015 ⁵
293 1003 339 1025 Ver
373 1010 389 1030 4

284 1373 305 1394 T
345 1377 362 1394 t.
372 1372 401 1399 V,
446 1378 476 1393 m.

306 413 445 487 'sxssssffil
447 411 481 460 ‘'sd.
507 419 603 470 sius,
630 422 670 459 in
701 421 797 459 libro
826 421 871 458 de
904 420 1039 469 Spiritu
1074 420 1208 455 Sancto

1233 417 1263 453 ²⁸.
1301 416 1377 453 Sed
1406 413 1565 463 quidam

506 475 659 512 fuerunt
685 473 862 523 baptizati
891 471 1081 521 baptismo
1109 469 1260 507 Ioannis
1288 467 1355 517 qui
1373 467 1566 503 habebant

506 529 661 577 plenam
689 525 862 564 notitiam
889 523 1093 562 Trinitatis.
1128 523 1228 570 Ergo
1258 532 1338 558 non
1366 526 1473 556 erant
1500 519 1565 555 ba-

506 579 673 630 ptizandi
699 579 839 616 iterum
866 577 1057 626 baptismo
1087 573 1237 612 Christi

563 633 596 669 5.
626 633 856 676 PRAETEREA,
876 631 987 667 Rom.
1007 641 1052 670 x
1082 631 1228 676 super‘
1255 625 1369 669 illud,
1398 625 1488 661 Hoc
1515 629 1566 660 est

506 687 660 723 verbum
677 684 775 732 fidei
801 683 899 732 quod
918 681 1229 740 praedicamus,
1199 678 1219 700 ²¹⁸
1254 678 1343 715 dicit
1371 678 1507 714 Glossa
1524 675 1566 697 ³¹²*

507 736 730 785 Augustini.
764 735 870 773 Unde
897 740 947 770 est
975 735 1041 770 ista
1068 734 1183 770 virtus
1215 743 1334 780 aquae
1362 735 1400 766 ut
1430 740 1566 789 corpus

506 795 636 840 tangat
663 795 696 826 et
721 800 788 825 cor
810 787 945 831 abluat,
966 787 1037 822 nisi
1052 786 1220 833 faciente
1236 785 1362 829 verbo,
1383 794 1458 819 non
1478 782 1565 831 quia

506 842 647 887 dicitur,
666 841 732 878 sed
749 842 834 889 quia
853 815 1040 875 cred'itur?
1067 838 1126 874 Ex
1145 848 1224 885 quo
1243 842 1346 885 patet
1364 834 1472 884 quod
1491 833 1564 870 vir-

506 902 566 931 tus
594 893 771 942 baptismi
791 891 981 940 dependet
1009 902 1055 927 ex
1082 889 1171 926 fide.
1202 888 1279 926 Sed
1297 888 1422 925 forma
1445 885 1564 936 bapti—

506 946 579 984 smi
611 945 761 983 Ioannis
789 942 1012 992 significavit
1031 942 1150 978 fidem
1178 941 1217 977 in
1245 953 1323 990 qua
1345 952 1417 977 nos
1444 939 1563 988 bapti-

506 1011 657 1036 zamur:
696 997 785 1034 dicit
811 996 914 1033 enim
942 996 1100 1041 Paulus,
1130 994 1211 1030 Act.
1240 1005 1300 1030 xxx
1326 993 1364 1030 *ε
1402 994 1565 1030 Ioannes

505 1052 710 1101 baptizabat
737 1051 916 1099 baptismo
938 1048 1187 1098 poenitentiae
1213 1046 1412 1096 populum,
1442 1045 1565 1082 dicens

505 1105 542 1141 in
571 1116 655 1140 eum
683 1104 747 1152 qui
771 1107 945 1140 venturus
972 1106 1023 1137 est
1044 1105 1128 1150 post
1152 1100 1271 1147 ipsum
1297 1104 1335 1135 ut
1361 1098 1563 1144 crederent,

504 1158 574 1194 hoc
600 1162 662 1202 est,
683 1157 720 1192 in
746 1157 881 1192 Iesum.
911 1154 1013 1201 Ergo
1041 1151 1194 1189 videtur
1211 1152 1319 1200 quod
1344 1162 1432 1188 non
1450 1162 1564 1200 opor-

504 1209 606 1246 tebat
632 1185 840 1258 b'aptizatos
867 1205 1058 1255 baptismo
1087 1203 1239 1242 Ioannis
1276 1203 1416 1241 iterum
1444 1202 1565 1253 bapti-

505 1261 581 1299 zari
609 1261 798 1310 baptismo
828 1258 978 1296 Christi.

559 1315 632 1352 SED
661 1326 805 1351 CONTRA
833 1324 898 1350 EST
926 1311 1033 1361 quod
1061 1309 1298 1359 Augustinus
1325 1308 1426 1356 dicit,
1454 1321 1566 1358 super

430 1378 443 1393 ¹¹
505 1370 612 1405 Ioan.
633 1367 670 1404 *ε
715 1368 789 1409 Qui
814 1365 985 1415 baptizati
1018 1369 1101 1400 sunt
1136 1363 1352 1413 baptismate
1387 1363 1564 1408 Ioannis,

505 1421 692 1471 oportebat
720 1425 757 1456 ut
784 1419 1056 1468 baptizarentur
1082 1418 1298 1465 baptismate
1324 1416 1490 1453 Domini.

557 1474 781 1510 RESPONDEO
816 1482 997 1507 DICENDUM
1025 1468 1134 1518 quod
1170 1468 1389 1506 secundum
1417 1466 1567 1517 opinio-

480 1529 482 1531 '
504 1538 595 1562 nem
621 1524 806 1572 Magistri,
831 1522 868 1559 in
898 1523 947 1559 IV
967 1524 1083 1567 Sent,
1113 1521 1167 1558 illi
1193 1523 1256 1571 qui
1281 1522 1452 1571 baptizati
1483 1525 1567 1557 sunt

504 1592 527 1616 a
554 1580 699 1615 Ioanne
733 1578 928 1614 nescientes
965 1576 1140 1625 Spiritum
1178 1576 1354 1612 Sanctum
1383 1585 1470 1620 esse,
1490 1572 1566 1610 acz

503 1643 604 1681 spem
624 1636 803 1680 ponentes
830 1631 867 1666 in
897 1629 992 1665 illius
1020 1629 1221 1677 baptismo,
1238 1633 1370 1688 postea
1398 1627 1570 1676 baptizati

503 1690 586 1721 sunt
612 1685 791 1733 baptismo
815 1683 968 1719 Christi:
995 1681 1050 1718 illi
1066 1693 1155 1718 vero
1181 1682 1245 1730 qui
1267 1692 1369 1730 spem
1399 1692 1472 1716 non
1496 1691 1566 1729 po-

503 1742 654 1774 suerunt
681 1738 718 1773 in
747 1737 927 1785 baptismo
945 1735 1112 1780 Ioannis,
1133 1739 1166 1770 et
1190 1735 1342 1770 Patrem
1369 1738 1403 1769 et
1429 1732 1566 1769 Filium

504 1796 537 1826 et
563 1791 737 1840 Spiritum
757 1791 932 1826 Sanctum
961 1787 1169 1833 credebant,
1191 1799 1265 1823 non
1283 1787 1445 1834 fuerunt
1466 1790 1566 1835 post-

504 1855 549 1880 ea
583 1843 769 1892 baptizati,
797 1841 879 1886 sed,
909 1841 1139 1890 impositione
1173 1851 1353 1876 manuum
1390 1839 1438 1875 ab
1465 1838 1566 1887 Apo-

503 1895 602 1933 stolis
628 1907 739 1945 super
769 1906 831 1931 eos
847 1895 976 1942 facta,
1005 1893 1182 1942 Spiritum
1209 1894 1386 1929 Sanctum
1421 1902 1566 1940 recepe-

505 1954 600 1985 runt.

557 2002 605 2038 Et
633 2002 709 2037 hoc
730 1999 902 2049 quidem
935 2010 1075 2035 verum
1103 2005 1158 2034 est
1185 2004 1375 2046 quantum
1408 1996 1458 2033 ad
1494 1995 1568 2045 pri-

505 2066 612 2091 mam
634 2061 801 2103 partem:
832 2051 939 2101 quod
966 2050 1096 2088 multis
1115 2049 1401 2087 auctoritatibus
1429 2047 1567 2086 confir

506 2114 642 2144 matur.
675 2106 751 2143 Sed
779 2112 965 2154 quantum
995 2104 1044 2141 ad
1073 2103 1283 2140 secundam
1316 2109 1483 2151 partem,
1513 2108 1568 2137 est

505 2159 656 2218 penitus
675 2157 927 2195 irrationabile
947 2157 1054 2207 quod
1073 2156 1221 2192 dicitur.
1245 2155 1376 2192 Primo
1396 2153 1566 2203 quidem,

505 2212 596 2262 quia
623 2211 837 2261 baptismus
865 2210 1016 2247 Ioannis
1052 2221 1178 2258 neque
1211 2207 1371 2257 gratiam
1399 2207 1568 2245 confere-

506 2266 579 2310 bat,
600 2277 726 2314 neque
755 2265 1013 2300 characterem
1042 2261 1297 2311 imprimebat,
1319 2260 1384 2297 sed
1409 2267 1488 2297 erat
1507 2272 1567 2296 so-

506 2320 587 2355 lum
616 2319 652 2355 in
681 2330 792 2367 aqua,
811 2324 852 2353 ut
877 2316 958 2365 ipse
986 2315 1086 2361 dicit,
1106 2315 1242 2352 Matth.
1262 2326 1295 2351 111
1313 2313 1344 2350 ²¹⁶.
1373 2313 1486 2351 Unde
1505 2312 1568 2350 ba-

506 2371 631 2421 ptizati
651 2376 668 2398 ⁷²
694 2370 791 2407 fides
824 2371 887 2406 vel
921 2381 1007 2418 spes
1043 2380 1160 2417 quam
1198 2366 1364 2404 habebat
1390 2366 1429 2403 in
1458 2365 1567 2403 Chri-

506 2432 620 2468 stum,
640 2435 720 2460 non
747 2429 896 2472 poterat
923 2423 1029 2458 hunc
1057 2421 1248 2458 defectum
1277 2420 1466 2469 supplere.

560 2476 739 2514 Secundo
759 2475 860 2525 quia,
882 2474 1068 2524 quando
1059 2486 1098 2511 m
1118 2480 1357 2510 sacramento
1384 2471 1570 2509 omittitur

507 2530 613 2580 quod
641 2536 695 2566 est
723 2529 770 2565 de
805 2527 1024 2565 necessitate
1045 2525 1304 2570 sacramenti,
1331 2537 1412 2562 non
1441 2526 1568 2562 solum

507 2590 656 2632 oportet
683 2581 851 2641 suppleri
871 2580 978 2640 quod
995 2580 1117 2616 fuerat
1138 2578 1338 2626 omissum,
1359 2578 1426 2615 sed
1455 2589 1568 2637 opor-

507 2643 557 2672 tet
584 2634 745 2672 totaliter
772 2633 959 2671 innovari.
1003 2634 1070 2670 Est
1104 2640 1235 2669 autem
1263 2632 1310 2669 de
1347 2630 1568 2668 necessitate

507 2687 685 2737 baptismi
701 2686 836 2724 Christi
857 2686 964 2735 quod
982 2686 1049 2722 fiat
1068 2698 1148 2722 non
1168 2683 1323 2722 solum
1314 2696 1354 2721 m
1373 2696 1486 2733 aqua,
1502 2684 1569 2720 sed

509 2741 621 2778 etiam
637 2740 675 2778 in
692 2739 834 2789 Spiritu
850 2740 1007 2776 Sancto:
1029 2738 1245 2775 secundum
1259 2737 1352 2774 illud
1366 2738 1470 2774 Ioan.
1487 2749 1518 2773 111
1533 2736 1567 2773 ²¹²:

509 2795 594 2831 Nisi
612 2796 689 2843 quis
709 2799 856 2830 renatus
873 2793 994 2840 suerit
1013 2804 1062 2829 ex
1088 2804 1186 2841 aqua
1209 2796 1243 2827 et
1262 2791 1398 2840 Spiritu
1422 2791 1569 2836 Sancto,

561 2907 584 2941 ε)
603 2915 691 2940 super.
708 2922 728 2926 -
745 2908 783 2931 Ea
803 2912 828 2931 et
846 2908 916 2931 tertia
924 2906 1048 2939 ;1'm·Iegt
1070 2913 1082 2930 s
1085 2913 1150 2938 urpe
1167 2905 1266 2934 ABCD,
1284 2905 1384 2938 legitur
1402 2904 1474 2937 quod
1491 2911 1503 2929 s
1506 2911 1572 2936 urpe
1618 2904 1663 2936 pti
1663 2911 1712 2937 zan
1698 2908 1727 2930 nt
1745 2905 1775 2934 D,
1795 2905 1827 2929 ba
1826 2904 1947 2937 ptIzabat
1966 2904 2080 2929 Ioannes
2099 2903 2262 2936 baptizatum
2286 2903 2316 2932 E.
2335 2902 2395 2928 ideo
2408 2905 2473 2936 post
2491 2877 2634 2935 Μ

510 2943 538 2968 F.
555 2958 574 2962 -
592 2944 641 2968 Pro
661 2943 711 2967 iast
730 2943 771 2967 vir
758 2946 800 2967 rut
786 2950 822 2972 us,
844 2942 889 2967 illa
908 2942 950 2966 vir
937 2945 993 2966 rtus
1012 2942 1049 2972 bc,
1070 2941 1122 2966 ista
1141 2944 1168 2965 ta
1171 2944 1217 2966 ita
1236 2948 1261 2965 νι
1254 2941 1322 2965 irtus
1341 2940 1427 2965 Pl..

561 2978 586 3012 ζ)
606 2985 645 3004 ac.
663 2978 738 3003 —e'r
740 2978 786 3002 riat
773 2985 800 3007 a;
821 2985 875 3003 nec.

562 3014 622 3046 ’ub
624 3014 712 3046 aptiaz
697 3014 743 3038 ai.t
761 3028 779 3032 -
798 3013 902 3045 baptiza
886 3013 939 3037 aits
958 3011 1068 3036 eiduone
1055 3019 1098 3042 ‹:;s
1149 3011 1303 3040 ‹Mhabebat
1323 3011 1453 3036 habebant
1472 3010 1516 3035 1³0.

563 3047 587 3083 0)
607 3049 615 3074 i
617 3049 664 3074 deo
675 3052 738 3081 post
754 3049 808 3073 Ιοαι
821 3055 877 3072 nem
898 3047 1003 3080 baptiza
987 3050 1032 3072 aut
1018 3055 1060 3072 um
1080 3020 1158 3072 estpr—
1177 3047 1231 3077 PF3
1251 3046 1414 3079 baptizatum
1429 3045 1568 3077 Assc,12a-

1181 3117 1514 3150 Commentarin.
1537 3115 1787 3149 Cardinalis
1808 3116 2009 3149 Caietam

514 3207 676 3269 Tirenus
700 3197 810 3227 clarus.
825 3197 897 3226 -In
915 3206 1049 3236 corpore
1076 3196 1141 3226 duo
1168 3195 1265 3227 fiunt:
1290 3197 1405 3236 primo,
1421 3196 1568 3226 recitatur

572 3242 683 3280 opinio
717 3241 856 3279 Magistri
888 3240 1138 3276 Sententiarum;
1173 3240 1331 3276 secundo,
1359 3239 1569 3280 respondetur

513 3285 666 3324 quaesito.
680 3284 800 3324 Opinio
814 3284 952 3323 Magistri
968 3284 1130 3323 distinguit
1146 3284 1313 3324 dupliciter
1325 3283 1568 3324 dispositionem

513 3328 743 3367 baptizatorum
771 3337 790 3357 a
812 3327 944 3362 Ioanne,
970 3333 1004 3357 ut
1031 3333 1115 3367 patet
1143 3328 1175 3357 in
1203 3328 1319 3358 littera:
1351 3334 1382 3358 et
1410 3327 1567 3368 quosdam

514 3371 751 3411 rebaptizandos
774 3371 932 3410 baptismo
957 3370 1082 3406 Christi,
1103 3377 1133 3401 et
1157 3371 1312 3411 quosdam
1336 3381 1413 3408 non,
1438 3371 1522 3402 dicit.

568 3414 685 3452 Quoad
708 3414 895 3449 secundum,
912 3414 1034 3444 Auctor
1057 3414 1240 3453 simpliciter
1263 3414 1338 3445 dicit
1354 3415 1443 3455 quod
1460 3425 1568 3446 omnes

514 3458 663 3497 baptizati
685 3468 704 3488 a
729 3458 852 3488 Ioanne
874 3457 1055 3497 baptizandi
1077 3464 1170 3488 erant
1192 3458 1345 3498 baptismo
1371 3459 1499 3490 Christi.
1528 3460 1567 3489 Et

515 3507 679 3541 propterea
702 3511 760 3541 pro
785 3511 847 3531 una
871 3507 956 3540 parte
981 3501 1137 3531 consentit
1162 3501 1321 3541 Magistro,
1338 3511 1396 3542 pro
1415 3502 1474 3533 alia
1490 3512 1566 3533 con-

515 3544 645 3575 tradicit.
670 3545 709 3575 Et
725 3546 836 3584 probat
860 3544 1068 3575 universalem
1092 3543 1268 3584 dupliciter.
1292 3545 1409 3582 Primo,
1426 3556 1463 3576 ex
1480 3551 1566 3586 parte

517 3588 646 3618 effectus
669 3588 878 3627 insupplibilis
895 3597 950 3628 per
966 3587 1072 3622 fidem,
1097 3597 1186 3627 spem
1207 3593 1238 3618 et
1254 3589 1424 3625 caritatem,
1449 3589 1567 3620 scilicet

1105 284 1367 333 QUAESTIO
1396 283 1604 329 XXXVIII,
1633 281 1926 319 ARTICULUS
1952 281 2003 318 VI

1622 373 1697 398 non
1715 366 1836 411 potest
1853 363 2007 398 introire
2024 362 2062 398 in
2082 372 2243 410 regnum
2265 361 2346 398 Dei.
2373 361 2494 399 Unde.
2512 356 2583 399 inis
2617 361 2684 413 qui

1620 421 1769 450 tanturn
1789 413 1828 450 in
1848 425 1949 462 aqua
1967 412 2144 463 baptizati
2164 420 2271 450 erant
2297 412 2494 462 baptismo
2512 413 2683 462 Ioannis}

1620 477 1701 502 non
1734 466 1862 502 solum
1895 473 1975 502 erat
2002 465 2263 515 supplendum
2295 465 2403 515 quod
2448 464 2613 514 deerat,
2641 474 2685 505 ut
2748 462 2768 490 s

1621 517 1760 555 scilicet
1786 518 1941 555 daretur
1967 517 2022 555 eis
2050 517 2214 567 Spiritus
2241 518 2404 555 Sanetus
2429 528 2500 568 per
2524 515 2684 569 impos&
2769 518 2774 528 '

1619 569 1766 607 tionem
1793 582 2006 607 manuum:
2040 569 2108 608 sed
2135 577 2241 608 erant
2265 570 2398 608 iterato
2430 570 2592 634 totaliter
2617 570 2684 611 ba—

1619 622 1786 672 ptizandi
1814 625 1851 659 in
1881 635 1980 672 aqua
2007 629 2041 660 et
2068 624 2205 672 Spiritu
2234 623 2381 660 Sancto.
2663 627 2681 652 Ξ

1673 676 1730 712 An
1749 687 1885 713 ptumum
1911 687 2010 712 ERGO
2033 687 2216 713 mensuum
2241 676 2360 724 quod,
2379 675 2479 713 sicut
2504 675 2683 726 Augusti-

1619 739 1693 765 nus
1720 727 1821 773 dicit,
1839 740 1952 778 super
1968 730 2076 765 Ioan.
2096 727 2128 774 ²¹¹,
2149 728 2230 765 ideo
2248 733 2334 778 post
2358 729 2543 766 Ioannem
2569 728 2745 780 bapti-⁴·-

1619 786 1739 829 zatum
1767 786 1818 817 est
1835 778 1860 828 θ,
1881 782 1967 830 quia
1995 793 2069 818 non
2098 781 2210 818 dabat
2235 782 2417 830 baptisma
2447 782 2599 828 Christi,
2614 779 2726 822 sed2

1617 845 1736 870 suum.
1781 834 1892 876 Quod
1916 839 2039 870 autem
2067 833 2226 871 dabatur
2251 845 2276 870 a
2309 834 2441 880 Petro,
2469 839 2503 871 et
2527 835 2562 871 si
2585 833 2715 886 φασδ
2704 815 2746 891 ‘le

1618 886 1744 923 datum
1773 891 1824 923 est
1850 897 1875 923 a
1901 886 2010 932 Iuda,
2046 886 2183 923 Christi
2207 891 2298 923 erat.
2339 887 2388 924 Et
2414 886 2508 933 ideo,
2533 887 2568 923 si
2593 892 2730 937 quo)

1618 940 1812 988 baptizavit
1837 938 1964 985 Iudas,
1985 951 2059 976 non
2086 944 2171 976 sunt
2197 940 2329 976 iterum
2362 938 2593 1000 baptizandi.
2601 931 2727 990 &1537

1613 993 1750 1041 ptisma
1778 993 1876 1028 enim
1889 990 1910 1013 '¹‘
1927 991 2000 1028 tale
2018 997 2069 1028 est
2095 991 2214 1041 qualis
2235 997 2286 1028 est
2312 991 2374 1029 ille
2397 993 2435 1028 in
2462 993 2567 1029 cuius
2574 994 2731 1042 pun»

1617 1049 1707 1081 state
1733 1044 1864 1089 datur;
1892 1055 1968 1081 non
1987 1044 2106 1094 qualis
2132 1044 2193 1081 ille
2218 1045 2322 1081 cuius
2340 1045 2543 1082 ministerio
2560 1038 2733 1091 affl

1620 1097 1668 1134 Et
1687 1096 1776 1134 inde
1796 1104 1852 1134 est
1879 1095 1994 1134 etiam
2021 1096 2128 1146 quod
2151 1095 2330 1146 baptizati
2348 1109 2371 1134 a
2389 1096 2586 1147 Philippo
2592 1082 2734 1148 115Ιὲῥέ

1619 1161 1732 1197 con0,
1753 1149 1821 1198 qui
1838 1148 2076 1199 baptismum
2096 1149 2236 1186 Christi
2263 1149 2390 1196 dabat,
2410 1160 2491 1187 non
2509 1142 2732 1193 summ

1619 1214 1709 1240 rum
1736 1202 1924 1252 baptizati,
1951 1202 2018 1239 sed
2046 1209 2277 1251 acceperunt
2302 1213 2444 1240 manus
2470 1200 2739 1256 impuniti&

1618 1267 1711 1292 nem
1738 1267 1809 1304 per
1835 1256 2059 1304 Apostolos:
2089 1255 2186 1292 sicut
2212 1254 2391 1304 baptizati
2410 1266 2482 1304 per
2506 1251 2734 1330 510ὲῆὥέ

1618 1315 1675 1345 tes
1702 1307 1981 1345 confirmantur
2006 1319 2077 1357 per
2103 1307 2317 1357 episcopos.
2545 1315 2593 1339 w·

1672 1362 1730 1398 Αι)
1757 1373 1948 1398 SECUNDUM
1973 1372 2155 1398 mesanum
2183 1361 2302 1410 quod,
2323 1359 2420 1397 sicut
2445 1344 2735 1409 Augustiana

1619 1413 1729 1460 dicit,
1765 1414 1816 1451 ad
1849 1413 2107 1451 Seleucianum
2137 1413 2177 1460 ³³,
2214 1413 2452 1463 intelligimus
2485 1411 2739 1467 diseipoefflf

1624 1467 1760 1504 Christi
1775 1467 1897 1515 fuisse
1923 1468 2132 1516 baptizatos,
2150 1467 2228 1504 sive
2245 1467 2425 1515 baptismo
2451 1467 2626 1514 Ioannis,
2630 1462 2736 1515 αἴῃ

1620 1525 1679 1557 cut
1693 1519 1863 1556 nonnulli
1880 1520 2128 1557 arbitrantur:
2149 1521 2236 1564 sive,
2253 1519 2351 1580 quod
2367 1520 2491 1569 magis
2506 1504 2736 1571 credffltb'f

1620 1578 1682 1619 est,
1702 1573 1882 1622 baptismo
1913 1573 2057 1610 Christi.
2095 1573 2230 1622 Neque
2261 1573 2360 1608 enim
2387 1572 2590 1611 ministerio
2616 1573 2682 1610 ba·-
2718 1606 2763 1622 s

1614 1625 1782 1676 ptizandi
1817 1625 1950 1673 defuit,
1980 1631 2018 1662 ut
2044 1626 2215 1662 haberet
2230 1626 2429 1674 baptizatos
2462 1636 2684 1676 εει-πωροι·
2698 1562 2755 1700 ἴξ-

1621 1690 1711 1728 quos
1743 1683 1882 1715 ceteros
1908 1679 2117 1727 baptizaret,
2138 1679 2203 1727 qui
2228 1690 2302 1715 non
2331 1678 2445 1726 defuit
2470 1636 2727 1718 humilitatis

1620 1732 1822 1768 ministerio
1849 1730 1998 1780 quando
2025 1732 2077 1768 eis
2099 1730 2212 1780 pedes
2239 1731 2337 1768 lavit.

1673 1785 1731 1821 AD
1749 1795 1908 1821 'reanum
1925 1795 2107 1821 mcssunuu
2126 1783 2245 1833 quod,
2265 1783 2362 1820 sicut
2381 1783 2413 1821 C

1620 1836 1720 1882 dicit,
1738 1849 1850 1886 super
1866 1837 2001 1874 Matth.
2019 1835 2050 1884 ²⁸⁸,
2064 1849 2138 1886 per
2155 1837 2226 1874 hoc
2245 1837 2344 1886 quod
2363 1837 2528 1880 Christus
2543 1826 2685 1882 Inan

1620 1890 1764 1935 dicentz,
1796 1904 1815 1923 «
1836 1891 1922 1939 Ego
1951 1901 1974 1926 a
2001 1895 2036 1926 te
2062 1889 2175 1926 debeo
2202 1890 2383 1939 baptizari
2401 1903 2423 1924 ι
2434 1917 2446 1936 ,
2472 1888 2741 1940 W}

1623 1957 1642 1976 «
1664 1943 1752 1980 Sine
1769 1942 1880 1979 modo
1902 1956 1937 1988 »,
1967 1942 2167 1979 ostenditur
2185 1943 2271 1991 quia
2283 1947 2415 1991 postea
2436 1941 2681 1996 Christi-{tha

1615 1996 1764 2045 ptizavit
1789 1996 1985 2032 Ioannem.
2025 1994 2073 2031 Et
2099 1995 2176 2032 hoc
2211 1993 2300 2032 dicit
2328 1996 2365 2032 in
2395 1986 2618 2045 ᾳιιίῠιαεώνὴ
2631 1994 2680 2033 'K-

1620 2050 1695 2086 bris
1713 2049 1939 2098 apocryphis
1957 2048 2149 2096 manifeste
2165 2049 2342 2097 scriptum
2360 2059 2447 2085 esse.
2466 2069 2494 2075 -
2500 2038 2751 2139 &Q

1620 2109 1750 2138 tamen
1778 2108 1844 2147 est,
1864 2107 1907 2137 ut
1934 2099 2197 2150 Hieronymus
2224 2099 2328 2145 dicit,
2356 2112 2468 2150 super
2492 2099 2593 2138 Mau

1621 2153 1739 2202 quod,
1750 2154 1841 2190 sicut
1854 2154 2017 2190 Christus
2031 2154 2339 2203 baptizatusfuit
2325 2165 2362 2190 m
2377 2165 2476 2203 aqua
2489 2154 2723 2204 albanu,

1621 2208 1671 2244 ita
1697 2208 1861 2244 Ioannes
1883 2219 1907 2243 a
1939 2207 2083 2243 Christo
2102 2212 2182 2243 erat
2209 2208 2246 2242 in
2275 2207 2411 2255 Spiritu
2429 2203 2723 2257 ὸαριίἷαιΙΜξξ

1673 2260 1731 2296 An
1764 2271 1936 2302 QUARTUM
1954 2271 2136 2296 memnon
2157 2259 2265 2308 quod
2283 2271 2365 2296 non
2392 2266 2448 2296 est
2469 2266 2550 2297 tota
2563 2259 2723 2302 mun}

1621 2324 1740 2361 quare
1759 2311 1812 2349 illi
1827 2312 1982 2349 fuerunt
1999 2311 2175 2361 baptizati
2193 2319 2281 2361 post
2298 2311 2535 2361 baptismum
2546 2317 2557 2336 ⁶
2573 2307 2742 2364 Ῑομψ

1621 2365 1699 2412 nis,
1735 2365 1826 2414 quia
1862 2364 2047 2414 Spiritum
2075 2365 2259 2402 Sanctum
2292 2376 2374 2402 non
2401 2356 2731 2414 cognover‘u‘it'*‘³·‹

1622 2418 1689 2455 sed
1717 2417 1807 2467 quia
1843 2430 1923 2455 non
1955 2425 2062 2455 erant
2092 2416 2284 2467 baptismo
2321 2417 2460 2455 Christi
2491 2416 2679 2503 Q
2702 2413 2726 2461 ἧς

1674 2473 1732 2508 An
1761 2483 1921 2514 QumTUM
1947 2482 2129 2508 DICENDUM
2163 2470 2288 2520 quod,
2318 2470 2414 2508 sicut
2444 2471 2523 2514 A,
2562 2512 2565 2513 ,

1622 2524 1722 2569 dicit,
1742 2530 1873 2562 contra
1894 2525 2078 2561 Faustum
2102 2522 2139 2570 *,
2170 2531 2406 2561 sacramenta
2437 2526 2544 2572 noni:
2530 2495 2572 2551 -ss

1623 2577 1728 2626 signa
1746 2576 1954 2626 praesentis
1980 2575 2139 2624 gratiae:
2168 2584 2406 2614 sacramenta
2422 2583 2524 2618 vero
2549 2611 2570 2618 ,,

1622 2630 1712 2679 legis
1739 2631 1893 2667 fuerunt
1920 2629 2026 2678 signa
2052 2628 2191 2678 gratiae
2209 2629 2370 2667 futurae.
2401 2629 2525 2671 Unde
2535 2635 2590 2677 83

1622 2683 1706 2732 ipso
1726 2683 1834 2733 quod
1861 2684 2022 2720 Ioannes
2036 2681 2240 2732 baptizavit
2267 2681 2306 2720 in
2333 2681 2492 2730 nomine
2515 2695 2557 2722 v
2579 2726 2583 2730 ,

1624 2737 1735 2773 datur
1762 2735 1914 2784 intelligi
1942 2735 2049 2785 quod
2069 2747 2148 2772 non
2176 2735 2290 2772 dabat
2316 2726 2565 2784 baptismum,
2600 2754 2640 2782 .·.

1624 2789 1679 2836 sti,
1700 2789 1767 2838 qui
1795 2796 1850 2826 est
1876 2795 2159 2826 sacramentum
2187 2799 2312 2825 novae
2340 2787 2442 2837 legis.

1622 2943 1678 2964 tum
1698 2938 1862 2973 (baptizatur
1881 2938 1931 2973 sH)
1953 2939 2048 2969 GHbc,
2068 2938 2127 2965 ideo
2146 2938 2276 2972 baptizati
2292 2945 2310 2963 a
2330 2938 2430 2964 Ioanne
2408 2910 2651 2974 parebaptstantur

1622 2983 1656 3007 qu
1658 2975 1695 3044 οι)
1710 2975 1997 3043 ἕιῖἶῖηἶὲρῗέςηιῖυκμ-
2013 3009 2114 3040 Terti3a
2133 3017 2150 3035 a
2168 3009 2298 3042 baptismo
2316 3009 2346 3040 C,
2365 3008 2496 3042 baptismo
2513 3008 2633 3044 caten,

1623 3195 1818 3231 characteris,
1843 3195 1899 3235 qui
1922 3204 1979 3236 per
2002 3194 2120 3226 Christi
2142 3194 2337 3235 baptismum
2357 3194 2559 3235 imprimitur.
2581 3211 2603 3218 —
2630 3199 2638 3218 ἑ

1623 3238 1740 3275 cundo,
1758 3249 1795 3270 ex
1810 3245 1898 3279 parte
1914 3239 2086 3270 essentialis
2101 3239 2196 3280 partis
2211 3238 2310 3279 ipsius
2325 3238 2473 3279 baptismi
2495 3235 2682 3309 defidQ
2707 3245 2723 3281 ’,ᾗ

1622 3283 1741 3314 scilicet
1764 3283 1908 3323 Spiritus.
1931 3301 1954 3306 —
1977 3283 2094 3314 Omnia
2117 3289 2227 3323 patent
2247 3283 2282 3314 in
2304 3282 2720 3313 littera.

1678 3327 1767 3358 11.1n
1783 3328 1992 3368 responsione
2007 3326 2047 3358 ad
2063 3326 2241 3358 secundum
2256 3332 2288 3358 et
2298 3327 2437 3363 tertium,
2449 3325 2604 3358 adverte·

1622 3371 1662 3402 de
1685 3372 1844 3412 baptismo
1869 3371 1987 3402 Christi
2008 3371 2161 3402 materiali
2184 3370 2306 3412 passive
2329 3375 2462 3411 accepto
2481 3379 2499 3401 ιι
2514 3369 2658 3407 Ioanne

1622 3416 1796 3456 Apostolis,
1820 3425 1887 3445 non
1910 3415 2045 3446 habetur
2063 3415 2169 3446 clare
2161 3425 2194 3445 m
2210 3414 2371 3455 Scriptura
2392 3423 2464 3455 pars
2486 3376 2716 3486 affirmauit}

1622 3459 1685 3490 Sed
1707 3459 1892 3490 rationabile
1923 3464 1970 3489 est
1997 3458 2086 3499 quod
2115 3459 2264 3499 baptizati
2287 3468 2304 3489 a
2328 3457 2456 3490 Christo
2486 3457 2620 3488 fuerint.
2643 3460 2714 3490 ut

1622 3503 1755 3534 loannes
1771 3503 1917 3543 impleret
1932 3502 2075 3534 debitum
2090 3511 2195 3538 suum,
2211 3501 2287 3544 Ego
2303 3511 2324 3533 a
2339 3507 2370 3532 te
2388 3501 2485 3533 debeo
2503 3498 2679 3543 baptizarit
2711 3484 2758 3545 ””,-χ

1622 3551 1653 3576 et
1675 3546 1840 3586 Apostoli,
1864 3547 2058 3586 baptizantes
2081 3545 2198 3577 Christi
2227 3546 2403 3586 baptismo,
2426 3545 2532 3586 primo
2561 3543 2683 3576 fundat

1622 3590 1779 3630 baptizati,
1803 3595 1840 3620 ut
1861 3590 2059 3630 Augustinus
2082 3589 2193 3630 arguit,
2217 3595 2248 3620 et
2270 3589 2362 3620 bene.
2386 3589 2454 3620 Nec
2477 3587 2597 3630 aliquid
2622 3595 2678 3629 np-
2731 3587 2762 3630 ἵξῃ.
2814 3624 2840 3630 ,¹

2650 3298 2713 3334 12⁴-

2684 3341 2706 3357 *W

2822 3513 2828 3515 '
2828 3348 2841 3483 *Uva-unum
2834 3303 2841 3341 ν»-
2828 2586 2843 3297 κψκ.ΜιαΜΜὲΜ-φᾳῳαῌρψ
2834 2566 2838 2573 Ξ-
2837 2533 2838 2536 Α
2840 2490 2841 2494 Α
2839 2473 2841 2482 c.
