2872 3970
938 286 1200 332 QUAESTIO
1230 287 1354 335 XXV,
1388 288 1679 326 ARTICULUS
1707 290 1720 325 Ι

2324 293 2397 340 275

223 548 227 593 ἱ
739 553 1150 629 QUAESTIO
1188 555 1899 634 VIGESIMAQUINTA

929 672 1012 711 DE
1045 672 1448 714 ADORATIONE
1482 675 1719 716 CHRISTI

106 722 123 733 «a

102 742 120 759 μ

1074 787 1107 812 IN
1137 787 1202 812 SEX
1228 788 1428 814 ARTICULOS
1455 790 1567 815 DIVISA

318 891 422 916 EINDE
457 878 782 916 considerandum
818 887 873 916 est
907 879 954 916 de
987 879 1046 916 his
1082 892 1182 929 quae
1209 892 1292 929 per·
1320 879 1323 918 Ι

236 889 437 972 Dtinent
460 932 510 968 ad
525 931 721 968 Christum
744 931 785 968 in
803 932 1090 980 comparatione
1110 933 1158 969 ad
1180 945 1251 969 nos
1262 933 1292 969 *.

235 985 284 1022 Et
305 983 444 1034 primO,
473 985 521 1021 de
540 984 762 1021 adoratione
790 984 940 1030 Christi,
961 997 1039 1033 qua
1066 984 1204 1021 scilicet
1222 997 1294 1021 nos

235 1048 327 1074 eum
354 1036 580 1082 adoramus;
608 1037 792 1083 secundo,
818 1037 864 1073 de
893 1038 969 1073 hoc
997 1038 1103 1086 quod
1132 1045 1187 1074 est
1214 1050 1294 1074 me-

234 1089 358 1127 diator
384 1097 514 1127 noster
540 1089 589 1126 ad
616 1090 746 1126 Deum
764 1089 794 1126 ²¹⁸.

237 1141 347 1181 Circa
374 1141 546 1191 primum
573 1149 812 1190 quaeruntur
839 1155 916 1179 sex.

287 1194 418 1232 Primo
432 1208 439 1232 :
460 1202 592 1231 utrum
606 1207 686 1231 una
704 1202 741 1231 et
755 1195 892 1231 eadem
906 1194 1129 1232 adoratione
1145 1195 1190 1231 sit
1204 1196 1293 1232 ado-

341 1247 460 1284 randa
486 1247 667 1284 divinitas>
684 1247 824 1284 Christi
843 1255 879 1284 et
907 1247 989 1284 eius
1008 1247 1238 1284 humanitas.

19 945 23 966 ᾗ
79 915 209 967 lsi-fili!-

353 1656 381 1670 s
415 1649 421 1656 κ
444 1636 467 1661 D
495 1635 631 1660 Palmum
659 1635 710 1660 stc
734 1634 969 1660 moenum-ua.
999 1622 1159 1659 Videtur
1187 1622 1294 1671 quod

270 1721 272 1724 .
363 1656 423 1724 {3}
445 1689 526 1713 non
545 1675 683 1712 eadem
701 1675 924 1712 adoratione
945 1675 1142 1711 adoranda
1161 1674 1205 1711 sit
1224 1675 1295 1711 hu-

254 1737 314 1780 ,ῂι
336 1747 370 1774 r,
382 1716 608 1771 'r'manitas
637 1727 777 1765 Christi
804 1735 841 1764 et
869 1727 950 1764 eius
973 1727 1159 1764 divinitas.
1190 1727 1296 1763 Divi-

297 1778 325 1817 γ’
402 1776 433 1818 N
446 1782 542 1819 nitas
570 1781 675 1818 enim
696 1780 835 1817 Christi
854 1788 908 1816 est
927 1780 1134 1826 adoranda,
1163 1791 1262 1828 quae
1279 1785 1295 1800 α

235 1842 291 1872 est
309 1834 528 1873 communis
548 1833 648 1871 Patri
663 1841 698 1870 et
713 1833 825 1870 Filio:
846 1833 950 1870 unde
965 1833 1103 1869 dicitur
1116 1831 1294 1869 Ioan.v*:

239 1888 374 1925 Omnes
401 1889 644 1935 honorificent
671 1886 808 1923 Filium
835 1887 926 1922 sicut
953 1886 1201 1933 honorificant
1227 1886 1296 1921 Pa-

233 1946 339 1977 trem.
370 1940 447 1978 Sed
475 1938 694 1977 humanitas
723 1938 863 1975 Christi
890 1950 971 1975 non
995 1945 1050 1974 est
1077 1937 1297 1974 communis

234 1993 270 2030 ei
289 2000 325 2030 et
343 1992 456 2030 Patri.
481 1993 582 2040 Ergo
602 2003 683 2028 non
702 1992 839 2028 eadem
858 1990 1081 2028 adoratione
1101 1990 1297 2027 adoranda

25 2083 35 2096 L
90 2084 97 2094 s
235 2053 291 2083 est
317 2045 536 2082 humanitas
566 2043 705 2081 Christi
733 2052 770 2080 et
797 2043 879 2080 eius
907 2043 1095 2080 divinitas.

25 2107 38 2144 4
72 2108 91 2135 ἶ
289 2109 324 2135 2.
345 2099 576 2143 PRAETEREA,
605 2098 733 2134 honor
752 2104 807 2133 est
825 2095 979 2145 proprie
993 2097 1207 2145 praemium
1226 2097 1297 2132 vir-

126 2157 210 2201 ¹3¹2
233 2152 336 2188 tutis:
362 2159 405 2188 ut
423 2150 684 2199 Philosophus
703 2148 802 2194 dicit,
823 2148 862 2185 in
881 2149 932 2185 IV
949 2150 1066 2185 Ethic.
1083 2148 1103 2170 ’¹‘
1127 2149 1299 2184 Meretur

235 2211 365 2240 autem
393 2203 513 2239 virtus
540 2201 759 2251 praemium
787 2213 904 2237 suum
931 2213 1000 2249 per
1023 2208 1163 2237 actum.
1195 2200 1298 2236 Cum

88 2296 91 2298 ,
235 2255 347 2305 igitur
373 2255 413 2292 in
442 2255 594 2292 Christo
623 2253 669 2290 sit
696 2253 768 2291 alia
796 2253 967 2302 operatio
996 2252 1146 2290 divinae
1171 2261 1207 2289 et
1226 2253 1297 2288 hu-

43 2346 50 2353 ,
138 2317 206 2337 ’Μ-
235 2320 372 2356 manae
401 2317 571 2354 naturae,
600 2315 643 2344 ut
670 2318 786 2356 supra
804 2306 824 2327 '¹‘
852 2305 1028 2342 habitum
1051 2313 1118 2352 est,
1147 2305 1299 2342 videtur

22 2355 112 2405 ‘²‘
235 2362 342 2411 quod
362 2361 436 2399 alio
456 2362 605 2398 honore
626 2359 671 2396 sit
690 2359 887 2396 adoranda
906 2358 1126 2395 humanitas
1147 2357 1297 2404 Christi,

61 2415 85 2426 '
235 2422 272 2452 et
299 2414 373 2452 alio
401 2414 483 2451 eius
511 2412 699 2450 divinitas.

291 2467 325 2504 3.
345 2468 576 2511 PRAETEREA,
597 2465 727 2502 anima
747 2463 898 2511 Christi,
919 2463 949 2500 si
963 2475 1044 2500 non
1058 2471 1156 2500 esset
1169 2462 1298 2500 Verbo

235 2519 360 2562 unita,
393 2526 491 2556 esset
517 2518 739 2558 veneranda
767 2524 925 2566 propter
952 2515 1213 2553 excellentiam
1241 2528 1298 2552 sa-

235 2571 399 2622 pientiae
427 2579 463 2608 et
489 2571 628 2619 gratiae
658 2583 777 2620 quam
797 2570 922 2606 habet.
953 2569 1029 2606 Sed
1058 2568 1152 2605 nihil
1179 2568 1299 2616 digni-

234 2624 320 2662 tatis
347 2632 404 2662 est
430 2624 466 2661 ei
493 2623 730 2662 subtractum
764 2635 834 2672 per
861 2624 937 2659 hoc
972 2622 1079 2671 quod
1107 2629 1162 2658 est
1194 2621 1299 2658 unita

419 1536 494 1566 Infra,
514 1543 557 1568 qu.
576 1542 646 1564 tvm,
665 1539 712 1560 art.
733 1534 763 1564 3;
783 1534 814 1559 111
834 1534 916 1563 Sent„
937 1534 994 1559 dist.
1013 1542 1047 1565 nt,
1067 1542 1112 1566 qu.
1131 1541 1149 1563 1,
1168 1539 1214 1559 art.
1236 1541 1259 1565 2,
1280 1534 1329 1567 qu⁸

235 2677 377 2715 Verbo.
407 2678 508 2725 Ergo
537 2685 673 2714 natura
693 2677 867 2713 humana
885 2674 900 2705 β
928 2684 984 2712 est
1011 2675 1181 2724 quadam
1209 2687 1297 2724 pro-

174 2738 177 2739 ’
235 2730 320 2780 pria
336 2730 582 2767 veneratione
606 2730 815 2774 adoranda,
844 2735 993 2777 praeter
1009 2729 1298 2766 venerationem

237 2794 337 2832 quae
364 2783 565 2820 exhibetur
591 2781 776 2820 divinitati
804 2782 933 2831 ipsiuS.

291 2836 364 2873 SED
384 2847 529 2873 CONTRA
547 2847 612 2872 EST
634 2836 741 2884 quod
761 2835 800 2872 in
819 2834 992 2884 capitulis
1012 2833 1179 2881 Quintae
1201 2835 1296 2884 Syn-

82 2883 210 2939 fvgfe
237 2888 302 2926 odi
321 2888 341 2910 ’¹‘
368 2887 422 2925 sic
449 2887 599 2935 legitur:
630 2890 671 2926 Si
696 2890 775 2938 quis
802 2889 839 2924 in
860 2889 1002 2925 duabus
1019 2893 1035 2915 Υ
1064 2889 1205 2924 naturis
1233 2888 1297 2924 ad-

122 2940 135 2954 ““
160 2943 209 2960 ⁰⁸¹¹·
236 2942 343 2978 orari
367 2941 452 2978 dicit
483 2942 680 2986 Christum,
709 2953 758 2978 ex
776 2953 847 2989 quo
876 2941 971 2978 duae
989 2940 1223 2978 adorationes
1243 2943 1297 2977 in-

235 2994 498 3038 troducuntur,
525 2993 591 3029 sed
617 3005 692 3030 non
712 3005 788 3029 una
807 2993 1025 3030 adoratione
1052 2995 1174 3029 Deum
1210 2995 1296 3030 Ver-

236 3047 324 3083 bum
347 3048 582 3082 incarnatum
611 3057 695 3082 cum
711 3046 871 3094 propria
891 3047 1002 3094 ipsius
1020 3057 1135 3082 carne
1152 3046 1296 3093 adorat,

235 3100 327 3136 sicut
344 3100 392 3136 ab
411 3099 512 3134 initio
532 3098 606 3134 Dei
621 3099 809 3134 Ecclesiae
826 3098 1000 3134 traditum
1019 3104 1088 3134 est:
1106 3098 1187 3134 talis
1206 3111 1296 3136 ana-

0 3157 3 3189 i
51 3158 89 3190 {⁷51
237 3152 359 3188 thema
385 3153 440 3188 sit.

0 3198 1 3214 ³
62 3201 83 3226 ³³·
290 3204 723 3242 Responnsso‘mcmunum
751 3202 858 3250 quod
886 3201 925 3238 in
953 3214 1000 3238 eo
1035 3202 1102 3250 qui
1130 3203 1295 3240 honora-

237 3262 310 3302 tur,
339 3256 419 3293 duo
447 3267 656 3304 possumus
675 3254 936 3291 considerare:
966 3253 1104 3290 scilicet
1123 3267 1215 3291 eum
1234 3255 1296 3291 cui

238 3308 366 3346 honor
383 3307 594 3354 exhibetur,
623 3315 660 3343 et
677 3318 834 3343 causam
853 3306 1022 3343 honoris.
1053 3307 1210 3355 Proprie
1229 3320 1295 3344 au-

337 3447 412 3473 quae.
429 3455 449 3459 -
465 3441 528 3473 quia
545 3440 626 3465 tertia.

291 3448 308 3465 α

292 3439 320 3509 βζ
337 3475 462 3501 humana.
473 3490 493 3494 —
511 3476 538 3500 in
554 3475 659 3500 Christo
678 3475 775 3499 addunt
793 3473 812 3498 F
831 3478 856 3498 et
875 3473 948 3497 tertia
966 3477 1065 3505 praeter
1084 3473 1101 3498 1.
1113 3487 1132 3491 —
1151 3473 1200 3498 Pro
1219 3480 1294 3498 vene-

239 3509 343 3536 ratione
359 3511 513 3540 adoranda,
532 3510 691 3536 adoratione
708 3509 850 3534 adoranda
864 3508 885 3539 1,
904 3508 1063 3533 adoratione
1081 3508 1233 3533 veneranda
1253 3516 1294 3533 ce-

238 3547 293 3570 tera
310 3545 391 3571 tertia.

292 3578 320 3614 γ)
338 3580 365 3605 in
385 3580 495 3606 duabus.
513 3595 532 3600 -
550 3580 651 3606 duabus
670 3587 770 3605 omnes.

1404 882 1604 920 Secundo:
1634 892 1765 921 utrum
1784 897 1872 922 caro
1893 886 1973 923 eius
1993 886 2037 923 sit
2056 888 2251 925 adoranda
2269 889 2404 925 adora—

1454 941 1556 978 tione
1585 942 1723 980 latriae.

1402 1002 1554 1039 Tertio:
1590 1011 1722 1040 utrum
1755 1005 1925 1043 adoratio
1955 1007 2086 1055 latriae*
2118 1008 2162 1044 sit
2190 1009 2405 1045 exhibenda

1455 1063 1609 1111 imagini
1638 1065 1786 1103 Christi.

1403 1125 1572 1171 Quarto:
1603 1135 1734 1163 utrum
1762 1127 1806 1164 sit
1834 1129 2048 1167 exhibenda
2075 1131 2177 1167 cruci
2200 1131 2348 1168 Christi.

1403 1185 1567 1232 Quinto:
1598 1195 1728 1224 utrum
1757 1188 1801 1224 sit
1829 1189 2043 1227 exhibenda
2071 1191 2181 1228 matri
2209 1192 2301 1228 eius.

1403 1249 1535 1285 Sexto:
1573 1249 1620 1284 cle
1649 1249 1869 1286 adoratione
1898 1251 2144 1300 reliquiarum
2172 1262 2404 1290 sanctorum.

1046 1363 1365 1405 ARTICULUS
1397 1364 1602 1406 PRIMUS

362 1458 519 1490 UTRUM
542 1457 696 1488 EADEM
718 1456 1007 1487 ADORATIONE
1030 1456 1273 1486 ADORANDA
1297 1456 1363 1487 slT
1387 1457 1645 1489 HUMANlTAs
1670 1435 1841 1490 CHRISTI
1865 1461 1922 1491 ET
1946 1462 2040 1493 Eius
2063 1463 2278 1494 D1V1N1TAs

1350 1541 1378 1566 13
1399 1540 1444 1560 art.
1466 1534 1488 1565 3,
1509 1541 1558 1568 qua
1579 1543 1601 1567 2,
1621 1536 1652 1560 ad
1673 1536 1703 1566 33
1726 1537 1765 1562 De
1785 1538 1873 1567 Verit.,
1893 1546 1936 1571 qu.
1956 1547 2019 1570 xxxx,
2039 1546 2084 1566 art.
2103 1549 2128 1572 4.
2147 1542 2178 1566 ad
2196 1550 2221 1574 4.

1347 1630 1427 1659 tem
1464 1624 1591 1660 honor
1627 1625 1828 1662 exhibetur
1861 1627 1928 1663 toti
1965 1627 2018 1664 rei
2053 1629 2286 1667 subsistenti:
2325 1643 2405 1669 non

1349 1676 1453 1712 enim
1481 1676 1644 1713 dicimus
1676 1679 1784 1726 quod
1811 1691 1949 1716 manus
1977 1681 2146 1718 hominis
2182 1682 2404 1730 honoretur,

1349 1728 1416 1764 sed
1453 1730 1561 1777 quod
1598 1730 1718 1766 homo
1756 1732 1977 1768 honoretur.
2021 1734 2068 1769 Et
2103 1734 2133 1770 si
2170 1736 2406 1784 quandoque

1349 1780 1542 1828 contingat
1561 1783 1667 1830 quod
1695 1782 1842 1819 dicatur
1860 1785 2041 1821 honorari
2066 1798 2204 1822 manus
2223 1785 2236 1808 δ
2259 1789 2321 1824 vel
2338 1801 2406 1837 pes
2533 1799 2548 1823 δ

1350 1833 1519 1880 alicuius,
1548 1835 1624 1870 hoc
1652 1847 1731 1872 non
1751 1835 1888 1872 dicitur
1906 1849 1951 1873 ea
1970 1837 2114 1874 ratione
2142 1840 2248 1887 quod
2276 1841 2406 1877 huius-

1350 1885 1458 1922 modi
1485 1894 1610 1935 partes
1638 1888 1853 1925 secundum
1873 1901 1912 1925 se
1936 1890 2194 1927 honorentur:
2224 1893 2290 1928 sed
2319 1893 2409 1941 quia

1350 1938 1390 1974 in
1404 1938 1481 1975 istis
1495 1939 1667 1988 partibus
1686 1941 1898 1978 honoratur
1915 1950 2050 1979 totum.
2072 1944 2145 1979 Per
2158 1956 2273 1992 quem
2295 1945 2409 1982 etiam

1350 1992 1516 2028 modum
1532 1992 1667 2040 aliquis
1682 1993 1802 2030 homo
1818 2002 1941 2042 potest
1955 1995 2137 2032 honorari
2151 1996 2190 2032 in
2205 1996 2333 2045 aliquo
2349 2011 2408 2035 ex-

1323 2078 1325 2084 ,
1350 2044 1498 2081 teriori:
1514 2053 1607 2093 puta
1622 2045 1661 2081 in
1675 2053 1790 2092 veste,
1807 2054 1872 2082 aut
1886 2047 1926 2083 in
1941 2047 2115 2095 imagine,
2128 2056 2193 2085 aut
2207 2049 2245 2085 in
2261 2051 2407 2088 nuntio.

1406 2098 1532 2133 Causa
1567 2105 1697 2134 autem
1731 2098 1889 2136 honoris
1922 2107 1977 2136 est
2003 2100 2042 2136 id
2070 2113 2116 2137 ex
2144 2113 2223 2150 quo
2251 2101 2310 2139 ille
2343 2104 2410 2152 qui

1351 2150 1565 2186 honoratur
1592 2150 1707 2186 habet
1733 2150 1902 2199 aliquam
1921 2153 2197 2190 excellentiam:
2227 2166 2318 2191 narn
2339 2157 2409 2193 ho-

1351 2214 1423 2238 nor
1451 2209 1505 2238 est
1534 2202 1744 2239 reverentia
1771 2203 1882 2240 alicui
1910 2204 2077 2241 exhibita
2094 2214 2251 2254 propter
2269 2208 2327 2244 sui
2347 2220 2408 2245 ex-

1352 2254 1575 2301 cellentiam,
1605 2262 1647 2291 ut
1671 2254 1709 2291 in
1731 2256 1908 2292 Secunda
1927 2257 2036 2293 Parte
2056 2258 2076 2279 '¹‘
2102 2258 2247 2295 dictum
2267 2267 2331 2296 est.
2362 2262 2410 2297 Et

1351 2307 1455 2354 ideo,
1485 2307 1515 2343 si
1543 2307 1581 2343 in
1610 2319 1690 2344 uno
1719 2307 1877 2344 homine
1905 2316 1993 2345 sunt
2019 2311 2147 2358 plures
2175 2323 2311 2348 causae
2340 2313 2408 2350 ho—

1351 2360 1466 2406 noris,
1495 2368 1588 2408 puta
1615 2360 1807 2408 praelatio,
1837 2360 1991 2398 scientia
2020 2369 2055 2397 et
2074 2362 2204 2409 virtus,
2233 2364 2301 2400 erit
2328 2365 2408 2413 qui-

1351 2414 1443 2449 dem
1471 2412 1568 2449 illius
1587 2412 1754 2450 hominis
1782 2425 1884 2450 unus
1903 2414 2029 2450 honor
2052 2426 2098 2450 ex
2116 2422 2220 2462 parte
2241 2415 2322 2452 eius
2341 2418 2408 2466 qui

1352 2467 1575 2509 honoratur,
1604 2467 1731 2514 plures
1750 2473 1879 2502 tamen
1898 2467 2111 2503 secundum
2131 2479 2264 2504 causas
2283 2469 2407 2506 hono-

1353 2518 1419 2555 ris:
1456 2519 1577 2554 homo
1613 2517 1717 2554 enirn
1751 2526 1806 2554 est
1840 2518 1906 2566 qui
1941 2519 2152 2555 honoratur
2185 2527 2221 2556 et
2252 2529 2407 2570 propter

1352 2570 1559 2616 scientiam,
1590 2578 1625 2607 et
1652 2578 1808 2619 propter
1834 2570 2023 2607 virtutem.

1407 2624 1509 2660 Cum
1537 2623 1647 2671 igitur
1681 2623 1720 2659 in
1749 2623 1899 2659 Christo
1923 2629 1934 2644 Ε
1963 2636 2040 2660 una
2076 2623 2121 2660 sit
2147 2633 2294 2662 tantum
2322 2639 2405 2675 per·
2531 2641 2541 2657 ε

1353 2689 1448 2713 sona
1476 2676 1627 2713 divinae
1656 2683 1692 2712 et
1719 2676 1912 2712 humanae
1940 2683 2108 2722 naturae,
2138 2684 2173 2713 et
2196 2677 2308 2714 etiam
2327 2691 2405 2716 una

1353 2728 1567 2778 hypostasis
1596 2736 1631 2765 et
1658 2740 1783 2764 unum
1802 2728 2055 2776 suppositum,
2079 2737 2134 2765 est
2152 2729 2309 2777 quidem
2328 2744 2405 2768 una

1353 2782 1434 2818 eius
1462 2781 1633 2818 adoratio
1663 2788 1698 2817 et
1725 2792 1826 2816 unus
1854 2781 1981 2817 honor
2015 2793 2060 2817 ex
2088 2789 2192 2829 parte
2221 2782 2301 2828 eius
2338 2784 2405 2832 qui

1352 2835 1548 2871 adoratur:
1588 2833 1655 2870 sed
1690 2845 1735 2869 ex
1762 2840 1867 2881 parte
1896 2844 2032 2869 causae
2069 2845 2146 2881 qua
2174 2834 2403 2883 honoratur,

1350 2895 1512 2936 possunt
1540 2885 1612 2922 dici
1641 2897 1721 2922 esse
1749 2886 1876 2932 plures
1904 2884 2162 2930 adorationes,
2200 2894 2240 2923 ut
2268 2887 2405 2925 scilicet

1351 2939 1423 2976 alio
1443 2941 1591 2976 honore
1611 2939 1822 2974 honoretur
1847 2945 2002 2985 propter
2020 2937 2242 2985 sapientiam
2261 2939 2402 2978 increa-

1349 3000 1439 3038 tam,
1469 2991 1534 3027 et<
1563 2997 1717 3039 propter
1744 2988 1965 3037 sapientiam
1994 2997 2168 3027 creatam.
2527 2998 2542 3026 t

1404 3044 1443 3081 Si
1467 3051 1595 3080 autem
1622 3049 1856 3091 ponerentur
1883 3041 1921 3077 in
1942 3042 2091 3079 Christo
2118 3045 2246 3092 plures
2272 3056 2402 3093 perso-

1350 3109 1421 3133 nae
1450 3107 1518 3132 seu
1546 3096 1779 3143 hypostases,
1809 3102 2030 3142 sequeretur
2057 3097 2162 3144 quod
2186 3097 2402 3146 simpliciter

1350 3155 1474 3185 essent
1501 3149 1628 3197 plures
1657 3145 1907 3184 adorationes.
1945 3149 1993 3184 Et
2029 3149 2103 3185 hoc
2131 3157 2185 3186 est
2221 3151 2326 3198 quod
2363 3150 2401 3188 in

1351 3200 1516 3250 Synodis
1535 3199 1770 3248 reprobatur.
1793 3199 1939 3237 Dicitur
1958 3200 2060 3239 enim
2079 3202 2119 3239 in
2138 3202 2308 3251 capitulis
2328 3203 2400 3253 Cy·
2430 3200 2522 3253 ὲρίὶξῖζ
2544 3201 2641 3254 ,ξξῖξῖςῑζ

1349 3253 1417 3290 rilli
1435 3253 1474 3289 *ι
1512 3255 1552 3290 Si
1578 3254 1655 3302 quis
1683 3254 1790 3290 audet
1817 3254 1938 3292 dicere
1965 3262 2188 3306 assumptum
2215 3258 2400 3294 hominem
2429 3258 2479 3280 ²⁸⁹·
2494 3253 2639 3280 ¹¹⁹¹·Ep¹'⁸¹‘

1349 3306 1549 3343 coadorari
1574 3313 1743 3355 oportere
1769 3309 1850 3345 Deo
1885 3311 2014 3356 Verbo,
2045 3312 2149 3359 quasi
2174 3311 2328 3347 alterum
2348 3312 2400 3348 al·
2429 3305 2638 3353 351.N⁶'¹'’³¹¹³¹¹¹‘

2438 2266 2447 2275 ⁶
2455 2265 2488 2286 11⁵
2496 2265 2549 2291 11¹⁸,
2558 2272 2596 2293 qu.
2604 2271 2649 2292 cnr,

2435 2296 2477 2313 art.
2494 2299 2512 2313 ι.

2430 3278 2512 3306 Cyrill.
2521 3281 2544 3300 et
2550 3279 2639 3306 Synod.

1399 3436 1424 3471 δ)
1444 3445 1546 3463 manus.
1563 3452 1583 3457 —-
1600 3439 1643 3463 EF
1662 3444 1688 3464 et
1705 3440 1778 3464 tertia
1797 3445 1898 3473 praeter
1916 3441 1939 3471 1;
1958 3448 2011 3466 om.

1398 3472 1420 3505 ε)
1442 3473 1507 3498 Cum
1531 3474 1615 3507 igitur
1636 3474 1662 3499 in
1685 3475 1799 3501 Gir-isto.
1815 3490 1835 3494 -
1853 3476 1898 3501 Sic
1920 3476 2003 3508 igitur
2022 3476 2047 3500 in
2071 3475 2176 3501 Christo
2198 3483 2257 3502 cum
2282 3475 2352 3510 (cum
2372 3477 2398 3502 in

1350 3508 1454 3534 Christo
1474 3508 1504 3541 P)
1523 3510 1603 3534 tenia.

1399 3543 1425 3577 ζ)
1444 3546 1477 3569 et.
1496 3558 1515 3562 —
1531 3544 1584 3569 alio
1604 3544 1634 3574 G,
1655 3548 1681 3570 et
1698 3545 1752 3570 alio
1772 3546 1849 3571 modo
1868 3546 1886 3576 Ι,
1905 3549 1931 3570 et
1949 3546 2002 3571 alio
2021 3545 2153 3571 editiones.
