2872 3970
12 2161 15 2183 ;
55 2161 162 2187 amari.
174 2162 194 2184 2,

12 2203 15 2216 ⁸
55 2195 61 2215 Ξ»
80 2189 87 2210 3
101 2189 139 2211 qu.
154 2189 194 2210 ιιι,

52 2346 56 2360 ·‚
68 2372 116 2390 ,ιι
131 2378 142 2384 -
157 2367 194 2398 Cf,

13 2403 17 2454 ξ
54 2402 99 2451 faa
110 2394 194 2442 2122:ae

53 2459 73 2478 ;‘
86 2452 113 2475 p«
126 2453 195 2469 xxm.

914 261 1176 308 QUAESTIO
1206 262 1323 309 LVII,
1353 262 1644 300 ARTICULUS
1676 263 1708 299 V

2327 260 2399 296 533

894 392 1227 425 Commentario.
1250 393 1500 426 Car-dinalis
1522 394 1722 426 Caietam

281 490 388 511 nimus
411 487 447 511 ut
469 487 560 511 sonat
580 481 802 521 intelligendus
822 487 877 511 est.
893 499 916 503 -—
939 481 975 511 In
995 491 1129 521 corpore
1150 492 1215 511 una
1239 488 1285 512 est

223 492 463 559 Tconclusio:
491 525 830 556 Convenientissimum
851 530 898 556 est
919 525 1047 556 Christo
1067 526 1153 565 quod
1171 526 1215 556 sit
1231 535 1284 556 su-

216 578 280 609 per
301 569 410 600 omnia
433 578 574 609 corpora
596 569 787 600 constitutus
805 569 838 599 in
862 570 939 600 atto.
964 569 1128 599 Probatur.
1153 569 1283 607 Quanto

222 612 329 653 aliqua
351 621 488 653 corpora
514 612 687 653 perfectius
715 613 905 653 participant
927 613 1102 644 bonitatem
1126 613 1282 649 divinam,

221 661 310 688 tanto
334 662 408 687 sunt
430 657 593 696 superiora
615 656 766 688 localiter.
799 657 861 689 Sed
884 666 1001 696 corpus
1025 656 1142 688 Christi
1165 657 1283 697 glorio-

222 709 294 733 sum
315 699 488 740 perfectius
510 701 686 740 participat,
703 706 763 731 etc.

276 743 313 776 11.
336 743 474 775 Adverte
496 744 548 774 hic
571 744 748 775 Auctorem
771 745 894 785 opinari
918 744 1080 775 Christum
1106 744 1283 775 secundum

222 796 339 828 corpus
354 797 423 819 esse
437 797 532 828 supra
552 788 657 819 caelos
680 798 794 819 omnes
809 790 854 820 sic
870 788 959 828 quod
981 789 1089 828 planta
1110 789 1200 828 pedis
1216 789 1283 819 eius

221 837 270 865 est
291 841 386 872 supra
405 831 608 872 superficiem
631 842 807 863 convexam
825 833 966 872 supremi
989 833 1077 863 caeli.
1101 833 1174 863 Hoc
1198 833 1283 863 enim

222 875 386 907 concludit
409 881 440 906 et
462 876 541 906 ratio
565 877 599 906 in
623 886 758 916 corpore
781 877 882 911 allata,
909 876 998 916 quod
1021 882 1142 916 quanto
1166 886 1283 916 corpus

222 925 269 951 est
290 918 471 959 perfectius,
488 925 576 951 tanto
593 925 639 950 est
662 921 806 960 superius
822 920 1000 952 secundum
1022 921 1148 950 locum:
1174 926 1205 950 et
1220 921 1282 950 hoc

221 972 368 1003 expresse
389 963 564 1003 explicatur
578 965 612 994 in
627 965 835 1004 responsione
858 964 898 994 ad
919 963 1107 1000 secundum,
1127 963 1282 994 dicendo:

221 1007 312 1037 Nihil
320 1007 472 1047 prohibet
486 1017 604 1048 corpus
618 1008 738 1038 Christi
753 1018 820 1039 esse
835 1013 929 1039 extra
941 1013 1041 1038 totam
1053 1008 1282 1038 continentiam

220 1051 386 1083 caelorum
409 1061 652 1092 corporeorum,
675 1057 707 1082 et
729 1062 793 1083 non
817 1062 885 1083 esse
907 1053 940 1082 in
964 1053 1036 1083 loco
1060 1052 1242 1082 continente
1256 1053 1282 1082 ’ἱ

219 1095 262 1126 Et
283 1095 347 1127 hoc
369 1095 444 1126 ideo
468 1095 589 1126 dictum
612 1096 651 1126 sit
674 1101 710 1126 ut
732 1097 832 1126 sciant
862 1095 1002 1127 dicentes
1025 1106 1142 1136 corpus
1166 1095 1284 1126 Christi

219 1139 264 1170 sic
287 1148 356 1170 esse
379 1149 474 1179 supra
503 1149 617 1170 omnes
647 1140 752 1170 caelos
783 1139 872 1179 quod
895 1145 941 1170 est
963 1141 996 1170 in
1019 1149 1167 1179 suprema
1196 1145 1284 1179 parte

219 1183 360 1223 supremi
382 1181 476 1220 baeti,
501 1184 590 1224 quod
619 1193 686 1214 non
716 1189 894 1223 sequuntur
924 1183 1100 1214 doctn'nam
1123 1183 1282 1214 Auctoris.

219 1226 268 1257 Ex
291 1227 356 1257 hoc
379 1227 465 1258 enim
494 1228 638 1267 sequitur
667 1227 833 1258 manifeste
861 1227 950 1267 quod
971 1237 1039 1258 non
1063 1233 1109 1258 est
1139 1228 1283 1267 superius

219 1279 371 1311 supremo
395 1271 494 1307 caelo,
511 1276 543 1302 et
558 1270 647 1311 quod
669 1281 736 1302 non
752 1277 799 1301 est
814 1276 907 1302 extra
932 1276 1031 1301 totam
1054 1271 1283 1302 continentiam

219 1315 384 1345 caelorum
407 1325 652 1355 corporeorum:
678 1324 817 1355 quorum
836 1316 976 1354 primum
992 1315 1198 1345 contrariatur
1213 1324 1282 1345 cor-

219 1359 290 1399 pori
313 1359 445 1395 articuli,
469 1358 647 1389 secundum
677 1364 784 1389 autern
811 1359 1011 1398 responsioni
1034 1358 1073 1388 ad
1096 1358 1282 1389 secundum.

1394 482 1445 512 ΙΙΙ.
1471 482 1533 513 Sed
1549 483 1685 512 occurrit
1700 484 1751 513 hic
1768 482 1947 518 Durandus,
1960 483 1993 512 in
2006 483 2046 512 III
2060 483 2156 518 Sent.,
2173 483 2243 513 dist.
2255 493 2327 518 xxn,
2341 488 2397 513 art.

1339 527 1406 562 ult.‚
1418 527 1570 557 obiiciens
1587 532 1696 557 contra
1711 528 1792 557 hanc
1808 527 2012 566 positionem,
2026 527 2100 566 quia
2113 532 2296 566 sequeretur
2309 526 2399 566 quod

1340 570 1483 600 Christus
1513 580 1573 600 nec
1596 580 1629 600 se
1652 580 1712 601 nec
1742 571 1801 601 alia
1823 570 1943 600 videret
1976 571 2135 610 corporali
2156 571 2297 600 visione:
2323 571 2398 610 quia

1338 615 1418 644 visio
1442 613 1478 644 fit
1500 623 1556 654 per
1579 614 1774 653 diaphanum
1796 614 1955 650 medium,
1983 614 2072 654 quod
2094 624 2189 654 supra
2217 623 2398 645 convexum

1338 659 1479 698 supremi
1502 658 1582 688 caeli
1604 668 1671 688 non
1694 658 1864 688 invenitur.

1392 701 1444 732 Ad
1466 702 1529 732 hoc
1549 701 1662 732 dieitur
1685 701 1783 741 quod,
1800 703 1881 732 sicut
1904 711 1999 741 supra
2013 707 2144 732 naturae
2166 701 2312 732 ordinem
2328 711 2396 732 cor-

1337 755 1398 785 pus
1422 745 1539 776 Christi
1562 745 1684 776 locatur
1702 755 1797 785 supra
1820 755 2000 776 convexum
2019 746 2098 776 caeli
2121 746 2270 785 supremi,
2286 746 2330 775 ita
2345 755 2397 776 su-

1337 799 1393 829 pra
1411 794 1541 820 naturae
1565 789 1711 820 ordinem
1735 795 1897 820 exercetur
1919 790 1963 820 ibi
1985 790 2065 820 visio
2090 789 2262 830 corporalis
2278 790 2397 829 absque

1338 833 1498 873 diaphano
1521 833 1628 863 medio
1652 834 1807 864 continuo
1831 842 1934 872 usque
1958 833 1996 863 ad
2019 834 2161 864 oculum.

1392 877 1512 907 Mirum
1527 883 1574 907 est
1589 883 1696 907 autem
1713 876 1752 908 de
1767 878 1812 907 sic
1833 878 2054 907 obiicientibus
2071 877 2110 907 ad
2126 877 2395 908 concludendum.
2412 894 2414 896 v

1338 921 1466 956 Dicant,
1493 930 1623 960 quaem,
1647 921 1814 960 quomodo
1839 926 1903 951 tarn
1928 921 2071 951 Christus
2102 931 2198 961 quam
2222 922 2274 951 alii
2297 922 2397 951 sancti

1336 970 1410 1004 post
1431 965 1705 1000 resurrectionem,
1725 965 1751 994 si
1773 965 1853 995 infra
1877 974 2057 995 convexum
2081 965 2159 995 caeli
2182 966 2395 1000 continentur,

1337 1008 1535 1038 auditionem
1558 1009 1758 1048 corporalem
1781 1009 1990 1039 exercebunt:
2016 1018 2091 1039 cum
2115 1008 2240 1039 auditus
2264 1008 2318 1039 fiat
2340 1019 2397 1048 per

1337 1052 1480 1082 medium
1502 1062 1618 1088 aerem,
1635 1053 1690 1092 qui
1706 1053 1750 1082 ibi
1764 1062 1832 1082 non
1847 1058 1902 1083 est.
1927 1053 1995 1083 Nec
2012 1053 2136 1083 caelum
2151 1053 2278 1093 supplet
2293 1054 2396 1083 vicem

1337 1097 1432 1127 aeris:
1458 1097 1611 1135 quoniam
1639 1106 1706 1126 non
1729 1097 1920 1136 inquantum
1944 1096 2119 1136 diaphanus
2142 1107 2194 1127 aer
2223 1096 2341 1127 mediat
2363 1097 2395 1127 in

1337 1139 1462 1175 auditu,
1485 1145 1522 1169 ut
1543 1145 1630 1179 patet
1661 1150 1698 1170 ex
1728 1140 1791 1170 hoc
1815 1140 1904 1180 quod
1933 1141 2053 1180 absque
2083 1140 2242 1180 diaphano
2266 1141 2299 1171 in
2323 1147 2395 1172 actu

1338 1183 1495 1219 audimus,
1511 1184 1544 1213 in
1567 1184 1704 1214 tenebris
1723 1185 1902 1214 constitutis
1922 1185 2015 1214 nobis
2040 1190 2070 1214 et
2093 1190 2226 1215 sonante
2249 1190 2280 1214 et
2303 1195 2394 1215 sono.

1337 1228 1378 1258 Et
1393 1237 1499 1257 rursus
1515 1227 1598 1258 caeli
1620 1228 1712 1268 quasi
1735 1237 1810 1258 aere
1824 1228 1900 1269 fusi
1914 1233 1989 1258 sunt
2003 1229 2029 1264 ἦ
2054 1234 2089 1258 ut
2105 1238 2172 1258 non
2187 1230 2310 1268 possint
2325 1239 2396 1269 per-

1338 1271 1412 1307 cuti,
1430 1276 1489 1301 etc.
1515 1271 1678 1301 Mittamus
1693 1272 1771 1302 haec
1787 1272 2034 1311 supernaturalia
2050 1271 2147 1302 futuri
2163 1273 2280 1303 saeculi
2295 1274 2396 1304 scien-

1337 1316 1398 1345 tiae
1423 1315 1521 1345 futuri
1543 1315 1670 1346 saeculi.

1007 1512 1325 1555 ARTICULUS
1355 1513 1612 1562 QUINTUS

410 1606 567 1638 UTRUM
592 1605 760 1637 CORPUS
784 1605 957 1637 CHRISTI
980 1605 1255 1636 ASCENDERIT
1279 1606 1415 1637 SUPER
1439 1605 1598 1636 OMNEM
1624 1607 1895 1637 CREATURAM
1919 1607 2207 1638 SPIRITUALEM

1095 1685 1139 1710 Ad
1158 1685 1262 1716 Ephe-sn,
1282 1692 1336 1717 cap⁴
1356 1692 1373 1715 1,
1394 1685 1451 1710 lect.
1470 1692 1514 1710 vn.

340 1807 407 1847 μά(
430 1795 452 1820 D
473 1795 633 1825 QumTuM
653 1795 704 1819 sm
729 1794 964 1820 PROCEDITUR.
994 1781 1155 1819 Videtur
1173 1781 1280 1830 quod

260 1827 295 1879 ''5'5
308 1826 410 1884 ἓῐὶο
431 1847 572 1884 corpus
615 1835 754 1872 Christi
795 1847 875 1871 non
912 1834 1124 1872 ascenderit
1165 1846 1281 1883 super

322 1874 591 1928 r'efomnem
619 1895 832 1924 creaturam
853 1887 1099 1935 spiritualem.
1126 1887 1279 1923 Eorum

240 1927 372 1977 Ᾰῖἱῖἒὲὶῗ)
388 1934 420 1977 Κ
431 1940 536 1978 enirn
555 1952 655 1989 quae
674 1951 754 1976 non
782 1939 962 1976 dicuntur
986 1939 1202 1975 secundum
1222 1950 1279 1974 ra-

286 1904 318 1933 ρ

219 1987 366 2031 tionem
384 2004 517 2040 unam,
538 2005 619 2030 non
636 1999 761 2042 potest
779 1991 1052 2029 convenienter
1069 1991 1152 2028 fieri
1175 2003 1280 2027 com·
1306 2027 1308 2040 ,

219 2045 378 2097 paratio.
409 2046 485 2083 Sed
503 2047 610 2085 locus
629 2057 710 2082 non
738 2045 875 2082 eadem
894 2044 1039 2082 ratione
1067 2043 1282 2082 attribuitur

221 2098 448 2149 corporibus
470 2106 506 2135 et
525 2097 781 2148 spiritualibus
809 2097 1006 2135 creaturis:
1036 2104 1078 2134 ut
1105 2104 1207 2146 patet
1235 2109 1280 2132 ex

221 2152 281 2190 his
309 2163 408 2202 quae
437 2150 536 2188 dieta
563 2158 652 2188 sunt
678 2151 718 2188 in
746 2149 875 2187 Prima
903 2150 1012 2187 Parte
1030 2149 1062 2186 ³⁸.
1096 2150 1198 2197 Ergo
1226 2149 1280 2185 vi-

221 2206 334 2242 detur
361 2204 469 2254 quod
497 2216 577 2242 non
595 2203 714 2253 possit
742 2202 815 2240 dici
834 2215 974 2252 corpus
994 2202 1134 2240 Christi
1153 2214 1280 2239 ascen·
1306 2233 1308 2244 ,

221 2257 321 2296 disse
349 2269 466 2307 super
493 2269 653 2295 omnem
681 2263 894 2293 creaturam
923 2255 1168 2304 spiritualem.

277 2322 311 2348 2.
340 2312 582 2355 Pmernmza,
611 2308 846 2358 Augustinus
883 2309 992 2356 dicit,
1027 2309 1067 2346 in
1103 2307 1199 2345 libro
1237 2308 1282 2345 de

229 2365 325 2402 Vera
343 2364 466 2414 Relig.
481 2361 521 2410 ²¹⁸,
535 2400 537 2402 ,
551 2362 658 2412 quod
687 2361 794 2399 omni
822 2361 974 2411 corpori
993 2360 1145 2410 spiritus
1172 2373 1280 2411 prae-

219 2417 348 2454 fertur.
379 2416 455 2454 Sed
474 2415 652 2453 nobiliori
680 2414 733 2452 rei
762 2414 962 2452 sublimior
980 2414 1141 2452 debetur
1160 2415 1278 2451 locus

221 2471 323 2518 Ergo
350 2469 502 2506 videtur
529 2469 637 2518 quod
665 2467 838 2505 Christus
873 2479 953 2504 non
981 2466 1192 2504 ascenderit
1219 2480 1280 2504 su-

220 2534 290 2575 per
317 2534 474 2559 omnem
504 2521 739 2571 spiritualem
767 2528 991 2557 creaturam.

277 2574 310 2612 3.
340 2575 577 2621 PRAETEREA,
606 2574 646 2611 in
675 2573 782 2611 omni
819 2574 904 2610 loco
933 2581 988 2610 est
1016 2572 1173 2622 aliquod
1200 2585 1281 2610 cor-

221 2640 315 2679 pus:
353 2639 444 2665 cum
471 2626 565 2664 nihil
593 2626 639 2664 sit
665 2639 836 2664 vacuum
864 2626 903 2663 in
931 2634 1077 2663 natura.
1118 2626 1158 2663 Si
1190 2638 1279 2675 ergo

221 2681 373 2719 nullum
392 2692 532 2729 corpus
552 2679 697 2717 obtinet
723 2679 897 2716 altiorem
915 2680 1045 2716 locum
1065 2691 1184 2728 quam
1207 2679 1280 2728 spi-

221 2733 313 2773 ritus
341 2733 381 2770 in
409 2732 542 2770 ordine
570 2732 802 2770 naturalium
830 2744 1050 2781 corporum,
1079 2733 1207 2769 nullus
1227 2733 1281 2770 lo-

222 2798 290 2825 cus
327 2785 396 2823 erit
433 2797 549 2835 supra
585 2797 745 2822 omnem
782 2783 1017 2834 spiritualem
1054 2784 1279 2822 creaturam.

221 2840 315 2879 Non
343 2850 432 2887 ergo
451 2850 592 2888 corpus
622 2837 760 2876 Christi
782 2837 906 2887 potuit
933 2837 1137 2883 ascendere
1166 2850 1282 2888 super

223 2902 383 2931 omnem
410 2890 642 2941 spiritualem
671 2898 897 2928 creaturam.

276 2945 350 2982 San
370 2956 514 2982 CONTRA
541 2955 606 2981 EST
637 2944 744 2993 quod
772 2942 909 2981 dicitur
934 2944 1067 2993 Ephes.
1089 2943 1149 2980 1²¹³:
1184 2945 1280 2981 Con-

221 2999 331 3035 stituit
357 2997 460 3034 illum
487 3009 600 3046 super
625 3008 774 3033 omnem
795 2997 1048 3046 principatum
1076 3002 1109 3033 et
1122 3002 1280 3046 potesta-

222 3056 312 3097 tem,
340 3055 374 3087 et
399 3062 512 3100 supra
541 3061 652 3087 omne
679 3061 814 3087 nomen
843 3049 942 3098 quod
967 3051 1181 3086 nominatur
1206 3051 1282 3087 sive

223 3103 261 3140 in
289 3103 359 3140 hoc
384 3102 532 3140 saeculo
559 3103 636 3139 sive
662 3103 700 3139 in
717 3102 864 3150 futuro.

275 3156 499 3192 stponnsso
526 3165 706 3192 D1CEND1JM
732 3154 839 3204 quod
865 3161 969 3191 tanto
998 3153 1110 3191 alicui
1138 3154 1190 3191 rei
1219 3154 1280 3191 de-

223 3206 335 3246 betur
361 3207 471 3244 altior
496 3208 615 3254 rocus,
642 3214 787 3256 quanto
815 3214 870 3244 est
897 3206 1078 3244 nobilior:
1109 3206 1188 3243 sive
1216 3207 1280 3243 de-

223 3261 359 3298 beatur
386 3259 421 3297 ei
438 3261 546 3297 locus
563 3271 634 3309 per
653 3259 818 3296 modum
845 3267 1041 3296 contactus
1060 3259 1279 3308 corporalis,

223 3312 320 3351 sieut
338 3312 584 3362 corporibus3
615 3311 694 3349 sive
712 3324 782 3362 per
808 3312 973 3349 modum
991 3319 1187 3349 contactus
1207 3311 1280 3361 spi-

276 3446 305 3482 .)
322 3446 510 3473 conditionem.
527 3459 546 3467 υ
563 3445 733 3472 condictum
747 3445 883 3471 editiones.

1334 1781 1498 1828 ritualis,
1540 1782 1636 1819 sicut
1677 1782 1933 1831 spiritualibus
1975 1783 2202 1820 substantiis.
2246 1784 2393 1821 Exinde

1335 1834 1438 1870 enirn
1462 1834 1718 1883 spiritualibus
1747 1835 1963 1878 substantiis
1991 1835 2151 1872 debetur
2179 1838 2394 1874 secundum

1335 1886 1533 1934 quandam
1568 1884 1855 1934 congruentiam
1886 1888 1992 1924 locus
2030 1888 2215 1934 caelestis,
2245 1889 2312 1938 qui
2333 1897 2395 1926 ,est

1335 1950 1539 1987 supremus
1576 1939 1771 1986 locorum,
1802 1939 1893 1988 quia
1920 1939 2003 1976 illae
2041 1941 2270 1978 substantiae
2307 1950 2395 1979 sunt

1335 2003 1538 2040 supremae
1566 1990 1606 2028 in
1634 1992 1767 2029 ordine
1796 1992 2104 2029 substantiarum.
2145 1993 2296 2043 Corpus
2328 2007 2394 2032 au-

1334 2051 1413 2080 tem
1451 2043 1610 2090 Christi,
1640 2044 1744 2092 licet,
1780 2045 2059 2082 considerando
2096 2046 2357 2084 conditionem
2378 2054 2395 2069 ‘²

1335 2103 1492 2133 naturae
1521 2108 1748 2145 corporeae,
1779 2097 1824 2133 sit
1852 2097 1947 2134 infra
1975 2097 2186 2146 spirituales
2220 2100 2393 2138 substan-

1334 2150 1423 2195 tias;
1453 2149 1733 2186 considerando
1753 2157 1882 2186 tamen
1902 2150 2119 2198 dignitatern
2141 2151 2295 2189 unionis
2317 2165 2394 2202 qua

1335 2210 1390 2239 est
1417 2202 1665 2251 personaliter
1692 2203 1776 2239 Deo
1805 2202 2073 2249 coniunctum,
2103 2203 2247 2240 excellit
2274 2204 2393 2254 digni-

1334 2263 1451 2292 tatem
1488 2255 1666 2292 omnium
1703 2254 1955 2304 spiritualium
1993 2255 2301 2294 substantiarum.
2345 2259 2393 2295 Et

1335 2308 1444 2354 ideo,
1474 2308 1689 2344 secundum
1725 2307 1939 2356 praedictae
1976 2309 2244 2356 congruentiae
2282 2310 2392 2348 ratio-

1335 2373 1438 2405 nem,
1459 2361 1620 2397 debetur
1638 2360 1708 2396 sibi
1735 2362 1842 2397 locus
1862 2360 1970 2397 altior
1995 2362 2092 2397 ultra
2111 2374 2270 2399 omnem
2289 2375 2391 2400 crea-

1334 2422 1462 2451 turam
1480 2413 1500 2435 *
1528 2413 1642 2450 etiam
1679 2412 1923 2462 spiritualem.
1963 2414 2073 2450 Unde
2112 2421 2147 2451 et
2185 2415 2391 2463 Gregorius

1335 2467 1434 2513 dicit,
1462 2466 1500 2503 in
1528 2465 1697 2503 Homilia
1723 2467 1956 2502 Ascensionis
1974 2465 2004 2513 ²⁸,
2035 2467 2140 2515 quod
2165 2469 2230 2516 qui
2243 2469 2393 2516 fecerat

1334 2521 1472 2566 omnia,
1501 2532 1611 2568 super
1638 2520 1764 2555 omnia
1790 2531 1858 2555 sua
1885 2520 2016 2556 virtute
2031 2519 2240 2567 ferebatur.

1387 2573 1443 2609 AD
1472 2584 1606 2609 PmMUM
1635 2583 1731 2608 ERGO
1760 2583 1940 2608 DICENDUM
1969 2571 2094 2620 quod,
2123 2572 2207 2609 licet
2235 2573 2306 2610 alia
2334 2586 2390 2611 ra-

1333 2626 1437 2663 tione
1465 2624 1688 2662 attribuatur
1715 2625 1821 2660 locus
1842 2624 2028 2673 corporali
2048 2631 2083 2660 et
2102 2625 2283 2674 spirituali
2302 2627 2390 2663 sub-

1335 2678 1503 2724 stantiae,
1523 2685 1653 2714 tamen
1681 2677 1756 2713 hoc
1784 2684 1838 2713 est
1865 2676 1903 2713 in
1931 2683 2092 2726 utraque
2112 2677 2257 2714 ratione
2286 2691 2390 2716 com-

1334 2743 1464 2779 mune,
1481 2730 1588 2780 quod
1603 2729 1764 2777 digniori
1783 2729 1836 2765 rei
1851 2729 2064 2766 attribuitur
2078 2730 2253 2779 superior
2270 2733 2388 2769 locuS.

1387 2786 1445 2821 AD
1473 2795 1661 2820 SECUNDUM
1702 2794 1883 2819 DtCENDUM
1911 2782 2018 2831 quod
2045 2782 2140 2820 ratio
2168 2782 2230 2820 illa
2256 2796 2390 2832 proce-

1335 2837 1388 2874 dit
1425 2837 1472 2874 de
1511 2847 1671 2884 corpore
1707 2834 1844 2871 Christi
1881 2835 2096 2871 secundum
2129 2836 2390 2874 conditionem

1334 2897 1490 2927 naturae
1519 2899 1745 2936 corporeae,
1774 2899 1854 2923 non
1882 2894 2008 2924 autem
2036 2888 2251 2925 seeundum
2279 2889 2389 2927 ratio-

1334 2955 1422 2980 nem
1454 2940 1617 2978 unionis.

1387 2996 1443 3031 AD
1480 3005 1637 3030 TERTlUM
1673 3004 1853 3029 DICENDUM
1895 2993 2001 3041 quod
2042 2993 2277 3042 comparatio
2320 2995 2389 3034 ista

1334 3054 1458 3097 potest
1485 3044 1625 3083 attendi
1644 3046 1706 3080 vel
1733 3045 1947 3081 secundum
1976 3044 2163 3082 rationem
2190 3047 2387 3086 locorum:

1335 3108 1371 3136 et
1389 3099 1442 3136 sic
1460 3100 1587 3135 nullus
1614 3098 1721 3134 locus
1740 3104 1795 3133 est
1821 3105 1899 3134 tam
1919 3098 2015 3135 altus
2034 3099 2141 3147 quod
2160 3100 2316 3137 excedat
2335 3100 2389 3138 di-

1335 3151 1515 3200 gnitatern
1543 3149 1743 3199 spiritualis
1767 3149 2015 3197 substantiae3
2045 3151 2260 3189 secundum
2282 3154 2389 3202 quod

1335 3203 1506 3254 procedit
1533 3202 1706 3240 obiectio.
1735 3203 1805 3239 Vel
1833 3204 2049 3240 secundum
2077 3203 2300 3252 dignitatern.
2324 3218 2388 3243 eo-

1335 3269 1423 3294 rum
1442 3255 1582 3305 quibus
1602 3254 1815 3291 attribuitur
1833 3257 1950 3292 locus.
1972 3257 2020 3292 Et
2039 3255 2091 3292 sic
2110 3257 2261 3306 corpori
2281 3257 2388 3297 Chri-

1336 3310 1380 3346 sti
1409 3309 1569 3345 debetur
1595 3315 1637 3344 ut
1665 3307 1710 3349 sit
1737 3320 1852 3357 supra
1880 3308 2091 3357 spirituales
2119 3317 2320 3348 creaturas,

2423 1233 2431 1241 ¹
2438 1231 2485 1257 Iob,
2496 1238 2520 1253 ca

2524 1238 2633 1259 p.xxxv11‚

2421 1265 2431 1278 x
2438 1264 2481 1279 crs.
2499 1258 2531 1280 28.

2420 2421 2429 2430 ⁴
2443 2419 2469 2440 D.
2485 2425 2533 2447 243.

2418 2480 2427 2490 ⁴
2447 2479 2535 2501 Homil-
2553 2480 2628 2502 XXIX

2417 2506 2441 2527 in
2456 2506 2548 2533 Evang.
