2872 3970
121 3551 155 3632 ijs
204 3538 277 3610 sn}
293 3579 357 3611 a..

914 285 1176 332 QUAESTIO
1205 281 1287 333 LII,

205 371 282 401 tor
292 365 431 412 poena,
450 362 520 399 sed
545 369 589 398 ut
613 373 680 399 eos
699 361 766 411 qui
793 370 900 399 erant
926 374 1075 411 poenae
1094 363 1262 410 obnoxii,

150 430 152 433 ’
206 415 393 461 movet.

128 496 139 506 ..
207 468 240 506 izi
246 468 324 504 §An
339 478 534 504 stamnum
551 477 732 504 mcEnnum
751 467 859 516 quod
876 467 1003 516 passio
1033 467 1172 504 Christi
1194 468 1264 505 fuit

206 517 427 579 ‘paediam‘
441 530 558 556 causa
573 518 797 556 universalis
815 520 1010 557 humanae
1029 520 1168 566 salutis,
1183 528 1263 558 tam

115 570 143 607 ξς
204 583 398 611 morum
397 583 524 620 quam
542 577 798 609 mortuorum.
819 572 947 609 Causa
965 580 1095 610 autern
1113 572 1262 610 univer-

205 623 293 662 salis
319 624 530 674 applicatur
548 623 597 660 ad
617 623 823 683 singulares
842 624 1000 662 effectus
1027 637 1096 673 per
1121 625 1262 674 aliquid

203 676 380 726 speciale.
409 675 533 721 Unde,
553 676 651 713 sicut
668 676 788 714 virtus
816 677 1002 726 passionis
1031 677 1170 715 Christi
1197 690 1262 727 ap-

122 726 125 729 ’
202 728 402 788 plicatur
382 728 600 766 viventibus
627 741 698 778 per
723 737 959 766 sacramenta
988 730 1263 778 configurantia

133 795 177 813 ’.νε
202 792 283 842 βω
303 780 473 832 passioni
492 780 644 828 Christi,
663 781 714 818 ita
741 781 856 819 etiam
875 782 1061 832 applicata
1085 790 1141 819 est
1162 795 1261 820 mor-

202 833 229 873 zi
217 859 247 872 c
283 854 285 858 ,

123 894 145 942 :J
202 901 283 976 3⁸⁹³)
297 905 477 938 quaedam.-
492 904 572 937 quasi
589 904 720 938 quaedam
740 905 793 930 Ple.

217 949 244 972 >t

204 1091 370 1162 ‘Faunus
387 1081 536 1117 clarus.-
551 1081 587 1113 In
604 1091 739 1122 corpore
755 1092 820 1113 una
838 1082 1020 1113 conclusio:
1045 1082 1254 1112 Conveniens.

302 1125 328 1156 it
353 1125 515 1157 Christum
538 1125 582 1156 ad
606 1126 731 1168 inferos
754 1125 953 1157 descendere.
977 1126 1132 1156 Probatur
1156 1125 1255 1166 tripli-

1317 287 1608 325 ARTICULUS
1635 288 1666 325 ιι
2296 290 2372 339 493

1317 364 1391 401 tuis
1419 376 1488 413 per
1514 366 1743 403 descensum
1780 365 1918 403 Christi
1949 367 1998 404 ad
2026 367 2175 404 inferos.
2208 369 2374 416 Propter

1317 417 1425 465 quod
1461 417 1650 465 signanter
1677 418 1813 455 dicitur
1848 419 2019 456 Zach.1x
2037 419 2057 442 ‘¹‘

1316 471 1456 506 vinctos
1469 470 1515 506 de
1531 470 1615 507 lacu
1635 472 1671 507 in
1690 473 1874 520 sanguine
1891 473 2094 509 testamenti
2107 474 2175 518 sui,
2191 472 2286 510 idest
2304 483 2374 521 per

1317 521 1495 559 virtutem
1513 522 1701 571 passionis
1730 535 1832 560 suae.

1369 575 1426 611 An
1453 586 1612 612 TERTmM
1639 587 1820 613 monimum
1848 577 1955 625 quod
1980 576 2108 613 anima
2127 577 2265 614 Christi
2293 589 2372 614 non

1317 626 1552 664 descenderit
1571 627 1620 664 ad
1639 627 1777 665 inferos
1796 641 1842 665 eo
1862 640 1999 676 genere
2017 636 2146 666 motus
2161 634 2270 677 ‘.quo
2289 641 2371 667 cor-

1316 690 1411 727 pora
1438 686 1660 717 moventur:
1695 681 1762 717 sed
1794 693 1841 718 eo
1869 693 2006 729 genere
2032 689 2160 718 motus
2192 693 2270 730 quo
2307 693 2371 718 an-

1315 731 1386 778 geli
1425 739 1650 779 moventur,
1694 733 1789 770 sicut
1830 733 1868 769 in
1911 733 2038 770 Prima
2070 734 2178 770 Parte

1317 790 1400 821 turn
1429 791 1493 820 est.

1371 906 1394 940 ε)
1414 910 1509 932 motus.
1526 921 1545 926 -
1562 907 1605 932 EF
1623 912 1649 932 et
1667 908 1740 932 tertia
1747 916 1754 939 ;
1774 915 1825 933 om.
1845 909 1935 933 Altero
1953 909 2010 933 loco
2028 916 2081 934 om.
2101 909 2118 934 1.

123 998 155 1028 ξι
203 992 264 1028 air
807 1013 809 1016 ·
828 1030 830 1032 ,
875 994 1210 1028 commentaria
1231 994 1483 1027 Cardinalis
1504 995 1704 1029 Caietam

1311 1081 1457 1112 Secunda
1479 1083 1558 1113 ratio
1583 1083 1762 1123 completur
1785 1094 1822 1114 ex
1845 1085 2053 1124 responsione
2077 1085 2115 1115 ad
2138 1085 2323 1117 secundum.

1364 1126 1542 1165 Responsio
1560 1125 1598 1157 ad
1614 1128 1751 1163 tertium,
1765 1127 1804 1158 de
1820 1134 1913 1158 motu
1933 1129 2128 1168 angelorum,
2142 1130 2214 1159 satis
2230 1130 2263 1159 in
2279 1139 2367 1160 corn-

203 1217 206 1220 ·
281 1167 432 1222 .Prima
453 1169 533 1200 ratio
557 1169 736 1210 completur
759 1179 797 1200 ex
822 1169 1030 1210 responsione
1051 1169 1091 1200 ad
1113 1170 1255 1209 primurn
1308 1170 1468 1199 mentm-iis
1490 1169 1615 1218 Primae
1637 1171 1735 1201 Partis
1751 1172 1768 1188 ⁴*
1790 1176 1919 1202 tractata
1943 1177 1998 1202 est.

201 1268 258 1298 Μ
264 1236 269 1237 ⁷

202 1320 271 1348 ι
966 1314 1282 1356 ARTICULUS
1312 1313 1612 1356 SECUNDUS

199 1399 275 1449 tes„
509 1403 667 1438 UTRUM
690 1404 903 1438 CHRISTUS
925 1405 1230 1436 DESCENDERIT
1254 1404 1393 1436 ETIAM
1415 1405 1475 1436 AD
1499 1404 1724 1436 INFERNUM
1748 1405 2062 1438 DAMNATORUM

110 1462 138 1495 (¹,ss
200 1475 275 1526 'fiiis
300 1480 303 1481 ⁷
970 1481 1003 1507 111
1023 1482 1111 1511 Sene..
1129 1482 1188 1507 dist.
1207 1489 1266 1512 xxn,
1285 1489 1328 1514 qu.
1347 1489 1374 1511 u.
1394 1486 1441 1507 art.
1463 1488 1486 1512 ι,
1505 1481 1556 1514 qu*
1576 1489 1599 1506 α.

218 1606 290 1628 n
330 1595 382 1632 ἑῇ
410 1581 434 1607 n
448 1581 639 1607 SECUNDUM
658 1581 710 1607 s1c
724 1581 961 1608 Pnocenrrun.
978 1570 1138 1608 Videtur
1154 1570 1259 1619 quod

113 1609 134 1645 ⁴³·
200 1641 216 1669 a·
233 1629 308 1668 'ugj-'w
332 1622 387 1668 vd
412 1621 587 1659 Christus
609 1622 848 1660 descenderit
867 1623 979 1660 etiam
1001 1623 1049 1660 ad
1068 1623 1260 1660 infernum

220 1667 265 1720 ft‘s
267 1667 377 1730 «πῖ»,-
348 1661 696 1715 damnatorum
726 1675 874 1713 Dicitur
901 1675 1006 1712 enim
1037 1687 1084 1712 ex
1112 1687 1178 1712 ore
1205 1675 1259 1712 di-

207 1699 385 1763 s‘v‘?
368 1720 524 1764 vinae
562 1727 795 1776 Sapientiae,
826 1729 941 1765 Eccli.
969 1741 1052 1765 xxw
1069 1727 1107 1765 *z
1145 1730 1260 1765 Pene-

198 1779 308 1818 tmbo.
344 1790 473 1817 omnes
489 1780 696 1828 inferiores·
719 1786 844 1830 partes
879 1787 1012 1818 terrae.
1051 1781 1128 1817 Sed
1165 1781 1261 1817 inter

199 1837 331 1880 partes
353 1829 559 1872 inferiores
577 1839 698 1871 terrae
726 1841 971 1882 computatur
1004 1833 1118 1870 etiam
1153 1833 1259 1870 infer-

198 1895 277 1924 nus
302 1884 593 1925 damnatorum:
623 1886 840 1922 secundum
857 1885 952 1923 illud
970 1885 1112 1922 Psalmi
1130 1885 1170 1922 *ε
1197 1887 1260 1922 Ιη-

199 1931 361 1974 troibunt
387 1939 425 1974 in
454 1939 635 1985 inferiora
670 1944 804 1974 terrae.
842 1939 943 1986 Ergo
974 1937 1164 1984 Christus,
1193 1937 1260 1986 qui

109 1990 153 2003 ’“”
197 1992 271 2029 at
280 1989 356 2028 Rei
375 1990 615 2037 Sapientiafi

198 2048 425 2116 innatorum
451 2018 655 2080 descendit.
703 2081 707 2085 .

635 1990 750 2028 etiam
769 2002 893 2039 usque
912 1990 961 2027 ad
986 1990 1179 2027 infernum
1196 1990 1259 2027 da-

120 2111 206 2138 „z
224 2104 295 2133 3*
319 2094 552 2142 PRAETEREA,
580 2096 661 2132 Act.
682 2107 703 2132 11
722 2095 742 2117 *
770 2095 858 2132 dicit
875 2097 1010 2132 Petrus
1032 2095 1139 2144 quod
1157 2096 1260 2132 Deus

119 2175 131 2196 7
195 2117 388 2189 Μαίη
414 2149 609 2194 suscitavit,
628 2148 754 2185 solutis
779 2149 968 2186 doloribus
985 2149 1135 2196 inferni,
1156 2149 1259 2184 iuxta

119 2229 139 2247 a
199 2199 309 2250 gund
325 2201 547 2250 impossibile
572 2207 652 2238 erat
669 2203 788 2238 teneri
813 2201 916 2238 illum
935 2203 982 2238 ab
1001 2213 1056 2238 eo.
1087 2200 1164 2237 Sed
1191 2200 1259 2236 do-

197 2252 315 2299 iores
326 2263 409 2290 non
435 2260 525 2291 sunt
551 2253 592 2290 in
618 2253 767 2291 inferno
788 2254 967 2290 Patr-um:
997 2265 1124 2302 neque
1144 2252 1259 2290 etiam

109 2306 131 2322 ‘
196 2304 244 2344 inv
263 2294 416 2344 inferno
443 2317 668 2355 puerorum,
691 2306 758 2355 qui
785 2318 866 2343 non
893 2306 1107 2356 puniuntur
1133 2317 1260 2354 poena

196 2367 345 2398 sensus
371 2365 528 2409 propter
571 2366 773 2408 peccatum
817 2360 982 2404 actuale,
1021 2359 1087 2396 sed
1133 2359 1260 2395 solum

197 2421 330 2460 {mena
355 2410 488 2453 damni
514 2419 671 2461 propter
696 2419 898 2461 peccatum
930 2411 1121 2460 originale.
1158 2411 1259 2458 Ergo

203 2462 376 2501 Christus
399 2463 594 2502 descendit
617 2464 869 2502 in‘infernum
896 2465 1180 2509 damnatorum,
1199 2464 1261 2500 vel

202 2514 316 2555 etiam
351 2515 392 2552 in
424 2516 708 2565 purgatorium,
738 2517 805 2554 ubi
837 2517 1014 2554 homines
1047 2516 1261 2566 puniuntur

200 2578 331 2619 poena
357 2579 491 2605 sensus
517 2581 589 2619 pro
616 2570 779 2619 peccatis
807 2569 1028 2607 actualibus.

258 2619 293 2657 3.
322 2621 553 2669 ΡΒΑΕτΕιιΕΑ,
574 2623 588 2659 Ι
607 2623 686 2659 Pet.
707 2622 778 2659 111*
805 2622 942 2659 dicitur
969 2622 1075 2671 quod
1099 2623 1261 2659 Christus

129 2669 139 2675 ”
202 2673 258 2711 his
284 2675 350 2723 qui
365 2675 402 2711 in
421 2686 574 2711 carcere
599 2675 766 2712 conclusi
783 2681 901 2721 erant,
921 2676 1048 2724 spiritu
1070 2680 1086 2695 ‘²
1113 2676 1262 2712 veniens

197 2725 438 2774 praedicavit,
459 2729 523 2776 qui
538 2727 720 2764 increduli
727 2729 887 2776 ficerant
905 2727 1124 2777 aliquando:
1141 2727 1260 2776 quod,

114 2784 133 2831 '⁸
198 2778 301 2816 7sicut
316 2779 547 2816 Athanasius
574 2779 673 2826 dicit,
694 2780 734 2817 in
753 2780 923 2830 Epistola
945 2781 996 2817 ad
1012 2782 1260 2830 Epictetum,
1229 2780 1249 2802 ’¹‘

137 2822 149 2848 ‘⁷
202 2829 418 2894 intelligitur
444 2832 492 2869 de
520 2832 708 2870 descensu
737 2833 875 2870 Christi
903 2833 951 2870 ad
979 2833 1129 2870 inferos.
1163 2832 1263 2870 Dicit

123 2886 148 2914 Ἃ
204 2877 309 2922 enim
342 2884 450 2934 quod
484 2897 618 2935 corpus
654 2886 790 2924 Christi
810 2886 889 2934 fuit
925 2888 963 2922 in
997 2886 1166 2935 sepulcro
1195 2898 1262 2935 po-

126 2919 146 2987 ἶ]
194 2937 323 2998 fitam,
342 2937 491 2987 quando
519 2939 596 2987 ipse
615 2939 786 2987 perrexit
806 2939 1029 2988 praedicare
1055 2939 1110 2975 his
1136 2940 1199 2987 qui
1225 2940 1261 2974 in

342 3002 366 3027 a
385 2995 491 3027 erant
506 2992 702 3039 spiritibus,
722 2992 814 3028 sicut
831 2991 923 3028 dixit
941 2992 1080 3027 Petrus.
1107 2991 1264 3027 Constat

119 3023 171 3089 ver
201 3040 334 3080 autem
361 3042 468 3091 quod
505 3041 689 3079 increduli
723 3050 830 3079 erant
856 3043 895 3079 in
922 3042 1069 3079 inferno
1104 3043 1262 3079 damna-

119 3118 161 3151 =›{'
199 3092 477 3184 {qi-Sucrtpddlliltrgo
507 3094 678 3132 Christus
704 3095 753 3132 ad
772 3094 960 3133 infernum
991 3095 1260 3133 damnatorum

231 3211 295 3248 ..4
324 3200 556 3246 Pmmm,
582 3199 818 3247 Augustinus
845 3199 944 3246 dicit,
966 3199 1004 3236 in
1028 3199 1198 3248 Epistola
1216 3200 1266 3236 ad

127 3243 181 3302 35¹-
202 3252 390 3291 Evodzum
407 3251 445 3288 *ε
473 3253 516 3289 Si
540 3253 578 3288 in
607 3253 710 3289 illum
731 3253 908 3290 Abrahae
933 3253 1055 3289 sinum
1078 3253 1262 3288 Christum

200 3308 394 3345 manum
419 3306 560 3342 venisse
585 3316 694 3342 sacra
723 3306 912 3355 Scriptura
931 3305 1079 3341 dixisset
1106 3315 1180 3340 non
1201 3316 1262 3341 no-

149 3379 154 3381 -
164 3356 346 3396 minato
381 3357 529 3405 inferno
561 3358 709 3407 eiusque
735 3357 939 3403 doloribus,
968 3358 1087 3394 miror
1113 3358 1146 3393 si
1171 3358 1262 3406 quis-

203 3441 261 3461 {sazss
276 3442 295 3462 3„

1315 1581 1426 1618 quam
1454 1581 1538 1606 eum
1566 1569 1617 1606 ad
1642 1570 1780 1617 inferos
1808 1570 2031 1607 descendisse
2062 1583 2227 1608 asserere
2257 1572 2367 1610 aude·

1314 1627 1378 1658 ret.
1399 1622 1472 1659 Sed
1489 1623 1574 1670 quia
1593 1622 1772 1659 evidentia
1790 1624 1995 1660 testimonia
2013 1629 2046 1660 et
2064 1625 2252 1671 infernum
2270 1637 2367 1662 com-

1314 1680 1523 1711 memorant
1541 1681 1574 1711 et
1592 1674 1747 1720 dolores,
1769 1675 1870 1712 nulla
1898 1688 2010 1713 causa
2037 1679 2198 1713 occurrit
2215 1689 2284 1714 cur
2305 1678 2367 1714 illo

1313 1727 1486 1764 credatur
1511 1729 1652 1764 venisse
1678 1728 1858 1773 Salvator,
1879 1730 1950 1765 nisi
1976 1734 2014 1765 ut
2039 1731 2087 1765 ab
2106 1730 2239 1766 eisdem
2267 1730 2367 1767 dolo-

1314 1781 1414 1816 ribus
1439 1780 1560 1817 salvos
1576 1780 1735 1827 faceret.
1775 1780 1851 1817 Sed
1879 1781 1986 1817 locus
2017 1781 2197 1818 dolorum
2234 1789 2289 1819 est
2315 1782 2367 1819 in—

1313 1831 1442 1874 fernus
1470 1831 1752 1872 damnatorum.
1782 1833 1883 1879 Ergo
1911 1832 2082 1870 Christus
2109 1834 2149 1870 in
2177 1834 2367 1871 infernum

1313 1883 1586 1921 damnatorum
1614 1884 1818 1921 descendit.

1370 1936 1403 1972 5.
1420 1936 1650 1982 PRAETEREA,
1666 1936 1761 1973 sicut
1775 1937 2010 1984 Augustinus
2029 1937 2128 1982 dicit,
2144 1938 2183 1974 in
2197 1939 2368 1986 quodam

1314 1988 1503 2026 Sermone
1529 1989 1576 2025 de
1601 1990 1777 2026 Passione
1796 1988 1810 2018 β
1828 1989 1863 2035 *,
1894 1990 2065 2027 Christus
2097 1990 2145 2027 ad
2177 1990 2368 2028 infernum

1314 2040 1549 2077 descendens
1577 2053 1704 2078 omnes
1732 2043 1840 2078 iustos
1859 2045 1922 2091 qui
1938 2043 2117 2092 originali
2128 2050 2281 2092 peccato
2304 2044 2367 2080 ad-

1312 2094 1426 2130 stricti
1460 2095 1694 2139 tenebantur,
1727 2095 1891 2131 absolvit.
1930 2095 2007 2131 Sed
2043 2094 2139 2132 inter
2174 2096 2256 2132 illos
2291 2103 2369 2132 erat

1303 2198 1531 2245 fundissima
1558 2199 1698 2246 inferni
1727 2199 1942 2236 descendent
1977 2201 2103 2236 omnia
2133 2212 2228 2237 mea.
2266 2194 2382 2248 Ergo'

1315 2249 1487 2287 Christus
1513 2250 1627 2287 etiam
1655 2262 1778 2299 usque
1797 2251 1845 2287 ad
1864 2251 2206 2300 profundissimum
2234 2252 2367 2290 inferni

1313 2303 1517 2339 descendit.

1368 2355 1441 2392 SED
1471 2367 1614 2392 CONTRA
1632 2367 1697 2392 EST
1716 2355 1822 2404 quod
1846 2356 1893 2393 de
1921 2356 2068 2393 inferno
2095 2357 2367 2404 damnatorum

1314 2407 1460 2453 dicitur,
1489 2409 1558 2444 Iob
1576 2419 1599 2444 x
1618 2407 1657 2444 *z
1685 2409 1892 2458 Antequam
1919 2410 2066 2455 vadam,
2086 2415 2119 2446 et
2142 2422 2215 2447 non
2244 2423 2366 2448 rever·
2393 2421 2403 2429 ⁹
2440 2426 2452 2441 e
2513 2427 2521 2442 ι

1313 2466 1383 2506 tar,
1404 2461 1455 2497 ad
1478 2466 1617 2497 terram
1644 2463 1873 2498 tenebrosam
1901 2467 1934 2498 et
1960 2468 2126 2511 opertam
2151 2464 2278 2500 mortis
2305 2475 2366 2500 ca-

1314 2514 1439 2562 ligine,
1461 2520 1528 2549 etc.
1554 2518 1569 2541 Υ
1604 2514 1719 2549 Nulla
1743 2521 1871 2550 autem
1900 2522 1954 2550 est
1981 2516 2171 2551 conventio
2203 2515 2292 2552 lucis
2319 2516 2370 2552 ad

1314 2568 1501 2602 tenebras:
1531 2573 1573 2602 ut
1601 2565 1735 2602 dicitur
1762 2567 1791 2602 11
1823 2567 1908 2603 Cor.
1927 2579 1962 2603 VI
1980 2566 2010 2603 ²¹⁸.
2047 2567 2147 2614 Ergo
2182 2567 2364 2615 Christus,
2393 2579 2404 2589 ·
2440 2584 2476 2599 es
2501 2585 2509 2600 ι

1315 2618 1381 2668 qui
1410 2625 1464 2654 est
1482 2619 1556 2665 lux,
1577 2618 1626 2655 ad
1645 2618 1752 2655 illum
1780 2618 1970 2655 infernum
1990 2619 2258 2656 damnatorum
2286 2632 2366 2657 non

1315 2669 1519 2708 descendit.

1368 2724 1591 2760 RESPONDEO
1609 2735 1788 2760 monimum
1807 2724 1913 2772 quod
1933 2723 2130 2773 dupliciter
2148 2724 2282 2760 dicitur
2305 2724 2366 2762 ali-

1315 2776 1408 2825 quid
1445 2775 1582 2813 alicubi
1616 2787 1708 2812 esse.
1746 2777 1834 2813 Uno
1862 2777 2002 2823 modo,
2030 2788 2100 2825 per
2131 2788 2245 2813 suum
2277 2777 2366 2818 effe-

1316 2836 1431 2865 ctum.
1471 2829 1519 2865 Et
1546 2828 1620 2864 hoc
1648 2828 1766 2864 modo
1805 2828 1976 2865 Christus
2003 2827 2042 2864 in
2070 2829 2277 2877 quemlibet
2311 2828 2366 2866 in-

1315 2881 1467 2918 fernum
1486 2878 1499 2901 ⁶
1527 2879 1740 2917 descendit:
1770 2879 1875 2917 aliter
1902 2888 2030 2917 tamen
2058 2887 2093 2918 et
2120 2880 2234 2918 aliter.
2263 2882 2367 2918 Nam

1315 2933 1356 2970 in
1383 2933 1574 2969 infernum
1602 2932 1872 2970 damnatorum
1900 2932 2032 2969 habuit
2057 2933 2162 2970 hunc
2189 2933 2367 2970 effectum

1316 2986 1438 3034 quod,
1468 2984 1702 3021 descendens
1730 2984 1779 3021 ad
1806 2984 1955 3031 inferos,
1981 2997 2047 3021 eos
2080 2985 2128 3021 de
2155 2997 2225 3022 sua
2252 2985 2367 3022 incre-

1316 3038 1469 3074 dulitate
1498 3044 1533 3072 et
1551 3036 1690 3073 malitia
1718 3037 1933 3073 confutavit.
1963 3037 2033 3073 Illis
2063 3049 2155 3074 vero
2183 3037 2249 3086 qui
2277 3038 2367 3075 deti—

1316 3090 1506 3127 nebantur
1532 3089 1571 3125 in
1590 3089 1821 3137 purgatorio,
1842 3101 1948 3138 spem
1969 3089 2108 3138 gloriae
2133 3101 2368 3139 consequen-

1316 3143 1386 3179 dae
1415 3141 1528 3179 dedit.
1559 3141 1704 3178 Sanctis
1732 3148 1860 3178 autern
1885 3141 2070 3189 Patribus,
2094 3141 2160 3191 qui
2187 3154 2258 3192 pro
2286 3144 2368 3179 solo

1315 3201 1472 3243 peccato
1500 3193 1670 3241 originali
1697 3193 1962 3231 detinebantur
1988 3193 2027 3231 in
2056 3193 2213 3241 insemo,
2238 3196 2369 3233 lumen

1316 3253 1489 3283 aeternae
1517 3245 1656 3294 gloriae
1683 3245 1828 3283 infudit.

1369 3298 1454 3335 Alio
1491 3298 1611 3335 modo
1649 3297 1785 3335 dicitur
1824 3297 1965 3347 aliquid
2003 3310 2084 3335 esse
2124 3298 2262 3336 alicubi
2301 3311 2371 3348 per

1317 3362 1425 3389 suam
1465 3350 1677 3388 essentiam.
1716 3351 1764 3388 Et
1801 3351 1875 3389 hoc
1910 3351 2030 3388 modo
2067 3351 2195 3388 anima
2232 3351 2370 3390 Christi

1369 3479 1395 3513 ὅ)
1415 3480 1588 3513 infernum.—
1605 3480 1640 3508 E;
1659 3480 1791 3514 infernum
1811 3480 1999 3505 damnatorum
2013 3480 2125 3510 ABCFa,
2139 3481 2326 3506 damnatorum
2339 3482 2370 3512 D,

1315 3510 1469 3547 (quaelibet)
1489 3515 1646 3548 inferiorum
1665 3515 1715 3548 pG,
1734 3515 1896 3547 (quemlibet)
1918 3516 2063 3549 inseror-um
2083 3516 2130 3546 sG,
2149 3517 2287 3548 (qualibet)
2305 3517 2371 3550 inse·-

260 3477 289 3583 αξ
306 3480 451 3512 κρίνίταμ-
467 3480 648 3512 spiritualiter
667 3479 690 3505 b

235 3513 277 3547 ,β
305 3515 477 3547 Passionem
493 3515 624 3542 Resurre
620 3515 699 3540 tione
716 3515 750 3545 P;
769 3515 803 3539 ita
821 3514 934 3546 saepius.

303 3550 458 3585 ttae-0¹11-
473 3550 563 3580 Gflab,
577 3550 622 3576 ubi
640 3551 726 3575 nullus
746 3549 812 3575 ordo
824 3550 871 3575 sed
884 3549 1060 3581 sempiternus
1078 3550 1176 3575 horror
1190 3549 1264 3575 inha-
1316 3550 1418 3575 riorum
1438 3550 1487 3581 Hb,
1507 3551 1672 3584 infernorum
1692 3551 1745 3576 Plc.

2068 420 2214 468 ,quod
2249 421 2413 458 eduxit·
2400 427 2487 482 {msc-
2513 429 2550 450 ei·
2574 429 2598 450 in

2211 733 2230 755 *
2266 733 2371 772 habi,
2400 739 2407 747 '
2418 738 2465 765 Qu.
2476 744 2525 766 un,
2536 742 2576 761 nrt.
2590 747 2608 762 ι.

2396 1175 2404 1185 ”
2420 1175 2467 1202 Qu.
2476 1181 2524 1202 ιιι,
2535 1179 2575 1198 art.
2587 1183 2604 1198 ι.

2394 2051 2424 2072 Se
2412 2025 2467 2072 eim
2470 2026 2578 2078 Apgix2

2394 2077 2533 2130 0¹21}va
2534 2084 2579 2124 ’'b’'

1313 2144 1433 2182 etiam
1447 2145 1533 2182 Iob:
1563 2145 1630 2194 qui
1648 2146 1696 2183 de
1715 2145 1840 2194 seipso
1859 2146 1957 2193 dicit,
1976 2149 2046 2184 Iob
2064 2159 2134 2184 xvn
2151 2147 2188 2184 *ε
2218 2150 2264 2184 In
2278 2161 2367 2197 pro·
2393 2157 2405 2167 ·
2413 2130 2520 2178 “eii-q
