2872 3970
81 1314 170 1341 ⁴Lib.1‚
177 1319 293 1341 cnpoexvr.

68 1499 168 1528 serent.
191 1499 231 1520 lib.
286 1514 292 1526 ,

77 1531 132 1554 cup·
145 1531 194 1548 xix.
224 1548 226 1550 ,

1064 226 1326 273 QUAESTIO
1357 227 1388 274 I,
1417 226 1710 281 ARTlCULUS
1739 228 1788 264 Vl

327 316 412 340 cum
441 305 561 341 adhuc
589 306 793 342 reverentia
827 305 979 354 segnior
1007 310 1097 340 esset
1115 302 1145 349 θ,
1167 310 1298 353 postea
1320 316 1393 352 per

326 359 490 405 Moysen
510 359 651 407 Legem
671 358 795 394 litteris
822 356 926 393 dedit.
965 358 1012 392 Et
1040 358 1125 405 quia
1154 369 1236 393 eam
1264 362 1392 405 gentes

324 416 541 459 spreverunt
569 423 642 446 non
666 422 705 446 se
731 411 959 446 subiicientes
978 411 1022 454 ei,
1044 421 1160 458 neque
1186 410 1226 445 hi
1252 410 1315 458 qui
1332 421 1390 445 ac-

325 468 499 511 ceperunt
516 468 766 508 servaverunt,
786 467 905 498 motus
930 462 1184 498 misericordia
1208 463 1390 498 Dominus

324 516 421 551 misit
447 515 584 552 Filium
611 527 731 561 suum,
760 516 838 564 qui,
866 514 951 551 data
980 515 1149 550 omnibus
1177 516 1391 551 remissione

318 574 581 616 peccatorum,
610 569 691 604 Deo
722 569 830 604 Patri
864 567 944 603 illos
978 569 1189 615 iustificatos
1226 566 1387 615 offerret.

325 619 367 657 Si
394 627 524 657 autem
552 620 628 656 hoc
655 619 872 656 remedium
900 619 1115 656 differretur
1133 631 1258 668 usque
1287 619 1326 655 in
1345 619 1389 655 fi-

324 684 416 709 nem
445 672 592 719 mundi,
613 672 774 709 totaliter
799 672 870 708 Dei
899 671 1030 708 notitia
1053 680 1089 709 et
1117 672 1327 708 reverentia
1354 679 1390 707 et

324 736 479 762 morum
510 726 690 762 honestas
722 724 862 761 abolita
888 724 1017 761 fuisset
1044 724 1228 761 in‘terris.

377 777 509 814 Tertio
537 785 694 826 apparet
722 778 829 827 quod
858 778 933 814 hoc
957 789 1037 814 non
1064 777 1220 814 fuisset‘
1247 789 1387 813 conve-

323 829 433 867 niens
460 830 509 867 ad
537 830 882 867 manifestationem
910 830 1062 867 divinae
1090 829 1257 867 virtutis:
1287 842 1387 878 quae

322 882 496 932 pluribus
515 883 642 920 modis
671 883 850 920 homines
869 883 1038 930 salvavit,
1059 895 1140 920 non
1168 883 1293 919 solum
1318 894 1388 930 per

321 935 441 972 fidem
469 935 603 983 futuri,
634 937 699 973 sed
730 936 844 973 etiam
871 948 941 985 per
967 935 1084 973 fidem
1114 934 1323 984 praesentis
1352 942 1387 970 et

320 996 523 1037 praetenti.

374 1042 431 1078 AD
461 1053 596 1079 PRIMUM
615 1054 712 1079 ERGO
740 1054 923 1079 DICENDUM
943 1042 1049 1091 quod
1079 1041 1215 1078 Glossa
1243 1040 1304 1077 illa
1324 1052 1386 1076 ex—

320 1093 430 1143 ponit
443 1100 459 1116 *
478 1094 526 1131 de
545 1094 806 1132 misericordia
823 1095 1057 1144 perducente
1077 1094 1125 1130 ad
1145 1092 1316 1142 gloriam.
1346 1092 1385 1130 Si

320 1154 450 1184 tamen
478 1148 659 1184 referatur
685 1149 734 1185 ad
753 1147 1055 1184 misericordiam
1078 1146 1285 1183 exhibitam
1314 1146 1385 1182 hu-

321 1212 439 1237 mano
458 1200 586 1248 generi
604 1213 674 1249 per
691 1200 995 1238 incarnationem
1017 1199 1167 1245 Christi,
1183 1198 1385 1235 sciendum

321 1260 376 1288 est
403 1253 521 1301 quod,
544 1253 640 1290 sicut
667 1253 903 1300 Augustinus
931 1253 1031 1298 dicit,
1061 1251 1100 1288 in
1129 1251 1225 1288 libro
1254 1251 1384 1287 Retra-

319 1306 520 1343 ctationum
539 1305 570 1352 ²¹²,
598 1313 752 1355 tempus
779 1304 1049 1342 incarnationis
1076 1312 1200 1353 potest
1228 1316 1384 1352 compa-

320 1357 394 1394 rari
421 1357 609 1395 iuventuti
637 1358 799 1395 humani
835 1357 1002 1406 generis,
1026 1363 1182 1407 propter
1213 1357 1384 1406 uigorem

309 1412 580 1461 fervoremque
595 1411 704 1459 fidei,
725 1423 821 1460 quae
841 1423 914 1460 per
941 1411 1170 1448 dilectionem
1191 1415 1386 1459 operatur:

81 1472 294 1520 ’Cf-1⁸id0r-Dff-
320 1464 504 1501 senectuti
541 1472 690 1510 autem,
720 1475 820 1512 quae
859 1471 913 1500 est
949 1471 1054 1500 sexta
1090 1470 1192 1500 aetas
1219 1462 1259 1508 ³¹⁶,
1293 1474 1383 1511 pro-

314 1523 400 1566 pter
427 1529 625 1554 numerum
652 1523 883 1566 temporum,
912 1518 997 1566 quia
1030 1517 1194 1553 Christus
1221 1517 1319 1552 venit
1346 1516 1383 1551 in

2461 238 2504 263 21

1445 310 1548 341 sexta
1568 311 1694 342 aetate.
1725 306 1772 342 Et
1792 307 1958 354 quamvis
1978 307 2014 342 in
2035 318 2192 354 corpore
2212 318 2285 342 non
2300 307 2414 355 possit
2433 317 2510 342 esse

1444 358 1554 394 simul
1581 360 1745 395 iuventus
1770 364 1803 394 et
1820 364 1995 403 senectus,
2009 364 2127 406 potest
2154 365 2275 395 tamen
2304 358 2415 395 simul
2433 370 2510 394 esse

1445 410 1482 445 in
1498 412 1648 447 anima:
1667 411 1730 447 illa
1739 416 1895 459 propter
1913 411 2154 456 alacritatem,
2170 413 2236 447 ista
2250 416 2406 460 propter
2419 422 2507 460 gra-

1444 464 1602 499 vitatem.
1633 464 1680 499 Et
1708 462 1795 499 ideo
1825 463 1863 499 in
1891 462 1987 499 libro
2012 463 2319 512 Octogintatrium
2348 465 2506 508 Quaest.,

1444 514 1582 551 alicubi
1596 515 1616 537 ’¹‘
1634 515 1727 552 dixit
1746 515 1980 563 Augustinus
2009 517 2115 564 quod
2145 528 2218 552 non
2241 518 2401 565 oportuit
2421 516 2506 552 divi-

1444 569 1538 604 nitus
1556 570 1683 605 venire
1700 570 1942 617 Magistrum,
1963 570 2065 604 cuius
2084 570 2284 605 imitatione
2302 570 2506 605 humanum

1441 631 1562 669 genus
1589 622 1626 657 in
1647 633 1770 657 mores
1797 622 1952 669 optimos
1968 622 2219 668 formaretur,
2249 623 2320 657 nisi
2344 627 2508 669 tempore

1443 675 1657 709 iuuentutis.-
1683 672 1771 709 alibi
1790 673 1810 694 '¹‘
1837 681 1967 710 autem
1995 673 2088 710 dixit
2117 673 2312 710 Christum
2341 673 2380 709 in
2404 681 2507 709 sexta

1443 733 1563 762 aetate
1600 726 1762 763 humani
1798 726 1964 773 generis,
2001 734 2186 775 tanquam
2222 726 2261 762 in
2295 732 2504 772 senectute,

1442 790 1605 814 venlsse.

1495 832 1551 867 AD
1580 843 1769 868 SECUNDUM
1788 843 1969 869 DICENDUM
1990 832 2095 880 quod
2120 844 2219 880 opus
2238 830 2505 868 incarnationis

1441 894 1522 919 non
1551 885 1679 920 solum
1707 891 1761 920 est
1789 884 2113 921 considerandum
2142 892 2183 921 ut
2210 884 2396 921 terminus
2424 895 2505 920 mo-

1440 942 1501 972 tus
1529 936 1576 972 de
1605 935 1826 985 imperfecto
1860 937 1908 974 ad
1937 937 2148 985 perfectum
2167 936 2200 973 λε
2231 937 2298 974 sed
2332 944 2374 973 ut
2402 936 2504 985 prin·

1441 987 1586 1036 eipium
1605 988 1844 1037 perfectionis
1873 989 1911 1026 in
1931 990 2104 1026 humana
2122 997 2269 1036 natura,
2290 997 2331 1025 ut
2359 988 2505 1025 dictum

1441 1047 1496 1076 est
1523 1040 1553 1076 ²¹².

1493 1094 1549 1128 AD
1569 1104 1728 1130 TER-rum
1747 1106 1929 1131 DICENDUM
1949 1095 2066 1143 quod,
2087 1094 2183 1131 sicut
2203 1095 2504 1143 Chrysostomus

1440 1144 1528 1181 dicit
1542 1145 1571 1191 ²¹⁵,
1589 1158 1705 1194 super
1729 1146 1821 1183 illud
1841 1148 1944 1183 Ioan.
1961 1147 2011 1190 ³⁶³⁴,
2042 1162 2060 1180 «
2078 1148 2169 1183 Non
2196 1146 2297 1183 misit
2317 1147 2423 1183 Deus
2445 1146 2504 1182 Fi-

1439 1197 1534 1233 lium
1554 1210 1669 1234 suum
1684 1198 1723 1234 in
1738 1199 1931 1235 mundum
1951 1207 1992 1235 ut
2011 1199 2150 1235 iudicet
2169 1199 2361 1235 mundum
2380 1214 2412 1245 »,
2433 1199 2504 1236 duo

1438 1256 1522 1286 sunt
1553 1251 1688 1286 Christi
1713 1252 1908 1288 adventus:
1929 1253 2076 1301 primus
2105 1251 2262 1300 quidem,
2284 1257 2321 1287 ut
2349 1253 2506 1287 remittat

1433 1308 1610 1351 peccata;
1636 1304 1833 1349 secundus,
1863 1310 1901 1340 ut
1928 1304 2058 1340 iudicet
2077 1309 2105 1340 μ.
2140 1305 2180 1340 Si
2206 1305 2303 1340 enim
2331 1305 2401 1340 hoc
2430 1316 2504 1340 non

1429 1355 1590 1402 fecisset,
1612 1357 1775 1393 universi
1807 1357 1918 1393 simul
1929 1357 2067 1405 perditi
2084 1362 2220 1393 essent:
2247 1368 2374 1393 omnes
2406 1358 2504 1392 enim

1433 1414 1705 1457 peccaverunt,
1743 1415 1776 1445 et
1820 1415 1929 1458 egent
1968 1410 2094 1459 gloria
2130 1410 2211 1445 Dei.
2254 1409 2366 1446 Unde
2403 1416 2505 1457 patet

1440 1461 1546 1509 quod
1566 1473 1647 1497 non
1667 1461 1798 1498 debuit
1817 1462 2028 1498 adventum
2047 1461 2330 1499 misericordiae
2350 1461 2503 1498 differre

1441 1525 1565 1562 usque
1594 1513 1633 1549 in
1662 1513 1782 1550 finem
1811 1514 1959 1551 mundi.

372 1648 397 1678 Θ)
414 1649 526 1682 segnior
544 1652 620 1674 esset.
631 1663 651 1667 —
669 1649 712 1677 913
731 1648 860 1673 senuisset
879 1648 908 1677 E.
921 1648 1055 1673 seniorum
1076 1652 1142 1673 esset
1154 1647 1227 1677 AHb,
1242 1647 1330 1672 minor
1348 1653 1387 1671 es-

319 1689 360 1711 set
378 1686 409 1716 D,
428 1685 518 1710 senior
537 1687 605 1709 esset
623 1684 708 1709 ceteri.

1494 1645 1519 1678 z)
1539 1646 1659 1678 exponit.
1672 1660 1691 1665 —
1710 1646 1858 1678 exponitur
1875 1647 1968 1672 DsEG.

1492 1679 1520 1711 λ)
1541 1682 1574 1706 de
1595 1681 1749 1715 imperfecto
1774 1682 1811 1706 ad
1830 1683 1989 1715 perfectum.
2007 1696 2026 1700 -
2044 1682 2086 1706 EF
2111 1688 2136 1707 et
2158 1682 2231 1707 tertia
2239 1690 2246 1712 ;
2272 1682 2304 1706 de
2324 1682 2445 1715 perfecto
2468 1682 2505 1706 ad

374 1719 393 1754 ι)
411 1720 484 1753 quod
502 1720 551 1745 hoc
569 1726 621 1744 non
638 1719 748 1752 suisset.
760 1733 779 1737 —
796 1718 832 1749 E;
853 1718 923 1750 quod
942 1718 990 1743 hoc
1007 1718 1108 1751 fuisset
1126 1718 1217 1750 prima,
1237 1717 1285 1742 hoc
1296 1717 1386 1750 fuisse
1439 1717 1631 1749 imperfectum.

319 1755 340 1780 F
359 1761 385 1781 et
403 1756 486 1780 tertia.

1493 1751 1521 1786 μ)
1540 1752 1645 1776 iudicet.
1659 1766 1677 1770 —
1696 1752 1824 1776 mundum
1844 1752 1941 1776 addunt
1961 1753 2002 1777 Pc.

992 1833 1327 1865 Commentaria
1351 1832 1603 1865 Cardinalis
1625 1832 1827 1864 Caietani

349 1933 370 1954 N
392 1923 526 1954 articulo
550 1927 640 1952 sexto
665 1921 808 1952 eiusdem
840 1923 961 1962 primae
985 1922 1182 1961 quaestionis
1211 1921 1306 1951 unica
1336 1926 1382 1950 est

322 1935 517 1998 Iconclusio
541 1966 686 2006 negative
706 1965 905 2006 respondens
929 1965 1092 2005 quaesito:
1116 1965 1193 1995 Non
1207 1966 1283 2007 fuit
1304 1974 1382 1995 con—

317 2012 448 2044 veniens
471 2011 727 2041 incarnationem
750 2010 878 2051 differri
902 2010 934 2040 in
947 2010 1053 2051 finem
1076 2009 1198 2040 mundi.
1228 2009 1384 2039 Probatur

316 2056 434 2097 triplici
449 2056 573 2085 ratione
594 2055 629 2084 in
648 2055 760 2085 littera.

372 2100 446 2135 Ubi,
463 2108 522 2139 pro
539 2099 663 2129 clariori
678 2098 885 2138 intelligentia
900 2098 1021 2138 primae
1042 2098 1183 2133 rationis,
1200 2103 1277 2127 nota
1294 2096 1383 2137 quod

318 2143 437 2184 duplex
469 2148 516 2173 est
547 2147 655 2173 motus
691 2143 851 2173 humanae
882 2147 1013 2172 naturae
1046 2141 1085 2172 de
1121 2141 1311 2182 imperfecto
1343 2140 1383 2171 ad

317 2187 512 2229 perfectum:
542 2196 626 2217 unus
649 2191 796 2226 respectu
818 2186 919 2227 ipsius
948 2191 1096 2222 naturae,
1120 2191 1157 2216 ut
1179 2185 1384 2225 distinguitur

317 2236 430 2262 contra
459 2231 680 2271 suppositum;
715 2230 793 2261 alter
819 2235 967 2270 respectu
996 2236 1127 2261 naturae
1152 2231 1186 2260 in
1209 2230 1383 2270 suppositis

317 2275 465 2316 propriis
493 2274 680 2306 Secundum
702 2275 843 2314 primum
865 2279 1007 2310 motum,
1032 2274 1208 2304 incarnatio
1231 2283 1265 2304 se
1288 2274 1384 2304 habet

317 2325 354 2350 ut
376 2319 547 2349 terminus:
579 2319 734 2358 quoniam
757 2319 790 2349 in
813 2328 911 2358 opere
934 2318 1160 2349 incarnationis
1187 2323 1300 2348 natura
1322 2318 1383 2348 hu—

315 2373 412 2394 mana
434 2363 468 2393 in
491 2363 598 2392 Deum
614 2367 775 2402 assumpta
795 2367 851 2392 est.
876 2362 965 2392 quta
985 2368 1093 2392 autem
1113 2362 1292 2392 secundum
1311 2371 1383 2392 mo-

315 2412 398 2443 tum,
414 2407 516 2446 gloria
537 2407 662 2436 animae
683 2411 714 2436 et
730 2407 873 2446 corporis
896 2407 930 2436 in
950 2405 1059 2437 futuro
1083 2406 1207 2436 mundo
1231 2415 1265 2436 se
1287 2406 1383 2436 habet

317 2456 354 2481 ut
368 2451 532 2486 terminus,
550 2450 680 2490 quando
699 2450 847 2481 homines
867 2450 1130 2490 glorificabuntur
1149 2455 1380 2481 consummate.

317 2495 359 2525 Et
380 2495 414 2524 in
434 2494 498 2524 hoc
521 2493 663 2525 secundo
687 2500 780 2525 motu
802 2495 990 2536 mysterium
1014 2495 1239 2524 incarnationis
1262 2504 1330 2525 non
1349 2504 1382 2525 se

1435 1921 1531 1950 habet
1547 1925 1582 1950 ut
1604 1921 1769 1956 terminus,
1786 1919 1842 1950 sed
1858 1925 1894 1950 ut
1909 1921 2103 1960 principium
2122 1920 2321 1950 effectivum:
2347 1920 2501 1959 quoniam

1437 1964 1582 1995 Christus
1599 1964 1663 1994 dux
1686 1964 1834 1994 omnium
1850 1965 2020 1995 hominum
2040 1964 2078 1994 ad
2094 1964 2228 2004 gloriam
2245 1968 2500 1994 consummatam

1436 2018 1494 2048 per
1513 2009 1604 2038 s'uam
1627 2009 1903 2044 resurrectionem,
1928 2014 2004 2044 etc.‚
2030 2015 2086 2038 est.
2110 2009 2244 2048 Propter
2266 2008 2407 2047 primum
2430 2016 2501 2037 mo-

1435 2058 1520 2088 tum,
1544 2062 1613 2082 non
1637 2052 1744 2082 decuit
1766 2053 1921 2082 incarnari
1948 2053 2055 2082 Deum
2078 2053 2111 2082 in
2134 2052 2293 2092 principio
2317 2051 2440 2088 mundi,
2465 2056 2501 2081 ut

1435 2096 1635 2136 praedictum
1659 2102 1705 2126 est
1720 2097 1746 2126 ὓ.
1770 2096 1904 2136 Propter
1926 2096 2105 2126 secundum
2134 2101 2278 2132 motum,
2302 2105 2369 2126 non
2394 2094 2502 2125 decuit

1436 2140 1553 2170 differri
1585 2141 1838 2170 incarnationem
1869 2141 1903 2170 in
1934 2140 2032 2170 finem
2064 2140 2187 2170 mundi.
2223 2140 2271 2170 Ex
2304 2141 2373 2179 ipsa
2405 2139 2501 2179 igitur

1434 2185 1557 2214 unione
1581 2184 1717 2214 duarum
1746 2190 1946 2220 naturarum,
1972 2184 2097 2214 divinae
2123 2184 2244 2214 scilicet
2267 2189 2298 2214 et
2329 2184 2499 2219 humanae,

1434 2229 1468 2258 in
1492 2228 1631 2264 Christo,
1655 2234 1807 2259 neutrum
1830 2229 2025 2258 conveniens
2042 2238 2109 2258 esse
2131 2233 2234 2268 patet:
2260 2228 2336 2267 quia
2358 2227 2499 2267 primum

1435 2273 1616 2303 adversatur
1645 2273 1827 2313 progressui
1849 2273 2007 2302 humanae
2034 2277 2165 2302 naturae
2188 2272 2228 2302 de
2246 2270 2435 2311 imperfecto
2460 2271 2499 2301 ad

1434 2316 1631 2357 perfectum;
1655 2316 1834 2347 secundum
1861 2316 2041 2347 adversatur
2071 2316 2250 2346 auctoritati
2280 2315 2379 2346 divini
2401 2315 2499 2345 Verbi

1434 2361 1589 2391 incarnati
1612 2360 1651 2391 ad
1675 2360 1900 2391 deducendum
1923 2360 1963 2390 de
1985 2361 2129 2400 potentia
2153 2359 2191 2390 ad
2215 2365 2322 2390 actum
2347 2368 2498 2389 consum-

1434 2410 1558 2435 matum
1587 2410 1733 2435 naturam
1763 2405 1936 2435 humanam
1966 2405 1999 2434 in
2028 2404 2164 2444 propriis
2194 2403 2386 2444 suppositis,
2410 2403 2498 2432 iuxta

1434 2449 1613 2480 secundum
1636 2455 1773 2480 motum.
1790 2467 1813 2471 —
1836 2448 1950 2479 Cetera
1973 2453 2046 2478 sunt
2070 2448 2161 2478 clara.

2536 518 2546 528 ⁸
2561 517 2607 545 Qu.
2623 523 2683 540 κων.

2535 676 2543 683 ·
2558 673 2593 694 De
2608 673 2665 695 Gen.
2682 676 2746 695 cont.

2532 699 2637 721 Manich.
2662 700 2702 722 lib.
2725 701 2744 727 1,

2533 731 2584 754 cap.
2599 732 2663 748 xxm.

2634 941 2651 966 λ

2532 1048 2542 1058 ’
2555 1047 2581 1069 In
2597 1054 2703 1076 corpore.

2533 1149 2542 1159 ·
2549 1147 2743 1174 uomitxxvln.

2532 1175 2561 1195 al.
2589 1174 2676 1196 XXVII
2685 1190 2691 1201 ,
2718 1174 2743 1195 in

2532 1201 2598 1222 loun.

2531 1229 2553 1239 '⁸
2567 1227 2624 1255 Cap.
2636 1233 2671 1253 111,
2682 1233 2741 1248 vers.

2534 1260 2566 1281 ¹7·

2628 1316 2646 1341 μ

2527 2099 2538 2111 ·
2552 2100 2602 2122 Art.
2618 2101 2726 2128 praeced.
