2872 3970
929 276 1190 323 QUAESTIO
1219 276 1300 323 LII,
1330 277 1621 315 ARTICULUS
1648 278 1698 314 IV

227 364 308 395 tota
323 356 364 394 in
383 355 554 406 quolibet
571 357 670 401 loco,
688 355 756 392 sed
775 367 855 392 non
873 355 1050 392 totaliter:
1073 355 1163 404 quia
1181 356 1287 392 nullo
1313 355 1316 376 ¹

227 411 315 448 loco
342 407 674 446 circumscribitur.
705 407 781 445 Sed
809 419 881 444 nec
909 407 1040 444 omnia
1063 409 1147 444 loca
1174 407 1289 445 simul

228 464 383 512 accepta
410 460 493 498 eius
520 459 817 498 immensitatem
845 460 1173 510 comprehendere
1200 471 1288 509 pos-

228 518 328 558 sunt.
371 513 600 561 Quinimmo
637 513 719 563 ipse
756 525 826 550 sua
864 511 1118 550 immensitate
1158 513 1290 551 onmia

229 563 532 616 comprehendit.
570 565 658 603 Hoc
693 572 824 603 autem
860 566 991 603 locum
1023 565 1137 603 habet
1164 565 1204 602 in
1231 565 1290 603 his

229 630 329 670 quae
353 617 600 668 corporaliter
618 625 654 654 et
673 617 995 667 circumscriptive
1015 626 1104 655 sunt
1121 618 1161 655 in
1189 619 1287 665 loco,

2320 292 2395 329 497

1342 357 1470 404 quod,
1500 356 1531 392 si
1558 364 1682 393 totum
1711 356 1755 393 sit
1783 357 1943 406 alicubi,
1970 359 2063 395 nihil
2101 359 2182 396 eius
2211 359 2256 396 sit
2284 368 2397 397 extra.

1344 408 1419 445 Sed
1449 409 1524 446 hoc
1551 409 1590 446 in
1610 409 1694 446 Deo
1714 410 1843 447 locum
1871 422 1951 448 non
1974 412 2100 448 habet.
2130 412 2241 450 Unde
2270 414 2399 461 Augu-

1344 459 1471 498 stinus
1492 461 1592 509 dicit,
1613 461 1653 498 in
1673 462 1860 507 Sermone
1889 464 1933 500 de
1952 465 2129 512 Symbolo
2148 465 2185 502 *z
2215 466 2305 502 Non
2328 477 2401 515 per

1343 513 1487 551 diversa
1506 520 1673 563 tempora
1700 515 1759 552 vel
1784 515 1868 553 loca
1886 516 2039 554 dicimus
2067 519 2199 567 ubique
2216 519 2399 555 Christum

1345 578 1421 603 esse
1447 572 1572 612 totum,
1602 573 1639 604 ut
1666 568 1776 605 modo
1805 570 1856 605 ibi
1881 575 1973 606 totus
1999 571 2054 616 sit,
2077 576 2110 606 et
2137 571 2210 607 alio
2238 576 2401 620 tempore

1344 619 1434 656 alibi
1459 625 1571 656 totus:
1597 620 1662 657 sed
1687 626 1724 657 ut
1750 633 1896 670 semper
1922 624 2055 671 ubique
2079 624 2124 659 sit
2150 629 2253 660 totus.

902 713 1236 747 Commentaria
1258 714 1509 748 Cardinalis
1531 716 1732 748 Caietam
1790 728 1792 731 ’

289 803 398 824 rruws
428 793 510 823 sicut
537 797 630 822 sonat
656 792 849 832 intelligitur.
875 811 895 815 -
926 794 962 823 In
989 802 1124 833 corpore
1150 803 1215 824 una
1242 799 1288 824 est

233 805 469 873 TconcIusio,
486 836 604 866 habens
620 836 735 866 multas
750 842 864 876 partes»,
881 837 1016 868 scilicet:
1033 837 1072 868 In
1098 838 1154 868 illo
1179 837 1287 868 triduo

233 881 379 912 Christus
391 878 467 922 salit
480 885 566 912 totus
581 880 615 910 in
636 880 793 920 sepulcrm
811 881 843 910 in
860 881 1001 922 inferne,
1018 886 1050 912 et
1064 881 1188 922 ubique.
1211 881 1289 912 Pro-

229 926 331 956 batur.
355 925 391 955 In
414 929 517 955 morte
534 923 661 960 Christi,
677 923 751 954 lieet
771 925 876 954 anima
898 924 992 955 fuerit
1015 931 1155 966 separata
1179 935 1196 955 a
1220 935 1290 956 cor-

1342 803 1431 834 pore,
1447 800 1598 826 neutrum
1621 801 1727 825 tamen
1751 795 1811 826 fuit
1834 802 2012 836 separatum
2036 807 2053 826 a
2076 806 2213 836 persona
2235 797 2305 827 Filii
2330 798 2399 828 Dei.

1343 838 1428 878 Ergo
1453 838 1596 869 Christus
1625 845 1730 876 totus,
1755 846 1814 870 etc.
1831 858 1852 861 —
1875 841 2028 870 Probatur
2052 842 2289 881 consequentia.
2317 842 2402 879 Quia

1343 882 1557 912 masculinum
1580 892 1681 922 genus
1704 883 1835 914 refertur
1858 884 1897 914 ad
1920 893 2099 924 personam,
2121 890 2270 915 neutrum
2294 891 2401 916 autem

1345 925 1385 955 ad
1407 932 1562 956 naturam.
1587 944 1607 949 -
1632 927 1725 957 Clara
1757 933 1830 958 sunt
1863 929 1971 958 omnia
1993 929 2026 958 in
2049 929 2159 958 littera.

1012 1078 1330 1121 ARTICULUS
1361 1079 1632 1129 QUARTUS

613 1166 770 1199 UTRUM
795 1166 1007 1199 cnmsws
1031 1168 1232 1207 ALIQUAM
1257 1168 1417 1200 MORAM
1441 1170 1754 1202 CONTRAXERIT
1777 1172 1820 1202 IN
1842 1172 2032 1203 INFERNO

1009 1247 1039 1271 111
1059 1247 1143 1277 Sem„
1158 1247 1218 1272 dist.
1236 1254 1295 1278 xxxi,
1315 1255 1360 1280 qu.
1379 1255 1407 1279 n,
1425 1254 1473 1273 an.
1494 1255 1517 1278 ι,
1536 1249 1586 1282 qu*
1607 1248 1630 1273 3.

348 1344 416 1378 ψῃ
441 1337 464 1372 p
485 1332 657 1368 QUARTUM
676 1336 727 1362 sm
746 1336 981 1363 Pnocnnrrua.
1006 1326 1167 1363 Videtur
1185 1327 1292 1375 quod

243 1391 246 1394 ’
266 1376 353 1431 &a
363 1367 619 1436 Christus
646 1378 794 1415 nullam
821 1389 974 1416 moram
1002 1378 1188 1416 contraxit
1207 1384 1225 1400 <²
1252 1378 1292 1416 in

253 1429 297 1481 ,Γ
318 1446 371 1482 ‘⁴⁷³
390 1435 413 1473 ‘6
444 1430 604 1468 inferno.
644 1429 817 1468 Christus
855 1431 959 1468 enim
991 1431 1040 1468 ad
1067 1432 1143 1468 hoc
1170 1431 1210 1468 in
1237 1431 1292 1468 in-

246 1458 385 1519 αζῖψ
402 1474 434 1517 K«
444 1483 598 1521 fernum
625 1482 820 1520 descendit
846 1491 889 1521 ut
914 1496 962 1521 ex
979 1496 1026 1521 eo
1054 1484 1233 1521 homines
1252 1484 1292 1521 li-

202 1532 206 1537 ’
233 1534 393 1574 beraret.
424 1537 501 1574 Sed
521 1537 597 1574 hoc
624 1535 750 1574 statim
769 1536 816 1573 ab
837 1549 884 1574 eo
902 1537 1042 1574 facturn
1073 1545 1128 1574 est
1151 1537 1190 1574 in
1209 1537 1292 1587 ipso

188 1613 193 1614 ν
234 1591 307 1627 suo
335 1588 542 1626 descensu:
570 1588 692 1638 facile
717 1591 816 1626 enim
849 1595 899 1626 est
935 1592 972 1627 in
1001 1596 1193 1640 conspectu
1222 1591 1296 1627 Dei

233 1642 352 1681 subito
378 1642 573 1679 honestare
593 1653 813 1692 pauperem,
842 1649 885 1679 ut
912 1642 1049 1680 dicitur
1074 1643 1188 1680 Eccli.
1208 1655 1243 1679 xl
1261 1641 1291 1679 *.

105 1685 119 1738 ξ’
132 1695 142 1735 j
175 1745 178 1748 ψ
203 1741 207 1746 .
235 1692 338 1743 Ergo
351 1693 504 1748 videtur
522 1694 630 1744 quod
648 1695 795 1732 nullam
813 1706 966 1732 moram
985 1695 1024 1732 in
1042 1695 1189 1732 inferno
1205 1707 1294 1732 con-

235 1747 355 1785 traxit.

291 1812 326 1838 2.
356 1796 588 1846 PRAmEREA,
609 1799 844 1849 Augustinus
863 1800 962 1846 dicit,
984 1800 1022 1837 in
1043 1801 1231 1838 Sermone
1251 1801 1296 1837 de

126 1843 127 1850 ἵ
174 1872 182 1910 ;
236 1854 413 1891 Passione
431 1852 465 1900 *,
486 1852 594 1902 quod
621 1855 700 1890 sine
726 1853 851 1902 aliqua
878 1866 998 1899 mora,
1023 1854 1074 1890 ad
1100 1855 1296 1904 imperium

177 1925 183 1932 ·
235 1906 393 1944 Domini
424 1918 470 1943 ac
498 1905 699 1943 Salvatoris
710 1934 720 1952 ,
750 1917 878 1942 omnes
916 1920 935 1938 «
955 1906 1081 1953 ferrei
1116 1907 1300 1954 confracti

235 1963 319 1997 sunt
336 1964 454 1997 vectes
470 1974 504 1995 ».
525 1958 636 1996 Unde
657 1969 703 1995 ex
721 1968 888 2007 persona
907 1958 1132 2007 angelorum
1157 1970 1296 1996 conco-

204 2035 209 2040 ·
236 2006 454 2065 mitantium
469 2010 667 2054 Christum
686 2009 872 2048 dicitur*:
899 2011 1028 2048 Tollite
1040 2017 1182 2062 portas,
1193 2013 1298 2061 prin-

237 2064 354 2117 cipes,
384 2069 532 2102 vestras.
571 2063 633 2100 Ad
655 2063 732 2100 hoc
760 2070 901 2100 autem·
918 2063 1090 2100 Christus
1118 2063 1206 2101 illuc
1233 2064 1297 2101 de-

237 2116 452 2158 scenditut
469 2124 596 2153 vectes
614 2116 750 2153 inferni
778 2115 1037 2164 confringeret.
1067 2117 1168 2164 Ergo
1190 2116 1297 2154 Chri-

237 2175 319 2209 stus
345 2169 386 2207 in
411 2168 560 2207 inferno
589 2169 735 2206 nullam
764 2180 917 2206 moram
944 2168 1139 2206 contraxit.

256 2228 257 2231 ’
279 2222 337 2261 ’3.’
356 2223 588 2268 Palmam,
608 2223 703 2259 Luc.
724 2233 806 2259 xxm
824 2221 844 2243 *
872 2221 1009 2258 dicitur
1027 2222 1134 2271 quod
1163 2221 1298 2258 Domi-

237 2275 324 2322 nus,
341 2271 383 2313 in
411 2286 524 2313 cruce
551 2273 741 2324 pendens,
771 2273 864 2311 dixit
892 2274 1044 2311 latroni:
1074 2274 1201 2312 Hodie
1226 2287 1299 2311 me-

238 2339 324 2366 cum
351 2329 424 2366 eris
441 2329 479 2365 in
493 2328 693 2377 paradiso.-
721 2339 767 2364 ex
795 2339 874 2376 quo
901 2335 1002 2376 patet
1027 2328 1134 2376 quod
1163 2327 1299 2364 eadem

238 2380 300 2419 die
329 2378 503 2418 Christus
529 2376 599 2418 fuit
616 2379 656 2418 in
674 2379 864 2430 paradiso.
894 2381 987 2417 Non
1013 2386 1143 2416 autem
1167 2391 1299 2416 secun-

238 2432 336 2473 dum
354 2444 506 2485 corpus,
527 2433 632 2494 quod
653 2432 823 2484 positum
842 2432 911 2470 fuit
929 2433 968 2470 in
988 2433 1174 2482 sepulcro.
1198 2433 1299 2481 Ergo

239 2486 455 2525 secundum
483 2496 665 2535 ammam,
687 2497 786 2536 quae
806 2486 854 2523 ad
874 2485 1066 2523 infernum
1094 2485 1300 2522 descende-

239 2535 326 2578 rat?
345 2538 395 2577 Et
421 2538 471 2577 ita
497 2538 650 2576 videtur
686 2539 794 2589 quod
822 2550 901 2576 non
929 2537 1113 2576 contraxit
1149 2549 1301 2575 moram

239 2592 280 2630 in
307 2592 469 2630 inferno.

294 2642 369 2683 SED
396 2655 540 2683 comm
576 2656 642 2683 ns‘r
669 2645 776 2695 quod
813 2645 947 2681 Petrus
985 2643 1090 2691 dicit,
1119 2644 1199 2680 Act.
1220 2656 1242 2680 11
1260 2644 1299 2680 *:

246 2698 367 2742 Quem
401 2698 503 2735 Deus
533 2699 737 2744 suscitavit,
763 2697 889 2735 solutis
925 2697 1111 2734 doloribus
1143 2697 1301 2744 inferni,

241 2752 347 2789 iuxta
383 2751 483 2811 quod
517 2751 738 2801 impossibile
773 2756 853 2787 erat
879 2751 997 2787 teneri
1031 2749 1133 2786 illum
1171 2750 1218 2786 ab
1246 2762 1300 2787 eo.

242 2801 344 2853 Ergo
362 2802 516 2841 vldetur
533 2804 639 2854 quod
667 2815 792 2853 usque
820 2803 867 2840 ad
896 2803 1033 2840 horam
1062 2802 1302 2840 resurrectio·

242 2854 302 2894 nis
328 2855 468 2894 mansit
495 2855 535 2893 in
562 2856 723 2894 inferno.
876 2855 878 2857 ’

294 2910 520 2948 Respounno
552 2921 734 2947 monimum
769 2909 875 2959 quod
906 2908 1002 2946 sicut
1040 2908 1232 2956 Christus,
1261 2916 1304 2945 ut

296 3020 324 3057 α)
342 3022 490 3048 contraxit.
502 3036 521 3042 —
533 3015 705 3048 contraxerit
717 3023 749 3052 G,
763 3023 853 3048 traxit
865 3023 895 3052 Ε,
910 3023 1030 3047 traxerit
1048 3023 1171 3048 editiones
1179 3029 1186 3052 ;
1206 3022 1225 3047 P
1241 3022 1305 3046 infra

242 3058 328 3092 primo
346 3063 372 3083 et
389 3059 464 3083 tertio
482 3058 540 3083 ioco
558 3059 686 3088 traxerit,
707 3059 820 3083 secundo
839 3058 938 3084 traxit.

1346 1335 1493 1365 nostras
1527 1340 1673 1378 poenas
1708 1328 1746 1365 in
1781 1342 1821 1365 se
1857 1329 2083 1378 susciperet,
2111 1331 2232 1368 voluit
2264 1343 2403 1381 corpus

1347 1393 1463 1418 suum
1481 1380 1520 1417 in
1540 1382 1716 1430 sepulcro
1743 1382 1848 1431 poni,
1869 1382 1919 1419 ita
1946 1382 2058 1420 etiam
2087 1383 2207 1420 voluit
2234 1384 2404 1422 animam

1347 1446 1459 1470 suam
1496 1433 1545 1470 ad
1579 1433 1771 1471 infernum
1806 1434 2048 1473 descendere.
2088 1435 2238 1485 Corpus
2275 1445 2403 1474 autem

1348 1486 1429 1524 eius
1457 1486 1596 1523 mansit
1636 1486 1675 1523 in
1703 1488 1878 1536 sepulcro
1905 1500 1975 1537 per
2008 1486 2111 1525 diem
2143 1488 2329 1536 integrum
2369 1499 2405 1527 et

1347 1539 1444 1576 duas
1472 1546 1602 1576 noctes
1630 1539 1679 1576 ad
1698 1540 2034 1589 comprobandum
2053 1540 2250 1578 veritatem
2271 1542 2404 1579 mortis

1348 1604 1451 1629 suae.
1481 1592 1592 1629 Unde
1612 1591 1726 1630 etiam
1745 1593 1970 1630 tantundem
1989 1593 2224 1631 credendum
2253 1602 2307 1631 est
2326 1595 2404 1632 ani-

1348 1657 1454 1682 mam
1475 1644 1555 1681 eius
1578 1644 1691 1682 fuisse
1711 1645 1750 1682 in
1769 1645 1936 1683 inferno:
1967 1654 2008 1683 ut
2036 1645 2150 1683 simul
2169 1646 2297 1684 anima
2325 1647 2405 1685 eius

1349 1698 1574 1734 educeretur
1601 1698 1649 1734 de
1677 1697 1836 1744 inferno,
1858 1706 1893 1736 et
1920 1710 2060 1747 corpus
2089 1699 2135 1735 de
2164 1701 2350 1748 sepulcro.

1403 1751 1459 1787 AD
1488 1762 1623 1787 PRIMUM
1650 1763 1747 1787 ERGO
1774 1763 1954 1788 D1CENDUM
1988 1751 2094 1800 quod
2120 1751 2291 1789 Christus
2311 1751 2335 1793 β,
2357 1753 2405 1789 ad

1349 1802 1541 1839 infernum
1570 1803 1815 1849 descendens,
1837 1811 1986 1840 sanctos
2014 1803 2065 1840 ibi
2092 1803 2288 1841 existentes
2316 1804 2405 1841 libe-

1350 1855 1457 1901 ravit,
1478 1867 1558 1892 non
1587 1855 1745 1904 quidem
1774 1855 1898 1892 statim
1921 1856 2121 1892 educendo
2151 1869 2217 1893 eos
2245 1857 2292 1893 de
2321 1859 2405 1894 loco

1351 1907 1497 1953 inferni,
1519 1907 1586 1944 sed
1614 1907 1653 1944 in
1681 1907 1765 1956 ipso
1785 1907 1932 1945 inferno
1961 1920 2027 1945 eos
2055 1910 2139 1945 luce
2167 1909 2306 1957 gloriae
2326 1909 2407 1946 illu-

1351 1959 1517 1997 strando.
1548 1960 1596 1996 Et
1623 1967 1753 1997 tamen
1772 1960 2005 1997 conveniens
2024 1961 2092 1998 fuit
2110 1969 2152 1998 ut
2179 1961 2310 1999 tandiu
2330 1961 2408 1998 ani-

1352 2025 1416 2049 ma
1452 2012 1534 2049 eius
1568 2020 1781 2053 remaneret
1807 2013 1847 2049 in
1875 2013 2021 2050 inferno
2060 2014 2232 2063 quandiu
2269 2027 2409 2063 corpus

1352 2065 1532 2102 manebat
1559 2064 1598 2101 in
1627 2067 1814 2114 sepulcro.

1404 2119 1461 2154 An
1490 2129 1678 2154 SECUNDUM
1706 2129 1885 2154 mOENDUM
1914 2119 2020 2166 quod
2047 2125 2163 2156 vectes
2191 2120 2329 2167 inferni
2355 2119 2409 2156 di-

1353 2177 1492 2207 cuntur
1519 2170 1793 2219 impedimenta
1821 2170 1960 2219 quibus
1980 2171 2098 2208 sancti
2125 2172 2253 2208 Patres
2281 2172 2329 2209 de
2353 2172 2409 2208 in-

1352 2223 1459 2260 ferno
1479 2222 1579 2259 exire
1598 2221 1912 2271 prohibebantur,
1929 2231 2034 2260 reatu
2053 2225 2187 2273 culpae
2206 2224 2320 2272 primi
2339 2225 2409 2261 Pa-

1353 2275 1478 2312 rentis.
1519 2275 1629 2322 Quos
1659 2274 1830 2312 Christus
1859 2275 1982 2312 statim
2020 2276 2254 2314 descendens
2287 2277 2335 2314 ad
2354 2276 2409 2314 in-

1353 2328 1464 2375 feros,
1484 2327 1621 2364 virtute
1647 2340 1739 2364 suae
1761 2327 1947 2377 passionis
1966 2336 2002 2364 et
2020 2328 2153 2365 mortis
2178 2329 2359 2377 confregit
2377 2329 2407 2366 *.

1355 2381 1402 2418 Et
1429 2388 1558 2417 tamen
1577 2379 1699 2416 voluit
1725 2380 1764 2416 in
1784 2379 1929 2417 inferno
1949 2380 2171 2430 aliquandiu
2200 2393 2407 2429 remanere,

1354 2441 1511 2483 propter
1538 2432 1724 2470 rationem
1751 2433 1984 2482 praedictam
2002 2433 2032 2469 ³¹⁸.

1408 2487 1464 2523 An
1492 2497 1649 2523 TERTIUM
1677 2497 1856 2522 DICENDUM
1884 2486 1991 2534 quod
2018 2485 2109 2522 illud
2138 2486 2302 2523 verbum
2330 2487 2408 2524 Do-

1355 2537 1451 2576 mini
1478 2546 1533 2574 est
1551 2538 1847 2586 intelligendum,
1868 2550 1947 2575 non
1966 2538 2013 2575 de
2041 2538 2217 2587 paradiso
2246 2539 2408 2576 terrestri

1355 2603 1555 2640 corporeo,
1577 2590 1644 2627 sed
1669 2591 1718 2627 de
1736 2590 1912 2639 paradiso
1941 2590 2134 2640 spirituali,
2153 2591 2192 2628 in
2220 2603 2299 2640 quo
2328 2603 2408 2628 esse

1356 2644 1535 2681 dicuntur
1563 2643 1799 2692 quicumque
1835 2643 1964 2680 divina
2000 2642 2118 2691 gloria
2153 2643 2407 2692 perfruuntur.

1356 2697 1467 2735 Unde
1495 2698 1589 2734 latro
1618 2697 1702 2733 loco
1732 2695 1889 2745 quidem
1926 2708 2016 2733 curn
2046 2696 2195 2733 Christo
2224 2697 2272 2733 acl
2300 2696 2409 2733 inser-

1356 2762 1454 2787 num
1481 2749 1694 2795 descendit,
1724 2756 1765 2785 ut
1792 2760 1882 2785 cum
1912 2748 2061 2785 Christo
2089 2756 2205 2793 esset,
2234 2748 2324 2797 quia
2357 2748 2409 2786 di-

1355 2811 1462 2840 ctum
1491 2809 1545 2838 est
1573 2801 1624 2847 ei,
1654 2813 1798 2838 mecum
1827 2803 1898 2837 eris
1927 2802 1963 2837 in
1986 2802 2184 2850 paradiso:
2218 2801 2283 2837 sed
2302 2809 2410 2849 prae-

1357 2855 1436 2892 mio
1465 2854 1505 2892 in
1533 2853 1709 2903 paradiso
1741 2852 1826 2898 suit,
1855 2853 1945 2902 quia
1972 2852 2023 2889 ibi
2052 2852 2244 2890 divinitate
2274 2853 2410 2890 Christi

1356 2907 1564 2952 fruebatur,
1592 2906 1687 2942 sicut
1715 2913 1750 2942 et
1778 2905 1838 2942 alii
1867 2905 1995 2942 sancti.

1412 3020 1438 3054 β)
1459 3020 1587 3045 Christus.
1605 3034 1623 3038 -
1641 3020 1731 3044 statim
1754 3019 1850 3044 addunt
1868 3019 1909 3044 EF
1929 3024 1954 3044 et
1971 3019 2056 3048 tertiam
2076 3026 2135 3043 mox
2153 3019 2244 3044 statim
2263 3019 2377 3044 om..1>c.

916 3118 1250 3169 Commendat-ia
1272 3134 1523 3167 cardinalis
1544 3133 1745 3165 Caieta-ni

305 3225 414 3248 nunus
436 3217 548 3247 clarus.
571 3233 596 3238 —
617 3216 653 3246 In
679 3223 815 3255 corpore
838 3215 932 3246 unica
956 3214 1139 3245 conclusio:
1166 3213 1305 3244 Creden-

246 3225 382 3293 Tdum
413 3266 461 3292 est
487 3260 630 3291 animam
652 3259 775 3290 Christi
799 3259 910 3300 fuisoe
941 3259 974 3288 in
1003 3258 1133 3299 inferno
1161 3257 1304 3298 quandiu

244 3315 364 3347 ,corpus
393 3305 462 3336 aius
475 3304 549 3346 fuit
578 3304 611 3334 in
633 3303 792 3344 sepulcro.
824 3303 980 3333 Probatur
1006 3312 1044 3332 ex
1074 3301 1305 3342 proportionali

247 3346 468 3384 similitudine:
493 3348 569 3389 quia
591 3353 764 3387 utrumque
787 3346 901 3382 effecit,
916 3346 1036 3376 scilicet
1058 3345 1247 3376 descensum
1266 3344 1305 3375 ad

247 3391 366 3424 inferos
389 3397 421 3423 et
442 3392 636 3433 positionem
660 3391 803 3431 corporis
826 3391 859 3420 in
883 3389 1044 3429 sepulcro,
1069 3394 1104 3419 ut
1127 3394 1248 3419 nostras
1272 3389 1304 3418 in

248 3445 282 3468 se
304 3446 426 3477 poenas
448 3437 630 3476 susciperet.
661 3435 709 3465 Ex
732 3435 794 3464 hoc
818 3434 904 3464 enim
936 3433 1234 3464 convenientissime
1257 3442 1304 3462 se-

249 3481 358 3521 quitur
379 3486 416 3511 ut
438 3480 549 3511 ambae
573 3479 667 3510 simul
690 3479 898 3509 terminentur
920 3486 1054 3517 poenae.

303 3523 441 3556 Adverte
464 3525 516 3555 hic
540 3523 629 3564 quod
651 3522 859 3563 poenalitates
883 3521 1000 3552 Christi
1016 3530 1118 3561 usque
1141 3519 1181 3550 ad
1203 3529 1304 3550 resur-

249 3568 425 3600 rectionem
448 3569 517 3599 eius
539 3567 746 3598 duraverunt:
770 3571 806 3596 ut
827 3564 994 3596 manifeste
1022 3570 1108 3605 patet
1138 3564 1178 3595 de
1200 3572 1304 3603 poena

391 3629 501 3655 Summa
513 3628 614 3654 Tnoz..
634 3629 666 3654 D.
679 3628 794 3653 Timum
813 3627 843 3652 T.
857 3627 922 3651 vm.

1359 3213 1563 3253 separationis
1587 3213 1710 3242 animae
1733 3221 1751 3241 a
1774 3220 1924 3250 corpore;
1955 3211 2036 3241 hanc
2065 3211 2150 3241 enim
2174 3216 2296 3241 constat
2322 3212 2412 3242 susti-

1358 3257 1465 3287 nuisse
1482 3255 1643 3287 Christum
1659 3263 1762 3294 usque
1778 3254 1817 3284 ad
1832 3255 2094 3285 resurrectionem
2110 3263 2210 3284 suam.
2227 3254 2320 3285 Unde
2335 3263 2413 3285 con—

1358 3301 1592 3331 venientissime
1615 3299 1738 3329 Auctor
1768 3307 1805 3328 ex
1836 3298 2001 3328 duratione
2031 3298 2230 3338 poenalitatis
2260 3306 2358 3338 quam
2379 3299 2410 3328 in

1359 3353 1495 3384 corpore
1510 3343 1648 3383 suscepit
1663 3342 1800 3382 sepulto,
1817 3342 1918 3382 arguit
1934 3342 2098 3382 aequalem
2119 3341 2319 3372 durationem
2333 3351 2412 3382 poe-

1357 3388 1492 3418 nalitatis
1515 3392 1680 3426 susceptae
1703 3386 1736 3416 in
1752 3387 1856 3416 anima
1880 3395 1917 3415 ex
1940 3385 2056 3416 vilitate
2080 3385 2143 3415 Ioci
2165 3384 2292 3416 inferni.

1413 3431 1449 3461 11.
1475 3430 1560 3461 Cum
1583 3435 1689 3460 autem
1712 3429 1801 3460 audis
1832 3429 2037 3470 poenalitates
2070 3429 2185 3459 Christi
2213 3430 2246 3459 in
2275 3438 2411 3460 resurre-

1358 3476 1464 3505 ctione
1487 3483 1544 3505 sua
1565 3474 1755 3509 terminatas,
1779 3473 1919 3513 intellige
1942 3472 1980 3503 de
2003 3473 2116 3513 poenis
2139 3473 2324 3509 intrinsecis,
2347 3473 2412 3503 hoc

1360 3524 1405 3549 est
1431 3520 1539 3558 ipsum
1562 3517 1724 3548 Christum
1755 3516 1971 3551 afficientibus,
1996 3522 2026 3547 et
2049 3526 2116 3547 non
2139 3517 2252 3556 poenis
2268 3517 2411 3547 externis

1359 3564 1428 3593 Hae
1445 3563 1530 3593 enim
1546 3571 1612 3592 non
1628 3567 1701 3592 sunt
1716 3562 1748 3591 in
1765 3561 1847 3591 illius
1863 3561 2090 3591 resurrectione
2113 3561 2314 3590 terminatae:
2338 3569 2414 3590 narn

2239 3621 2270 3647 63

2428 473 2435 481 “
2448 471 2502 492 Loc.
2515 470 2552 492 cit.

2438 2338 2446 2347 ·
2461 2336 2496 2358 (Ἃ,
2509 2335 2581 2357 Isaiae
2594 2340 2646 2362 cap.

2436 2369 2488 2389 ην,
2503 2367 2562 2383 vers.
2577 2366 2596 2382 α.

2438 2441 2446 2450 ·
2459 2441 2485 2462 1η
2500 2445 2606 2468 corpore.
