2872 3970
252 1046 262 1055 ⁸
273 1043 320 1070 Qu.
328 1048 388 1069 um,
395 1046 435 1064 art.
443 1048 463 1070 5.

256 2097 266 2107 ·
281 2096 382 2118 Paterius

258 2147 362 2178 ⁴⁸1on
342 2147 379 2168 sia
390 2147 419 2168 Ve
421 2149 436 2168 t.
445 2149 468 2168 et

256 2173 441 2228 gxodrecatpftn.
413 2180 455 2201 upe
444 2179 467 2195 r

257 2410 266 2419 ⁸
280 2410 330 2431 Art.
347 2416 365 2431 1.

497 310 570 358 348

1292 457 1608 500 ARTICULUS
1636 457 1866 500 TERTIUS

702 552 858 584 UTRUM
882 551 1094 583 efflus‘rus
1117 550 1160 581 ΙΝ
1183 549 1318 581 PRIMO
1344 548 1548 579 1NSTANT1
1572 548 1683 580 SUAE
1706 547 2027 580 CONCEPTIONIS
2050 548 2213 579 MERERt
2236 548 2458 580 PoruERrr
2495 568 2497 571 .

1152 628 1183 652 111
1204 628 1286 657 Sene„
1306 627 1365 653 dist.
1384 633 1453 656 xvm,
1473 631 1521 652 art.
1542 625 1572 656 33
1593 626 1634 651 De
1657 625 1747 656 Ver-it„
1767 634 1811 659 qu.
1830 633 1894 657 mx,
1914 631 1960 651 art.
1979 626 2005 651 8.

528 735 583 771 >¹
610 741 679 780 ff<
701 733 723 757 n
741 731 900 756 TERTIUM
926 729 978 755 stc
998 728 1232 754 PROCEDITUR.
1262 714 1422 752 Videtur
1443 714 1550 763 quod

559 769 571 796 ”
632 770 672 812 'ii
703 771 875 809 Christus
903 770 942 807 in
969 769 1095 819 primo
1116 767 1267 805 instanti
1295 779 1386 804 suae
1415 779 1551 804 conce-

541 852 543 854 ·
539 805 629 868 MV,
650 828 672 871 (1
686 821 841 874 ptionis
860 822 998 859 mereri
1017 833 1097 858 non
1116 820 1292 870 potuerit.
1322 819 1428 857 Sicut
1446 818 1551 856 enim

548 852 645 911 ζ’·’ῑώ
659 867 741 914 &se
770 876 884 913 habet
912 874 1076 911 liberum
1104 873 1302 910 arbitrium
1331 873 1379 909 ad
1401 883 1551 909 meren-

491 932 598 976 dum,
619 930 668 966 ita
688 930 736 966 ad
755 927 1046 965 demerendum.
1075 926 1151 963 Sed
1171 925 1375 963 diabolus
1366 937 1405 962 in
1424 924 1551 974 primo

491 983 641 1020 instanti
677 994 768 1019 suae
804 979 1003 1017 creationis
1040 991 1119 1016 non
1153 978 1278 1027 potuit
1304 989 1480 1028 peccare:
1511 985 1553 1015 ut

490 1037 529 1074 in
549 1035 677 1073 Prima
697 1036 806 1071 Parte
820 1033 840 1055 ’¹‘
858 1031 1034 1069 habitum
1053 1039 1118 1068 est.
1149 1032 1250 1080 Ergo
1278 1043 1404 1080 neque
1424 1029 1553 1068 anima

491 1087 630 1126 Christi
665 1088 703 1125 in
731 1086 858 1136 primo
887 1084 1039 1122 instanti
1067 1095 1158 1122 suae
1187 1083 1407 1130 creationis,
1445 1083 1551 1133 quod

489 1141 558 1179 fuit
585 1139 756 1190 primum
784 1138 927 1176 instans
955 1136 1217 1187 conceptionis
1246 1136 1400 1184 Christi,
1429 1136 1553 1186 potuit

490 1193 638 1231 mereri.

545 1259 579 1284 2.
601 1247 832 1291 piu-emm,
853 1244 945 1282 illud
965 1243 1072 1293 quod
1091 1243 1212 1280 homo
1233 1242 1348 1280 habet
1367 1242 1406 1280 in
1425 1241 1552 1292 primo

490 1299 641 1337 instanti
669 1310 760 1336 suae
789 1295 1065 1346 conceptionis,
1094 1295 1246 1332 videtur
1273 1295 1307 1332 ei
1335 1307 1416 1332 esse
1444 1302 1552 1332 natu-

491 1354 587 1389 rale:
624 1351 714 1401 quia
742 1352 818 1387 hoc
846 1358 900 1387 est
928 1350 976 1386 ad
1005 1349 1112 1398 quod
1140 1347 1367 1385 terminatur
1394 1360 1464 1385 sua
1492 1359 1553 1396 ge-

490 1405 635 1442 neratio
664 1403 856 1441 naturalis.
888 1403 964 1440 Sed
984 1401 1220 1439 naturalibus
1239 1413 1319 1438 non
1338 1412 1551 1438 meremur:

388 1472 401 1487 u
416 1471 462 1513 ξπ,
490 1466 532 1495 ut
551 1465 652 1507 patet
671 1469 717 1494 ex
732 1456 791 1492 his
810 1467 910 1504 quae
930 1454 1029 1491 dicta
1043 1461 1132 1491 sunt
1149 1453 1188 1490 in
1204 1454 1383 1491 Secunda
1397 1453 1541 1491 Parte*

459 1507 464 1518 '
491 1512 592 1559 Ergo
612 1510 762 1546 videtur
781 1508 887 1557 quod
907 1519 1001 1544 usus
1020 1506 1126 1544 liberi
1146 1506 1288 1543 arbitrii
1304 1518 1426 1566 quern
1445 1506 1554 1544 Chri-

491 1572 569 1600 stus
589 1562 722 1599 habuit
741 1561 956 1598 secundum
976 1559 1205 1597 hominem
1197 1571 1236 1596 m
1257 1559 1382 1619 primo
1402 1558 1554 1597 instanti

491 1628 582 1653 suae
611 1613 882 1663 conceptionis,
911 1625 991 1650 non
1019 1612 1129 1649 fuerit
1157 1612 1385 1649 meritorius.

547 1669 580 1705 3.
611 1670 842 1713 PRAETEREA,
872 1666 963 1703 illud
983 1666 1090 1715 quod
1110 1667 1229 1702 semel
1248 1665 1383 1714 aliquis
1403 1665 1553 1713 meruit,

492 1723 569 1759 iam
597 1721 682 1758 facit
701 1726 718 1742 ‘²
746 1719 1041 1768 quodammodo
1067 1730 1195 1764 suum,
1225 1725 1261 1754 et
1282 1717 1332 1755 ita
1351 1730 1431 1755 non
1449 1718 1554 1755 vide-

492 1783 554 1812 tur
581 1773 687 1823 quod
707 1773 844 1810 iterum
864 1771 982 1821 possit
1002 1771 1093 1808 illud
1113 1771 1217 1807 idem
1236 1769 1251 1800 β
1279 1770 1434 1808 mereri:
1464 1771 1555 1820 quia

493 1829 620 1865 nullus
647 1833 815 1863 meretur
843 1824 950 1883 quod
978 1836 1094 1860 suum
1114 1830 1179 1860 est.
1211 1822 1249 1860 Si
1271 1835 1360 1871 ergo
1382 1824 1555 1861 Christus

494 1880 533 1917 in
550 1879 686 1938 ‘primo
715 1877 866 1915 instanti
897 1889 988 1914 suae
1017 1875 1285 1924 conceptionis
1306 1876 1462 1923 meruit,
1498 1889 1555 1913 se-

494 1932 623 1982 quitur
650 1931 757 1980 quod
785 1937 917 1979 postea
945 1928 1039 1966 nihil
1066 1927 1258 1965 meruerit.
1300 1929 1419 1988 Quod
1453 1937 1556 1978 patet

495 1997 576 2022 esse
604 1985 752 2021 falsum.
781 1984 874 2019 Non
894 1994 982 2030 ergo
1004 1980 1208 2018 Christus
1199 1993 1238 2018 in
1258 1981 1385 2030 primo
1405 1981 1555 2019 instanti

495 2050 586 2075 suae
615 2035 875 2085 conceptionis
903 2034 1052 2072 meruit.

549 2091 621 2127 SED
651 2101 794 2126 CONTRA
813 2100 877 2125 EST
901 2087 1008 2136 quod
1026 2087 1261 2148 Augustinus
1279 2086 1300 2108 ‘¹‘
1327 2087 1426 2134 dicit,
1445 2100 1557 2137 super

494 2143 615 2180 Exod.
636 2142 670 2178 *ε
701 2142 790 2179 Non
814 2142 939 2178 habmt
967 2141 1120 2177 omnino
1143 2141 1317 2186 Christus,
1347 2141 1452 2177 iuxta
1479 2142 1556 2177 ani-

493 2209 578 2233 mae
604 2197 794 2240 meritum‚
828 2206 899 2243 quo
927 2194 1102 2243 potuisset
1127 2194 1324 2242 proficere.
1368 2192 1557 2230 Potuisset

495 2257 623 2286 autem
658 2247 844 2306 proficere
880 2246 919 2282 in
951 2246 1087 2282 merito
1123 2245 1153 2282 si
1181 2245 1220 2282 in
1248 2245 1375 2305 primo
1403 2245 1556 2283 instanti

494 2314 584 2339 suae
604 2299 864 2360 conceptionis
891 2311 971 2335 non
990 2298 1201 2335 meruisset
1231 2299 1333 2347 Ergo
1362 2297 1401 2335 in
1428 2298 1555 2348 primo

494 2353 646 2392 instanti
674 2365 765 2390 suae
794 2351 1054 2400 conceptionis
1082 2350 1222 2388 meruit
1251 2351 1435 2389 Christus.

547 2409 770 2445 RESPONDEO
789 2417 970 2442 memnon
990 2404 1108 2453 quod,
1127 2404 1223 2441 sicut
1241 2416 1359 2454 supra
1371 2404 1391 2426 '¹‘
1409 2404 1556 2442 dictum

495 2468 560 2507 est,
591 2459 763 2497 Christus
791 2458 830 2495 in
858 2457 983 2507 primo
1004 2457 1156 2494 instanti
1174 2457 1436 2506 conceptionis
1463 2470 1555 2495 suae

495 2512 747 2550 sanctificatus
774 2510 842 2548 fuit
869 2523 939 2560 per
965 2510 1134 2559 gratiam.
1164 2511 1231 2547 Est
1257 2517 1387 2547 autem
1414 2510 1556 2560 duplex

495 2564 760 2603 sanctificatio:
791 2576 869 2601 una
888 2563 1047 2613 quidem
1066 2563 1298 2610 adultorum,
1327 2563 1395 2612 qui
1421 2575 1555 2601 secun-

495 2620 590 2656 dum
618 2617 819 2667 proprium
848 2624 976 2654 actum
1002 2615 1302 2662 sanctificantur3
1332 2615 1404 2653 alia
1427 2624 1556 2654 autem

495 2683 718 2721 puerorum,
740 2670 806 2719 qui
831 2682 912 2707 non
931 2669 1215 2706 sanctificantur
1233 2669 1450 2706 secundum
1467 2681 1556 2719 pro-

495 2725 624 2774 prium
644 2731 772 2761 actum
786 2722 889 2768 fidei,
906 2723 972 2759 sed
988 2722 1204 2759 secundum
1218 2721 1338 2759 fidem
1352 2730 1554 2771 parentum

496 2778 557 2814 vel
585 2776 787 2814 Ecclesiae.
818 2775 946 2812 Prima
965 2774 1361 2812 autemsanctificatio
1391 2782 1446 2812 est
1472 2787 1556 2824 per-

495 2830 624 2867 fectior
651 2841 771 2879 quam
799 2829 984 2866 secunda:
1019 2828 1115 2865 sicut
1142 2835 1248 2865 actus
1277 2835 1332 2864 est
1358 2827 1559 2877 perfectior

548 2953 576 2986 α)
589 2952 669 2986 sacit.
686 2966 706 2970 —
716 2952 786 2985 fecit
805 2952 832 2977 Ρ.

1168 3039 1504 3072 Commentario
1525 3038 1777 3072 Car-ainans
1799 3040 2002 3073 Caietani

558 3140 663 3161 tronus
687 3130 788 3160 clarus
813 3135 872 3165 est,
897 3129 936 3160 de
964 3130 1077 3160 merito
1106 3130 1234 3170 proprie
1258 3129 1344 3160 dicto
1367 3129 1555 3160 intellectus.

500 3141 553 3202 T
613 3174 647 3204 ln
676 3183 810 3213 corpore
838 3183 903 3204 una
930 3179 976 3204 est
999 3173 1181 3204 conclusio:
1217 3173 1363 3204 Christus
1389 3173 1422 3204 in
1445 3173 1556 3215 primo

498 3227 575 3248 suae
601 3217 817 3258 conceptionis
840 3217 972 3247 instanti
994 3217 1119 3247 meruit.
1150 3217 1314 3248 Probatur.
1349 3217 1493 3248 Christus
1522 3218 1555 3248 in

497 3262 600 3300 primo
625 3271 699 3292 suae
721 3261 940 3300 conceptionis
963 3261 1090 3291 instanti
1113 3270 1170 3300 per
1187 3262 1316 3301 gratiam
1342 3260 1554 3292 sanctificatus

498 3304 556 3335 fuit
572 3304 818 3335 sanctificatione
834 3303 1069 3344 perfectissima.
1094 3305 1178 3344 Ergo
1194 3305 1372 3336 secundum
1387 3306 1554 3346 proprium

499 3354 623 3379 motum
646 3349 735 3379 liberi
758 3348 874 3378 arbitrii
897 3348 930 3377 in
954 3346 1058 3377 Deum
1084 3348 1142 3378 fuit
1165 3349 1384 3380 sanctificatus.
1413 3350 1497 3389 Ergo
1520 3350 1554 3380 in

499 3393 601 3431 primo
625 3392 751 3423 instanti
774 3401 849 3422 suae
873 3391 1093 3430 conceptionis
1116 3392 1240 3422 meruit.

554 3436 752 3466 Antecedens
785 3436 944 3476 probatur.
981 3434 1064 3472 Quia
1094 3435 1305 3466 sanctificatus
1333 3442 1378 3467 est
1409 3442 1443 3467 ut
1474 3443 1554 3468 esset

501 3479 633 3509 aliorum
650 3479 869 3510 sanctificator.
888 3497 910 3501 —
930 3478 1169 3518 Consequentia
1184 3489 1259 3509 vero
1276 3480 1376 3519 prima
1393 3481 1552 3521 probatur,

500 3521 721 3561 distinguendo
745 3523 906 3563 duplicem
929 3521 1184 3553 sanctificationis
1201 3522 1345 3559 modum,
1370 3530 1400 3554 et
1423 3534 1554 3564 compa-

502 3565 599 3595 rando
630 3576 694 3596 eos.
727 3567 893 3597 Distinctio
919 3572 982 3597 est:
1013 3565 1225 3597 Sanctificatio
1254 3565 1389 3606 duplex:
1418 3568 1468 3598 vei
1499 3577 1555 3607 per

501 3610 665 3648 proprium
690 3610 869 3641 sanctificati
894 3616 1020 3646 actum;
1051 3609 1100 3640 vel
1124 3618 1189 3639 non
1214 3618 1270 3649 per
1293 3610 1474 3650 proprium,
1499 3611 1554 3641 sed

1147 306 1409 354 QUAEsT1o
1438 305 1615 353 xxx1v,
1644 305 1935 344 ARTICULUS
1963 306 2009 343 111

1605 726 1725 763 quarn
1756 713 1930 760 habitus;
1966 721 2002 752 et
2034 715 2134 765 quod
2165 721 2216 752 est
2237 728 2310 765 per
2334 727 2393 762 se,
2422 727 2465 754 eo
2491 715 2591 766 quod
2617 720 2668 755 est

1599 779 1672 817 per
1690 766 1793 804 aliud
1808 766 1839 804 ¹⁸².
1877 767 1980 804 Cum
2008 779 2098 816 ergo
2117 767 2364 813 sanctificatio
2393 767 2532 806 Christi
2557 764 2691 808 fuerit
2713 780 2744 819 s}

1604 796 1896 869 perfectissima,
1930 819 2021 869 quia
2053 820 2106 857 sic
2133 809 2388 858 sanctificatus
2416 828 2471 858 est
2501 827 2545 859 ut
2571 829 2669 861 esset
2693 831 2726 854 v

1606 872 1767 910 aliorum
1798 849 2070 919 sanc⁷tificator3
2099 884 2340 922 consequens
2368 881 2424 911 est
2451 874 2558 924 quod
2586 873 2670 925 ipse⁵

1606 926 1822 962 secundum
1862 925 2064 975 proprium
2109 933 2262 963 motum
2302 925 2410 964 liberi
2445 926 2587 965 arbitrii
2627 924 2669 969 iii

1606 978 1736 1015 Deum
1763 976 1874 1015 fuerit
1898 977 2164 1016 sanctificatus.
2195 978 2274 1026 Qui
2293 978 2452 1028 quidem
2470 987 2600 1018 motus
2626 970 2668 1021 li·
2712 972 2745 1018 ,ἒ

1605 1030 1687 1068 beri
1714 1029 1855 1068 arbitrii
1883 1038 1938 1068 est
1965 1030 2194 1069 meritorius.
2223 1031 2335 1069 Unde
2353 1043 2596 1092 consequens
2613 1029 2671 1074 effi
2717 1037 2759 1081 gv

1606 1083 1742 1133 quod'
1733 1095 1772 1120 1n
1791 1082 1918 1133 primo
1938 1083 2090 1145 instanti
2108 1095 2200 1122 suae
2215 1083 2476 1134 conceptionis
2495 1076 2672 1125 Christi&

1607 1136 2732 1174 meruerit.

1660 1190 1717 1226 Ao
1746 1200 1881 1227 Pitinum
1909 1201 2008 1227 ERoo
2035 1201 2218 1227 ntcnunum
2245 1189 2353 1240 quod
2381 1189 2544 1228 liberum
2562 1190 2670 1230 'ar-bi·
2727 1187 2758 1199 ’“

1606 1241 1723 1279 trium
1751 1254 1831 1279 non
1859 1242 2000 1279 eodem
2027 1242 2148 1280 modo
2177 1254 2216 1280 se
2245 1241 2361 1280 habet
2387 1242 2436 1280 ad
2463 1238 2617 1297 bonum
2623 1239 2672 1292 {et

1607 1295 1656 1332 ad
1684 1295 1850 1332 malum:
1885 1306 1977 1332 nam
2004 1295 2053 1332 ad
2081 1295 2232 1333 bonurn
2260 1307 2300 1332 se
2328 1295 2444 1333 habet
2469 1306 2540 1356 pet·
2565 1295 2607 1336 se¹
2625 1291 2687 1350 ἐζ·

1607 1347 1846 1394 naturaliter3
1876 1348 1925 1385 ad
1952 1348 2101 1386 malum
2128 1355 2258 1386 autem
2286 1360 2326 1387 se
2348 1348 2463 1386 habet
2489 1351 2561 1404 per
2582 1340 2671 1396 mb-
2697 1362 2706 1396 1
2837 1349 2840 1351 ’

1608 1400 1703 1437 dum
1732 1400 1911 1447 defectus,
1940 1408 1977 1438 et
2004 1409 2153 1451 praeter
2180 1408 2368 1439 naturam.
2408 1400 2514 1439 Sicut
2539 1397 2694 1453 aufemv

1608 1452 1868 1503 Philosophus
1896 1453 1995 1501 dicit,
2025 1453 2064 1491 in
2091 1454 2122 1491 11
2149 1454 2195 1491 de
2225 1453 2377 1492 Caelo*
2378 1483 2387 1501 ,
2410 1454 2603 1506 poster-hes
2615 1453 2673 1495 a!

1609 1506 1708 1556 quod
1733 1512 1783 1544 est
1806 1512 1958 1556 praeter
1985 1513 2171 1554 naturam,
2192 1519 2244 1544 eo
2272 1507 2373 1557 quod
2392 1513 2444 1544 est
2467 1502 2670 1548 secundm
2699 1504 2743 1549 ’ἐγ-ἐἱ

1609 1565 1803 1596 naturam:
1839 1561 1926 1609 quia
1954 1560 1993 1596 id
2019 1560 2118 1610 quod
2143 1565 2193 1597 est
2220 1566 2373 1610 praeter
2401 1566 2594 1609 naturam,
2619 1566 2673 1601 est
2702 1566 2748 1579 “⁸

1609 1612 1791 1661 quaedam
1819 1613 1956 1650 excisio
1985 1614 2033 1650 ab
2061 1625 2104 1650 eo
2139 1613 2238 1662 quod
2263 1618 2313 1650 est
2338 1613 2541 1652 secundum
2567 1619 2672 1655 nam*

1609 1677 1705 1702 ram.
1723 1666 1772 1702 Et
1786 1665 1874 1702 ideo
1889 1665 2054 1704 liberum
2068 1665 2267 1703 arbitrium
2281 1673 2476 1703 creaturae
2490 1665 2531 1704 in
2542 1665 2672 1717 primo
2705 1671 2707 1673 ’

1609 1717 1760 1755 instanti
1788 1718 1989 1755 creationis
2016 1726 2141 1768 potest
2168 1717 2318 1756 moveri
2345 1719 2395 1756 ad
2413 1718 2565 1757 bonum
2587 1730 2672 1759 me-
2722 1765 2740 1773 QQ

1609 1770 1769 1818 rendo*
1770 1799 1780 1818 ,
1800 1783 1880 1808 non
1908 1778 2038 1808 autem
2067 1772 2115 1808 ad
2143 1773 2290 1809 malum
2318 1771 2536 1821 peccando:
2563 1771 2595 1812 si
2698 1779 2711 1793 ⁸
2743 1772 2752 1776 ’

1609 1835 1701 1860 men
1728 1831 1866 1861 natura
1892 1823 1939 1862 sit
1965 1823 2778 1872 integra.

1662 1877 1719 1913 An
1752 1888 1942 1914 SECUNDUM
1973 1889 2155 1915 monimum
2189 1878 2298 1926 quod
2332 1877 2372 1914 id
2408 1877 2517 1928 quod
2547 1878 2674 1917 homo

1610 1928 1752 1965 habet
1743 1940 1782 1965 m
1800 1928 1988 1978 principio
2005 1941 2098 1966 suae
2111 1929 2313 1967 creationis
2331 1930 2548 1968 secundum
2566 1940 2673 1970 com-

1609 1993 1772 2018 munem
1807 1989 1965 2019 naturae
1999 1993 2176 2029 cursum,
2215 1990 2270 2019 est
2304 1982 2454 2020 homini
2482 1985 2671 2022 namrale:

1609 2033 1703 2070 nihil
1739 2041 1870 2071 tamen
1911 2034 2089 2084 prohibet
2130 2034 2225 2084 quin
2262 2034 2390 2085 aliqua
2425 2043 2599 2082 creatura
2623 2036 2674 2077 ''in

1609 2086 1798 2136 principio
1823 2099 1915 2124 suae
1935 2087 2136 2126 creationis
2163 2087 2321 2137 aliquod
2339 2086 2579 2127 beneficium
2590 2101 2674 2138 gra-
2738 2106 2761 2129 ε»

1609 2139 1682 2176 tiae
1719 2151 1742 2176 a
1769 2139 1853 2177 Deo
1881 2148 2151 2200 consequatur.
2193 2140 2242 2178 Et
2278 2141 2354 2178 hoc
2387 2141 2509 2179 modo
2539 2141 2686 2190 anima

1611 2191 1750 2229 Christi
1777 2191 1817 2229 in
1844 2192 2033 2242 principio
2055 2205 2146 2230 suae
2166 2193 2367 2231 creationis
2394 2201 2606 2243 consecum
2614 2202 2687 2237 m,
2733 2192 2749 2234 13

1610 2244 1780 2294 gratiam,
1809 2256 1888 2295 qua
1914 2253 2044 2295 posset
2070 2245 2220 2283 mereri.
2250 2247 2299 2284 Et
2319 2258 2365 2284 ea
2385 2246 2531 2285 ratione
2546 2246 2676 2313 ‘gratim
2723 2257 2760 2303 3⁷}

1610 2298 1690 2345 illa,
1719 2298 1936 2336 secundum
1968 2298 2167 2348 quandam
2194 2298 2529 2348 similitudinem,
2573 2307 2594 2349 Q
2716 2307 2761 2349 i]

1610 2351 1724 2388 fuisse
1753 2350 1804 2388 illi
1831 2351 1982 2389 homini
2009 2351 2210 2390 naturalis:
2245 2359 2288 2390 ut
2313 2359 2417 2402 patet
2446 2351 2518 2402 pei·
2541 2351 2676 2404 Aug&
2708 2363 2756 2393 ,ἴ

1611 2404 1766 2451 stinum,
1795 2403 1836 2441 in
1862 2405 2054 2442 Enchirid.
2073 2405 2094 2427 '¹‘

1664 2458 1721 2494 AD
1743 2469 1903 2495 'rani-mm
1924 2468 2106 2496 mci-,unum
2132 2458 2241 2508 quod
2259 2457 2355 2496 nihil
2372 2457 2562 2508 prohibet
2567 2457 2674 2504 idm

1610 2522 1692 2547 esse
1712 2509 1871 2548 alicuius
1890 2523 1938 2548 ex
1956 2510 2115 2548 diversis
2133 2510 2268 2548 causis.
2289 2511 2338 2549 Et
2355 2510 2582 2551 secundum
2605 2511 2610 2518 ²

1612 2563 1785 2601 Christus
1812 2563 1972 2612 gloriam
1991 2562 2294 2624 immortalitatis,
2322 2575 2442 2614 quam
2467 2574 2509 2602 m
2691 2570 2703 2585 f

1610 2615 1737 2666 primo
1773 2615 1925 2654 instanti
1957 2629 2050 2654 suae
2084 2615 2366 2666 conceptionis,
2403 2609 2555 2667 potuit
2718 2617 2742 2668 ἶ,

1610 2669 1886 2719 posterioribus
1914 2669 2060 2707 actibus
2086 2677 2125 2707 et
2149 2669 2392 2719 passionibus
2409 2669 2564 2709 mereri·
2587 2678 2675 2718 m
2711 2673 2748 2701 ’ἰ

1611 2722 1770 2772 quidem
1802 2730 1844 2759 ut
1872 2730 1969 2759 esset
1996 2722 2068 2760 sibi
2101 2722 2222 2771 magis
2248 2722 2397 2770 debita3
2434 2722 2510 2761 sed
2526 2730 2577 2761 ut
2600 2722 2675 2785 ᾦι

1612 2788 1658 2812 ex
1686 2775 1861 2825 pluribus
1889 2775 2013 2813 causis
2040 2775 2255 2814 deberetur.

1666 2950 1692 2985 β)
1712 2951 1790 2977 idem.
1808 2965 1827 2971 -
1845 2952 1907 2978 Om.
1927 2952 1970 2978 Pc.

1610 3129 1770 3160 Ecclesiae
1785 3128 1893 3160 fidem.
1911 3129 2120 3170 Comparatio
2136 3135 2197 3160 est:
2217 3129 2322 3160 Prima
2337 3133 2385 3160 est
2399 3128 2585 3171 perfectior·
2601 3126 2675 3160 tuns

1610 3174 1686 3213 quia
1708 3178 1796 3204 actus
1820 3178 1867 3204 est
1889 3173 2061 3214 perfectior
2083 3174 2209 3211 habitu;
2233 3178 2303 3204 tum
2318 3173 2394 3213 quia
2406 3181 2470 3214 per
2483 3181 2518 3204 se
2538 3175 2586 3204 est
2601 3176 2675 3214 pfl*-

1609 3216 1723 3248 sectius
1752 3226 1792 3248 eo
1822 3216 1913 3258 quod
1936 3223 1983 3248 est
2009 3227 2067 3258 per
2089 3217 2184 3249 aliud.
2207 3235 2232 3241 -
2253 3216 2402 3249 Secxmda
2422 3221 2531 3248 autem
2559 3218 2687 3248 σωκ--
2710 3213 2747 3260 ³03]

1609 3262 1741 3312 quentia
1764 3262 1926 3302 probatur.
1950 3261 2036 3300 Quia
2057 3267 2166 3293 motus
2189 3261 2279 3292 liberi
2301 3260 2418 3292 arbitrii
2440 3260 2474 3292 in
2497 3259 2605 3292 Deum
2624 3262 2675 3293 α

1609 3306 1799 3336 meritorius.
2713 3315 2749 3340 5

1665 3349 1701 3380 11.
1725 3349 1873 3386 Adverte,
1891 3354 1922 3380 et
1937 3349 2112 3390 diligenter,
2136 3349 2198 3386 hic,
2222 3354 2258 3380 tu
2281 3349 2337 3390 qui
2352 3353 2548 3380 sacramenta
2561 3346 2672 3379 Eccle-
2720 3355 2759 3387 32

1609 3394 1672 3424 siae
1696 3394 1822 3434 saepius
1845 3393 2043 3434 frequentas,
2067 3393 2157 3434 quod
2179 3391 2387 3424 sanctificatio
2414 3391 2597 3423 adultorum
2625 3395 2672 3422 eet
2810 3427 2811 3430 Q

1609 3447 1666 3478 per
1688 3438 1855 3478 proprium
1878 3443 1985 3468 actum
2009 3437 2099 3468 liberi
2122 3437 2239 3468 arbitrii
2261 3435 2420 3467 tendentis
2442 3437 2475 3467 in
2494 3436 2616 3467 Deum:
2639 3439 2672 3466 et
2729 3436 2761 3466 τέ
2802 3447 2812 3465 <1

1609 3481 1751 3512 similiter
1780 3486 1989 3521 augmentum
2016 3480 2274 3512 sanctificationis
2303 3485 2350 3511 est
2379 3489 2436 3520 per
2463 3483 2670 3520 augmentum

1609 3531 1697 3555 actus
1720 3524 1809 3555 liberi
1831 3525 1949 3555 arbitrii
1971 3524 2128 3555 tendentis
2151 3525 2185 3555 in
2208 3524 2324 3555 Deum.
2359 3523 2444 3554 Hinc
2467 3524 2554 3554 enim
2576 3521 2612 3554 fit
2634 3526 2671 3554 ut

1609 3577 1683 3598 cum
1699 3567 1953 3608 frequentatione
1969 3577 2132 3599 sacrorum
2143 3567 2368 3609 mysteriorum
2383 3576 2451 3598 non
2466 3572 2585 3598 crescat
2599 3574 2669 3597 san-

1609 3610 1758 3642 ctificatio
1782 3612 1938 3642 hominis:
1963 3612 2038 3652 quia
2057 3612 2185 3642 scilicet.
2199 3611 2299 3642 homo
2324 3620 2381 3651 per
2395 3611 2563 3652 proprium
2581 3609 2670 3641 liberi
