2872 3970
246 1141 259 1150 ⁸
272 1140 307 1162 Cf.
322 1139 413 1166 prolog.

343 1296 360 1312 α

250 1345 259 1354 “
274 1344 321 1371 Qu.
335 1350 372 1365 XL.

252 1403 261 1412 ·
274 1402 321 1429 Qu.
336 1407 396 1423 κινι.

348 1449 362 1482 β

248 1484 259 1494 “
275 1484 322 1511 Qu.
336 1489 385 1504 mu.

251 1606 260 1616 ⁸
275 1605 320 1633 Qu.
337 1612 405 1627 xxxv.

253 1661 262 1670 ·
300 1666 321 1680 ιι.
337 1664 422 1680 xxxvn.

251 1687 271 1696 ⁸·
311 1692 332 1707 u.
347 1691 441 1706 xxxvm.

346 1771 362 1796 Υ

251 1874 261 1884 ·
275 1874 322 1901 Qu.
336 1880 398 1895 xxxi.

251 1927 262 1936 ⁸
277 1926 323 1953 Qu.
338 1931 416 1947 xxxxv.

255 2509 265 2520 ⁸
280 2509 344 2532 Vers.
359 2510 397 2536 46.

260 2725 268 2734 ·
284 2724 350 2746 Vers.
367 2731 396 2752 ¹3.

262 2986 472 3013 ’Ep.ct.xxxvn,

263 3013 292 3033 nl.
305 3012 374 3038 LVII,
389 3019 437 3040 cap,
448 3020 469 3035 x.

359 3057 374 3079 η

478 293 552 329 288

1163 286 1424 334 QUAEsrlo
1454 284 1610 332 xxvn,
1639 284 1931 323 ARTICULUS
1958 285 1973 321 1

961 554 1369 635 QUAESTIO
1407 551 2177 609 VIGESIMASEPTIMA

841 686 934 726 DE
977 680 1625 726 SANCTIFICATIONE
1669 679 1948 720 BEATAE
1988 678 2300 720 VIRGINIS

1318 805 1352 830 IN
1381 805 1447 830 SEX
1474 804 1675 829 ARTICULOS
1701 803 1814 828 DIVISA

486 931 621 1012 Posr
655 919 862 970 praedicta,
892 918 931 955 in
966 917 1107 966 quibus
1141 917 1189 953 de
1218 915 1361 952 unione
1397 913 1469 951 Dei
1504 921 1540 950 et

552 973 718 1010 hominis
746 980 782 1008 et
809 972 856 1008 de
883 971 941 1007 his
969 982 1068 1019 quae
1094 968 1280 1006 unionem
1312 973 1538 1016 sequuntur,
1595 965 1797 1003 sideranda
1824 964 1857 1002 ⁶:

1648 914 1706 950 Ex
1724 921 1831 962 parte
1850 920 1980 950 autem
2000 912 2130 950 matris
2156 921 2362 951 occurrunt
2380 922 2547 964 quatuor
2564 927 2654 953 con-

1896 964 2022 1015 primo
2060 965 2240 1014 quidem,
2274 966 2322 1004 de
2359 966 2655 1006 sanctificatione

484 1033 683 1063 tractatum
711 1032 776 1071 est,
798 1031 908 1060 restat
936 1021 1258 1059 considerandum
1278 1020 1326 1057 de
1354 1019 1413 1056 his
1441 1031 1540 1068 quae
1596 1018 1699 1065 eius;
1729 1019 1920 1066 secundO,
1950 1019 1998 1055 de
2032 1018 2244 1067 virginitate
2279 1018 2362 1056 eius
2380 1019 2420 1067 *;
2448 1019 2578 1067 tertio,
2607 1021 2656 1059 de
2683 1032 2695 1044 ·

484 1078 602 1115 Filius
619 1078 690 1115 Dei
710 1077 924 1114 incarnatus
943 1075 982 1112 in
1001 1082 1136 1111 natura
1154 1074 1327 1110 humana
1345 1071 1415 1109 sibi
1434 1071 1542 1109 unita

483 1131 568 1167 fecit
586 1132 647 1167 vel
665 1141 800 1179 passus
828 1136 883 1165 est
901 1129 931 1165 ²⁸.
962 1128 1073 1175 Quae
1101 1126 1259 1176 quidem
1287 1124 1540 1162 consideratio

485 1182 756 1232 quadripartita
775 1181 852 1218 erit.
873 1181 977 1218 Nam
991 1179 1130 1229 primo,
1145 1177 1473 1220 considerabimus
1492 1178 1540 1215 de

486 1235 544 1272 his
564 1248 662 1284 quae
676 1234 865 1284 pertinent
884 1233 932 1270 ad
951 1233 1164 1281 ingressum
1178 1231 1260 1268 eius
1279 1230 1318 1267 in
1333 1231 1540 1276 mundum;

487 1288 668 1335 secundo,
697 1288 744 1324 de
773 1287 831 1323 his
860 1298 958 1335 quae
986 1285 1175 1335 pertinent
1203 1284 1252 1321 ad
1279 1295 1505 1333 processum
1525 1289 1541 1305 α

485 1340 584 1378 vitae
622 1340 741 1389 ipsius
775 1339 815 1376 in
850 1340 925 1376 hoc
959 1338 1108 1375 mundo
1127 1337 1167 1383 *3
1196 1336 1326 1382 tertio,
1355 1336 1404 1373 de
1439 1336 1541 1373 exitu

486 1393 604 1442 ipsius
623 1393 671 1429 ab
690 1393 765 1429 hoc
784 1392 932 1428 mundo
946 1391 983 1437 *3
1005 1398 1152 1439 quarto,
1168 1390 1215 1427 de
1235 1388 1294 1426 his
1311 1401 1410 1438 quae
1429 1389 1542 1438 perti-

486 1453 578 1482 nent
596 1445 643 1482 ad
672 1443 938 1481 exaltationem
957 1443 1075 1492 ipsius
1102 1450 1189 1492 post
1211 1443 1312 1479 hanc
1338 1440 1458 1479 vitam
1477 1440 1491 1471 β
1509 1442 1540 1479 *.

540 1497 649 1534 Circa
662 1497 832 1546 primum
847 1504 1012 1545 quatuor
1026 1495 1303 1532 consideranda
1317 1503 1540 1532 occurrunt:

485 1549 610 1599 primo
637 1549 806 1598 quidem,
827 1549 875 1586 de
901 1548 1150 1597 conceptione
1171 1547 1329 1594 Christi3
1359 1547 1541 1594 secundo,

485 1603 533 1639 de
562 1602 642 1639 eius
671 1601 862 1638 nativitate
880 1601 917 1647 *ς
947 1601 1070 1647 tertio,
1100 1602 1147 1638 de
1176 1600 1258 1637 eius
1287 1599 1542 1638 circumcisio-

486 1667 535 1692 ne
553 1655 590 1699 *ς
620 1662 768 1704 quarto,
789 1655 836 1691 de
865 1654 946 1691 eius
974 1653 1164 1703 baptismo
1183 1653 1234 1690 **.

539 1707 648 1744 Circa
667 1707 959 1756 conceptionem
983 1715 1113 1744 autem
1133 1706 1226 1753 eius,
1247 1714 1396 1756 oportet
1417 1706 1544 1756 aliqua

486 1759 725 1797 considerare
753 1759 879 1808 primo
899 1765 926 1805 Υ,
947 1767 1137 1808 quantum
1156 1759 1204 1796 ad
1232 1767 1395 1796 matrem
1419 1759 1544 1796 conci-

486 1812 675 1861 pientem3
705 1813 895 1858 secundo,
923 1820 1112 1861 quantum
1140 1812 1188 1849 ad
1217 1812 1381 1849 modum
1409 1823 1544 1849 conce-

486 1865 625 1914 ptionis
643 1865 833 1912 *;·tertio,
858 1873 1047 1914 quantum
1075 1865 1124 1902 ad
1152 1864 1425 1914 perfectionem
1459 1877 1545 1914 pro-

487 1917 530 1954 lis
557 1926 763 1967 conceptae
782 1917 812 1954 ²⁸.

1595 1071 1891 1121 desponsatione
1929 1070 2010 1108 eius
2035 1070 2075 1117 ³¹‘;
2105 1079 2262 1121 quarto,
2291 1072 2339 1109 de
2367 1072 2656 1115 annuntiatione
2683 1085 2694 1097 ·

1596 1124 1736 1174 ipsius,
1764 1125 1826 1161 vel
1851 1129 1863 1145 ²
1897 1124 1946 1161 de
1973 1123 2263 1174 praeparatione
2296 1123 2415 1175 ipsius
2449 1125 2498 1163 ad
2530 1123 2656 1175 conci·

1594 1177 1793 1227 piendum.

1597 1230 1708 1268 Circa
1735 1229 1907 1279 primum
1935 1238 2174 1279 quaeruntur
2201 1243 2278 1268 sex.

1649 1282 1800 1320 Primo:
1830 1290 1962 1320 utrum
1989 1283 2107 1320 Beata
2132 1283 2249 1332 Virgo
2283 1291 2406 1321 mater
2438 1283 2511 1322 Dei
2546 1283 2659 1325 metit

1703 1335 1935 1373 sanctificata
1962 1343 2049 1373 ante
2077 1335 2312 1374 nativitatem
2340 1348 2386 1374 ex
2413 1344 2535 1375 utero.

1651 1389 1852 1427 Secundo:
1891 1395 2023 1426 utrum
2049 1388 2161 1426 suerit
2197 1388 2428 1427 sanctificata
2463 1388 2551 1429 ante
2577 1389 2658 1441 ani-

1703 1441 1926 1479 mationem.
2066 1440 2069 1443 ’

1650 1494 1803 1532 Tertio:
1850 1502 1982 1532 utrum
2022 1506 2092 1544 per
2128 1493 2353 1532 huiusmodi
2396 1494 2658 1536 sanctificatio-

1704 1559 1795 1584 nem
1813 1546 1925 1584 fuerit
1947 1547 2019 1585 sibi
2033 1547 2206 1586 totaliter
2233 1548 2404 1585 sublatus
2421 1548 2545 1586 fomes
2570 1558 2660 1599 pec-

1705 1608 1788 1637 cati.

1653 1653 1819 1700 Quarto:
1845 1660 1977 1690 utrum
1995 1665 2066 1703 per
2082 1652 2307 1692 huiusmodi
2321 1652 2660 1706 sanctificationem

1704 1705 1816 1743 fuerit
1843 1713 2049 1743 consecuta
2076 1714 2119 1743 ut
2145 1718 2348 1757 nunquam
2375 1706 2560 1758 peccaret.
2601 1731 2612 1742 .=
2631 1711 2653 1742 ss

1652 1758 1819 1806 Quinto:
1840 1767 1972 1797 utrum
1990 1771 2060 1808 per
2077 1758 2303 1797 huiusmodi
2321 1758 2660 1801 sanctificationem

1704 1811 1843 1860 adepta
1869 1811 1980 1849 fuerit
2006 1811 2286 1861 plenitudinem
2312 1813 2530 1862 gratiarum.
2558 1831 2559 1834 ¹

1653 1865 1788 1902 Sexto:
1813 1872 1943 1902 utrum
1964 1864 2018 1902 sic
2035 1864 2150 1902 fuisse
2169 1865 2400 1904 sanctificata
2414 1865 2427 1892 ζ
2444 1863 2554 1904 fuerit
2569 1876 2660 1917 pm-

1705 1916 1835 1966 prium
1863 1916 1945 1954 sibi.
2570 1918 2576 1923 ’
2622 1920 2623 1925 ’
2656 1927 2658 1929 ’

1296 2045 1614 2087 ARTICULUS
1646 2045 1852 2087 PRIMUS

706 2147 863 2178 UTRUM
886 2146 1034 2177 BEATA
1056 2145 1190 2176 vao
1214 2145 1373 2176 FUERlT
1397 2145 1718 2176 SANCTIFICATA
1740 2146 1860 2176 ANTE
1882 2146 2186 2177 NAT1V1TATEM
2210 2147 2268 2178 Ex
2293 2147 2439 2178 UTERo

692 2235 747 2259 Art.
766 2241 831 2266 seq„
851 2233 882 2258 ad
903 2240 931 2264 2;
951 2233 982 2257 111
1003 2232 1092 2260 Sent.,
1112 2232 1170 2257 dist.
1190 2239 1227 2257 ιιι.
1248 2239 1291 2264 qu.
1310 2239 1327 2261 1,
1347 2237 1394 2257 art.
1416 2239 1438 2263 ι,
1459 2232 1508 2264 qu*
1529 2232 1558 2262 3;
1579 2232 1676 2262 Quodl.
1694 2233 1742 2262 VI,
1762 2241 1806 2265 qu.
1825 2241 1850 2262 v.
1869 2238 1915 2258 art.
1936 2239 1964 2264 ¹3
1985 2233 2128 2266 Compend.
2150 2232 2253 2263 Titeol„
2273 2241 2330 2267 cap.
2349 2241 2454 2266 ccxxxv3

1101 2268 1204 2299 Expos.
1224 2267 1250 2292 in
1271 2267 1358 2292 Salut.
1377 2266 1513 2300 Angelic.;
1533 2267 1562 2292 In
1583 2267 1682 2293 Psalm.
1700 2275 1764 2299 κως
1785 2268 1814 2293 In
1835 2268 1937 2298 Ierem„
1957 2276 2012 2301 cap.
2031 2276 2049 2294 1.

678 2365 719 2389 D
747 2365 882 2390 PRIMUM
910 2364 961 2389 εις
989 2364 1224 2389 PROCEDITUR.
1254 2351 1415 2389 Videtur
1440 2352 1546 2400 quod

537 2399 565 2423 ’⁴
626 2401 677 2423 '⁴³
699 2406 814 2442 Beata
833 2405 948 2453 Virgo
976 2417 1057 2442 non
1082 2405 1192 2442 suerit
1211 2404 1442 2442 sanctificata
1461 2412 1547 2441 ante

522 2499 527 2505 ,
562 2470 623 2499 Ἰ,
673 2453 933 2495 nativitatem
962 2470 1007 2494 ex
1035 2465 1156 2494 utero.
1186 2457 1286 2494 Dicit
1314 2457 1418 2494 enim
1444 2459 1547 2506 Apo-

490 2522 508 2538 ν
545 2483 643 2544 5¹2³)
657 2500 829 2558 Nstolus‚
850 2512 863 2547 Ι
888 2512 974 2547 Cor.
994 2523 1042 2547 xv
1060 2510 1100 2547 *z
1130 2511 1220 2547 Non
1235 2512 1343 2560 prius
1362 2510 1462 2560 quod
1477 2512 1547 2560 spi-

491 2563 621 2599 rituale
649 2569 709 2609 est,
728 2564 793 2600 sed
811 2563 909 2612 quod
925 2564 1109 2600 animale:
1135 2564 1266 2600 deinde
1287 2563 1385 2612 quod
1411 2569 1461 2600 est
1478 2565 1549 2613 spi-

492 2616 632 2652 rituale.
663 2616 736 2652 Sed
766 2628 835 2664 per
861 2615 1018 2663 gratiam
1051 2615 1350 2653 sanctificantem
1385 2615 1551 2652 nascitur

493 2669 612 2704 homo
633 2667 871 2716 spiritualiter
890 2668 929 2704 in
948 2668 1072 2705 filium
1100 2668 1192 2705 Dei:
1223 2669 1438 2706 secundum
1457 2668 1550 2706 illud

493 2721 594 2757 Ioan.
616 2733 625 2756 1
644 2720 682 2756 *2
712 2723 775 2758 Ex
802 2722 882 2758 Deo
911 2723 988 2758 nati
1012 2728 1105 2758 sunt.
1135 2721 1322 2759 Nativitas
1345 2729 1476 2758 autem
1504 2734 1550 2759 ex

494 2780 602 2809 utero
641 2781 695 2809 est
732 2773 905 2810 nativitas
942 2774 1126 2811 animalis.
1178 2775 1270 2811 Non
1307 2786 1396 2823 ergo
1434 2775 1551 2812 Beata

494 2825 608 2872 Virgo
636 2825 703 2862 fuit
731 2825 836 2875 prius
863 2826 1092 2864 sanctificata
1122 2839 1241 2876 quam
1270 2840 1316 2864 ex
1343 2834 1452 2864 utero
1485 2839 1551 2865 na-

496 2885 670 2914 sceretur.

551 2941 584 2966 2.
615 2931 842 2977 Pmaraam,
863 2932 1097 2980 Augustinus
1126 2932 1225 2979 dicit,
1246 2933 1285 2969 in
1307 2932 1476 2982 Epistola
1504 2934 1554 2971 ad

497 2983 718 3019 Dardanum
737 2983 773 3019 ⁹¹²:
800 2985 1057 3032 Sanctificatio,
1079 2998 1151 3034 qua
1170 2987 1354 3034 efficimur
1376 2987 1551 3036 templum

498 3035 579 3081 Dei,
608 3048 680 3072 non
710 3037 780 3072 nisi
807 3043 1019 3073 renatorum
1048 3044 1108 3074 est.
1142 3039 1271 3075 Nemo
1300 3046 1429 3076 autem
1449 3045 1467 3066 η
1496 3051 1552 3076 re-

499 3087 662 3124 nascitur
689 3087 759 3124 nisi
791 3089 896 3137 prius
933 3098 1118 3127 nascatur.
1158 3092 1258 3138 Ergo
1293 3092 1409 3128 Beata
1436 3091 1552 3140 Virgo

500 3150 577 3175 non
606 3139 672 3175 suit
699 3140 805 3188 prius
843 3141 1071 3179 sanctificata
1105 3155 1223 3191 quam
1261 3156 1307 3180 ex
1342 3151 1451 3181 utero
1487 3157 1552 3182 na-

500 3199 675 3228 sceretur.

554 3329 581 3363 α)
596 3338 759 3362 processum.
776 3344 795 3348 ——
809 3338 980 3363 progressum
999 3332 1070 3357 tet-tin
1088 3339 1188 3364 praeter
1207 3335 1224 3360 l.

555 3364 580 3396 β)
599 3366 667 3391 hanc
685 3366 775 3391 vitam.
788 3379 807 3383 -
826 3365 880 3395 PF3
900 3366 977 3390 huius
996 3366 1077 3391 vitam
1097 3369 1133 3397 bc,
1154 3369 1209 3394 eius
1227 3370 1309 3395 vitam
1329 3371 1360 3401 G,
1376 3371 1458 3396 vitam
1477 3372 1555 3397 huius

504 3400 594 3424 mundi
613 3401 653 3425 ed.
672 3408 697 3429 a,
717 3401 798 3425 vitam
818 3400 969 3425 huiusmodi
988 3402 1072 3426 ceteri.

555 3434 582 3466 γ)
600 3436 689 3467 aliqua
707 3435 876 3460 considerare
890 3435 989 3467 primo.
1007 3449 1026 3454 —-
1042 3437 1132 3468 aliqua
1150 3439 1320 3465 considerare
1338 3440 1370 3471 G,
1385 3441 1557 3467 considerare

505 3468 541 3497 bc,
558 3469 647 3500 primo
665 3470 754 3502 aliqua
772 3470 942 3495 considerare
962 3470 989 3495 Ρ.

557 3502 581 3532 ὃ)
600 3509 741 3529 occurrunt
765 3508 879 3537 quatuor
904 3505 1107 3530 consideranda.
1128 3521 1146 3524 -
1167 3512 1310 3533 occurrunt
1335 3510 1448 3542 quinque
1472 3512 1557 3536 consi-

506 3537 625 3561 deranda
640 3539 667 3568 E,
681 3543 823 3564 occurrunt
842 3543 956 3572 quatuor
970 3540 999 3568 D.
1012 3544 1156 3565 occurrunt
1175 3543 1302 3573 quaedam
1322 3545 1516 3570 consideranda
1530 3546 1557 3575 F.

506 3576 648 3597 occurrunt
670 3574 889 3599 considerandum
911 3575 933 3605 b,
952 3575 1068 3600 occurrit
1090 3575 1310 3602 considerandum
1332 3578 1384 3604 Ple.
1411 3580 1449 3605 ef.
1468 3586 1520 3605 not.
1539 3588 1558 3606 ι.

1656 2352 1690 2389 3.
1720 2353 1952 2400 PRAETEREA‚
1972 2353 2210 2403 quicumque
2238 2361 2294 2391 est
2311 2353 2566 2393 sanctificatus
2587 2366 2664 2405 ‚per

1600 2405 1770 2453 gratiam,
1780 2413 1835 2442 est
1849 2406 2058 2443 mundatus
2073 2419 2095 2444 a
2108 2414 2264 2456 peccato
2277 2406 2449 2455 originali
2463 2414 2500 2445 et
2511 2407 2660 2446 actuali.

1603 2458 1643 2495 Si
1671 2470 1760 2507 ergo
1780 2459 1898 2496 Beata
1924 2459 2040 2508 Virgo
2067 2459 2136 2496 fuit
2154 2459 2386 2497 sanctificata
2412 2467 2500 2498 ante
2526 2458 2660 2499 nativi-

1601 2518 1718 2548 tatem
1746 2524 1792 2548 ex
1820 2519 1940 2559 utero,
1960 2523 2202 2561 consequens
2227 2520 2283 2550 est
2309 2513 2417 2562 quod
2441 2512 2552 2551 fuerit
2568 2521 2662 2551 tunc

1603 2565 1812 2601 emundata
1840 2564 1888 2602 ab
1925 2564 2095 2613 originali
2111 2573 2291 2615 peccato.
2330 2566 2408 2603 Sed
2435 2567 2563 2604 solum
2588 2565 2665 2609 ori-

1602 2616 1725 2665 ginale
1745 2625 1946 2666 peccatum
1965 2625 2112 2667 poterat
2131 2630 2217 2655 eam
2237 2618 2423 2668 impedire
2437 2619 2487 2656 ab
2506 2618 2665 2658 introitu

1603 2670 1709 2718 regni
1737 2670 1916 2707 caelestis.
1947 2670 1987 2708 Si
2015 2682 2104 2720 ergo
2132 2678 2224 2708 tunc
2251 2678 2405 2709 mortua
2430 2671 2578 2719 suisset,
2605 2671 2662 2710 vi-

1604 2723 1716 2760 detur
1729 2723 1836 2772 quod
1850 2721 2007 2760 ianuam
2022 2723 2127 2772 regni
2141 2724 2309 2761 caelestis
2322 2724 2522 2763 introisset.
2542 2723 2662 2773 Quod

1603 2783 1733 2813 tamen
1759 2775 1844 2813 fieri
1875 2788 1955 2813 non
1982 2776 2105 2826 potuit
2132 2784 2218 2814 ante
2252 2777 2473 2826 passionem
2501 2777 2660 2816 Christi:

1603 2828 1708 2866 iuxta
1734 2828 1827 2866 illud
1855 2829 2028 2878 Apostoli
2047 2827 2078 2867 ⁰:
2107 2831 2284 2867 habemus
2304 2832 2403 2868 enim
2418 2831 2606 2880 fiduciam
2622 2831 2661 2868 ἰη

1604 2883 1791 2919 introitum
1818 2888 2030 2919 sanctorum
2044 2895 2117 2932 per
2141 2885 2364 2933 sanguinem
2392 2885 2480 2931 eius,
2508 2891 2552 2921 ut
2572 2882 2662 2921 diei-

1604 2942 1666 2971 tur
1699 2936 1798 2972 Heh.
1828 2947 1851 2972 x
1869 2934 1900 2972 ²⁸.
1935 2935 2096 2972 Videtur
2129 2947 2219 2983 ergo
2251 2936 2359 2985 quod
2396 2937 2512 2974 Beata
2545 2935 2663 2985 Virgo
2689 2942 2701 2956 ⁶

1605 2999 1685 3024 non
1721 2987 1831 3024 fuerit
1866 2987 2095 3025 sanctificata
2132 2996 2339 3038 antequam
2374 3001 2421 3027 ex
2454 2997 2563 3027 utero
2596 3000 2664 3027 na·
2723 2989 2726 2992 '

1606 3047 1783 3077 SCCTCtUI‘.

1658 3105 1694 3140 4.
1725 3094 1964 3139 ΡιιΑιῑτειῐΕΑ,
1994 3101 2195 3143 peccatum
2231 3093 2412 3142 originale
2439 3107 2486 3132 ex
2520 3093 2664 3144 origine

1606 3145 1850 3192 contrahitur,
1871 3145 1966 3183 sicut
1993 3154 2194 3195 peccatum
2213 3148 2358 3184 actuale
2386 3159 2433 3184 ex
2459 3154 2558 3185 actu.
2587 3146 2665 3186 Sed

1607 3197 1779 3246 quandiu
1799 3198 1935 3247 aliquis
1959 3206 2014 3236 est
2040 3198 2080 3236 in
2108 3207 2195 3237 actu
2220 3199 2416 3249 peccandi,
2435 3211 2515 3237 non
2542 3206 2666 3250 potest

1661 3337 1684 3371 ε)
1704 3339 1783 3366 νε1,-
1800 3339 1892 3371 quinto
1915 3347 2007 3365 omnes
2027 3339 2144 3374 (praeter
2163 3341 2184 3366 D
2204 3340 2249 3374 qui
2267 3349 2320 3367 om.
2343 3341 2420 3367 vel...
2438 3338 2665 3375 ωκσίρίεηᾰκηι),

1609 3374 1654 3398 sed
1674 3379 1853 3407 praeterquam
1872 3375 1942 3407 quod
1966 3376 2087 3400 materiae
2106 3375 2223 3401 divisioni
2238 3383 2317 3409 quam
2335 3377 2409 3402 lectio
2429 3385 2442 3399 α
2453 3376 2546 3409 quinto
2559 3385 2572 3400 ι
2591 3375 2664 3401 Indu-

1609 3414 1684 3437 ceret.
1698 3409 1761 3434 infra
1781 3417 1832 3434 non
1852 3409 1950 3439 satisfit.
1967 3417 1990 3436 s.
2002 3409 2118 3436 Thomas
2131 3418 2176 3443 qu.
2189 3418 2236 3436 xxx
2250 3412 2333 3444 Ipsam
2352 3411 2578 3437 Annuntiationem
2590 3411 2620 3437 B.
2631 3410 2664 3436 V.

1609 3447 1730 3475 tanquam
1755 3445 1974 3476 praeparationem
2001 3445 2055 3470 eius
2078 3446 2172 3470 mentis
2194 3453 2240 3478 per
2264 3446 2351 3471 Nuntii
2376 3446 2454 3472 verbu
2477 3451 2580 3477 tract-n
2605 3445 2666 3471 ideo

1609 3478 1701 3510 quinto
1719 3485 1838 3511 corrupte
1857 3487 1903 3511 pro
1922 3480 1963 3504 vel
1980 3480 2103 3512 scriptum
2123 3480 2261 3506 credImus.
2279 3480 2319 3506 Cf.
2333 3480 2396 3506 infra
2415 3486 2460 3507 art.
2476 3480 2490 3506 3
2509 3481 2540 3506 ad
2561 3480 2585 3507 3.

1662 3512 1687 3545 ζ)
1701 3513 1787 3546 fuisse
1804 3514 1976 3547 sanctificata.
1994 3529 2013 3533 -
2030 3515 2194 3547 sanctificari
2211 3516 2292 3541 tertia.

1663 3548 1689 3578 η)
1708 3551 1805 3574 autem.
1824 3563 1843 3567 -
1861 3549 1881 3573 F
1900 3554 1925 3573 et
1943 3550 2030 3579 tet-tin
2049 3550 2127 3575 enim.

1663 3580 1688 3614 θ)
1708 3582 1787 3608 iuxta
1807 3584 1873 3609 illud
1889 3585 2019 3616 Apostoh’.
2036 3598 2055 3603 —
2073 3585 2134 3610 Om.
2153 3584 2234 3610 tertia.
