2872 3970
121 394 250 437 viae.

971 257 1233 304 QUAESTIO
1261 257 1345 301 VII,
1378 255 1669 293 ARTICULUS
1697 255 1746 292 VI

279 337 383 374 enim
403 337 451 373 ad
471 336 658 373 rationem
676 335 823 371 virtutis
850 342 892 371 ut
919 347 1010 383 opus
1029 336 1166 370 bonum
1194 334 1332 378 reddat,

279 397 321 426 ut
348 388 484 425 dicitur
510 389 550 424 in
577 390 606 424 ΙΙ
633 389 750 425 Ethic.
770 387 790 408 ²¹⁶
817 387 865 423 Et
893 384 979 422 ideo
1008 386 1055 422 de
1077 385 1222 422 ratione
1242 385 1334 422 doni

278 440 425 477 timoris
444 452 524 477 non
544 448 599 476 est
617 439 709 476 illud
733 439 880 475 malum
900 438 1006 486 quod
1032 437 1181 486 respicit
1207 437 1333 481 timor,

281 493 348 529 sed
375 492 581 529 eminentia
618 491 714 528 illius
741 490 855 536 boni,
884 489 1021 526 scilicet
1057 489 1196 535 divini,
1226 489 1336 525 cuius

279 552 464 594 potestate
492 544 648 592 aliquod
675 544 822 580 malum
849 541 968 589 infligi
991 548 1124 590 potest.
1155 542 1250 590 Spes
1270 553 1335 577 au-

280 605 370 644 tem,
391 596 605 633 secundum
625 595 731 644 quod
759 602 813 630 est
841 593 971 640 virtus,
992 593 1141 642 respicit
1169 605 1248 629 non
1277 606 1335 629 so-

280 651 364 686 lum
390 656 558 685 actorem
585 647 690 693 boni,
711 647 777 683 sed
805 645 917 683 etiam
947 645 1076 694 ipsum
1104 645 1254 682 bonum
1281 645 1336 681 in-

280 696 470 750 quantum
489 707 544 736 est
561 711 642 736 non
662 698 847 736 habitum.
867 698 916 735 Et
934 697 1022 734 ideo
1043 697 1208 744 Christo,
1223 695 1336 745 quia⁸

334 825 360 861 ὃ)
379 827 450 860 quia.
469 841 488 846 -
504 827 551 859 qnu'
569 826 649 854 tertia.

2369 254 2438 291 113

1388 333 1465 369 iam
1494 333 1657 369 habebat
1676 332 1883 381 perfectum
1914 332 2154 368 beatitudinis
2182 333 2342 379 bonum,
2363 344 2442 369 non

1389 385 1603 422 attribuitur
1629 385 1749 421 virtus
1777 384 1869 433 spei,
1899 386 1965 421 sed
1994 385 2143 420 donum
2171 385 2327 421 timoris.

1442 438 1499 473 AD
1527 449 1715 474 SECUNDUM
1743 449 1923 473 mCENDUM
1958 437 2063 485 quod
2097 437 2190 473 ratio
2224 437 2282 473 illa
2311 449 2443 485 proce-

1390 489 1443 526 dit
1467 490 1515 526 de
1543 489 1679 526 timore
1708 490 1923 526 secundum
1946 490 2051 538 quod
2074 489 2222 537 respicit
2251 489 2443 526 obiectum

1391 542 1496 590 quod
1525 549 1580 577 est
1608 543 1765 578 malum.

1443 594 1499 629 AD
1514 605 1671 630 TERTIUM
1690 606 1869 631 D1CENDUM
1889 594 1995 642 quod
2014 594 2177 642 perfecta
2196 593 2327 629 caritas
2345 594 2444 630 foras

1391 645 1501 681 mittit
1520 646 1698 682 timorem
1720 646 1908 692 servilem,
1930 646 1996 694 qui
2018 646 2167 694 respicit
2192 645 2446 694 principaliter

1391 709 1571 746 poenam.
1602 697 1664 734 Sic
1687 706 1816 735 autern
1835 698 1950 735 timor
1973 710 2053 734 non
2080 698 2148 734 fuit
2169 697 2208 734 in
2228 697 2390 751 Christo.

953 914 1285 946 commentar-ia
1306 913 1557 946 Garamans
1579 914 1778 947 Caietam

342 1014 448 1034 nurus
471 1005 572 1034 clarus
593 1009 648 1034 est.
669 1021 689 1026 -
713 1004 749 1033 In
772 1012 906 1043 corpore
937 1003 1058 1033 articuli
1079 1003 1173 1032 unica
1195 1007 1241 1032 est
1261 1010 1337 1032 con—
1362 999 1366 1038 l
1391 1011 1459 1031 non
1488 1002 1582 1032 habet
1605 1003 1761 1033 ration‘em
1783 1002 1932 1033 timendi:
1964 1004 2038 1042 quia
2067 1004 2145 1033 haec
2175 1003 2316 1034 conditio
2346 1004 2447 1035 reddit

283 1015 443 1078 Tclusio
458 1048 641 1087 responsiva
663 1047 823 1086 quaesito:
851 1047 889 1077 In
914 1047 1040 1077 Christo
1054 1046 1129 1087 fuit
1149 1046 1246 1076 timor
1259 1045 1337 1080 Dei,

282 1100 347 1122 non
372 1096 515 1131 respectu
536 1091 623 1126 mali,
639 1091 695 1122 sed
717 1095 859 1131 respectu
882 1090 1072 1121 eminentiae
1093 1090 1165 1125 Dei,
1183 1098 1268 1129 prae
1289 1097 1338 1119 ce-

283 1135 359 1166 teris
381 1135 570 1165 hominibus.

337 1178 426 1209 Haec
441 1178 605 1208 conclusio
628 1178 662 1208 in
685 1179 788 1208 littera
800 1178 942 1218 primum
965 1177 1139 1208 declaratur
1155 1176 1263 1218 quoad
1277 1182 1338 1206 ter-

283 1221 388 1252 minos
404 1221 495 1258 duos,
513 1221 736 1261 distinguendo
760 1221 825 1252 duo
842 1221 966 1252 obiecta
981 1221 1118 1251 timoris:
1139 1221 1257 1251 scilicet
1272 1229 1339 1249 ma—

283 1265 352 1295 lum
382 1265 534 1300 terribile;
567 1270 597 1295 et
627 1265 831 1295 eminentiam
860 1265 999 1304 potentis
1034 1264 1175 1304 infligere
1207 1263 1338 1293 malum.

283 1308 375 1345 Quae
389 1309 557 1349 probatur:
582 1309 666 1348 quia,
682 1308 744 1338 nisi
767 1313 848 1339 esset
871 1308 1023 1343 eminens,
1040 1318 1107 1338 non
1129 1307 1301 1337 timeretur.
1317 1324 1341 1328 -

284 1351 408 1382 Deinde
431 1350 605 1382 declaratur
625 1351 703 1391 quid
720 1352 759 1382 sit
781 1352 814 1382 in
838 1351 966 1382 Christo
981 1352 1040 1381 iste
1064 1351 1194 1381 affectus
1216 1351 1340 1381 timoris

285 1395 490 1426 eminentiae:
515 1395 651 1426 dicendo
674 1395 763 1434 quod
785 1401 832 1425 est
850 1395 980 1425 affectus
1002 1395 1213 1426 reverentialis
1236 1400 1339 1424 tantae

285 1439 487 1470 eminentiae.
510 1457 531 1461 —
561 1439 700 1469 Demum
732 1440 900 1478 probatur,
923 1438 1031 1478 quoad
1060 1439 1196 1479 primam
1219 1443 1340 1478 partem

285 1480 511 1518 affirmativam,
528 1483 713 1513 auctoritate
736 1482 894 1522 Apostoli,
913 1482 957 1512 ad
971 1481 1147 1513 Hebraeos.
1171 1482 1211 1512 Et
1234 1480 1342 1521 quoad

286 1526 548 1566 comparativam,
580 1527 764 1556 auctoritate
794 1525 905 1556 Isaiae:
935 1526 1079 1567 Replebit
1109 1535 1180 1556 eum
1204 1525 1342 1565 Spiritus

286 1569 411 1600 timoris
431 1569 574 1600 Domini.

341 1612 378 1643 11.
402 1612 548 1643 Occurrit
576 1613 627 1643 hic
659 1613 792 1644 dubium
823 1614 904 1643 circa
930 1614 1079 1643 timorem
1105 1613 1342 1642 reverentialem

287 1655 420 1687 Christi:
444 1666 482 1686 ex
505 1666 545 1687 eo
569 1656 658 1696 quod
681 1657 852 1688 eminentia
867 1657 928 1687 Dei
950 1657 1088 1696 potentis
1111 1655 1252 1695 infligere
1275 1665 1342 1686 ma-

286 1700 372 1733 lum.
403 1705 457 1730 aut
478 1700 589 1731 habuit
615 1701 771 1732 rationem
793 1700 955 1731 reverendi
986 1706 1144 1740 quatenus
1172 1700 1343 1730 eminentia

287 1743 347 1773 Dei
370 1743 530 1780 absolute;
555 1749 608 1774 aut
627 1749 783 1783 quatenus
799 1744 970 1774 eminentia
986 1750 1032 1774 est
1047 1744 1185 1784 potentis
1201 1743 1342 1783 infligere

286 1786 417 1816 maium.
452 1787 527 1817 Non
549 1793 655 1827 potest
677 1787 739 1818 dici
769 1788 918 1827 primum.
953 1787 1040 1817 Tum
1071 1787 1146 1826 quia
1172 1787 1343 1816 eminentia

287 1830 357 1866 Dei,
381 1835 416 1860 ut
439 1831 492 1865 sic,
516 1829 733 1861 venerandum
749 1830 1011 1870 adorandumque
1027 1836 1127 1866 sonat,
1146 1839 1213 1859 non
1228 1831 1343 1859 timen-

288 1873 382 1904 dum:
413 1882 488 1904 cum
516 1883 583 1904 non
611 1874 693 1904 dicat
716 1874 859 1904 ordinem
886 1874 927 1904 ad
953 1874 1084 1904 malum.
1106 1892 1129 1896 -
1152 1873 1240 1903 Tum
1269 1874 1343 1912 quia

289 1926 432 1957 expresse
454 1918 586 1953 Auctor,
610 1918 713 1948 inart.
730 1928 741 1947 1
764 1927 818 1957 qu.
840 1928 901 1948 xm
920 1918 1042 1948 Primae
1067 1916 1243 1952 Secundae,
1267 1916 1344 1947 dixit

289 1960 379 2000 quod
399 1966 465 1992 tam
487 1961 584 1998 Deus,
609 1971 706 2002 quam
725 1962 857 2002 quilibet
876 1962 954 1992 alius
970 1967 1094 2001 potens,
1119 1966 1165 1991 est
1181 1961 1344 1990 obiectum

287 2004 410 2034 timoris
432 2010 467 2034 ut
491 2014 584 2035 causa
607 2005 697 2035 mali:
722 2015 758 2035 ac
777 2014 833 2045 per
848 2005 920 2040 hoc,
940 2004 1028 2035 Deus
1044 2004 1206 2034 obiectum
1222 2005 1344 2034 timoris

287 2053 324 2078 ut
347 2048 499 2084 eminens,
523 2058 591 2078 non
614 2049 768 2084 absolute,
792 2048 847 2079 sed
869 2054 905 2078 ut
929 2049 1100 2078 eminentia
1123 2054 1169 2078 est
1187 2049 1345 2078 causativa

288 2091 376 2127 mali,
400 2092 593 2131 intelligitur.
628 2091 727 2130 Quod
750 2093 844 2123 etiam
867 2093 900 2122 in
922 2093 982 2122 hac
1004 2092 1105 2122 littera
1129 2091 1344 2127 confirmatur,

289 2135 346 2165 ubi
363 2135 535 2166 eminentia
549 2137 678 2175 ponitur
699 2137 778 2166 ratio
802 2135 891 2176 quod
911 2136 1059 2166 timeatur
1078 2136 1154 2175 quia
1168 2135 1345 2174 superativa

290 2183 337 2209 est
358 2178 399 2208 ad
421 2179 617 2210 causandum
639 2180 769 2210 malum.

344 2221 412 2252 Nec
427 2228 533 2263 potest
548 2222 610 2254 dici
625 2222 811 2254 secundum.
832 2223 918 2261 Quia
929 2223 1072 2254 Christus
1083 2222 1210 2252 nullum
1225 2222 1346 2253 malum

290 2274 415 2306 poenae
442 2275 501 2305 pro
526 2266 636 2306 culpa,
665 2272 719 2297 aut
747 2266 978 2306 separationem
1001 2276 1019 2296 a
1041 2266 1111 2296 Deo
1140 2266 1287 2302 timebat,
1311 2272 1347 2296 ut

290 2309 324 2338 in
346 2308 448 2339 littera
470 2309 593 2340 dicitur.
618 2310 653 2340 In
676 2309 762 2340 idem
785 2315 892 2340 autem
915 2309 994 2340 redit
1016 2310 1127 2340 timere
1150 2309 1271 2340 malum
1291 2310 1346 2339 ali-

291 2351 390 2392 quod,
414 2358 445 2382 et
467 2353 578 2384 timere
601 2354 777 2393 potentiam
799 2350 982 2384 inflictivam
1005 2353 1089 2383 mali.
1113 2353 1180 2383 Nec
1200 2352 1347 2383 differunt

290 2396 352 2427 nisi
373 2397 455 2427 sicut
477 2406 534 2436 per
549 2406 583 2427 se
606 2403 637 2427 et
659 2406 716 2436 per
731 2397 833 2427 aliud:
858 2398 932 2436 quia
954 2397 1073 2427 scilicet
1095 2397 1216 2427 malum
1238 2406 1296 2437 per
1314 2406 1347 2427 se

291 2439 457 2476 timemus;
480 2442 658 2480 poten-tiam
679 2446 787 2472 autem
812 2440 995 2471 inflictivam
1018 2450 1074 2480 per
1097 2439 1192 2475 aliud,
1216 2441 1279 2470 hoc
1302 2446 1348 2471 est

291 2489 422 2523 propter
443 2484 574 2520 malum,
598 2485 674 2525 quia
695 2485 729 2515 in
744 2485 854 2515 ordine
874 2484 914 2516 ad
932 2484 1082 2524 possibile
1098 2484 1219 2515 malum
1241 2485 1279 2514 ab
1296 2485 1348 2515 illa

290 2528 435 2566 potentia
456 2527 552 2559 timor
574 2528 715 2568 insurgit.
739 2527 842 2564 Unde,
867 2529 892 2558 si
915 2528 1114 2558 subtrahatur
1135 2528 1174 2557 ab
1196 2528 1347 2558 eminenti

291 2571 435 2609 potentia
461 2570 540 2601 ordo
564 2571 603 2601 ad
625 2572 762 2608 malum,
794 2571 880 2602 nulla
910 2577 1003 2602 restat
1032 2572 1111 2602 ratio
1141 2572 1272 2602 timoris.
1307 2571 1348 2602 Et

293 2614 369 2653 quia
390 2614 436 2644 sic
458 2613 519 2644 fuit
539 2615 573 2645 in
596 2615 740 2651 Christo,
768 2616 924 2655 quoniam
946 2621 1049 2646 certus
1073 2624 1108 2645 ac
1132 2625 1260 2645 securus
1284 2621 1349 2646 erat

293 2656 382 2697 quod
403 2657 530 2688 nullum
551 2664 675 2698 poterat
697 2668 716 2689 a
730 2659 801 2690 Deo
824 2660 883 2690 sibi
906 2660 1073 2699 provenire
1089 2659 1210 2689 malum
1225 2659 1348 2699 fugien-

293 2700 372 2732 dum
398 2710 455 2741 per
477 2701 600 2732 donum
622 2703 760 2738 timoris,
791 2713 992 2743 consequens
1023 2708 1068 2733 est
1100 2702 1190 2742 quod
1215 2712 1274 2734 nec
1301 2713 1348 2734 re·

293 2749 406 2785 spectu
429 2744 552 2776 divinae
575 2746 765 2777 eminentiae
792 2746 853 2777 fuit
874 2747 908 2777 in
931 2747 1058 2777 Christo
1087 2747 1182 2776 timor
1205 2756 1348 2777 reveren·

294 2788 390 2818 tialis:
414 2798 489 2818 nam
511 2789 606 2818 timor
628 2790 838 2820 reverentialis
861 2786 991 2830 quidam
1013 2790 1109 2820 timor
1132 2795 1187 2820 est.

350 2831 400 2861 ΙΙΙ.
425 2831 475 2862 Ad
497 2832 561 2862 hoc
584 2831 697 2863 dicitur
727 2833 815 2873 quod
837 2834 950 2873 procul
973 2833 1071 2863 dubio
1101 2834 1189 2864 Deus
1212 2843 1278 2864 non
1302 2839 1349 2864 est

295 2875 457 2905 obiectum
480 2876 602 2905 timoris
629 2877 689 2906 nisi
711 2877 744 2906 in
767 2877 878 2907 ordine
901 2877 940 2907 ad
962 2877 1099 2907 malum:
1130 2878 1205 2917 quia
1226 2878 1350 2907 bonum

294 2928 362 2949 non
384 2920 513 2950 timetur
541 2919 602 2950 nisi
624 2920 656 2950 in
680 2919 791 2951 ordine
822 2920 860 2950 ad
883 2921 1020 2956 malum,
1052 2920 1141 2960 quod
1164 2926 1211 2951 est
1237 2930 1293 2960 per
1316 2931 1349 2951 se

294 2963 399 3002 primo
422 2964 544 2993 timoris
567 2963 739 2993 obiectum.
763 2964 804 2993 Et
825 2963 898 2994 ideo
921 2965 1092 2994 eminentia
1107 2964 1212 2994 divina
1227 2965 1260 2994 in
1275 2973 1349 3004 pro—

294 3007 400 3046 posito
424 3007 554 3046 ponitur
569 3007 690 3036 timoris
707 3007 868 3037 obiectum
883 3017 951 3037 non
966 3007 1119 3043 absolute,
1136 3007 1190 3038 sed
1205 3013 1241 3038 ut
1256 3018 1350 3038 causa

294 3049 379 3080 mali.
414 3050 534 3080 Verum
565 3049 726 3090 duplicem
755 3050 850 3080 habet
879 3050 984 3080 divina
1007 3052 1177 3081 eminentia
1205 3051 1350 3082 ordinem

294 3093 335 3124 ad
349 3093 471 3124 malum
486 3099 522 3124 ut
537 3103 631 3124 causa
646 3093 685 3124 ad
701 3093 864 3125 effectum:
889 3095 1004 3134 primo,
1021 3094 1181 3130 absolute;
1197 3094 1348 3130 secundo,

295 3142 331 3167 ut
353 3137 472 3168 substat
495 3137 618 3167 divinae
642 3138 806 3167 voluntati.
842 3137 874 3167 Si
903 3137 1117 3167 consideretur
1145 3138 1250 3168 divina
1273 3139 1349 3168 emi-

294 3181 402 3211 nentia
431 3181 607 3211 secundum
631 3191 724 3211 suum
747 3190 841 3220 posse
865 3180 952 3220 quod
975 3181 1069 3210 habet
1096 3181 1135 3210 ad
1155 3181 1349 3211 causandum

295 3224 433 3260 malum,
457 3225 501 3255 sic
523 3225 636 3265 procul
660 3224 758 3255 dubio
782 3223 914 3254 timendi
937 3225 1092 3255 rationem
1114 3225 1244 3255 retinet:
1275 3226 1350 3264 quia

295 3267 472 3298 secundum
495 3278 528 3298 se
555 3269 650 3298 habet
678 3278 771 3308 posse
795 3277 922 3297 causare
945 3267 1074 3297 malum.
1110 3267 1142 3297 Si
1169 3277 1244 3297 vero
1272 3277 1349 3297 con-

295 3310 449 3341 sideretur
470 3311 575 3342 divina
599 3312 769 3342 eminentia
792 3317 827 3341 ut
850 3316 909 3341 stat
936 3311 994 3340 sub
1017 3310 1279 3342 determinatione
1303 3311 1348 3340 di-

295 3355 388 3385 vinae
410 3355 581 3386 voluntatis
604 3354 643 3386 ad
665 3365 733 3386 non
749 3354 942 3385 causandum
966 3355 1127 3385 executive
1149 3354 1280 3390 malum,
1305 3355 1348 3384 sic

438 3581 547 3606 Sunius
565 3581 667 3606 Tutor..
685 3581 716 3607 D.
731 3581 845 3606 'raonis
863 3580 895 3606 Τ.
907 3581 970 3606 V111.

1392 1051 1567 1075 creaturam
1598 1055 1741 1076 securam
1771 1052 1802 1076 et
1831 1052 1948 1076 certam
1978 1047 2016 1077 de
2039 1047 2290 1086 impossibilitate
2311 1049 2386 1078 mali
2413 1048 2446 1078 in

1393 1087 1517 1119 effectu.
1542 1089 1649 1119 Potest
1673 1099 1747 1129 ergo
1771 1090 1876 1120 divina
1897 1091 2076 1125 eminentia,
2100 1100 2167 1120 non
2183 1091 2287 1121 solum
2303 1092 2446 1122 absolute

1394 1132 1474 1171 (quo
1497 1132 1596 1163 modo
1620 1143 1687 1163 non
1711 1139 1757 1163 est
1779 1135 1942 1164 obiectum
1961 1135 2107 1172 timoris),
2132 1134 2187 1164 sed
2202 1140 2237 1164 ut
2253 1144 2346 1166 causa
2361 1136 2446 1171 mali,

1393 1177 1569 1206 abstrahere
1589 1187 1606 1206 a
1620 1178 1763 1216 possibili
1779 1178 1966 1207 executione
1982 1178 2073 1207 mali:
2098 1184 2128 1208 et
2144 1179 2188 1207 sic
2204 1188 2270 1208 esse
2287 1180 2447 1210 obiectum

1392 1219 1514 1249 timoris
1545 1221 1663 1260 absque
1688 1220 1798 1250 ordine
1829 1221 1867 1250 ad
1894 1221 2015 1250 malum
2038 1221 2186 1260 possibile
2218 1223 2351 1252 evenire.
2386 1222 2448 1253 Sed

1393 1273 1459 1293 non
1482 1269 1604 1302 potest,
1628 1269 1663 1294 ut
1686 1274 1780 1294 causa
1802 1264 1893 1299 mali,
1924 1264 2100 1294 abstrahere
2124 1265 2161 1294 ab
2185 1266 2247 1294 hoc
2271 1266 2359 1305 quod
2382 1267 2448 1305 ipsa

1393 1306 1570 1337 secundum
1594 1317 1626 1337 se
1650 1313 1696 1337 est
1717 1313 1833 1347 potens
1856 1317 1983 1338 causare
2007 1308 2136 1338 malum.

1449 1350 1489 1380 Et
1512 1351 1587 1390 quia
1610 1352 1654 1381 sic
1677 1357 1742 1381 erat
1764 1352 1797 1381 in
1821 1351 1958 1385 Christo,
1982 1351 2055 1381 ideo
2079 1357 2251 1391 utrumque
2267 1352 2306 1382 de
2323 1352 2448 1382 Christo

1394 1393 1523 1424 dicitur:
1547 1395 1675 1430 scilicet,
1696 1401 1727 1424 et
1750 1395 1838 1434 quod
1861 1405 1927 1426 non
1948 1401 2013 1425 erat
2028 1396 2060 1425 in
2083 1405 2122 1425 eo
2138 1396 2234 1426 timor
2252 1396 2326 1426 mali
2349 1398 2449 1435 possi-

1394 1438 1474 1473 bilis,
1491 1438 1634 1478 fugiendi
1649 1438 1768 1468 scilicet
1790 1448 1847 1478 per
1871 1439 1993 1468 donum
2009 1440 2148 1474 timoris;
2172 1446 2203 1469 et
2225 1440 2314 1479 quod
2337 1446 2402 1470 erat
2417 1441 2449 1470 in

1395 1491 1434 1511 eo
1467 1482 1563 1512 timor
1595 1482 1784 1512 eminentiae
1816 1482 1939 1512 divinae
1972 1483 2110 1522 potentis
2146 1482 2286 1522 infligere
2318 1484 2448 1514 malum.

1395 1524 1654 1565 Contemplando
1685 1525 1842 1565 siquidem
1872 1526 2011 1556 divinam
2034 1527 2237 1556 eminentiam
2265 1533 2300 1557 ut
2323 1537 2449 1557 causam

1394 1574 1570 1607 potentem,
1587 1574 1743 1608 quantum
1759 1579 1797 1599 ex
1812 1579 1845 1599 se
1869 1575 1924 1605 est,
1948 1569 2090 1609 infligere
2113 1570 2247 1606 malum,
2271 1571 2451 1610 insurgebat

1394 1612 1491 1642 timor
1512 1611 1723 1642 reverentialis
1739 1613 1778 1642 ad
1797 1613 1899 1643 illam:
1924 1614 2078 1652 quamvis,
2095 1613 2223 1643 sciendo
2247 1615 2450 1644 eminentiam

1395 1655 1482 1686 illam
1505 1666 1572 1686 esse
1595 1666 1723 1686 causam
1746 1656 1986 1687 determinatam
2002 1657 2041 1686 ad
2063 1667 2131 1687 non
2147 1657 2342 1688 causandum
2361 1659 2394 1688 in
2418 1668 2450 1688 se

1395 1699 1580 1730 huiusmodi
1603 1700 1733 1735 malum,
1750 1710 1880 1730 securus
1903 1706 1999 1736 esset,
2024 1701 2142 1740 absque
2166 1702 2345 1741 suspicione
2375 1711 2451 1742 qua-

1396 1752 1535 1782 cumque
1566 1743 1750 1773 huiusmodi
1773 1744 1857 1773 mali.

1450 1786 1491 1815 Et
1512 1796 1570 1826 per
1592 1787 1670 1817 haec
1694 1792 1780 1826 patet
1803 1787 1920 1817 solutio
1945 1788 2160 1817 obiectorum:
2187 1793 2216 1817 et
2240 1787 2328 1828 quod
2345 1789 2452 1818 omnia

1396 1834 1583 1860 consonant.

1451 1873 1505 1903 IV.
1528 1873 1563 1903 In
1586 1873 1795 1912 responsione
1818 1874 1857 1903 ad
1881 1875 2020 1913 primum
2047 1874 2190 1904 eiusdem
2213 1875 2334 1905 articuli
2358 1876 2452 1911 sexti,

1397 1917 1422 1947 si
1445 1916 1681 1948 distinctionem
1704 1917 1768 1947 iam
1783 1918 1799 1934 *
1824 1917 1939 1948 dictam
1962 1918 2001 1948 de
2025 1918 2144 1958 duplici
2161 1918 2271 1948 ordine
2287 1929 2399 1949 causae
2415 1919 2453 1950 ad

1398 1960 1556 1996 effectum,
1580 1961 1770 2002 applicueris
1793 1960 1832 1990 ad
1854 1961 1999 1997 litteram,
2016 1961 2137 1992 videbis
2151 1961 2358 1992 differentiam
2374 1963 2454 1993 inter

1396 2005 1518 2034 timoris
1542 2003 1665 2034 donum
1689 2010 1719 2034 et
1743 2005 1810 2044 spei
1826 2005 1983 2040 virtutem,
2007 2006 2040 2036 in
2056 2006 2157 2036 littera
2180 2007 2326 2045 positam.
2350 2007 2454 2037 Habet

1397 2048 1555 2087 siquidem
1578 2053 1666 2078 actor
1688 2048 1753 2078 sive
1776 2049 1852 2079 boni
1876 2049 1940 2078 sive
1963 2049 2037 2078 mali
2062 2049 2222 2089 duplicem
2247 2049 2392 2080 ordinem
2416 2050 2454 2080 ad

1398 2101 1492 2123 suum
1516 2090 1681 2127 effectum:
1706 2092 1821 2131 prim0,
1846 2092 2023 2122 secundum
2041 2102 2083 2128 se,
2108 2102 2166 2132 pro
2183 2098 2303 2132 quanto
2328 2100 2374 2124 est
2396 2103 2455 2133 po-

1397 2141 1467 2165 tens
1490 2144 1618 2165 causare
1641 2136 1766 2165 bonum
1791 2136 1857 2165 sive
1880 2137 2016 2172 malurn,
2049 2137 2143 2167 etiam
2166 2137 2260 2173 rnihi;
2295 2138 2454 2173 secundo,

1398 2184 1434 2209 ut
1457 2184 1658 2218 praeparatus
1682 2184 1728 2208 est
1758 2178 1797 2209 ad
1825 2180 2048 2211 executionem
2070 2181 2147 2210 boni
2169 2181 2219 2210 vel
2242 2181 2327 2212 mali.
2362 2181 2455 2211 Tunc

1399 2228 1506 2252 autem
1521 2228 1645 2252 tantum
1661 2223 1788 2252 timetur
1799 2223 1920 2254 malum
1935 2223 1985 2253 vel
2001 2229 2142 2263 speratur
2154 2224 2277 2254 bonum
2289 2234 2327 2254 ex
2339 2230 2454 2260 actore,

1400 2266 1528 2306 quando
1545 2272 1678 2306 uterque
1694 2265 1772 2296 ordo
1786 2266 1961 2297 intervenit.
1979 2266 2117 2304 Quando
2130 2273 2236 2298 autem
2252 2268 2373 2308 primus
2388 2274 2455 2298 tan-

1399 2316 1478 2345 tum,
1502 2316 1579 2340 tunc
1603 2315 1690 2340 actor
1713 2315 1837 2340 tantum
1860 2310 2034 2350 respicitur.

1454 2353 1490 2384 In
1513 2353 1615 2384 littera
1637 2353 1731 2393 igitur
1761 2354 1892 2393 ponitur
1914 2353 2089 2384 differentia
2114 2355 2196 2384 inter
2217 2355 2365 2384 virtutem
2389 2356 2456 2394 spei

1401 2403 1432 2427 et
1455 2397 1577 2428 donum
1600 2398 1723 2427 timoris
1745 2398 1778 2427 in
1801 2397 1874 2432 hoc,
1899 2397 1987 2436 quod
2011 2407 2085 2437 spes
2105 2403 2151 2428 est
2166 2403 2312 2437 respectu
2327 2399 2404 2428 boni
2422 2399 2455 2428 in

1401 2442 1598 2477 executione,
1623 2447 1654 2471 et
1674 2446 1819 2480 respectu
1836 2442 1948 2471 actoris
1969 2442 2046 2471 boni
2068 2447 2205 2481 utroque
2221 2441 2337 2471 modo:
2361 2442 2457 2479 timor

1400 2494 1476 2516 vero
1500 2494 1568 2516 non
1591 2491 1638 2515 est
1659 2490 1804 2524 respectu
1827 2485 1916 2520 mali,
1940 2494 1999 2515 nec
2021 2491 2167 2525 respectu
2190 2485 2303 2515 actoris
2326 2490 2362 2516 ut
2384 2495 2456 2515 exe-

1402 2529 1512 2564 cufivi,
1537 2528 1592 2559 sed
1614 2534 1760 2568 respectu
1783 2529 1896 2558 actoris
1918 2529 2057 2568 potentis
2080 2527 2257 2559 secundum
2281 2538 2313 2558 se
2336 2529 2456 2559 malum

1402 2581 1538 2603 causare.
1574 2572 1614 2602 Et
1636 2573 1715 2602 ratio
1744 2571 1882 2603 redditur
1904 2573 1938 2602 in
1961 2572 2061 2602 littera
2088 2582 2125 2602 ex
2149 2573 2312 2602 communi
2335 2573 2456 2602 ratione

1402 2616 1479 2646 doni
1503 2622 1533 2646 et
1554 2617 1692 2646 virtutis:
1718 2616 1792 2655 quia
1815 2616 1934 2646 scilicet
1949 2625 2121 2646 commune
2138 2622 2183 2646 est
2198 2616 2302 2645 virtuti
2320 2621 2351 2645 et
2369 2615 2455 2646 dono

1401 2669 1458 2700 per
1481 2669 1514 2690 se
1537 2660 1641 2700 primo
1665 2660 1820 2699 respicere
1843 2660 1976 2694 bonum,
1998 2661 2072 2699 quia
2094 2660 2191 2690 virtus
2213 2660 2316 2698 primo
2340 2659 2456 2689 bonum

1394 2703 1484 2744 facit
1498 2705 1523 2733 ἦ
1553 2704 1637 2734 Hinc
1661 2704 1746 2735 enim
1769 2704 1911 2742 sequitur
1934 2703 2023 2742 quod
2045 2713 2125 2742 spes,
2154 2713 2234 2742 quae
2262 2713 2329 2733 non
2352 2703 2457 2734 solum

1402 2748 1594 2787 inquantum
1610 2747 1742 2783 donum,
1766 2747 1822 2777 sed
1839 2746 2016 2777 secundum
2031 2747 2193 2787 propriam
2208 2747 2364 2776 rationem
2379 2747 2455 2787 spei,

1404 2790 1519 2821 directe
1543 2791 1669 2831 respicit
1691 2791 1830 2826 bonum,
1862 2791 1969 2820 omnia
1993 2799 2073 2830 quae
2097 2790 2266 2820 convenire
2289 2795 2361 2820 nata
2384 2796 2457 2821 sunt

1403 2835 1480 2874 spei,
1504 2835 1649 2864 retineat:
1675 2844 1710 2864 ac
1734 2844 1790 2873 per
1809 2834 1882 2869 hoc,
1907 2833 1994 2873 quod
2010 2834 2048 2863 sit
2063 2834 2140 2863 boni
2156 2833 2302 2869 habendi,
2319 2842 2375 2863 seu
2390 2843 2456 2864 non

1403 2878 1509 2907 habiti.
1543 2878 1655 2908 Timor
1678 2883 1798 2912 autem,
1823 2878 1896 2916 quia
1921 2877 2096 2907 secundum
2119 2877 2280 2916 propriam
2302 2878 2457 2907 rationem

1402 2922 1524 2951 timoris
1548 2922 1663 2951 directe
1686 2921 1812 2960 respicit
1834 2921 1969 2955 malum,
1993 2920 2047 2950 sed
2071 2925 2227 2959 quatenus
2251 2921 2389 2951 elevatus
2412 2927 2457 2951 est
2511 2922 2514 2925 “

1402 2965 1436 2994 in
1459 2964 1677 2995 celsitudinem
1701 2964 1793 2994 doni.
1826 2964 1953 3003 proprie
1977 2969 2007 2993 et
2034 2972 2090 3003 per
2112 2973 2146 2994 se
2169 2964 2294 3003 respicit
2317 2965 2456 2999 bonum,

1402 3018 1469 3038 non
1493 3009 1606 3038 retinet
1629 3017 1664 3037 ea
1695 3016 1775 3046 quae
1800 3016 1832 3036 se
1855 3012 1964 3036 tenent
1991 3016 2028 3037 ex
2059 3012 2146 3046 parte
2169 3007 2255 3043 mali,
2286 3007 2340 3038 sed
2364 3006 2403 3037 ad
2425 3008 2457 3038 id

1404 3051 1491 3090 quod
1522 3061 1554 3081 se
1577 3056 1663 3081 tenet
1695 3061 1731 3080 ex
1755 3056 1841 3090 parte
1864 3050 1958 3086 boni,
1981 3049 2091 3080 tendit.
2125 3050 2166 3080 Et
2188 3050 2260 3081 ideo
2288 3051 2457 3082 minimum
2493 3087 2497 3093 ,

1403 3095 1530 3125 retinuit
1553 3094 1592 3125 de
1616 3099 1746 3133 aspectu
1768 3093 1807 3124 ad
1830 3093 1951 3124 malum
1974 3094 2095 3124 timoris
2119 3094 2240 3124 donum
2263 3095 2296 3124 in
2312 3094 2455 3125 Christo:

1403 3138 1480 3168 dum
1503 3139 1536 3167 in
1560 3138 1665 3167 solum
1688 3137 1836 3167 tendebat
1852 3143 1991 3167 actorem
2006 3138 2091 3173 mali,
2113 3147 2180 3167 non
2195 3143 2231 3168 ut
2247 3139 2455 3173 executivum‚

1403 3181 1458 3211 sed
1481 3187 1517 3211 ut
1539 3182 1571 3211 in
1595 3191 1627 3211 se
1650 3186 1815 3220 potentem
1839 3190 1966 3211 causare
1988 3181 2118 3211 malum.
2150 3181 2225 3219 Quo
2242 3181 2277 3211 fit
2303 3188 2338 3211 ut
2360 3183 2457 3212 virtus

1403 3225 1471 3264 spei
1485 3225 1518 3254 in
1542 3224 1668 3255 Christo
1688 3234 1755 3254 non
1771 3224 1882 3255 fuerit:
1906 3230 2018 3264 utpote
2041 3234 2165 3264 ponens
2182 3225 2286 3255 Deum
2309 3235 2375 3255 non
2402 3225 2456 3255 ha-

1402 3269 1468 3298 beri
1484 3268 1522 3297 ab
1540 3268 1644 3298 anima
1661 3267 1786 3299 Christi.
1811 3268 1949 3298 Timoris
1973 3274 2079 3299 autem
2096 3269 2218 3299 donum
2233 3269 2265 3298 in
2282 3278 2320 3298 eo
2345 3267 2454 3299 fuerit:

1402 3317 1515 3351 utpote
1540 3312 1640 3342 solam
1663 3312 1871 3342 reverentiam
1894 3313 2007 3342 actoris
2035 3312 2109 3342 mali
2139 3321 2262 3351 ponens
2284 3313 2317 3342 in
2340 3311 2456 3343 Christi

1401 3363 1515 3384 amma.

2282 3581 2312 3606 15

2482 1924 2490 1933 ⁸
2504 1923 2574 1944 Num.
2586 1923 2690 1951 praeced.

2485 2711 2494 2721 ⁸
2508 2710 2543 2732 Cf.
2559 2711 2602 2732 loc.
2618 2711 2656 2733 cit.
2671 2712 2694 2733 in

2484 2743 2543 2764 resp.
