2872 3970
451 265 526 310 554

449 349 612 371 sarmuws
626 349 658 369 m
699 341 801 370 Utrum
823 349 875 377 per
889 339 1055 376 passionem
1076 337 1183 368 Christi
1198 338 1332 383 homines

729 379 832 410 fuerint
858 379 969 408 liberati
989 388 1007 408 a
1027 387 1123 415 poena
1150 384 1269 414 peccati.
1293 398 1300 406 .

530 433 544 448 7>
627 429 656 449 xv
697 421 799 450 Utrum
827 429 879 457 per
905 419 1071 456 passionem
1107 417 1213 446 Christi
1240 417 1331 446 simus

728 463 791 491 Deo
812 459 987 489 reconciliati
990 478 1330 488 ............

627 509 646 529 v
695 503 800 530 Utrum
822 500 952 530 Christus
978 509 1031 529 sua
1051 499 1184 537 passione
1212 506 1333 536 aperue-

727 541 764 570 rit
783 541 870 570 nobis
895 539 1012 570 ianuam
1037 540 1118 570 caeli.
1142 561 1149 567 .
1173 561 1180 567 .
1203 560 1210 566 .
1234 559 1241 584 3
1264 559 1271 566 .
1294 559 1301 566 .
1325 559 1331 565 .

530 595 544 610 »
627 590 657 610 vx
698 582 801 611 Utrum
830 581 960 611 Christus
986 591 1038 618 per
1062 589 1145 609 suam
1166 586 1331 617 passionem

727 622 863 655 meruerit
884 621 1001 650 exaltari
1017 639 1331 650 ...........

715 700 908 736 QUAESTIO
932 699 1249 736 QUINQUAGESIMA

807 771 857 802 De
882 771 995 801 morte
1016 770 1154 800 Christi.

691 852 794 880 Utrum
806 850 890 879 fuerit
900 849 1076 879 conveniens
1087 848 1234 877 Christum
1246 847 1331 881 mori.

697 892 800 920 Utrum
822 890 853 918 in
867 895 961 918 morte
976 887 1082 917 Christi
1103 887 1187 918 fuerit
1202 894 1334 925 separata

727 930 861 960 divinitas
881 939 900 959 a
926 938 1022 959 carne.
1042 949 1052 958 .
1075 950 1083 958 .
1107 951 1115 958 .

447 860 610 881 ARTICULUS
620 860 631 880 1

529 903 544 918 »
626 900 647 920 n

699 972 801 1000 Utrum
834 970 863 999 in
892 976 985 998 morte
1014 969 1119 999 Christi
1141 969 1224 999 fuerit
1251 978 1333 1006 sepa-

529 984 544 999 »
626 980 658 1000 111

725 1011 799 1040 ratio
824 1010 981 1039 divinitatis
1007 1011 1044 1038 ab
1072 1009 1171 1038 anima
1173 1031 1331 1039 ......

529 1064 543 1079 »
625 1060 656 1081 rv
697 1052 799 1080 Utrum
822 1050 952 1080 Christus
966 1049 997 1078 in
1011 1050 1109 1093 triduo
1127 1051 1229 1080 mortis
1251 1050 1334 1081 fuerit

661 1093 1120 1120 ‘homo.........;
1144 1113 1331 1121 .......

625 1141 646 1161 v
695 1133 799 1161 Utrum
815 1131 898 1160 fuerit
912 1130 988 1160 idem
1000 1140 1122 1160 numero
1133 1140 1238 1170 corpus
1250 1133 1333 1162 Chri-

727 1172 762 1201 sti
783 1171 903 1200 viventis
924 1178 953 1200 et
974 1169 1081 1201 mortui
1084 1193 1212 1201 .....
1216 1200 1219 1203 ⁴
1235 1194 1242 1200 .
1265 1195 1272 1202 .
1295 1195 1302 1202 .
1326 1195 1333 1202 .

528 1225 543 1240 s
626 1221 657 1242 vx
697 1213 800 1242 Utrum
830 1221 910 1241 mors
939 1211 1045 1242 Christi
1079 1212 1189 1252 aliquid
1216 1220 1335 1251 operata

727 1253 810 1282 fuerit
831 1253 877 1282 ad‘
889 1259 1018 1282 nostram
1039 1253 1160 1282 salutem
1176 1275 1333 1283 ......

654 1331 849 1367 QUAESTIO
871 1331 1309 1368 QUINQUAGESIMAPRIMA

774 1403 824 1432 De
845 1403 1026 1439 sepultura
1047 1403 1187 1433 Christi.

446 1488 611 1509 Aartcuws
625 1488 635 1508 1
697 1480 799 1508 Utrum
822 1478 906 1507 fuerit
925 1478 1101 1507 conveniens
1121 1478 1266 1507 Christum
1289 1487 1333 1507 se-

747 1518 807 1547 eliri
811 1540 1332 1548 ..................

528 1571 543 1586 »
626 1568 647 1588 11
698 1529 801 1588 Uirum
817 1558 1000 1587 convenienti
1015 1560 1106 1588 modo
1128 1559 1258 1588 Christus
1272 1560 1333 1589 fue-

726 1598 763 1627 rit
782 1599 911 1636 sepultus
928 1620 1332 1629 ..............

528 1652 543 1667 a·
626 1648 658 1668 111
699 1640 801 1668 Utrum
823 1648 930 1676 corpus
943 1639 1049 1668 Christi
1071 1639 1100 1668 in
1121 1642 1254 1677 sepulcro
1272 1640 1333 1670 fue—

726 1679 763 1708 rit
789 1679 990 1708 incineratum.
1021 1701 1333 1711 ...........

528 1732 543 1747 »
626 1728 657 1749 1v
698 1721 799 1748 Utrum
823 1720 953 1748 Christus
974 1720 1058 1749 fuerit
1079 1721 1109 1750 in
1130 1723 1263 1758 sepulcro
1285 1731 1332 1751 so-

727 1760 790 1797 lum
807 1769 867 1788 una
881 1760 927 1788 die
949 1767 977 1788 et
998 1762 1110 1790 duabus
1129 1762 1272 1791 noctibus.
1295 1786 1301 1792 .
1325 1785 1331 1791 .

622 1840 815 1874 QUAESTIO
842 1840 1339 1874 QUINQUAGESIMASECUNDA

666 1908 716 1937 De
738 1907 909 1936 descensu
930 1907 1060 1937 Christi
1079 1907 1126 1937 ad
1145 1909 1288 1939 inferos.

699 1983 801 2011 Utrum
824 1982 908 2010 fuerit
930 1983 1106 2012 conveniens
1126 1985 1273 2013 Christum
1295 1987 1332 2014 ad

726 2022 871 2051 infernum
893 2023 1067 2052 descendere
1083 2045 1331 2054 .........

449 1993 612 2013 ARTlcunus
628 1992 638 2011 1

530 2075 545 2090 »
627 2072 647 2091 n
699 2063 802 2090 Utrum
828 2062 958 2090 Christus
980 2063 1160 2092 descenderit
1187 2065 1273 2093 etiam
1295 2067 1333 2094 ad

727 2102 870 2130 infernum
899 2103 1105 2131 damnatorum
1109 2125 1331 2134 ........

530 2155 544 2170 >v
627 2151 659 2171 111
699 2143 803 2170 Utrum
825 2141 956 2171 Christus
970 2142 1055 2171 fuerit
1072 2149 1150 2172 totus
1164 2143 1194 2172 in
1209 2144 1332 2174 inferno.

529 2195 544 2210 »
627 2191 657 2211 tv
697 2183 800 2210 Utrum
823 2182 954 2210 Christus
974 2182 1102 2219 aliquam
1129 2193 1241 2213 moram
1264 2194 1335 2214 con-

727 2222 842 2250 traxerit
858 2222 888 2250 in
906 2221 1019 2251 inferno
1022 2244 1331 2254 ...........

530 2275 544 2290 »
590 2288 594 2289 γ
627 2271 647 2290 v
697 2263 802 2290 Utrum
831 2262 977 2297 Christus,
1000 2263 1177 2292 descendens
1203 2265 1240 2293 ad
1262 2265 1334 2294 infe-

726 2312 784 2338 ros,
803 2309 919 2331 sanctos
933 2303 1031 2331 Patres
1052 2303 1119 2332 inde
1132 2303 1303 2334 liberaverit.
1326 2328 1334 2335 .

530 2354 544 2369 2
627 2350 658 2370 vl
698 2343 801 2370 Utrum
828 2342 959 2370 Christus
979 2342 1093 2379 aliquos
1121 2345 1276 2374 damnatos
1297 2346 1333 2374 ab

728 2382 841 2411 inferno
862 2381 1024 2411 liberaverit
1026 2404 1332 2415 ...........

530 2434 544 2449 »
627 2430 668 2450 vn
698 2423 801 2450 Utrum
823 2422 904 2459 pueri
920 2422 970 2460 qui
985 2432 1050 2451 eum
1066 2423 1199 2461 originali
1214 2432 1332 2462 peccato

728 2463 919 2497 decesserant,
942 2462 1047 2491 fuerint
1078 2473 1130 2500 per
1161 2465 1333 2495 descensum

729 2502 836 2530 Christi
863 2501 974 2531 liberati
991 2525 1332 2535 ............

530 2554 544 2569 »
627 2551 679 2571 vm
700 2543 802 2570 Utrum
819 2542 950 2571 Christus
970 2553 1024 2572 suo
1043 2545 1183 2573 descensu
1204 2546 1242 2574 ad
1262 2546 1335 2575 infe-

727 2591 775 2611 ros
789 2581 951 2611 liberaverit
964 2583 1076 2612 animas
1090 2593 1107 2612 a
1121 2586 1300 2622 purgatorio.
1323 2609 1331 2615 .

643 2662 836 2696 QUAESTIO
859 2662 1320 2707 QUINQUAGESIMATERTIA

737 2731 787 2760 De
807 2732 1065 2762 resurrectione
1087 2733 1226 2763 curisti.

450 2817 613 2838 ARTICULUS
627 2818 637 2838 1
698 2810 800 2838 Utrum
817 2810 899 2838 fuerit
913 2810 1106 2839 necessarium
1129 2812 1274 2841 Christum
1290 2823 1334 2842 re-

730 2859 779 2878 sur
798 2859 845 2878 ere
849 2871 1331 2882 .................

533 2900 547 2915 »
630 2898 650 2917 n
701 2859 803 2918 Utruss
818 2889 902 2918 fuerit
923 2891 1098 2920 conveniens
1113 2892 1259 2921 Christum
1278 2900 1333 2922 ter-

729 2929 769 2958 tia
790 2930 837 2958 die
858 2939 1005 2967 resurgere
1021 2952 1334 2962 ...........

531 2980 546 2995 »
629 2977 660 2997 m
701 2970 803 2998 Utrum
826 2969 956 2998 Christus
977 2971 1072 3007 primo
1093 2973 1278 3001 resurrexerit
1296 2996 1302 3002 .
1326 2996 1333 3002 .

630 3017 658 3037 tv
700 3010 801 3037 Utrum
825 3009 955 3038 Christus
983 3010 1067 3039 fuerit
1088 3020 1175 3040 causa
1200 3022 1269 3041 suae
1290 3023 1334 3043 re—

729 3049 914 3078 surrectionis
936 3072 1334 3083 ..............

631 3128 825 3162 QUAESTIO
855 3129 1335 3166 QUINQUAGESIMAQUARTA

664 3198 713 3227 De
735 3199 901 3235 qualitate
924 3200 1054 3230 Christi
1076 3204 1302 3238 resurgentis.

451 3280 638 3302 ARTICULUSI
699 3275 801 3303 Utrum
834 3276 963 3305 Christus
995 3284 1061 3313 post
1096 3279 1335 3308 resurrectionem

731 3315 863 3343 habuerit
884 3325 983 3344 verum
1006 3326 1111 3353 corpus
1114 3339 1334 3348 ........

631 3362 652 3381 n
702 3355 804 3382 Utrum
826 3364 932 3392 corpus
949 3356 1054 3385 Christi
1077 3358 1259 3387 resurrexerit
1273 3360 1334 3397 glo-

731 3403 838 3422 riosum
853 3417 1334 3428 .................

632 3441 662 3460 m
702 3433 803 3461 Utrum
826 3443 930 3471 corpus
956 3435 1060 3464 Christi
1089 3437 1272 3466 resurrexerit
1292 3438 1335 3467 in·

731 3479 841 3509 tegrum
845 3495 1335 3507 .................

1460 255 1627 299 1NDEX

1324 399 1330 405 .
1357 386 1431 416 pag.
1452 379 1509 415 473

1415 469 1430 485 »
1452 467 1512 496 474

1416 549 1431 565 »
1453 538 1510 575 475
1571 550 1575 554 ’

1416 629 1431 645 ’
1453 627 1511 655 477

1416 859 1431 874 ’
1453 857 1513 886 479

1417 941 1432 956 ι
1454 930 1514 965 480

1417 1020 1432 1036 2
1453 1008 1508 1045 481

1415 1102 1431 1118 »
1454 1092 1511 1126 483

1417 1184 1432 1199 »
1454 1173 1515 1209 484

1418 1266 1433 1282 »
1455 1255 1512 1291 485

1417 1531 1432 1547 ³·
1454 1522 1513 1558 487

1417 1612 1431 1628 ι
1454 1603 1513 1638 488

1417 1693 1432 1709 »
1454 1684 1513 1720 489

1416 1773 1431 1790 »
1453 1772 1513 1800 490

1417 2038 1431 2053 »
1453 2035 1512 2064 492

1417 2118 1431 2132 ι
1453 2108 1510 2144 493

1417 2158 1432 2173 »
1454 2150 1513 2185 496

1417 2238 1432 2253 ¹⁹
1453 2237 1512 2265 497

1418 2317 1432 2332 x>
1455 2308 1514 2344 498

1418 2397 1432 2412 ²⁹
1454 2397 1513 2425 499

1417 2519 1432 2534 ι
1457 2508 1514 2537 500

1417 2601 1431 2615 »
1457 2590 1508 2618 501

1417 2866 1431 2881 s
1457 2855 1511 2883 503

1417 2946 1431 2962 »
1457 2936 1514 2970 504

1417 2986 1432 3002 s
1457 2976 1511 3004 505

1417 3066 1432 3082 s
1458 3056 1513 3092 507

1420 3332 1434 3347 πο
1460 3323 1515 3351 508

1418 3411 1433 3427 ι
1458 3402 1514 3438 509

1419 3491 1434 3507 »
1459 3481 1509 3508 511

1565 342 1729 365 Asncums
1743 343 1774 364 tv
1813 337 1919 379 Usttiyftm¹
1930 346 2044 379 >corpus
2058 337 2164 373 Christi
2185 346 2251 366 cum
2272 337 2451 368 cicatricibus

1845 385 1992 429 resurgere
2021 376 2151 406 debuerit
2174 399 2329 407 ......
2331 399 2359 422 Ι.
2381 400 2388 407 .
2410 400 2418 407 .
2440 400 2447 408 .
2477 388 2550 419 pag.
2571 379 2627 409 513

1755 430 1950 501 QUAE'sTio
1975 434 2440 501 oulNQUAGEsmAQumTA

1776 522 1826 552 De
1836 522 2129 554 manifestatione
2149 525 2424 556 resurrectionis.

1565 605 1729 627 utricums
1743 607 1754 627 1
1814 599 1918 628 Utrum
1958 601 2131 631 resurrectio
2171 602 2276 631 Christi
2320 605 2451 634 debuerit

1795 666 1799 669 Δ
1845 638 1984 668 omnibus
2004 640 2179 671 manifestari
2206 663 2233 682 ,Α
2236 664 2451 674 ........

1819 680 1930 709 Utrum-
1947 680 2123 710 conveniens
2149 682 2233 711 fuerit
2258 685 2339 721 quod
2366 685 2452 714 disci-

1845 720 1907 757 puli
1934 720 2065 750 viderent
2091 721 2238 752 Christum
2262 733 2419 764 resurgere.
2442 747 2448 755 .

1819 761 1923 789 Utrum
1954 761 2086 790 Christus
2116 769 2183 799 post
2213 765 2451 796 resurrectionem

1847 801 1979 830 debuerit
1992 802 2129 832 continue
2143 811 2210 832 cum
2225 803 2373 842 discipulis
2381 814 2452 834 con-

1649 688 1664 705 »
1746 687 1768 708 n

1650 891 1664 906 2.
1747 887 1778 909 w
1817 850 2397 923 uiiffbffls‘nssd'essuzrifdis'ezbass
2414 867 2452 915 'iii

1849 921 1906 951 alia
1926 919 2022 960 effigie
2042 932 2182 962 apparere
2201 947 2208 954 .
2231 947 2243 965 .V
2260 946 2451 956 .......

1650 970 1665 986 ι
1747 969 1767 989 v
1817 962 1919 991 Utrum
1941 962 2072 992 Christus
2092 963 2242 995 veritatem
2267 967 2452 997 resurrectio-

1847 1002 1893 1031 nis
1913 1003 2045 1032 debuerit
2063 1005 2242 1042 argumentis
2262 1007 2417 1037 declarare.
2444 1030 2451 1037 .

1818 1043 1923 1072 Utrum
1943 1050 2114 1082 argumenta
2128 1054 2202 1084 quae
2223 1046 2354 1078 Christus
2368 1048 2453 1078 indu-

1848 1082 1889 1112 xit
1914 1082 2091 1114 sufficienter
2111 1087 2356 1117 manifestaverint
2381 1088 2455 1118 veri·

1849 1130 1936 1153 tatem
1958 1126 2174 1156 resurrectionis
2199 1127 2262 1157 eius
2264 1150 2452 1159 .......

1770 1203 1964 1238 QUAESTIO
1989 1205 2433 1241 QUINQUAGESIMASEXTA

1736 1273 1786 1304 De
1807 1275 2017 1306 causalitate
2036 1279 2304 1310 resurrectionis
2326 1280 2465 1311 christi.

1568 1359 1732 1380 munaus
1744 1361 1756 1381 1
1817 1353 1920 1382 Utrum
1944 1354 2116 1384 resurrectio
2130 1355 2238 1385 Christi
2251 1356 2288 1385 sit
2307 1366 2394 1388 causa
2410 1368 2453 1388 re·

1847 1393 2034 1423 surrectionis
2052 1403 2210 1433 corporum
2213 1417 2452 1428 .........

1650 1443 1664 1458 a
1747 1441 1769 1462 11
1818 1433 1920 1463 Utrum
1942 1436 2113 1465 resurrectio
2128 1437 2234 1465 Christi
2255 1437 2291 1466 sit
2304 1447 2391 1468 causa
2409 1448 2453 1468 re-

1848 1474 2033 1504 surrectionis
2054 1477 2217 1506 animarum
2231 1499 2452 1510 ........

1748 1552 1943 1586 QUAESTIO
1965 1554 2452 1590 QUINQUAGESIMASEPTIMA

1882 1624 1932 1654 De
1951 1626 2160 1657 ascensione
2180 1627 2320 1659 christi.

1567 1714 1756 1736 ARTICULUSI
1818 1707 1920 1736 Utrum
1963 1709 2049 1738 fixerit
2088 1711 2265 1741 conveniens
2305 1713 2453 1743 Christum

1847 1750 2002 1779 ascendere
2018 1771 2450 1783 ...............

1746 1795 1768 1815 11
1822 1789 1925 1817 Utrum
1959 1791 2116 1820 ascendere
2146 1791 2176 1820 in
2206 1793 2318 1822 caelum
2348 1803 2454 1824 conve-

1848 1828 1909 1858 niat
1933 1830 2048 1860 Christo
2069 1833 2230 1862 secundum
2257 1841 2389 1864 naturam
2411 1835 2455 1864 di·
2501 1849 2521 1853 =·

1846 1878 1942 1898 vinam
1955 1890 2422 1904 ................
2441 1896 2453 1904 Α.

1820 1908 1923 1937 Utrum
1945 1910 2076 1940 Christus
2089 1913 2250 1942 ascenderit
2263 1915 2383 1951 propria
2397 1915 2452 1944 vir-

1847 1954 1908 1976 tute
1929 1970 2451 1985 ..................

1819 1987 1922 2016 Utrum
1932 1989 2063 2018 Christus
2074 1993 2236 2022 ascenderit
2249 2003 2336 2031 super
2349 2004 2453 2025 omnes

1848 2027 1945 2056 caelos
1957 2049 2451 2065 .................

1819 2067 1923 2095 Utrum
1944 2077 2051 2105 corpus
2065 2070 2171 2100 Christi
2191 2074 2353 2103 ascenderit
2367 2084 2454 2112 super

1849 2115 1967 2136 omnem
1988 2116 2158 2139 creaturam·
2174 2112 2360 2149 spiritualem.
2383 2137 2390 2143 .
2413 2137 2421 2144 .
2444 2137 2451 2144 .

1820 2147 1923 2175 Utrum
1943 2149 2074 2178 ascensio
2096 2151 2202 2181 Christi
2228 2152 2265 2181 sit
2290 2160 2452 2185 causa'no-

1849 2193 1924 2216 strae
1949 2189 2048 2218 salutis
2050 2211 2451 2224 ..............

1747 1897 1779 1934 1'11

1650 1997 1665 2012 t
1747 1994 1778 2014 1v

1748 2073 1768 2092 V

1748 2153 1779 2174 vt

1750 2265 1943 2300 QUAESTIO
1974 2268 2454 2304 QUINQUAGESIMAOCTAVA
2480 2305 2482 2307 ,

1701 2337 1751 2367 De
1771 2338 1935 2368 sessione
1956 2338 2087 2370 christi
2106 2340 2152 2371 ad
2173 2341 2353 2383 dexteram
2373 2345 2501 2377 Patris.

1567 2421 1732 2443 ,muamus
1746 2423 1757 2442 1
1817 2415 1919 2444 Utrum
1955 2416 2071 2446 Christo
2105 2419 2259 2449 conveniat
2291 2422 2392 2451 sedere
2415 2424 2453 2452 ad

1848 2456 1994 2485 dexteram
2015 2457 2068 2486 Dei
2083 2458 2175 2488 Patris
2177 2481 2450 2491 ..........

1651 2504 1665 2519 »
1747 2502 1768 2522 11
1819 2496 1921 2524 Utrum
1943 2497 2042 2526 sedere
2063 2498 2101 2526 ad
2121 2499 2267 2530 dexteram
2285 2501 2339 2530 Dei
2361 2502 2454 2532 Patris

1849 2537 2012 2565 conveniat·
2035 2537 2151 2568 Christo
2182 2541 2342 2570 secundum
2373 2543 2454 2580 quod

1849 2576 1927 2604 Deus
1929 2598 2118 2606 .......
2126 2591 2134 2609 :
2140 2601 2449 2612 ...........

1651 2625 1665 2640 »
1747 2623 1780 2643 m
1821 2616 1924 2644 Utrum
1938 2618 2038 2647 sedere
2058 2619 2096 2648 ad
2109 2619 2255 2649 dexteram
2276 2622 2369 2651 Patris
2382 2632 2453 2652 con-

1848 2655 1944 2684 veniat
1953 2657 2069 2686 Christo
2082 2660 2242 2688 secundum
2255 2662 2336 2698 quod
2349 2662 2450 2692 homo.

1650 2705 1664 2720 »
1746 2703 1777 2723 1v
1817 2696 1920 2724 Utrum
1945 2698 2046 2726 sedere
2066 2699 2103 2726 ad
2131 2699 2278 2729 dexteram
2303 2702 2396 2731 Patris
2415 2703 2452 2732 sit

1848 2736 1999 2773 proprium
2021 2738 2127 2766 Christi
2130 2761 2451 2772 ............

1776 2815 1970 2850 QUAESTIO
1998 2817 2424 2853 QUINQUAGEStMANONA

1797 2886 1847 2916 De
1865 2885 2045 2918 iudiciaria
2064 2890 2244 2926 potestate
2263 2891 2405 2924 christi.

1567 2971 1731 2992 manemus
1746 2971 1757 2991 1
1818 2964 1921 2993 Utrum
1949 2965 2098 2996 iudiciaria
2123 2975 2250 3005 potestas
2278 2971 2314 3000 sit
2341 2972 2450 3009 specia-

1847 3003 1910 3032 liter
1929 3006 2111 3036 attribuenda
2133 3009 2249 3039 Christo
2264 3032 2451 3042 .......

1819 3044 1922 3073 Utrum
1951 3045 2100 3076 iudiciaria
2137 3055 2264 3085 potestas
2298 3052 2451 3081 conveniat

1849 3085 1963 3114 Christo
1985 3088 2145 3117 secundum
2159 3090 2240 3126 quod
2260 3097 2304 3120 est
2321 3092 2421 3122 homo.
2444 3114 2451 3121 .

1821 3124 1923 3153 Utrum
1945 3126 2075 3156 Christus
2096 3136 2130 3156 ex
2151 3129 2260 3158 meritis
2279 3131 2364 3160 fuerit
2383 3133 2451 3162 ade-

1850 3171 1916 3201 ptus
1930 3164 2108 3196 iudiciariam
2129 3175 2300 3205 potestatem
2303 3193 2451 3201 ......

1819 3205 1923 3234 Utrum
1941 3206 2057 3236 Christo
2077 3208 2218 3244 pertineat
2237 3210 2385 3240 iudiciaria
2399 3221 2453 3248 po-

1850 3251 1936 3274 testas
1967 3254 2109 3283 quantum
2136 3249 2174 3276 ad
2202 3258 2305 3279 omnes
2325 3260 2370 3280 res
2398 3252 2451 3281 hu-

1849 3294 1950 3314 manas
1965 3307 2450 3321 .................

1819 3325 1923 3354 Utrum
1951 3333 2017 3362 post
2043 3326 2181 3357 iudicium
2207 3331 2288 3366 quod
2315 3330 2345 3359 in
2369 3340 2453 3368 prae-

1851 3365 1923 3394 senti
1937 3372 2068 3403 tempore
2081 3367 2175 3405 agitur
2188 3376 2274 3398 restet
2286 3370 2364 3399 aliud
2379 3370 2451 3400 iudi-

1849 3405 1926 3433 cium
1946 3406 2088 3443 generale.
2115 3427 2451 3439 ............

1820 3445 1923 3473 Utrum
1954 3452 2082 3482 potestas
2111 3447 2216 3476 Christi
2243 3449 2391 3478 iudiciaria
2422 3458 2452 3478 se

1850 3485 1983 3514 extendat
2003 3486 2041 3514 ad
2058 3487 2177 3523 angelos
2179 3508 2450 3518 ..........

1651 3054 1665 3069 ¹>
1748 3051 1768 3071 11

1651 3134 1666 3149 ι
1748 3131 1780 3151 111

1652 3214 1666 3230 »
1749 3211 1779 3232 1v

1653 3334 1667 3349 s
1750 3332 1768 3352 V

1653 3453 1667 3469 »
1750 3451 1779 3472 Vi

1009 3566 2071 3606 &ffl—

2533 656 2550 673 »
2573 649 2628 678 5¹5

2533 737 2548 754 ι
2573 728 2631 758 516

2535 858 2550 875 )
2575 848 2631 886 517

2504 929 2632 966 7»519
2689 921 2691 925 ¹

2535 1019 2551 1035 ι
2575 1009 2634 1038 520

2535 1140 2552 1156 a
2575 1129 2628 1158 521

2537 1376 2634 1438 ‚324

2536 1481 2634 1511 »526

2535 1766 2550 1782 s
2574 1756 2633 1786 528

2536 1887 2552 1904 ι
2576 1851 2634 1916 529

2536 1967 2552 1984 t
2576 1959 2634 1988 530

2535 2047 2551 2064 »
2575 2038 2632 2068 532

2535 2129 2552 2144 ι
2576 2119 2633 2148 533

2535 2209 2551 2225 »
2576 2198 2634 2237 534

2535 2476 2550 2493 ι
2575 2466 2633 2496 536

2533 2596 2549 2612 ι
2573 2586 2630 2625 537

2534 2676 2550 2693 »
2574 2666 2632 2696 538

2535 2756 2550 2772 ι
2575 2745 2633 2784 539

2534 3024 2550 3041 ι
2573 3015 2626 3052 ⁵4¹

2534 3105 2549 3121 ι
2573 3095 2631 3143 542

2535 3185 2550 3200 s
2574 3175 2630 3211 543

2532 3292 2631 3329 »⁵4⁴

2533 3413 2628 3447 »545
2678 3401 2682 3406 ¹

2486 3528 2492 3535 ,
2535 3491 2632 3530 ’547
