2872 3970
293 333 370 363 tiam
393 332 530 363 infusam
555 341 621 362 esse
640 330 870 371 perfectionem
886 331 1010 361 animae
1027 330 1143 360 Christi
1166 331 1358 370 inquantum

293 377 396 407 viator
418 382 500 406 erat:
526 385 600 406 cum
623 375 703 405 ratio
727 374 822 404 ducat
845 374 884 404 ad
908 375 1105 414 oppositum.

350 420 402 450 IV.
427 420 462 450 ln
478 419 686 459 responsione
702 418 741 448 ad
756 419 907 458 primum,
921 419 1003 448 circa
1018 418 1096 448 illud
1108 418 1251 454 verbum,
1268 417 1359 447 Finis

288 464 454 504 potentiae
477 463 688 494 intellectivae
710 467 757 492 est
779 472 975 503 cognoscere
996 462 1115 503 species
1132 462 1357 503 intelligibiles,

295 513 407 538 cautus
431 513 509 538 esto.
544 507 709 545 Quoniam
732 511 903 536 sumuntur
927 506 980 536 hic
1004 506 1124 545 species
1148 506 1359 545 intelligibiles

294 557 331 582 ut
353 552 474 591 species
497 550 719 590 intelligibiles,
743 550 806 580 hoc
830 556 886 586 est,
910 555 946 580 ut
969 547 1251 589 repraesentativae
1275 555 1358 584 sunt,

295 596 359 626 hoc
382 601 438 631 est,
463 594 640 626 secundum
662 599 895 634 repraesentata
917 603 974 633 per
997 594 1081 623 illas:
1106 598 1137 623 et
1155 603 1223 623 non
1246 603 1359 623 secun-

296 639 375 670 dum
397 639 487 679 quod
510 643 583 669 sunt
606 638 784 668 secundum
808 647 841 668 se
864 647 913 668 res
937 637 1110 677 quaedam;
1143 638 1187 667 sic
1211 638 1297 667 enim
1321 637 1360 667 ad

295 689 604 723 repraesentatorum
619 681 766 713 ordinem
781 687 934 722 spectant.
951 681 1038 712 Finis
1050 682 1135 712 enim
1151 681 1361 711 intellectivae

294 727 458 767 potentiae
482 732 528 759 est
553 726 730 766 intelligere
759 735 808 756 res
835 725 1064 765 intelligibiles,
1097 735 1179 765 quae
1209 735 1278 755 non
1301 725 1362 755 nisi

420 1166 458 1186 μς
511 1153 533 1178 D
552 1151 712 1178 TERTIUM
738 1151 790 1176 s1c
810 1151 1046 1177 PROCEDrrUR.
1076 1139 1237 1176 Videtur
1255 1139 1364 1188 quod

396 1234 536 1254 Q
512 1192 643 1232 anima
670 1192 811 1231 Christi
838 1204 919 1230 non
947 1192 1085 1251 habuit
1109 1193 1221 1251 hanc
1244 1192 1364 1251 scien-

49 1343 161 1403 “g-„¹¹¹3-
172 1342 210 1381 ¹?
225 1359 275 1381 ⁶⁸⁹·
303 1363 377 1389 non
358 1313 560 1389 dicimus
578 1350 772 1391 consilium
792 1363 910 1400 neque
933 1352 1158 1389 electionem.
1187 1351 1280 1388 Non
1300 1364 1366 1388 au-

302 1411 381 1444 tem
409 1412 659 1443 removentur
685 1405 782 1442 haec
809 1417 832 1442 a
861 1404 1013 1441 Christo
1042 1404 1115 1442 nisi
1134 1404 1367 1453 inquantum

303 1455 512 1507 important
539 1456 783 1495 collationem
811 1464 848 1494 et
875 1457 1104 1494 discursum.
1134 1458 1236 1505 Ergo
1262 1457 1366 1495 vide-

303 1517 366 1548 tur
393 1510 501 1561 quod
527 1509 569 1548 in
589 1510 740 1548 Christo
769 1521 850 1548 non
877 1510 988 1549 fuerit
1015 1509 1171 1548 scientia
1193 1509 1368 1547 collativa

303 1563 366 1602 vel
394 1562 617 1602 discursiva.

358 1627 394 1654 2.
423 1616 657 1663 PRAETEREA,
686 1617 809 1653 homo
838 1615 980 1664 indiget
1008 1615 1209 1653 collatione
1238 1623 1275 1652 et
1293 1615 1367 1653 dis-

46 1704 49 1705 .
306 1679 422 1707 cursu
456 1668 611 1707 rationis
645 1669 695 1707 ad
729 1668 959 1719 inquirenda
993 1681 1038 1706 ea
1072 1681 1172 1718 quae
1207 1668 1366 1716 ignorat.

47 1727 142 1755 23¹¹·
159 1733 177 1748 ¹·
307 1721 385 1759 Sed
412 1721 542 1759 anima
577 1721 716 1759 Christi
744 1721 925 1770 cognovit
959 1722 1108 1767 omnia,
1137 1729 1179 1759 ut
1214 1733 1331 1770 supra
1348 1720 1368 1742 ‘¹‘

307 1773 452 1810 dictum
481 1781 546 1811 est.
576 1775 668 1810 Non
688 1774 800 1822 igitur
827 1774 896 1810 fuit
914 1773 954 1810 in
976 1786 1022 1811 eo
1051 1773 1206 1811 scientia
1226 1774 1368 1811 discur-

306 1826 388 1863 siva
415 1828 477 1864 vel
504 1826 691 1864 collativa.

362 1879 396 1915 3.
426 1880 664 1926 PRAETEREA,
695 1879 850 1916 scientia
878 1878 1030 1916 animae
1061 1878 1200 1915 Christi
1235 1891 1274 1915 se
1304 1879 1370 1915 ha-

307 1932 390 1969 buit
416 1944 486 1981 per
517 1932 682 1969 modum
715 1932 1104 1981 comprehensorum,
1134 1931 1201 1980 qui
1229 1931 1371 1979 angelis

307 1985 615 2031 conformantur,
645 1992 687 2021 ut
720 1985 856 2022 dicitur
891 1985 1027 2021 Matth.
1056 1996 1126 2021 xxn
1151 1984 1182 2021 ²¹⁶.
1227 1984 1304 2021 Sed
1332 1984 1371 2020 in

308 2037 450 2086 angelis
477 2050 557 2074 non
586 2046 641 2074 est
667 2037 823 2075 scientia
851 2037 1061 2074 discursiva
1084 2049 1153 2074 seu
1177 2036 1370 2074 collativa:

308 2098 350 2127 ut
377 2098 480 2140 patet
506 2102 576 2140 per
598 2090 842 2140 Dionysium,
863 2103 908 2127 vn
937 2102 1019 2139 cap.
1041 2090 1086 2126 de
1103 2091 1188 2127 Div.
1209 2091 1312 2127 Nom

167 2154 184 2171 α
308 2144 401 2180 Non
421 2155 510 2191 ergo
531 2149 548 2164 α
576 2143 615 2180 in
643 2143 773 2180 anima
802 2142 941 2180 Christi
959 2142 1030 2180 fuit
1056 2142 1212 2180 scientia
1231 2142 1372 2179 discur-

275 2200 280 2203 “
309 2195 392 2237 siva
420 2209 488 2233 seu
513 2196 698 2233 collativa.

364 2249 438 2286 SED
467 2261 622 2294 CONTRA,
647 2249 820 2287 Christus
848 2249 983 2286 habuit
1010 2249 1180 2287 animam
1209 2249 1372 2287 rationa-

276 2319 282 2325 ·
309 2303 398 2348 lem,
417 2309 460 2339 ut
479 2314 595 2351 supra
613 2301 633 2324 ’¹‘
660 2301 836 2340 habitum
856 2309 921 2339 est.
952 2302 1112 2351 Propria
1131 2309 1259 2341 autem
1281 2314 1372 2351 ope-

309 2354 404 2395 ratio
433 2355 584 2393 animae
613 2354 804 2392 rationalis
832 2363 888 2392 est
914 2355 1086 2393 conferre
1106 2363 1143 2392 et
1161 2355 1372 2392 discurrere

169 2406 183 2440 β
309 2408 358 2445 ab
377 2406 394 2438 β
420 2420 501 2445 uno
529 2408 569 2445 in
597 2407 711 2445 aliud.
742 2409 843 2456 Ergo
873 2408 912 2445 in
941 2408 1094 2445 Christo
1121 2408 1191 2445 fuit
1218 2408 1373 2445 scientia

309 2460 521 2498 discursiva
548 2462 610 2498 vel
639 2461 824 2498 collativa.

361 2514 586 2552 RESPONDEO
614 2526 797 2552 DICENDUM
825 2514 934 2565 quod
961 2513 1090 2563 aliqua
1118 2513 1275 2552 scientia
1302 2526 1371 2564 po-

308 2573 380 2604 test
406 2578 488 2606 esse
517 2566 727 2604 discursiva
753 2568 816 2604 vel
843 2567 1019 2605 collativa
1042 2567 1252 2616 dupliciter.
1282 2568 1370 2605 Uno

309 2619 442 2666 modo,
462 2627 652 2669 quantum
671 2620 721 2657 ad
739 2620 917 2659 scientiae
937 2620 1247 2670 acquisitionem:
1277 2620 1373 2657 sicut

308 2671 442 2709 accidit
470 2672 510 2709 in
537 2672 661 2720 nobis,
690 2672 757 2722 qui
785 2673 1033 2722 procedimus
1062 2674 1110 2711 ad
1139 2685 1372 2722 cognoscen-

42 2001 46 2025 '.
69 1993 80 2005 ⁸
94 1993 160 2015 νει-ι.
174 1998 210 2021 30.

50 2128 52 2131 ι
69 2097 80 2108 ”
93 2095 119 2118 S.
133 2095 178 2118 Th.
193 2097 244 2118 lect.
256 2101 281 2117 u.

363 2796 391 2831 α)
409 2797 470 2823 Non
490 2804 565 2830 ergo.
583 2811 602 2817 -
619 2797 696 2831 Ergo
715 2805 762 2824 nec
780 2798 860 2824 etiam
879 2799 960 2825 tertia.

363 2832 390 2867 β)
409 2833 452 2858 ab.
469 2847 489 2852 -
507 2833 539 2858 de
559 2833 586 2858 P.

312 3001 478 3064 Tri-urus
493 2996 530 3021 ut
549 2995 642 3021 sonat
664 2990 839 3021 sumendus
855 2997 911 3022 est.
926 3010 949 3014 -
971 2992 1008 3022 In
1031 3002 1167 3033 corpore
1189 2993 1284 3023 unica
1306 2993 1368 3023 dis-

370 3035 483 3066 tinctio
507 3040 553 3065 est
571 3034 765 3071 bimembris,
783 3044 858 3065 cum
881 3036 1143 3068 conclusionibus
1166 3037 1298 3077 singulis
1321 3037 1369 3067 iu-

309 3084 362 3110 xta
385 3079 508 3119 singula
531 3079 683 3114 membra.

365 3123 534 3154 Distinctio
559 3129 615 3154 est.
649 3123 786 3154 Scientia
813 3123 984 3155 discursiva
1007 3134 1064 3156 seu
1087 3125 1234 3155 collativa
1257 3125 1370 3155 dicitur

310 3166 495 3207 dupliciter:
520 3168 570 3197 vel
594 3167 702 3207 quoad
726 3168 987 3206 acquisifionem;
1014 3169 1066 3199 vel
1089 3169 1197 3209 quoad
1219 3178 1324 3199 usum.

364 3211 469 3242 Prima
500 3212 665 3242 conclusio
697 3218 757 3243 est:
786 3212 925 3243 Scientia
957 3213 1067 3255 infusa
1097 3214 1226 3244 animae
1251 3213 1371 3243 Christi

454 3606 565 3631 Summa
583 3606 684 3632 Timon.
699 3607 730 3632 D.
749 3607 865 3631 TrionAE
884 3607 915 3632 T.
931 3606 994 3631 Vlll.

1003 252 1266 298 QUAESTIO
1295 252 1363 297 XI,
1401 250 1692 288 ARTICULUS
1720 252 1765 287 ΙΙΙ

882 1052 914 1076 111
934 1052 1017 1081 Seni„
1037 1052 1095 1078 dist.
1113 1059 1164 1082 xiv,
1183 1057 1229 1077 art.
1250 1051 1274 1080 3.
1286 1052 1344 1084 ,qua
1365 1051 1394 1081 3;
1414 1052 1456 1076 De
1478 1051 1567 1082 Ver-ie„

2403 250 2467 286 161

1412 339 1468 369 per
1491 330 1612 369 species
1635 330 1862 369 intelligibiles,
1895 336 1948 360 aut
1972 339 2078 360 earum
2104 331 2186 360 vices
2217 340 2273 360 seu
2297 330 2405 360 locum
2429 335 2475 358 te-

1412 379 1532 408 nentes,
1558 379 1840 413 repraesentantur.
1866 374 2025 411 Quocirca
2049 374 2222 404 differentia
2241 375 2274 403 in
2293 374 2393 403 littera
2416 382 2476 413 po-

1412 418 1469 447 sita
1492 418 1573 447 inter
1595 418 1813 457 phantasmata
1830 424 1860 447 et
1876 418 1996 457 species
2012 418 2223 457 intelligibiles
2246 419 2279 447 in
2301 418 2363 447 hoc
2387 416 2476 457 quod

1412 471 1479 491 non
1503 462 1555 491 illa
1586 461 1640 492 sed
1663 462 1736 491 istas
1760 471 1954 501 cognoscere
1986 467 2032 491 est
2055 461 2126 491 finis
2149 462 2337 497 intellectus,
2362 461 2477 491 intelli-

1412 506 1495 545 gitur
1519 506 1614 535 etiam
1637 505 1795 535 sumendo
1819 511 1954 545 utraque
1978 506 2011 535 in
2034 505 2310 545 repraesentando.
2342 505 2477 535 Phanta-

1413 555 1512 579 smata
1535 550 1622 579 enim
1645 555 1719 579 sunt
1742 550 1966 589 singularium:
1992 550 2113 589 species
2130 556 2235 579 autem
2253 549 2475 588 quidditatum.

1413 593 1499 623 Finis
1516 598 1623 623 autem
1638 593 1817 623 intellectus
1829 594 1928 623 nostri
1945 599 1991 623 est
2006 603 2100 623 nosse
2112 593 2198 634 quod
2209 593 2285 633 quid
2297 598 2351 628 est,
2365 599 2477 633 utpote

1413 637 1580 677 proprium
1601 638 1780 667 obiectum:
1807 643 1837 667 et
1852 647 1919 667 non
1936 643 1982 667 est
2001 647 2095 667 nosse
2111 638 2282 667 materialia
2298 637 2476 676 singularia,

1415 690 1554 720 quorum
1577 686 1701 711 tantum
1717 687 1791 712 sunt
1805 682 2033 721 phantasmata,
2051 691 2132 720 quae
2148 691 2215 711 non
2231 682 2291 711 nisi
2306 680 2477 711 reflexione

1414 731 1469 755 aut
1492 725 1677 755 extensione
1701 726 1898 765 attinguntur
1921 726 1959 755 ab
1983 725 2156 756 intellectu.

1096 879 1415 923 ARTICULUS
1450 879 1681 923 TERTIUS

319 974 476 1006 UTRUM
499 973 640 1005 ANIMA
664 973 836 1005 CHRISTI
860 973 1083 1004 HABUERIT
1108 972 1344 1003 SCIENTIAM
1363 973 1548 1003 INDITAM
1568 973 1647 1004 SEU
1669 973 1858 1004 INFUSAM
1878 974 1959 1004 PER
1979 974 2141 1005 MonUM
2166 974 2458 1007 COLLATIONIS

1588 1060 1632 1084 qu.
1651 1060 1691 1083 xx,
1710 1058 1756 1077 art.
1779 1052 1801 1082 3,
1821 1053 1852 1077 ad
1874 1060 1896 1078 1.

1418 1141 1514 1176 dum
1543 1152 1667 1176 unum
1695 1152 1764 1189 per
1792 1140 1906 1183 aliud,
1928 1140 2024 1177 sicut
2052 1141 2209 1177 effectus
2237 1154 2305 1190 per
2333 1155 2479 1189 causas,

1418 1201 1454 1230 et
1489 1205 1509 1229 θ
1539 1205 1738 1230 converso.
1782 1194 1830 1230 Et
1867 1194 1943 1229 hoc
1979 1194 2099 1231 modo
2138 1194 2292 1231 scientia
2328 1195 2479 1231 animae

1419 1245 1559 1283 Christi
1594 1258 1675 1282 non
1711 1245 1780 1282 fuit
1815 1245 2025 1283 discursiva
2061 1247 2122 1283 vel
2160 1246 2350 1284 collativa:
2391 1247 2481 1296 quia

1419 1300 1515 1336 haec
1550 1297 1705 1335 scientia
1734 1299 1781 1335 de
1810 1311 1888 1347 qua
1922 1310 2027 1335 nunc
2062 1299 2277 1347 loquimur,
2307 1299 2376 1336 fuit
2410 1300 2481 1337 sibi

1419 1351 1600 1390 divinitus
1628 1350 1756 1397 indita,
1777 1363 1857 1389 non
1877 1363 1946 1400 per
1973 1351 2302 1400 investigationem
2326 1352 2481 1390 rationis

1419 1403 1616 1454 acquisita.

1472 1457 1559 1494 Alio
1588 1457 1709 1494 modo
1737 1465 1862 1507 potest
1890 1457 1963 1495 dici
1992 1457 2146 1494 scientia
2183 1458 2393 1495 discursiva
2420 1460 2481 1495 vel

1420 1509 1595 1548 collativa
1630 1517 1820 1559 quantum
1848 1510 1897 1547 ad
1932 1522 2065 1547 usum:
2109 1511 2204 1548 sicut
2231 1511 2390 1548 scientes
2425 1511 2480 1549 in-

1419 1563 1573 1601 terdum
1593 1575 1639 1599 ex
1668 1563 1792 1600 causis
1811 1563 2047 1600 concludunt
2075 1563 2242 1609 effectus,
2263 1576 2343 1600 non
2372 1572 2414 1600 ut
2432 1565 2480 1601 de

1421 1628 1526 1654 novo
1556 1615 1772 1661 addiscant,
1802 1616 1869 1652 sed
1897 1617 2069 1652 volentes
2097 1616 2151 1652 uti
2180 1616 2333 1653 scientia
2361 1629 2480 1665 quam

1421 1668 1498 1706 iam
1519 1668 1672 1705 habent.
1696 1669 1744 1706 Et
1762 1669 1838 1705 hoc
1857 1669 1977 1706 modo
1997 1668 2153 1706 scientia
2171 1669 2322 1706 animae
2343 1669 2481 1707 Christi

1421 1728 1569 1770 poterat
1597 1733 1678 1757 esse
1698 1720 1874 1758 collativa
1903 1729 1938 1757 et
1957 1721 2182 1758 discursiva:
2212 1730 2359 1770 poterat
2378 1722 2481 1759 enim

1422 1787 1468 1810 ex
1483 1785 1563 1810 uno
1583 1773 1688 1810 aliud
1707 1774 1948 1820 concludere,
1965 1773 2060 1810 sicut
2075 1774 2145 1810 sibi
2159 1775 2342 1822 placebat.
2365 1774 2480 1821 Sicut.

1422 1827 1557 1863 Matth.
1579 1838 1648 1862 xvu
1667 1825 1697 1871 ²¹⁶,
1728 1838 1818 1862 cum
1842 1825 2035 1862 Dominus
2063 1826 2310 1874 quaesivisset
2329 1840 2351 1864 a
2370 1829 2481 1864 Petro

1423 1892 1446 1916 a
1475 1880 1606 1927 quibus
1634 1890 1742 1927 reges
1768 1884 1891 1915 terrae
1917 1880 2091 1915 tributum
2119 1881 2337 1928 acciperent,
2358 1881 2484 1928 afiliis

1422 1933 1497 1969 suis
1524 1944 1573 1968 an
1602 1933 1650 1968 ab
1678 1931 1825 1978 alienis,
1856 1933 1968 1968 Petro
2004 1933 2259 1980 respondente
2295 1934 2402 1982 quod
2436 1936 2483 1970 ab

1424 1985 1564 2030 alienis,
1595 1984 1796 2020 conclusit:
1826 1986 1934 2034 Ergo
1961 1985 2069 2023 liberi
2093 1991 2176 2022 sunt
2192 1987 2279 2033 filii.

1478 2038 1534 2073 AD
1564 2049 1699 2074 PRIMUM
1728 2049 1825 2074 ERGO
1855 2050 2036 2075 DICENDUM
2064 2038 2170 2086 quod
2199 2051 2221 2075 a
2242 2038 2393 2075 Christo
2422 2051 2483 2076 ex-

1340 2090 1371 2127 *.
1397 2094 1399 2125 l
1425 2090 1590 2126 cluditur
1609 2089 1811 2126 consilium
1840 2091 1948 2138 quod
1973 2099 2027 2127 est
2046 2103 2136 2127 cum
2166 2091 2418 2129 dubitatione:
2449 2100 2484 2128 et

1425 2155 1494 2192 per
1521 2154 1762 2191 consequens
1791 2143 1934 2189 electio,
1965 2156 2064 2192 quae
2092 2144 2131 2180 in
2160 2143 2218 2180 sui
2247 2144 2390 2181 ratione
2412 2146 2483 2181 tale

1425 2195 1629 2234 consilium
1658 2195 1825 2232 includit.
1856 2197 1949 2232 Non
1977 2204 2106 2234 autem
2135 2210 2157 2233 a
2186 2197 2336 2234 Christo
2359 2199 2483 2236 exclu-

1426 2249 1527 2286 ditur
1555 2261 1647 2284 usus
1676 2247 1912 2286 consiliandi.

1478 2303 1535 2339 Ar)
1564 2313 1751 2338 SECUNDUM
1771 2313 1952 2338 DICENDUM
1981 2302 2088 2351 quod
2107 2302 2202 2338 ratio
2231 2302 2292 2339 illa
2312 2303 2483 2350 procedit

1426 2355 1474 2391 de
1509 2354 1684 2391 discursu
1719 2361 1755 2390 et
1789 2354 1991 2391 collatione
2026 2362 2142 2404 prout
2175 2354 2373 2391 ordinatur
2391 2360 2406 2383 Υ
2434 2357 2482 2392 ad

1426 2407 1623 2444 scientiam
1652 2407 1938 2455 acquirendam.

1479 2461 1536 2497 An
1565 2472 1723 2497 TERTIUM
1750 2472 1931 2497 DICENDUM
1968 2461 2075 2509 quod
2112 2459 2210 2498 beati
2241 2460 2482 2498 conforman-

1425 2521 1487 2565 tur
1515 2512 1656 2561 angelis
1684 2520 1873 2562 quantum
1898 2513 1946 2550 ad
1973 2513 2075 2550 dona
2102 2513 2324 2561 gratiarum:
2354 2521 2483 2550 manet

1426 2574 1557 2604 tamen
1585 2565 1796 2603 differentia
1830 2577 1929 2614 quae
1965 2573 2019 2602 est
2046 2566 2261 2602 secundum
2293 2573 2481 2602 naturam.

1426 2620 1475 2656 Et
1503 2619 1590 2656 ideo
1626 2618 1680 2655 uti
1708 2618 1908 2655 collatione
1943 2626 1978 2655 et
2006 2619 2179 2655 discursu
2214 2626 2268 2655 est
2300 2625 2483 2655 connatu-

1426 2673 1503 2709 rale
1524 2671 1727 2709 animabus
1746 2672 1948 2708 beatorum
1967 2671 1997 2718 ²¹²,
2028 2683 2107 2708 non
2127 2679 2254 2708 autem
2275 2669 2470 2718 angelis&

1478 2797 1505 2831 γ)
1525 2797 1677 2823 ordinatur.
1694 2811 1714 2815 —
1732 2796 1895 2821 ordinantur
1914 2797 1976 2822 PGl.

985 2912 1316 2948 Commentario.
1338 2906 1589 2949 cardinatis
1611 2912 1812 2946 Caietam

1424 3002 1488 3023 non
1513 2996 1559 3022 est
1581 2991 1732 3021 collativa
1747 2988 1920 3020 secundum
1937 2987 2187 3028 acquisitionem.
2211 2987 2373 3018 Probatur.
2398 2988 2482 3025 Quia

1423 3036 1483 3066 fuit
1505 3045 1572 3065 non
1596 3044 1652 3075 per
1667 3033 1941 3072 investigationem
1958 3032 2119 3072 acquisita,
2137 3031 2191 3061 sed
2207 3030 2356 3062 divinitus
2371 3031 2479 3062 indita.

1479 3078 1624 3110 Secunda
1647 3077 1812 3108 conclusio
1837 3081 1898 3106 est:
1923 3075 2062 3106 Scientia
2086 3075 2268 3107 huiusmodi
2284 3075 2394 3115 potuit
2415 3085 2482 3106 esse

1423 3123 1574 3154 collativa
1598 3127 1752 3162 quantum
1775 3120 1818 3151 ad
1841 3130 1942 3150 usum.
1970 3120 2132 3150 Probatur.
2168 3119 2252 3157 Quia
2283 3125 2422 3160 poterat,
2446 3124 2482 3149 ut

1423 3168 1482 3198 sibi
1505 3166 1657 3207 placebat,
1682 3165 1728 3195 uti
1751 3165 1813 3194 illa.
1837 3165 1878 3195 Et
1894 3163 2117 3198 ,manifestatur
2139 3163 2178 3194 de
2202 3163 2285 3194 facto
2308 3164 2341 3193 in
2365 3162 2481 3193 Christi

1424 3211 1567 3242 discursu
1592 3210 1701 3240 Matth.
1719 3219 1791 3239 xvn.
1815 3227 1838 3231 —
1861 3208 1979 3238 Omnia
2003 3208 2083 3239 clara
2107 3213 2180 3238 sunt
2203 3208 2236 3238 in
2259 3207 2369 3237 littera.

2307 3608 2335 3625 21

2511 1842 2517 1848 ⁸
2534 1839 2599 1860 Vel-s.
2615 1845 2650 1866 24,
2665 1845 2698 1867 25.

2507 2659 2560 2697 ⁴⁸..D
2579 2660 2627 2682 ¹86.

2523 2686 2572 2708 ⁸1).

2590 2692 2637 2712 ¹4²·
