2872 3970
69 2211 77 2217 ’
84 2203 193 2232 .Qin.x¹x‚
201 2207 244 2226 art.
252 2209 283 2226 ια.

74 2293 81 2298 .,
99 2304 165 2328 Vm.
179 2310 215 2332 30,
229 2311 263 2334 3·-

28 2793 30 2817 μ,
67 2768 167 2814 ζῖνεπ.
182 2785 215 2802 ¹2.

73 2980 155 3050 ῐίῆη.
173 2998 259 3014 uxvu

140 3017 216 3047 --ΟΡΡ
225 3020 287 3046 Aua

993 308 1254 354 QUAESTIO
1284 309 1383 354 XIII,

1413 308 1704 345 ARTICULUS
1732 309 1782 344 IV
2399 320 2411 343 1
2420 319 2469 355 77

302 386 373 425 tia:
403 400 450 424 eo
469 388 576 437 quod
596 401 642 425 ex
661 386 928 435 imaginatione
945 394 1226 435 consequenter
1251 395 1359 423 natae
1414 388 1642 445 corporales,
1663 399 1762 445 quae
1791 398 1870 422 non
1890 387 2031 423 habent
2059 387 2271 423 naturalem
2297 386 2476 423 ordinem

304 448 391 477 sunt
419 441 603 489 consequi
622 440 818 500 passiones
847 438 1011 484 animae,
1022 439 1245 475 secundum
1264 451 1360 487 quas
1415 439 1464 475 ad
1492 439 1822 498 imaginationem,
1852 450 1931 474 non
1968 447 2269 475 transmutantur
2303 439 2351 475 ab
2380 438 2475 475 ima-

303 500 483 530 movetur
509 500 586 539 cor,
607 488 715 531 etsie
742 504 812 540 per
829 491 1133 528 commotionem
1157 491 1360 539 spirituum
1414 491 1615 539 ginatione,
1637 499 1996 540 quantumcumque
2023 491 2068 527 sit
2086 491 2206 527 fortis:
2241 499 2333 539 puta
2352 491 2479 539 figura

303 553 427 582 totum
455 557 596 594 corpus
623 546 810 582 alteratur.
839 543 946 580 Aliae
974 555 1066 580 vero
1096 543 1361 592 dispositiones
1415 556 1555 580 manus
1583 545 1644 580 vel
1671 543 1789 593 pedis,
1819 544 1880 580 vel
1909 543 2052 592 aliquid
2080 543 2212 580 simile.

979 639 1311 672 Commentaria
1335 639 1584 672 Cardinalis
1595 640 1804 672 ‘Caietani

364 730 470 750 nunus
491 720 592 750 clarus
614 725 669 749 est.
685 737 709 741 -
731 719 766 748 In
785 728 920 758 corpore
942 719 1036 748 unica
1057 718 1215 748 distinctio
1233 718 1366 748 bimem-

305 731 427 794 Tbris
455 764 622 803 repetitur;
653 769 684 793 et
714 762 836 792 duabus
872 762 1146 797 conclusionibus,
1177 763 1263 792 iuxta
1301 761 1365 792 duo

306 807 515 838 distinctionis
539 807 691 842 membra,
715 806 935 846 respondetur.

360 851 528 881 Distinctio
560 856 606 880 est
637 850 675 880 de
706 851 812 880 anima
835 849 967 880 Christi:
1004 849 1181 879 secundum
1204 850 1366 889 propriam

304 895 471 930 virtutem;
495 894 546 924 vel
569 893 748 924 secundum
771 893 860 933 quod
883 899 930 924 est
951 894 1200 923 instrumentum
1215 894 1321 923 Verbi.

359 938 463 968 Prima
479 938 643 968 conclusio
661 943 722 968 est:
739 938 856 968 Anima
871 937 999 973 Christi,
1012 937 1186 968 secundum
1195 937 1366 977 propriam

305 982 463 1018 virtutem,
488 991 553 1013 non
576 982 687 1012 habuit
702 981 964 1021 omnipotentiam
989 986 1131 1020 respectu
1149 981 1280 1021 proprii
1295 990 1367 1010 cor-

298 1026 404 1066 poris.
426 1026 583 1056 Probatur
606 1035 644 1055 ex
667 1025 872 1056 similitudine
895 1025 1143 1064 proportionali:
1176 1025 1261 1064 quia,
1286 1025 1367 1054 sicut

305 1079 373 1100 non
394 1075 519 1110 poterat
547 1070 702 1100 exteriora
725 1078 861 1109 corpora
889 1070 1057 1099 immutare
1081 1069 1211 1108 propria
1233 1069 1365 1103 virtute,

305 1114 348 1144 ita
362 1123 423 1144 nec
438 1114 614 1154 proprium.
638 1131 661 1135 —
683 1113 724 1144 Et
739 1113 892 1154 probatur
906 1113 1044 1142 ratione:
1063 1113 1138 1152 quia
1153 1113 1258 1142 anima
1275 1112 1366 1142 Chri-

306 1158 344 1188 sti
366 1157 501 1188 habebat
524 1157 764 1188 determinatam
786 1157 1031 1196 proportionem
1055 1156 1094 1186 ad
1117 1166 1212 1186 suum
1231 1166 1364 1196 corpus;

306 1210 343 1231 ac
364 1210 422 1241 per
444 1201 517 1236 hoc,
540 1211 607 1231 non
623 1201 742 1237 omnia,
766 1200 822 1230 sed
837 1199 956 1240 aliquid
975 1199 1219 1230 determinatum
1242 1205 1367 1240 poterat

306 1250 453 1285 respectu
476 1245 524 1275 sui
548 1246 700 1285 corporis.
1088 1264 1095 1268 -

361 1288 507 1319 Secunda
530 1289 695 1319 conclusio
720 1294 779 1319 est:
811 1288 927 1318 Anima
954 1288 1091 1323 Christi,
1116 1293 1151 1318 ut
1174 1288 1366 1318 instrumen-

306 1339 373 1363 tum
390 1333 489 1368 Verbi,
505 1333 616 1363 habuit
631 1332 892 1372 omnipotentiam
909 1337 1051 1372 respectu
1062 1332 1192 1372 proprii
1208 1332 1364 1372 corporis.

1421 719 1510 749 Haec
1534 719 1697 749 conclusio
1729 729 1795 749 non
1819 719 1906 748 aliter
1930 720 2097 758 probatur,
2129 719 2183 749 sed
2215 729 2252 749 ex
2279 719 2478 759 praecedenti

1421 763 1553 793 articulo
1578 769 1613 793 ut
1637 763 1718 793 clara
1741 763 1937 802 relinquitur.
1962 763 2002 792 Et
2025 763 2087 793 hoc
2110 763 2248 802 intellige
2273 764 2391 793 sobrie:
2417 763 2479 793 hoc

1422 812 1477 842 est,
1502 807 1541 837 de
1565 807 1798 846 omnipotentia
1821 812 1966 846 respectu
1991 813 2021 836 et
2044 807 2233 836 naturalium
2258 813 2288 837 et
2310 807 2478 836 miraculo-

1422 860 1526 880 sarum
1550 851 1866 885 transmutationum;
1898 860 1965 879 non
1996 856 2140 890 respectu
2171 851 2418 880 conservationis
2442 860 2479 880 ex

1421 895 1520 924 nihilo
1545 900 1598 924 aut
1621 894 1866 930 annihilationis,
1891 899 1926 923 ut
1949 894 1981 923 in
2002 894 2204 934 praecedenti
2223 895 2354 924 articulo
2379 894 2481 924 deter-

1421 938 1578 968 minatum
1602 943 1657 968 est.

1477 982 1589 1012 Subdit
1611 988 1718 1011 tamen
1740 982 1863 1012 Auctor
1890 982 1976 1012 unde
2000 982 2101 1021 possis
2125 982 2304 1012 Doctorum
2327 982 2409 1012 dicta
2431 983 2481 1012 in-

1421 1025 1559 1065 telligere
1584 1026 1703 1064 absque
1727 1025 1827 1055 dictae
1844 1026 2059 1056 conclusionis
2078 1026 2289 1065 praeiudicio:
2315 1026 2404 1065 quod
2420 1027 2482 1056 sci-

1421 1069 1495 1099 licet
1523 1070 1601 1098 haec
1632 1069 1865 1108 omnipotentia
1892 1070 2038 1099 attributa
2061 1070 2220 1100 invenitur
2250 1070 2348 1109 magis
2372 1071 2478 1100 Verbo

1421 1113 1481 1142 Dei
1511 1122 1609 1152 quam
1639 1113 1761 1142 animae
1786 1112 1920 1148 Christi;
1952 1114 1983 1142 in
2011 1118 2134 1143 tantum
2165 1119 2200 1143 ut
2229 1115 2368 1143 invenias
2398 1113 2479 1144 forte

1420 1162 1567 1195 negatam
1583 1157 1621 1186 ab
1638 1157 1742 1185 anima
1759 1156 1884 1191 Christi,
1903 1162 1933 1186 et
1949 1157 2129 1186 attributam
2145 1157 2262 1187 Verbo.
2283 1157 2366 1194 Quia
2381 1158 2479 1187 virtus

1421 1201 1554 1230 actionis
1578 1199 1691 1229 factiva
1714 1200 1879 1239 principali
1898 1201 2003 1239 agenti
2018 1201 2195 1230 attribuitur
2211 1201 2408 1240 simpliciter:
2433 1202 2480 1231 in-

1421 1249 1597 1274 strumento
1622 1249 1739 1278 autem,
1763 1244 1874 1283 ignoto
1898 1244 2095 1283 praesertim,
2120 1250 2174 1274 aut
2197 1254 2263 1274 non
2287 1245 2480 1281 attribuitur,

1421 1293 1475 1318 aut
1499 1288 1593 1317 etiam
1616 1286 1765 1317 aufertur.

1086 1484 1404 1527 ARTICULUS
1435 1485 1705 1536 QUARTUS

534 1575 690 1606 UTRUM
713 1575 854 1606 ANIMA
878 1575 1050 1607 CHRISTI
1074 1577 1297 1607 HABUERIT
1322 1577 1692 1607 OMNIPOTENTIAM
1715 1577 1940 1608 RESPECTU
1965 1577 2257 1608 EXECUTIONIS

1138 1620 1352 1650 PROPRIAE
1377 1621 1655 1651 VOLUNTATIS

1189 1698 1264 1729 Infra,
1284 1706 1328 1731 qu.
1347 1707 1396 1730 xxx,
1417 1704 1462 1725 art.
1484 1706 1507 1729 ι,
1524 1700 1555 1724 ad
1577 1706 1600 1725 i.

395 1797 398 1806 ι
426 1799 493 1829 ,ζ
520 1790 541 1814 n
562 1789 733 1819 QUARTUM
752 1789 804 1814 sm
823 1789 1058 1814 PROCEmTUR.
1083 1777 1245 1814 Videtur
1263 1778 1371 1826 quod

433 1828 506 1890 ”’””;“ῤ“
521 1829 649 1867 anima
674 1829 812 1866 Christi
831 1841 911 1866 non
931 1830 1107 1866 habuerit
1126 1829 1370 1878 omnipoten-

366 1885 371 1889 ’
410 1899 445 1926 r,
456 1867 492 1930 f
519 1882 612 1919 tiam
639 1890 814 1931 respectu
840 1882 1074 1919 executionis
1102 1881 1280 1931 propriae
1300 1895 1369 1918 vo-

366 1929 461 1967 ’ἑὲῧ
476 1902 508 1970 ⁸&
520 1934 682 1972 luntatis.
716 1934 863 1972 Dicitur
881 1934 985 1971 enim
1003 1935 1122 1971 Marc.
1142 1947 1188 1972 vn
1206 1934 1227 1956 ’¹‘
1250 1935 1368 1984 quod,

311 1961 498 2039 ingressus
516 1989 680 2033 domum,
702 1989 886 2024 neminem
904 1988 1017 2025 voluit
1034 1989 1148 2024 scire.-
1173 1988 1238 2024 sed
1251 1993 1268 2008 ⁴²
1296 2000 1369 2024 non

309 2042 423 2091 potuit
449 2041 573 2078 latere.
603 2041 695 2077 Non
714 2052 803 2088 ergo
823 2040 946 2089 potuit
974 2040 1111 2089 exequi
1131 2040 1169 2077 in
1189 2040 1371 2077 omnibus

310 2093 553 2144 propositum
582 2105 673 2130 suae
701 2092 918 2130 voluntatis.

366 2158 399 2183 2.
430 2147 664 2192 PRAETEREA,
693 2153 943 2195 praeceptum
972 2153 1027 2182 est
1054 2145 1206 2194 signum
1234 2147 1371 2183 volun—

311 2198 407 2245 tatis,
436 2206 478 2235 ut
505 2198 544 2235 in
572 2198 702 2236 Prima
728 2199 838 2236 Parte
857 2198 878 2220 '¹‘
905 2198 1050 2235 dictum
1086 2207 1150 2235 est.
1188 2199 1265 2235 Sed
1292 2199 1371 2236 Do-

311 2251 440 2289 minus
468 2251 658 2300 quaedam
679 2250 851 2288 facienda
877 2251 1070 2301 praecepit
1088 2264 1258 2300 quorum
1281 2263 1371 2288 con-

311 2304 423 2341 traria
451 2304 689 2341 acciderunt:
724 2303 861 2341 dicitur
887 2303 990 2341 enim
1008 2305 1143 2341 Matth.
1164 2316 1199 2341 ix
1216 2304 1236 2325 ’³‘
1264 2304 1372 2353 quod

311 2356 432 2394 caecis
468 2356 687 2393 illuminatis
719 2358 963 2394 comminatus
999 2362 1050 2393 est
1083 2358 1206 2403 Iesus,
1236 2357 1369 2403 dicens,

318 2409 441 2447 Videte
469 2422 516 2446 ne
541 2409 672 2459 aliquis
699 2411 810 2447 sciat:
837 2410 891 2446 illi
916 2415 1038 2447 autem
1066 2412 1206 2459 egressi
1223 2408 1238 2439 β
1265 2410 1304 2446 di
1334 2422 1370 2447 a·

311 2468 506 2501 maverunt
524 2463 627 2499 illum
640 2475 713 2512 per
731 2468 843 2500 totam
866 2468 1007 2500 terram
1026 2463 1139 2500 illam.
1169 2463 1261 2499 Non
1281 2474 1370 2510 ergo

311 2515 352 2552 in
379 2514 561 2563 omnibus
587 2515 711 2564 potuit
739 2515 876 2564 exequi
904 2514 1147 2564 propositum
1183 2527 1275 2552 suae
1302 2527 1371 2552 vo-

289 2582 292 2586 >
312 2567 475 2605 luntatis.

369 2619 402 2656 3.
432 2621 672 2667 PRAETEREA,
701 2620 739 2657 id
773 2621 880 2670 quod
916 2620 1051 2669 aliquis
1078 2628 1202 2670 potest
1238 2620 1370 2668 facere,

313 2685 393 2710 non
420 2673 512 2721 petit
539 2672 587 2709 ab
615 2673 700 2710 alio.
730 2673 808 2710 Sed
830 2673 1022 2710 Dominus
1040 2673 1172 2722 petivit
1199 2686 1221 2710 a
1249 2674 1370 2720 Patre,

313 2725 482 2772 orando,
511 2724 604 2762 illud
631 2725 738 2774 quod
774 2725 858 2762 fieri
885 2726 1055 2763 volebat:
1096 2726 1232 2763 dicitur
1268 2726 1372 2763 enim

312 2780 408 2815 Luc.
428 2789 462 2814 Vl
481 2776 501 2799 ’¹‘
532 2777 639 2826 quod
674 2780 786 2815 exivit
813 2780 850 2815 in
879 2785 1040 2815 montem
1074 2791 1203 2824 orare,
1233 2785 1266 2815 et
1293 2785 1372 2816 erat

307 2836 534 2881 pernoctans
553 2831 590 2866 in
611 2832 778 2867 oratione
804 2832 885 2867 Dei.
915 2832 1016 2879 Ergo
1036 2844 1116 2868 non
1134 2831 1258 2880 potuit
1286 2844 1371 2868 exe-

313 2883 381 2933 qui
409 2882 448 2919 in
477 2882 658 2919 omnibus
686 2882 928 2932 propositum
956 2896 1047 2921 suae
1075 2884 1290 2920 voluntatis.

369 2936 442 2973 SED
472 2947 615 2972 CONTRA
643 2947 708 2972 EST
736 2936 842 2984 quod
870 2936 1106 2984 Augustinus
1136 2936 1234 2982 dicit,
1263 2936 1303 2973 in
1331 2936 1371 2973 li-

313 2989 384 3026 bro
413 2989 458 3025 de
491 2989 636 3030 Quaest.
665 2988 764 3025 Nov.
794 2994 827 3024 et
857 2989 930 3025 Vet.
964 2991 999 3026 T
996 2995 1056 3026 est.
1076 2989 1113 3025 ²¹²:
1142 2989 1373 3038 Impossibile

314 3047 365 3078 est
392 3047 429 3077 ut
448 3042 649 3078 Salvatoris
675 3041 843 3078 voluntas
871 3053 945 3077 non
974 3042 1189 3091 impleatur:
1216 3054 1283 3078 nec
1304 3054 1371 3091 po-

314 3100 378 3132 test
403 3094 496 3132 velle
524 3094 622 3143 quod
646 3095 711 3130 scit
727 3095 822 3142 fieri
848 3106 921 3130 non
951 3094 1092 3131 debere.

367 3147 591 3184 RESPONDEO
619 3158 799 3183 DicENDUM
834 3146 942 3194 quod
974 3146 1102 3182 anima
1131 3146 1269 3183 Christi
1302 3146 1371 3183 du-

315 3199 459 3249 pliciter
485 3198 629 3248 aliquid
657 3198 788 3235 voluit.
817 3199 905 3235 Uno
934 3198 1069 3245 modo,
1098 3198 1208 3247 quasi
1235 3211 1305 3247 per
1332 3211 1371 3235 se

315 3252 567 3302 implendum.
598 3252 645 3288 Et
665 3251 727 3298 sic,
749 3251 956 3287 dicendum
985 3258 1039 3287 est
1058 3251 1165 3299 quod
1183 3250 1372 3299 quidquid

315 3304 450 3351 voluit,
479 3304 613 3354 potuit.
652 3305 744 3340 Non
773 3303 875 3340 enim
913 3303 1132 3340 conveniret
1167 3303 1371 3351 sapientiae

317 3356 398 3394 eius
425 3365 467 3394 ut
494 3357 636 3406 aliquid
671 3358 782 3393 vellet
817 3368 887 3405 per
915 3369 953 3392 se
981 3357 1103 3393 facere
1141 3355 1247 3404 quod
1281 3367 1371 3391 suae

315 3409 500 3447 voluntati
519 3415 534 3438 Υ
562 3422 642 3446 non
671 3409 891 3446 subiaceret.

370 3530 397 3564 α)
415 3531 470 3557 sed.
487 3545 507 3550 -
523 3534 550 3556 et
567 3533 638 3557 tertia
658 3538 758 3564 praeter
776 3532 784 3556 1
804 3532 848 3564 qui
867 3540 919 3557 om.
938 3532 1010 3556 sed...
1030 3531 1120 3556 latere.

371 3565 396 3598 β)
415 3567 522 3599 egressi.
540 3581 559 3586 -
576 3571 704 3592 exeuntes
723 3568 802 3593 tertia.

369 3601 396 3636 γ)
415 3602 553 3627 voluntati.
571 3616 591 3621 —
608 3603 703 3628 virtuti
720 3603 739 3627 F
760 3608 785 3627 et
802 3603 883 3628 tertia.

457 3653 567 3679 Summe
585 3654 686 3681 Tutor.
707 3656 737 3681 D.
756 3656 871 3680 Tuomnn
890 3655 922 3680 T.
941 3655 1004 3679 Vlll.

1397 2071 1399 2083 1
1425 2048 1531 2077 ctum
1560 2048 1614 2076 est
1632 2040 1662 2076 ³⁸.

1477 1777 1562 1814 Alio
1591 1778 1711 1814 modo
1739 1777 1860 1814 voluit
1897 1778 2039 1826 aliquid
2067 1786 2109 1814 ut
2137 1778 2376 1826 implendum
2409 1779 2482 1815 vir—

1424 1837 1503 1866 tute
1532 1829 1681 1866 divina:
1721 1830 1816 1866 sicut
1845 1830 2169 1867 resuscitationem
2189 1829 2201 1852 δ
2231 1831 2374 1879 proprii
2402 1843 2484 1868 cor·
2607 1840 2621 1864 δ

1424 1882 1540 1931 poris,
1562 1890 1597 1918 et
1616 1881 1687 1919 alia
1715 1882 1940 1919 huiusmodi
1966 1883 2195 1920 miraculosa
2214 1895 2342 1932 opera.
2373 1884 2483 1930 Quae

1425 1934 1585 1983 quidem
1613 1947 1692 1971 non
1720 1942 1867 1984 poterat
1893 1935 2048 1984 propria
2075 1935 2231 1972 virtute:
2262 1937 2328 1972 sed
2350 1948 2480 1973 secun-

1426 1987 1521 2024 dum
1550 1988 1658 2036 quod
1685 1996 1764 2024 erat
1791 1988 2087 2025 instrumentum
2119 1988 2332 2035 divinitatis,
2361 1997 2403 2026 ut
2430 1989 2483 2026 di-

2513 2049 2520 2057 ·
2536 2048 2586 2068 Art.
2602 2053 2622 2069 2.

1479 2094 1536 2129 AD
1565 2105 1699 2130 PRIMUM
1735 2105 1832 2130 ERGO
1868 2106 2048 2131 DICENDUM
2077 2094 2202 2143 quod,
2232 2093 2327 2130 sicut
2355 2095 2484 2142 Augu-

1426 2145 1546 2182 stinus
1566 2145 1663 2191 dicit,
1685 2145 1723 2182 in
1743 2146 1838 2183 libro
1859 2147 1904 2182 de
1923 2147 2068 2189 Quaest.
2084 2148 2182 2184 Nou.
2199 2153 2232 2183 et
2254 2148 2327 2183 Vel.
2347 2149 2382 2184 T
2380 2153 2440 2183 est.
2452 2147 2482 2194 ³¹⁶,

1426 2199 1526 2247 quod
1540 2199 1689 2246 sactum
1718 2205 1785 2245 est,
1814 2200 1884 2236 hoc
1910 2200 2066 2237 voluisse
2093 2200 2266 2236 dicendus
2301 2206 2351 2236 est
2382 2201 2484 2237 Chri-

1424 2257 1508 2288 stus.
1536 2252 1812 2288 Advertendum
1839 2257 1890 2288 est
1917 2253 2015 2288 enim
2044 2253 2143 2301 quod
2168 2253 2260 2288 illud
2285 2254 2322 2288 in
2339 2254 2485 2300 finibus

1424 2310 1568 2354 gestum
1597 2310 1647 2340 est
1673 2305 1878 2353 gentilium,
1909 2306 2036 2353 quihus
2063 2305 2184 2341 adhuc
2212 2311 2353 2354 tempus
2375 2317 2484 2354 prae-

1425 2357 1576 2394 dicandi
1602 2369 1675 2393 non
1705 2362 1793 2393 erat.
1835 2357 1938 2394 Ultro
1957 2362 1969 2378 ⁵
1997 2363 2119 2393 tamen
2154 2359 2337 2394 venientes
2368 2358 2420 2394 ad
2432 2360 2483 2405 fi·
2609 2372 2619 2388 ε

1425 2410 1509 2446 dem
1538 2422 1611 2446 non
1639 2411 1823 2459 suscipere
1851 2409 2010 2447 invidiae
2036 2415 2124 2446 erat.
2153 2411 2189 2446 A
2215 2411 2289 2446 suis
2307 2421 2400 2459 ergo
2421 2422 2483 2446 no-

1425 2463 1490 2499 luit
1520 2463 1758 2512 praedicari:
1794 2464 1934 2511 requiri
1968 2468 2089 2499 autem
2125 2475 2163 2499 se
2189 2463 2312 2499 voluit.
2350 2464 2398 2499 Et
2433 2464 2483 2500 ita

1415 2516 1565 2563 factum
1594 2521 1654 2552 est.

1478 2569 1548 2605 Vel
1571 2575 1695 2616 potest
1714 2567 1788 2604 dici
1806 2569 1914 2617 quod
1933 2569 2029 2604 haec
2048 2569 2224 2604 voluntas
2245 2567 2382 2604 Christi
2403 2579 2484 2603 non

1425 2620 1494 2657 fuit
1522 2621 1569 2657 de
1598 2633 1645 2657 eo
1674 2621 1781 2670 quod
1808 2633 1877 2669 per
1905 2633 1995 2658 eum
2023 2620 2199 2657 fiendum
2220 2628 2317 2666 erat,
2348 2619 2414 2655 sed
2434 2620 2481 2656 de

1427 2686 1473 2710 eo
1494 2673 1601 2722 quod
1621 2682 1698 2710 erat
1716 2673 1892 2710 fiendum
1911 2685 1980 2722 per
1999 2673 2108 2710 alios:
2133 2673 2238 2721 quod
2259 2685 2339 2709 non
2359 2672 2482 2709 subia-

1426 2726 1535 2763 cebat
1554 2727 1747 2763 humanae
1767 2726 1979 2763 voluntati
1971 2726 2098 2775 1psius.
2126 2725 2265 2762 Unde
2256 2737 2293 2761 1n
2314 2724 2483 2773 Epistola

1426 2779 1635 2827 Agathonis
1672 2779 1799 2827 Papae
1819 2779 1855 2825 ⁷⁸,
1886 2791 1984 2827 quae
2022 2786 2077 2815 est
2113 2785 2278 2838 recepta
2299 2777 2337 2813 in
2371 2778 2520 2814 Sexta·
2534 2781 2570 2803 Ad
2588 2781 2723 2809 Imperato-

2510 2819 2556 2835 Γθὲ.

1428 2831 1636 2880 Synodo,
1606 2831 1626 2852 '³‘
1666 2831 1815 2878 legitur:
1845 2833 2000 2880 Ergone
2027 2831 2086 2867 ille
2113 2832 2278 2867 omnium
2306 2830 2484 2866 Conditor
2510 2841 2631 2888 ’1C?·¹¹⁰³¹'
2645 2841 2719 2889 ¹cffi-

1426 2896 1472 2921 ac
1498 2884 1734 2932 Redemptor,
1755 2885 1791 2919 in
1820 2885 1926 2920 terris
1944 2883 2058 2920 latere
2083 2883 2220 2928 volens,
2251 2895 2324 2919 non
2347 2884 2484 2932 potuit:
2510 2873 2643 2915 ῗιεῗῩιὙΡο
2714 2884 2720 2895 '

1427 2938 1498 2973 nisi
1514 2938 1584 2973 hoc
1611 2936 1663 2972 ad
1678 2937 1881 2972 humanam
1910 2938 1985 2971 eius
2002 2936 2237 2981 voluntatem,
2258 2947 2369 2984 quam
2397 2941 2482 2972 tem-

1420 2989 1603 3038 poraliter
1629 2988 1801 3037 dignatus
1829 2994 1879 3024 est
1907 3000 2103 3033 assumere,
2134 2987 2355 3037 redigatur?

1479 3042 1536 3077 Ab
1564 3052 1751 3077 SECUNDUM
1779 3052 1958 3077 DICENDUM
1991 3040 2115 3089 quod,
2145 3040 2239 3076 sicut
2266 3039 2354 3076 dicit
2389 3040 2482 3077 Gre-

1426 3093 1571 3141 goriuS,
1601 3087 1688 3128 XIX
1715 3093 1857 3129 Moral.
1877 3092 1913 3139 ²⁸,
1942 3105 2011 3141 per
2046 3093 2121 3129 hoc
2149 3093 2255 3153 quod
2290 3092 2482 3129 Dominus
2508 3098 2594 3150 ’ξξςῃ
2606 3099 2719 3147 &nivii

1426 3145 1617 3194 praecepit
1653 3144 1766 3181 taceri
1794 3144 1950 3181 virtutes
1977 3158 2084 3190 suas,
2113 3147 2226 3182 servis
2261 3146 2335 3182 suis
2365 3157 2404 3182 se
2429 3158 2480 3182 se-

1427 3199 1614 3247 quentibus
1642 3198 1852 3246 exemplum
1881 3198 1986 3244 dedit,
2007 3204 2044 3234 ut
2072 3199 2142 3247 ipsi
2163 3198 2306 3247 quidem
2334 3199 2482 3235 virtutes

2513 2150 2521 2159 ·
2537 2148 2591 2170 Loc.
2608 2149 2645 2170 cit.

1398 3276 1400 3289 μ
1425 3262 1510 3287 suas
1538 3250 1715 3286 occultari
1740 3250 1954 3296 desiderent,
1983 3257 2015 3287 et
2042 3257 2177 3296 tamen,
2199 3256 2236 3287 ut
2261 3251 2326 3287 alii
2351 3263 2481 3287 eorum

1426 3302 1595 3351 exemplo
1604 3304 1815 3351 proficiant,
1830 3303 2037 3351 prodantur
2055 3305 2166 3341 inviti.
2189 3303 2250 3340 Sic
2269 3315 2358 3351 ergo
2372 3315 2479 3351 prae-

1427 3362 1580 3403 ceptum
1609 3354 1701 3391 illud
1721 3355 1940 3403 designabat
1963 3357 2199 3393 voluntatem
2226 3355 2343 3404 ipsius
2371 3368 2449 3404 qua
2468 3355 2480 3379 ζ
2603 3358 2617 3387 ζ

1426 3408 1638 3444 humanam
1675 3407 1833 3455 gloriam
1871 3408 2095 3456 reFugiebat,
2135 3407 2347 3445 secundum
2388 3408 2480 3444 illud

1478 3528 1502 3562 δ)
1522 3530 1756 3555 resuscitationem.
1774 3544 1794 3549 -
1811 3529 2018 3555 resuscitationis
2038 3529 2064 3554 P.

1478 3567 1500 3596 ε)
1524 3565 1607 3590 Ultro.
1624 3579 1644 3584 —
1662 3565 1764 3595 PGHa;
1788 3565 1885 3590 Ultimo
1903 3565 1973 3596 FIbc,
1996 3565 2072 3589 Ultra
2091 3564 2175 3589 ceteri.

1477 3600 1502 3634 ζ)
1522 3607 1581 3632 qua.
1593 3615 1612 3619 -
1630 3601 1675 3633 qui
1693 3601 1722 3631 F,
1741 3601 1803 3632 quia
1822 3601 1849 3626 Ρ.

2304 3650 2335 3675 23
