<?xml version="1.0" encoding="UTF-8"?>
<!DOCTYPE html PUBLIC "-//W3C//DTD XHTML 1.0 Transitional//EN"
    "http://www.w3.org/TR/xhtml1/DTD/xhtml1-transitional.dtd">
<html xmlns="http://www.w3.org/1999/xhtml" xml:lang="en" lang="en">
 <head>
  <title>
</title>
<meta http-equiv="Content-Type" content="text/html;charset=utf-8" />
  <meta name='ocr-system' content='tesseract 3.04.00' />
  <meta name='ocr-capabilities' content='ocr_page ocr_carea ocr_par ocr_line ocrx_word'/>
</head>
<body>
  <div class='ocr_page' id='page_1' title='image "./operaomniaiussui11thom_0566.png"; bbox 0 0 2872 3970; ppageno 0'>
   <div class='ocr_carea' id='block_1_1' title="bbox 211 371 425 423">
    <p class='ocr_par' dir='ltr' id='par_1_1' title="bbox 211 371 425 423">
     <span class='ocr_line' id='line_1_1' title="bbox 211 371 425 396; baseline -0.014 -4"><span class='ocrx_word' id='word_1_1' title='bbox 211 373 222 382; x_wconf 78' lang='grc'><em>·</em></span> <span class='ocrx_word' id='word_1_2' title='bbox 236 371 300 392; x_wconf 80' lang='lat' dir='ltr'>ioan.</span> <span class='ocrx_word' id='word_1_3' title='bbox 316 375 366 396; x_wconf 83' lang='lat' dir='ltr'>cap.</span> <span class='ocrx_word' id='word_1_4' title='bbox 382 374 425 394; x_wconf 83' lang='lat' dir='ltr'>xu,</span> 
     </span>
     <span class='ocr_line' id='line_1_2' title="bbox 212 403 320 423; baseline -0.009 -5"><span class='ocrx_word' id='word_1_5' title='bbox 212 403 272 419; x_wconf 81' lang='lat' dir='ltr'>vers.</span> <span class='ocrx_word' id='word_1_6' title='bbox 287 403 320 423; x_wconf 81' lang='lat'>27·</span> 
     </span>
    </p>
   </div>
   <div class='ocr_carea' id='block_1_2' title="bbox 215 480 354 502">
    <p class='ocr_par' dir='ltr' id='par_1_2' title="bbox 215 480 354 502">
     <span class='ocr_line' id='line_1_3' title="bbox 215 480 354 502; baseline -0.014 0"><span class='ocrx_word' id='word_1_7' title='bbox 215 482 224 492; x_wconf 77' lang='lat'>⁸</span> <span class='ocrx_word' id='word_1_8' title='bbox 239 482 303 502; x_wconf 87' lang='lat' dir='ltr'>vers.</span> <span class='ocrx_word' id='word_1_9' title='bbox 319 480 354 501; x_wconf 69' lang='lat'>28.</span> 
     </span>
    </p>
   </div>
   <div class='ocr_carea' id='block_1_3' title="bbox 217 736 416 809">
    <p class='ocr_par' dir='ltr' id='par_1_3' title="bbox 217 736 416 809">
     <span class='ocr_line' id='line_1_4' title="bbox 218 736 397 762; baseline -0.006 -6"><span class='ocrx_word' id='word_1_10' title='bbox 218 737 226 746; x_wconf 84' lang='lat'>¹</span> <span class='ocrx_word' id='word_1_11' title='bbox 238 736 284 762; x_wconf 89' lang='lat' dir='ltr'>Qu.</span> <span class='ocrx_word' id='word_1_12' title='bbox 295 741 342 758; x_wconf 79' lang='lat' dir='ltr'>xlv.</span> <span class='ocrx_word' id='word_1_13' title='bbox 356 737 397 755; x_wconf 85' lang='lat' dir='ltr'>art.</span> 
     </span>
     <span class='ocr_line' id='line_1_5' title="bbox 217 762 416 788; baseline 0.01 -5"><span class='ocrx_word' id='word_1_14' title='bbox 217 762 244 783; x_wconf 86' lang='lat' dir='ltr'>ad</span> <span class='ocrx_word' id='word_1_15' title='bbox 267 768 290 785; x_wconf 85' lang='lat'>2:</span> <span class='ocrx_word' id='word_1_16' title='bbox 315 767 354 788; x_wconf 84' lang='lat' dir='ltr'>qu.</span> <span class='ocrx_word' id='word_1_17' title='bbox 392 766 416 781; x_wconf 72' lang='lat' dir='ltr'>u</span> 
     </span>
     <span class='ocr_line' id='line_1_6' title="bbox 217 792 294 809; baseline -0.013 0"><span class='ocrx_word' id='word_1_18' title='bbox 217 792 258 809; x_wconf 83' lang='lat' dir='ltr'>art.</span> <span class='ocrx_word' id='word_1_19' title='bbox 275 794 294 809; x_wconf 70' lang='grc' dir='ltr'>ι».</span> 
     </span>
    </p>
   </div>
   <div class='ocr_carea' id='block_1_4' title="bbox 218 1259 432 1333">
    <p class='ocr_par' dir='ltr' id='par_1_4' title="bbox 218 1259 432 1333">
     <span class='ocr_line' id='line_1_7' title="bbox 218 1259 432 1281; baseline -0.01 0"><span class='ocrx_word' id='word_1_20' title='bbox 218 1259 322 1281; x_wconf 82' lang='lat' dir='ltr'>·Ct.i.lb</span> <span class='ocrx_word' id='word_1_21' title='bbox 333 1259 362 1279; x_wconf 80' lang='lat' dir='ltr'>de</span> <span class='ocrx_word' id='word_1_22' title='bbox 371 1259 432 1280; x_wconf 75' lang='lat' dir='ltr'>Cou-</span> 
     </span>
     <span class='ocr_line' id='line_1_8' title="bbox 218 1287 431 1313; baseline -0.005 -6"><span class='ocrx_word' id='word_1_23' title='bbox 218 1287 261 1312; x_wconf 76' lang='lat' dir='ltr'>sis,</span> <span class='ocrx_word' id='word_1_24' title='bbox 277 1292 343 1313; x_wconf 80' lang='lat' dir='ltr'>prop.</span> <span class='ocrx_word' id='word_1_25' title='bbox 355 1291 378 1311; x_wconf 90' lang='lat' dir='ltr'>x</span> <span class='ocrx_word' id='word_1_26' title='bbox 389 1290 431 1310; x_wconf 80' lang='lat' dir='ltr'>xu.</span> 
     </span>
     <span class='ocr_line' id='line_1_9' title="bbox 273 1318 326 1333; baseline 0 0"><span class='ocrx_word' id='word_1_27' title='bbox 273 1318 326 1333; x_wconf 87' lang='lat' dir='ltr'>xxv</span> 
     </span>
    </p>
   </div>
   <div class='ocr_carea' id='block_1_5' title="bbox 219 1319 396 1418">
    <p class='ocr_par' dir='ltr' id='par_1_5' title="bbox 219 1319 387 1418">
     <span class='ocr_line' id='line_1_10' title="bbox 219 1319 248 1333; baseline 0 0"><span class='ocrx_word' id='word_1_28' title='bbox 219 1319 248 1333; x_wconf 78' lang='lat' dir='ltr'>xx</span> 
     </span>
     <span class='ocr_line' id='line_1_11' title="bbox 220 1339 336 1391; baseline -0.011 -26"><span class='ocrx_word' id='word_1_29' title='bbox 220 1366 229 1375; x_wconf 61' lang='lat'>‚</span> <span class='ocrx_word' id='word_1_30' title='bbox 221 1339 273 1391; x_wconf 81' lang='lat' dir='ltr'>‘D-</span> <span class='ocrx_word' id='word_1_31' title='bbox 286 1345 336 1365; x_wconf 75' lang='lat'>34</span> 
     </span>
     <span class='ocr_line' id='line_1_12' title="bbox 221 1371 396 1418; baseline 0 -6"><span class='ocrx_word' id='word_1_32' title='bbox 221 1371 280 1418; x_wconf 76' lang='lat' dir='ltr'>lv}</span> <span class='ocrx_word' id='word_1_33' title='bbox 295 1397 345 1418; x_wconf 77' lang='lat' dir='ltr'>cap.</span> <span class='ocrx_word' id='word_1_34' title='bbox 362 1396 396 1412; x_wconf 79' lang='grc' dir='ltr'><strong>ιιι.</strong></span> 
     </span>
    </p>
   </div>
   <div class='ocr_carea' id='block_1_6' title="bbox 334 1364 432 1388">
    <p class='ocr_par' dir='ltr' id='par_1_6' title="bbox 334 1364 432 1388">
     <span class='ocr_line' id='line_1_13' title="bbox 334 1364 432 1388; baseline -0.011 -3"><span class='ocrx_word' id='word_1_35' title='bbox 334 1364 394 1388; x_wconf 85' lang='lat' dir='ltr'>VIII</span> <span class='ocrx_word' id='word_1_36' title='bbox 403 1364 432 1385; x_wconf 74' lang='lat' dir='ltr'>aL</span> 
     </span>
    </p>
   </div>
   <div class='ocr_carea' id='block_1_7' title="bbox 224 1685 406 1711">
    <p class='ocr_par' dir='ltr' id='par_1_7' title="bbox 224 1685 406 1711">
     <span class='ocr_line' id='line_1_14' title="bbox 224 1685 406 1711; baseline -0.011 -4"><span class='ocrx_word' id='word_1_37' title='bbox 224 1687 231 1696; x_wconf 90' lang='grc'><em>“</em></span> <span class='ocrx_word' id='word_1_38' title='bbox 245 1686 295 1707; x_wconf 86' lang='lat' dir='ltr'>Art.</span> <span class='ocrx_word' id='word_1_39' title='bbox 311 1693 328 1711; x_wconf 76' lang='grc' dir='ltr'>ι,</span> <span class='ocrx_word' id='word_1_40' title='bbox 344 1685 372 1706; x_wconf 85' lang='lat' dir='ltr'>ad</span> <span class='ocrx_word' id='word_1_41' title='bbox 388 1691 406 1705; x_wconf 83' lang='lat'>2.</span> 
     </span>
    </p>
   </div>
   <div class='ocr_carea' id='block_1_8' title="bbox 231 2849 492 2923">
    <p class='ocr_par' dir='ltr' id='par_1_8' title="bbox 231 2849 492 2923">
     <span class='ocr_line' id='line_1_15' title="bbox 292 2849 492 2894; baseline 0.005 -4.075"><span class='ocrx_word' id='word_1_42' title='bbox 292 2849 492 2894; x_wconf 66' lang='lat' dir='ltr'>s.³rn.1&#39;ect1.</span> 
     </span>
     <span class='ocr_line' id='line_1_16' title="bbox 231 2875 326 2923; baseline 0 -6"><span class='ocrx_word' id='word_1_43' title='bbox 231 2875 326 2923; x_wconf 45' lang='grc' dir='ltr'><strong>ιᾷιῐὶ.3,</strong></span> 
     </span>
    </p>
   </div>
   <div class='ocr_carea' id='block_1_9' title="bbox 415 293 1532 2251">
    <p class='ocr_par' dir='ltr' id='par_1_9' title="bbox 454 293 1520 564">
     <span class='ocr_line' id='line_1_17' title="bbox 454 293 527 318; baseline -0.014 0"><span class='ocrx_word' id='word_1_44' title='bbox 454 293 527 318; x_wconf 73' lang='lat'>:210</span> 
     </span>
     <span class='ocr_line' id='line_1_18' title="bbox 454 354 1516 407; baseline -0.006 -10"><span class='ocrx_word' id='word_1_45' title='bbox 454 360 527 398; x_wconf 88' lang='lat' dir='ltr'>ruit</span> <span class='ocrx_word' id='word_1_46' title='bbox 541 359 701 407; x_wconf 82' lang='lat' dir='ltr'>gloriam</span> <span class='ocrx_word' id='word_1_47' title='bbox 721 356 1017 395; x_wconf 84' lang='lat' dir='ltr'>resurrectionis.</span> <span class='ocrx_word' id='word_1_48' title='bbox 1040 357 1150 394; x_wconf 89' lang='lat' dir='ltr'>Unde</span> <span class='ocrx_word' id='word_1_49' title='bbox 1171 364 1207 393; x_wconf 87' lang='lat' dir='ltr'>et</span> <span class='ocrx_word' id='word_1_50' title='bbox 1225 356 1306 405; x_wconf 91' lang='lat' dir='ltr'>ipse</span> <span class='ocrx_word' id='word_1_51' title='bbox 1321 355 1516 401; x_wconf 86' lang='lat' dir='ltr'>dicebat,</span> <span class='ocrx_word' id='word_1_52' title='bbox 1485 354 1505 376; x_wconf 76' lang='lat'>&#39;¹‘</span> 
     </span>
     <span class='ocr_line' id='line_1_19' title="bbox 454 383 1518 458; baseline -0.006 -8"><span class='ocrx_word' id='word_1_53' title='bbox 454 414 502 450; x_wconf 90' lang='grc' dir='ltr'><strong><em>Ν</em></strong></span> <span class='ocrx_word' id='word_1_54' title='bbox 497 425 569 449; x_wconf 89' lang='lat' dir='ltr'>unc</span> <span class='ocrx_word' id='word_1_55' title='bbox 597 414 724 450; x_wconf 88' lang='lat' dir='ltr'>anima</span> <span class='ocrx_word' id='word_1_56' title='bbox 752 423 836 448; x_wconf 90' lang='lat' dir='ltr'>mea</span> <span class='ocrx_word' id='word_1_57' title='bbox 863 412 1010 447; x_wconf 83' lang='lat' dir='ltr'>turbata</span> <span class='ocrx_word' id='word_1_58' title='bbox 1037 415 1109 455; x_wconf 87' lang='lat' dir='ltr'>est,</span> <span class='ocrx_word' id='word_1_59' title='bbox 1138 409 1245 458; x_wconf 89' lang='lat' dir='ltr'>quod</span> <span class='ocrx_word' id='word_1_60' title='bbox 1280 407 1442 457; x_wconf 84' lang='lat' dir='ltr'><strong>pertinet</strong></span> <span class='ocrx_word' id='word_1_61' title='bbox 1469 383 1518 444; x_wconf 86' lang='lat' dir='ltr'>aci</span> 
     </span>
     <span class='ocr_line' id='line_1_20' title="bbox 454 461 1520 515; baseline -0.006 -13"><span class='ocrx_word' id='word_1_62' title='bbox 454 464 692 515; x_wconf 84' lang='lat' dir='ltr'>passionem:</span> <span class='ocrx_word' id='word_1_63' title='bbox 729 471 777 500; x_wconf 92' lang='lat' dir='ltr'>et</span> <span class='ocrx_word' id='word_1_64' title='bbox 802 471 936 512; x_wconf 90' lang='lat' dir='ltr'>postea</span> <span class='ocrx_word' id='word_1_65' title='bbox 974 462 1102 499; x_wconf 89' lang='lat' dir='ltr'>subdit</span> <span class='ocrx_word' id='word_1_66' title='bbox 1127 461 1164 506; x_wconf 59' lang='lat'>²⁸,</span> <span class='ocrx_word' id='word_1_67' title='bbox 1192 463 1323 506; x_wconf 85' lang='lat' dir='ltr'>Pater,</span> <span class='ocrx_word' id='word_1_68' title='bbox 1351 461 1520 509; x_wconf 76' lang='lat' dir='ltr'>clarfica</span> 
     </span>
     <span class='ocr_line' id='line_1_21' title="bbox 456 511 1519 564; baseline -0.007 -9"><span class='ocrx_word' id='word_1_69' title='bbox 456 530 591 555; x_wconf 89' lang='lat' dir='ltr'>nomen</span> <span class='ocrx_word' id='word_1_70' title='bbox 619 523 734 562; x_wconf 86' lang='lat' dir='ltr'>tuum,</span> <span class='ocrx_word' id='word_1_71' title='bbox 755 516 795 553; x_wconf 88' lang='lat' dir='ltr'>in</span> <span class='ocrx_word' id='word_1_72' title='bbox 813 527 894 564; x_wconf 93' lang='lat' dir='ltr'>quo</span> <span class='ocrx_word' id='word_1_73' title='bbox 922 514 1014 564; x_wconf 91' lang='lat' dir='ltr'>petit</span> <span class='ocrx_word' id='word_1_74' title='bbox 1032 513 1192 562; x_wconf 85' lang='lat' dir='ltr'>gloriam</span> <span class='ocrx_word' id='word_1_75' title='bbox 1221 511 1519 550; x_wconf 90' lang='lat' dir='ltr'>resurrectionis.</span> 
     </span>
    </p>

    <p class='ocr_par' dir='ltr' id='par_1_10' title="bbox 415 564 1526 1146">
     <span class='ocr_line' id='line_1_22' title="bbox 508 564 1522 628; baseline -0.006 -21"><span class='ocrx_word' id='word_1_76' title='bbox 508 569 640 607; x_wconf 89' lang='lat' dir='ltr'>Tertio</span> <span class='ocrx_word' id='word_1_77' title='bbox 669 568 775 628; x_wconf 80' lang='lat' dir='ltr'>quia,</span> <span class='ocrx_word' id='word_1_78' title='bbox 802 568 898 605; x_wconf 90' lang='lat' dir='ltr'>sicut</span> <span class='ocrx_word' id='word_1_79' title='bbox 926 579 1042 616; x_wconf 87' lang='lat' dir='ltr'>supra</span> <span class='ocrx_word' id='word_1_80' title='bbox 1060 566 1080 588; x_wconf 75' lang='lat'>‘¹‘</span> <span class='ocrx_word' id='word_1_81' title='bbox 1108 566 1284 603; x_wconf 89' lang='lat' dir='ltr'>habitum</span> <span class='ocrx_word' id='word_1_82' title='bbox 1304 573 1371 611; x_wconf 89' lang='lat' dir='ltr'>est,</span> <span class='ocrx_word' id='word_1_83' title='bbox 1391 564 1522 602; x_wconf 84' lang='lat' dir='ltr'>anima</span> 
     </span>
     <span class='ocr_line' id='line_1_23' title="bbox 458 616 1523 671; baseline -0.007 -11"><span class='ocrx_word' id='word_1_84' title='bbox 458 622 597 660; x_wconf 85' lang='lat' dir='ltr'>Christi</span> <span class='ocrx_word' id='word_1_85' title='bbox 616 635 639 659; x_wconf 89' lang='lat' dir='ltr'>a</span> <span class='ocrx_word' id='word_1_86' title='bbox 657 621 846 671; x_wconf 91' lang='lat' dir='ltr'>principio</span> <span class='ocrx_word' id='word_1_87' title='bbox 874 632 966 657; x_wconf 89' lang='lat' dir='ltr'>suae</span> <span class='ocrx_word' id='word_1_88' title='bbox 991 618 1253 667; x_wconf 84' lang='lat' dir='ltr'>conceptionis</span> <span class='ocrx_word' id='word_1_89' title='bbox 1271 617 1340 655; x_wconf 86' lang='lat' dir='ltr'>fuit</span> <span class='ocrx_word' id='word_1_90' title='bbox 1358 616 1523 666; x_wconf 86' lang='lat' dir='ltr'>gloriosa</span> 
     </span>
     <span class='ocr_line' id='line_1_24' title="bbox 456 669 1522 726; baseline -0.007 -13"><span class='ocrx_word' id='word_1_91' title='bbox 456 687 526 726; x_wconf 90' lang='lat' dir='ltr'>per</span> <span class='ocrx_word' id='word_1_92' title='bbox 544 674 764 712; x_wconf 85' lang='lat' dir='ltr'>fruitionem</span> <span class='ocrx_word' id='word_1_93' title='bbox 783 671 988 710; x_wconf 90' lang='lat' dir='ltr'>divinitatis</span> <span class='ocrx_word' id='word_1_94' title='bbox 1016 669 1266 721; x_wconf 40' lang='lat' dir='ltr'>perfectam&amp;</span> <span class='ocrx_word' id='word_1_95' title='bbox 1297 671 1364 707; x_wconf 90' lang='lat' dir='ltr'>Est</span> <span class='ocrx_word' id='word_1_96' title='bbox 1392 677 1522 707; x_wconf 86' lang='lat' dir='ltr'>autern</span> 
     </span>
     <span class='ocr_line' id='line_1_25' title="bbox 415 723 1522 777; baseline -0.005 -12"><span class='ocrx_word' id='word_1_97' title='bbox 415 766 419 771; x_wconf 71' lang='grc'><em>,</em></span> <span class='ocrx_word' id='word_1_98' title='bbox 458 726 714 777; x_wconf 87' lang='lat' dir='ltr'>dispensative</span> <span class='ocrx_word' id='word_1_99' title='bbox 749 727 912 772; x_wconf 78' lang='lat' dir='ltr'>facturn,</span> <span class='ocrx_word' id='word_1_100' title='bbox 947 725 1043 762; x_wconf 89' lang='lat' dir='ltr'>sicut</span> <span class='ocrx_word' id='word_1_101' title='bbox 1078 736 1195 772; x_wconf 90' lang='lat' dir='ltr'>supra</span> <span class='ocrx_word' id='word_1_102' title='bbox 1219 723 1239 745; x_wconf 74' lang='lat'>’¹‘</span> <span class='ocrx_word' id='word_1_103' title='bbox 1272 723 1418 760; x_wconf 89' lang='lat' dir='ltr'>dictum</span> <span class='ocrx_word' id='word_1_104' title='bbox 1455 729 1522 770; x_wconf 84' lang='lat' dir='ltr'>est,</span> 
     </span>
     <span class='ocr_line' id='line_1_26' title="bbox 422 775 1522 826; baseline -0.006 -8"><span class='ocrx_word' id='word_1_105' title='bbox 422 776 428 783; x_wconf 73' lang='grc'>’</span> <span class='ocrx_word' id='word_1_106' title='bbox 457 789 500 818; x_wconf 91' lang='lat' dir='ltr'>ut</span> <span class='ocrx_word' id='word_1_107' title='bbox 527 780 575 818; x_wconf 88' lang='lat' dir='ltr'>ab</span> <span class='ocrx_word' id='word_1_108' title='bbox 604 779 734 816; x_wconf 85' lang='lat' dir='ltr'>anima</span> <span class='ocrx_word' id='word_1_109' title='bbox 761 778 879 826; x_wconf 86' lang='lat' dir='ltr'>gloria</span> <span class='ocrx_word' id='word_1_110' title='bbox 916 789 996 815; x_wconf 92' lang='lat' dir='ltr'>non</span> <span class='ocrx_word' id='word_1_111' title='bbox 1024 776 1256 814; x_wconf 87' lang='lat' dir='ltr'>redundaret</span> <span class='ocrx_word' id='word_1_112' title='bbox 1291 775 1331 812; x_wconf 90' lang='lat' dir='ltr'>in</span> <span class='ocrx_word' id='word_1_113' title='bbox 1359 786 1522 823; x_wconf 89' lang='lat' dir='ltr'>corpus,</span> 
     </span>
     <span class='ocr_line' id='line_1_27' title="bbox 458 827 1524 880; baseline -0.006 -10"><span class='ocrx_word' id='word_1_114' title='bbox 458 834 507 870; x_wconf 93' lang='lat' dir='ltr'>ad</span> <span class='ocrx_word' id='word_1_115' title='bbox 540 834 616 869; x_wconf 93' lang='lat' dir='ltr'>hoc</span> <span class='ocrx_word' id='word_1_116' title='bbox 651 831 758 880; x_wconf 92' lang='lat' dir='ltr'>quod</span> <span class='ocrx_word' id='word_1_117' title='bbox 795 830 1022 880; x_wconf 89' lang='lat' dir='ltr'>mysterium</span> <span class='ocrx_word' id='word_1_118' title='bbox 1059 836 1211 866; x_wconf 90' lang='lat' dir='ltr'>nostrae</span> <span class='ocrx_word' id='word_1_119' title='bbox 1248 827 1524 876; x_wconf 90' lang='lat' dir='ltr'>redemptionis</span> 
     </span>
     <span class='ocr_line' id='line_1_28' title="bbox 458 881 1524 943; baseline -0.003 -21"><span class='ocrx_word' id='word_1_120' title='bbox 458 898 528 923; x_wconf 86' lang='lat' dir='ltr'>sua</span> <span class='ocrx_word' id='word_1_121' title='bbox 555 884 734 943; x_wconf 80' lang='lat' dir='ltr'>passione</span> <span class='ocrx_word' id='word_1_122' title='bbox 754 883 940 932; x_wconf 89' lang='lat' dir='ltr'>impleret</span> <span class='ocrx_word' id='word_1_123' title='bbox 970 883 1018 919; x_wconf 87' lang='lat' dir='ltr'>Et</span> <span class='ocrx_word' id='word_1_124' title='bbox 1045 882 1147 927; x_wconf 93' lang='lat' dir='ltr'>ideo,</span> <span class='ocrx_word' id='word_1_125' title='bbox 1167 888 1322 930; x_wconf 89' lang='lat' dir='ltr'>peracto</span> <span class='ocrx_word' id='word_1_126' title='bbox 1341 881 1418 918; x_wconf 92' lang='lat' dir='ltr'>hoc</span> <span class='ocrx_word' id='word_1_127' title='bbox 1441 892 1524 930; x_wconf 84' lang='lat' dir='ltr'>my-</span> 
     </span>
     <span class='ocr_line' id='line_1_29' title="bbox 458 932 1525 986; baseline -0.006 -11"><span class='ocrx_word' id='word_1_128' title='bbox 458 937 571 975; x_wconf 88' lang='lat' dir='ltr'>sterio</span> <span class='ocrx_word' id='word_1_129' title='bbox 599 936 788 986; x_wconf 85' lang='lat' dir='ltr'>passionis</span> <span class='ocrx_word' id='word_1_130' title='bbox 816 943 852 973; x_wconf 91' lang='lat' dir='ltr'>et</span> <span class='ocrx_word' id='word_1_131' title='bbox 871 934 1006 972; x_wconf 89' lang='lat' dir='ltr'>mortis</span> <span class='ocrx_word' id='word_1_132' title='bbox 1035 933 1197 980; x_wconf 86' lang='lat' dir='ltr'>Christi,</span> <span class='ocrx_word' id='word_1_133' title='bbox 1226 933 1356 971; x_wconf 87' lang='lat' dir='ltr'>anima</span> <span class='ocrx_word' id='word_1_134' title='bbox 1385 932 1525 970; x_wconf 88' lang='lat' dir='ltr'>Christi</span> 
     </span>
     <span class='ocr_line' id='line_1_30' title="bbox 458 986 1524 1038; baseline -0.005 -11"><span class='ocrx_word' id='word_1_135' title='bbox 458 990 583 1028; x_wconf 89' lang='lat' dir='ltr'>statim</span> <span class='ocrx_word' id='word_1_136' title='bbox 619 989 658 1026; x_wconf 92' lang='lat' dir='ltr'>in</span> <span class='ocrx_word' id='word_1_137' title='bbox 687 1001 850 1038; x_wconf 82' lang='lat' dir='ltr'>corpus,</span> <span class='ocrx_word' id='word_1_138' title='bbox 880 988 919 1025; x_wconf 93' lang='lat' dir='ltr'>in</span> <span class='ocrx_word' id='word_1_139' title='bbox 947 986 1225 1024; x_wconf 88' lang='lat' dir='ltr'>resurrectione</span> <span class='ocrx_word' id='word_1_140' title='bbox 1260 992 1524 1035; x_wconf 88' lang='lat' dir='ltr'>resumptum,</span> 
     </span>
     <span class='ocr_line' id='line_1_31' title="bbox 458 1039 1526 1090; baseline -0.005 -10"><span class='ocrx_word' id='word_1_141' title='bbox 458 1055 571 1080; x_wconf 89' lang='lat' dir='ltr'>suam</span> <span class='ocrx_word' id='word_1_142' title='bbox 597 1041 758 1090; x_wconf 82' lang='lat' dir='ltr'>gloriam</span> <span class='ocrx_word' id='word_1_143' title='bbox 793 1040 992 1078; x_wconf 83' lang='lat' dir='ltr'>derivavit.</span> <span class='ocrx_word' id='word_1_144' title='bbox 1029 1041 1078 1077; x_wconf 87' lang='lat' dir='ltr'>Et</span> <span class='ocrx_word' id='word_1_145' title='bbox 1105 1039 1155 1076; x_wconf 91' lang='lat' dir='ltr'>ita</span> <span class='ocrx_word' id='word_1_146' title='bbox 1182 1039 1326 1076; x_wconf 87' lang='lat' dir='ltr'>factum</span> <span class='ocrx_word' id='word_1_147' title='bbox 1359 1046 1414 1075; x_wconf 90' lang='lat' dir='ltr'>est</span> <span class='ocrx_word' id='word_1_148' title='bbox 1446 1050 1526 1076; x_wconf 90' lang='lat' dir='ltr'>cor-</span> 
     </span>
     <span class='ocr_line' id='line_1_32' title="bbox 457 1093 903 1146; baseline -0.007 -13"><span class='ocrx_word' id='word_1_149' title='bbox 457 1108 532 1146; x_wconf 93' lang='lat' dir='ltr'>pus</span> <span class='ocrx_word' id='word_1_150' title='bbox 560 1095 652 1132; x_wconf 92' lang='lat' dir='ltr'>illud</span> <span class='ocrx_word' id='word_1_151' title='bbox 680 1093 903 1143; x_wconf 86' lang='lat' dir='ltr'>gloriosum.</span> 
     </span>
    </p>

    <p class='ocr_par' dir='ltr' id='par_1_11' title="bbox 459 1144 1530 1828">
     <span class='ocr_line' id='line_1_33' title="bbox 512 1144 1526 1194; baseline -0.004 -9"><span class='ocrx_word' id='word_1_152' title='bbox 512 1149 569 1185; x_wconf 82' lang='lat' dir='ltr'>An</span> <span class='ocrx_word' id='word_1_153' title='bbox 598 1159 733 1184; x_wconf 66' lang='lat' dir='ltr'>prunum</span> <span class='ocrx_word' id='word_1_154' title='bbox 753 1159 850 1184; x_wconf 83' lang='lat' dir='ltr'>ERGO</span> <span class='ocrx_word' id='word_1_155' title='bbox 870 1158 1052 1183; x_wconf 70' lang='lat' dir='ltr'>monimum</span> <span class='ocrx_word' id='word_1_156' title='bbox 1072 1145 1179 1194; x_wconf 92' lang='lat' dir='ltr'>quod</span> <span class='ocrx_word' id='word_1_157' title='bbox 1199 1156 1316 1182; x_wconf 93' lang='lat' dir='ltr'>omne</span> <span class='ocrx_word' id='word_1_158' title='bbox 1345 1144 1452 1193; x_wconf 92' lang='lat' dir='ltr'>quod</span> <span class='ocrx_word' id='word_1_159' title='bbox 1472 1155 1526 1181; x_wconf 90' lang='lat' dir='ltr'>re-</span> 
     </span>
     <span class='ocr_line' id='line_1_34' title="bbox 459 1197 1526 1258; baseline -0.004 -20"><span class='ocrx_word' id='word_1_160' title='bbox 459 1200 597 1250; x_wconf 86' lang='lat' dir='ltr'>cipitur</span> <span class='ocrx_word' id='word_1_161' title='bbox 624 1200 664 1237; x_wconf 91' lang='lat' dir='ltr'>in</span> <span class='ocrx_word' id='word_1_162' title='bbox 692 1200 833 1248; x_wconf 88' lang='lat' dir='ltr'>aliquo,</span> <span class='ocrx_word' id='word_1_163' title='bbox 854 1198 1041 1258; x_wconf 79' lang='lat' dir='ltr'>recipitur</span> <span class='ocrx_word' id='word_1_164' title='bbox 1061 1197 1101 1235; x_wconf 89' lang='lat' dir='ltr'>in</span> <span class='ocrx_word' id='word_1_165' title='bbox 1129 1210 1176 1235; x_wconf 90' lang='lat' dir='ltr'>eo</span> <span class='ocrx_word' id='word_1_166' title='bbox 1206 1197 1422 1235; x_wconf 90' lang='lat' dir='ltr'>secundum</span> <span class='ocrx_word' id='word_1_167' title='bbox 1445 1209 1526 1234; x_wconf 91' lang='lat' dir='ltr'>mo-</span> 
     </span>
     <span class='ocr_line' id='line_1_35' title="bbox 459 1249 1527 1311; baseline -0.005 -20"><span class='ocrx_word' id='word_1_168' title='bbox 459 1254 556 1291; x_wconf 89' lang='lat' dir='ltr'>dum</span> <span class='ocrx_word' id='word_1_169' title='bbox 576 1252 838 1311; x_wconf 77' lang='lat' dir='ltr'>recipientis*.</span> <span class='ocrx_word' id='word_1_170' title='bbox 869 1251 973 1299; x_wconf 90' lang='lat' dir='ltr'>Quia</span> <span class='ocrx_word' id='word_1_171' title='bbox 996 1251 1107 1299; x_wconf 85' lang='lat' dir='ltr'>igitur</span> <span class='ocrx_word' id='word_1_172' title='bbox 1129 1250 1248 1298; x_wconf 87' lang='lat' dir='ltr'>gloria</span> <span class='ocrx_word' id='word_1_173' title='bbox 1272 1249 1444 1309; x_wconf 81' lang='lat' dir='ltr'>corporis</span> <span class='ocrx_word' id='word_1_174' title='bbox 1463 1249 1527 1286; x_wconf 92' lang='lat' dir='ltr'>de-</span> 
     </span>
     <span class='ocr_line' id='line_1_36' title="bbox 460 1301 1527 1352; baseline -0.004 -9"><span class='ocrx_word' id='word_1_175' title='bbox 460 1306 604 1343; x_wconf 89' lang='lat' dir='ltr'>rivatur</span> <span class='ocrx_word' id='word_1_176' title='bbox 632 1306 679 1342; x_wconf 89' lang='lat' dir='ltr'>ab</span> <span class='ocrx_word' id='word_1_177' title='bbox 709 1305 838 1342; x_wconf 91' lang='lat' dir='ltr'>anima</span> <span class='ocrx_word' id='word_1_178' title='bbox 856 1305 888 1350; x_wconf 71' lang='lat'>³¹²,</span> <span class='ocrx_word' id='word_1_179' title='bbox 909 1312 951 1341; x_wconf 92' lang='lat' dir='ltr'>ut</span> <span class='ocrx_word' id='word_1_180' title='bbox 979 1303 1216 1352; x_wconf 87' lang='lat' dir='ltr'>Augustinus</span> <span class='ocrx_word' id='word_1_181' title='bbox 1245 1302 1344 1349; x_wconf 90' lang='lat' dir='ltr'>dicit,</span> <span class='ocrx_word' id='word_1_182' title='bbox 1371 1302 1410 1339; x_wconf 89' lang='lat' dir='ltr'>in</span> <span class='ocrx_word' id='word_1_183' title='bbox 1437 1301 1527 1352; x_wconf 90' lang='lat' dir='ltr'>Epi-</span> 
     </span>
     <span class='ocr_line' id='line_1_37' title="bbox 460 1354 1528 1405; baseline -0.005 -9"><span class='ocrx_word' id='word_1_184' title='bbox 460 1360 556 1396; x_wconf 84' lang='lat' dir='ltr'>stola</span> <span class='ocrx_word' id='word_1_185' title='bbox 583 1359 634 1396; x_wconf 88' lang='lat' dir='ltr'>ad</span> <span class='ocrx_word' id='word_1_186' title='bbox 650 1359 874 1395; x_wconf 80' lang='lat' dir='ltr'>Dzoscorum</span> <span class='ocrx_word' id='word_1_187' title='bbox 893 1357 924 1399; x_wconf 58' lang='lat'>³⁶,</span> <span class='ocrx_word' id='word_1_188' title='bbox 954 1357 1078 1405; x_wconf 85' lang='lat' dir='ltr'>fulgor</span> <span class='ocrx_word' id='word_1_189' title='bbox 1097 1369 1165 1393; x_wconf 91' lang='lat' dir='ltr'>seu</span> <span class='ocrx_word' id='word_1_190' title='bbox 1185 1355 1332 1393; x_wconf 87' lang='lat' dir='ltr'>claritas</span> <span class='ocrx_word' id='word_1_191' title='bbox 1355 1354 1528 1404; x_wconf 90' lang='lat' dir='ltr'>corporis</span> 
     </span>
     <span class='ocr_line' id='line_1_38' title="bbox 460 1407 1528 1460; baseline -0.004 -12"><span class='ocrx_word' id='word_1_192' title='bbox 460 1411 613 1460; x_wconf 87' lang='lat' dir='ltr'>gloriosi</span> <span class='ocrx_word' id='word_1_193' title='bbox 643 1418 697 1448; x_wconf 90' lang='lat' dir='ltr'>est</span> <span class='ocrx_word' id='word_1_194' title='bbox 725 1411 943 1448; x_wconf 91' lang='lat' dir='ltr'>secundum</span> <span class='ocrx_word' id='word_1_195' title='bbox 971 1411 1142 1446; x_wconf 92' lang='lat' dir='ltr'>colorem</span> <span class='ocrx_word' id='word_1_196' title='bbox 1170 1409 1346 1445; x_wconf 88' lang='lat' dir='ltr'>humano</span> <span class='ocrx_word' id='word_1_197' title='bbox 1374 1407 1528 1457; x_wconf 85' lang='lat' dir='ltr'>corpori</span> 
     </span>
     <span class='ocr_line' id='line_1_39' title="bbox 461 1461 1528 1501; baseline -0.004 0"><span class='ocrx_word' id='word_1_198' title='bbox 461 1465 694 1501; x_wconf 86' lang='lat' dir='ltr'>naturalem:</span> <span class='ocrx_word' id='word_1_199' title='bbox 731 1463 826 1500; x_wconf 89' lang='lat' dir='ltr'>sicut</span> <span class='ocrx_word' id='word_1_200' title='bbox 854 1462 998 1500; x_wconf 88' lang='lat' dir='ltr'>vitrum</span> <span class='ocrx_word' id='word_1_201' title='bbox 1033 1461 1292 1501; x_wconf 86' lang='lat' dir='ltr'>diversimode</span> <span class='ocrx_word' id='word_1_202' title='bbox 1313 1462 1528 1498; x_wconf 88' lang='lat' dir='ltr'>coloratum</span> 
     </span>
     <span class='ocr_line' id='line_1_40' title="bbox 462 1513 1528 1566; baseline -0.004 -13"><span class='ocrx_word' id='word_1_203' title='bbox 462 1517 593 1566; x_wconf 88' lang='lat' dir='ltr'>recipit</span> <span class='ocrx_word' id='word_1_204' title='bbox 629 1516 875 1565; x_wconf 91' lang='lat' dir='ltr'>splendorem</span> <span class='ocrx_word' id='word_1_205' title='bbox 904 1527 950 1552; x_wconf 87' lang='lat' dir='ltr'>ex</span> <span class='ocrx_word' id='word_1_206' title='bbox 983 1514 1229 1552; x_wconf 87' lang='lat' dir='ltr'>illustratione</span> <span class='ocrx_word' id='word_1_207' title='bbox 1267 1513 1356 1550; x_wconf 92' lang='lat' dir='ltr'>solis</span> <span class='ocrx_word' id='word_1_208' title='bbox 1393 1525 1528 1550; x_wconf 87' lang='lat' dir='ltr'>secun-</span> 
     </span>
     <span class='ocr_line' id='line_1_41' title="bbox 462 1566 1529 1615; baseline -0.003 -9"><span class='ocrx_word' id='word_1_209' title='bbox 462 1570 557 1606; x_wconf 94' lang='lat' dir='ltr'>dum</span> <span class='ocrx_word' id='word_1_210' title='bbox 586 1569 751 1606; x_wconf 89' lang='lat' dir='ltr'>modum</span> <span class='ocrx_word' id='word_1_211' title='bbox 779 1568 838 1606; x_wconf 89' lang='lat' dir='ltr'>sui</span> <span class='ocrx_word' id='word_1_212' title='bbox 866 1567 1015 1605; x_wconf 88' lang='lat' dir='ltr'>coloris.</span> <span class='ocrx_word' id='word_1_213' title='bbox 1057 1567 1163 1604; x_wconf 88' lang='lat' dir='ltr'>Sicut</span> <span class='ocrx_word' id='word_1_214' title='bbox 1196 1574 1327 1604; x_wconf 83' lang='lat' dir='ltr'>autem</span> <span class='ocrx_word' id='word_1_215' title='bbox 1355 1566 1395 1603; x_wconf 91' lang='lat' dir='ltr'>in</span> <span class='ocrx_word' id='word_1_216' title='bbox 1422 1574 1529 1615; x_wconf 84' lang='lat' dir='ltr'>pote-</span> 
     </span>
     <span class='ocr_line' id='line_1_42' title="bbox 462 1618 1528 1669; baseline -0.004 -10"><span class='ocrx_word' id='word_1_217' title='bbox 462 1630 554 1659; x_wconf 88' lang='lat' dir='ltr'>state</span> <span class='ocrx_word' id='word_1_218' title='bbox 583 1622 752 1659; x_wconf 90' lang='lat' dir='ltr'>hominis</span> <span class='ocrx_word' id='word_1_219' title='bbox 771 1620 969 1669; x_wconf 86' lang='lat' dir='ltr'>glorificati</span> <span class='ocrx_word' id='word_1_220' title='bbox 988 1628 1044 1657; x_wconf 89' lang='lat' dir='ltr'>est</span> <span class='ocrx_word' id='word_1_221' title='bbox 1062 1628 1104 1657; x_wconf 92' lang='lat' dir='ltr'>ut</span> <span class='ocrx_word' id='word_1_222' title='bbox 1123 1631 1265 1669; x_wconf 88' lang='lat' dir='ltr'>corpus</span> <span class='ocrx_word' id='word_1_223' title='bbox 1294 1618 1376 1656; x_wconf 82' lang='lat' dir='ltr'>eius</span> <span class='ocrx_word' id='word_1_224' title='bbox 1398 1618 1528 1656; x_wconf 89' lang='lat' dir='ltr'>videa-</span> 
     </span>
     <span class='ocr_line' id='line_1_43' title="bbox 461 1671 1529 1719; baseline -0.004 -7"><span class='ocrx_word' id='word_1_225' title='bbox 461 1683 524 1712; x_wconf 88' lang='lat' dir='ltr'>tur</span> <span class='ocrx_word' id='word_1_226' title='bbox 550 1677 613 1712; x_wconf 86' lang='lat' dir='ltr'>vel</span> <span class='ocrx_word' id='word_1_227' title='bbox 640 1687 720 1712; x_wconf 94' lang='lat' dir='ltr'>non</span> <span class='ocrx_word' id='word_1_228' title='bbox 748 1674 940 1719; x_wconf 86' lang='lat' dir='ltr'>videatur,</span> <span class='ocrx_word' id='word_1_229' title='bbox 970 1673 1068 1710; x_wconf 89' lang='lat' dir='ltr'>sicut</span> <span class='ocrx_word' id='word_1_230' title='bbox 1094 1672 1242 1710; x_wconf 84' lang='lat' dir='ltr'>dictum</span> <span class='ocrx_word' id='word_1_231' title='bbox 1270 1679 1325 1709; x_wconf 91' lang='lat' dir='ltr'>est</span> <span class='ocrx_word' id='word_1_232' title='bbox 1343 1672 1382 1717; x_wconf 75' lang='grc' dir='ltr'>*ς</span> <span class='ocrx_word' id='word_1_233' title='bbox 1411 1671 1462 1709; x_wconf 91' lang='lat' dir='ltr'>ita</span> <span class='ocrx_word' id='word_1_234' title='bbox 1489 1671 1529 1709; x_wconf 92' lang='lat' dir='ltr'>in</span> 
     </span>
     <span class='ocr_line' id='line_1_44' title="bbox 461 1724 1530 1778; baseline -0.003 -13"><span class='ocrx_word' id='word_1_235' title='bbox 461 1735 646 1778; x_wconf 84' lang='lat' dir='ltr'>potestate</span> <span class='ocrx_word' id='word_1_236' title='bbox 675 1727 757 1764; x_wconf 89' lang='lat' dir='ltr'>eius</span> <span class='ocrx_word' id='word_1_237' title='bbox 777 1735 832 1764; x_wconf 90' lang='lat' dir='ltr'>est</span> <span class='ocrx_word' id='word_1_238' title='bbox 851 1727 959 1776; x_wconf 92' lang='lat' dir='ltr'>quod</span> <span class='ocrx_word' id='word_1_239' title='bbox 987 1725 1134 1763; x_wconf 88' lang='lat' dir='ltr'>claritas</span> <span class='ocrx_word' id='word_1_240' title='bbox 1163 1725 1245 1762; x_wconf 90' lang='lat' dir='ltr'>eius</span> <span class='ocrx_word' id='word_1_241' title='bbox 1273 1724 1450 1762; x_wconf 87' lang='lat' dir='ltr'>videatur</span> <span class='ocrx_word' id='word_1_242' title='bbox 1467 1726 1530 1762; x_wconf 90' lang='lat' dir='ltr'>vel</span> 
     </span>
     <span class='ocr_line' id='line_1_45' title="bbox 463 1777 1529 1828; baseline -0.004 -10"><span class='ocrx_word' id='word_1_243' title='bbox 463 1793 543 1818; x_wconf 92' lang='lat' dir='ltr'>non</span> <span class='ocrx_word' id='word_1_244' title='bbox 575 1780 762 1817; x_wconf 89' lang='lat' dir='ltr'>videatur.</span> <span class='ocrx_word' id='word_1_245' title='bbox 801 1780 914 1817; x_wconf 90' lang='lat' dir='ltr'>Unde</span> <span class='ocrx_word' id='word_1_246' title='bbox 952 1786 1078 1828; x_wconf 91' lang='lat' dir='ltr'>potest</span> <span class='ocrx_word' id='word_1_247' title='bbox 1111 1778 1151 1815; x_wconf 93' lang='lat' dir='ltr'>in</span> <span class='ocrx_word' id='word_1_248' title='bbox 1187 1790 1258 1815; x_wconf 91' lang='lat' dir='ltr'>suo</span> <span class='ocrx_word' id='word_1_249' title='bbox 1291 1779 1420 1814; x_wconf 89' lang='lat' dir='ltr'>colore</span> <span class='ocrx_word' id='word_1_250' title='bbox 1448 1777 1529 1815; x_wconf 89' lang='lat' dir='ltr'>sine</span> 
     </span>
    </p>

    <p class='ocr_par' dir='ltr' id='par_1_12' title="bbox 463 1830 1530 1935">
     <span class='ocr_line' id='line_1_46' title="bbox 463 1830 1530 1882; baseline -0.004 -10.908"><span class='ocrx_word' id='word_1_251' title='bbox 463 1833 591 1882; x_wconf 87' lang='lat' dir='ltr'>aliqua</span> <span class='ocrx_word' id='word_1_252' title='bbox 627 1833 791 1870; x_wconf 89' lang='lat' dir='ltr'>claritate</span> <span class='ocrx_word' id='word_1_253' title='bbox 829 1832 962 1869; x_wconf 91' lang='lat' dir='ltr'>videri.</span> <span class='ocrx_word' id='word_1_254' title='bbox 1002 1833 1050 1868; x_wconf 90' lang='lat' dir='ltr'>Et</span> <span class='ocrx_word' id='word_1_255' title='bbox 1083 1833 1160 1868; x_wconf 89' lang='lat' dir='ltr'>hoc</span> <span class='ocrx_word' id='word_1_256' title='bbox 1196 1831 1317 1868; x_wconf 93' lang='lat' dir='ltr'>modo</span> <span class='ocrx_word' id='word_1_257' title='bbox 1355 1830 1530 1868; x_wconf 84' lang='lat' dir='ltr'>Christus</span> 
     </span>
     <span class='ocr_line' id='line_1_47' title="bbox 464 1883 1474 1935; baseline -0.003 -13"><span class='ocrx_word' id='word_1_258' title='bbox 464 1885 658 1935; x_wconf 88' lang='lat' dir='ltr'>discipulis</span> <span class='ocrx_word' id='word_1_259' title='bbox 686 1893 774 1934; x_wconf 91' lang='lat' dir='ltr'>post</span> <span class='ocrx_word' id='word_1_260' title='bbox 801 1884 1121 1922; x_wconf 89' lang='lat' dir='ltr'>resurrectionem</span> <span class='ocrx_word' id='word_1_261' title='bbox 1147 1895 1259 1920; x_wconf 88' lang='lat' dir='ltr'>suam</span> <span class='ocrx_word' id='word_1_262' title='bbox 1287 1883 1474 1932; x_wconf 87' lang='lat' dir='ltr'>apparuit.</span> 
     </span>
    </p>

    <p class='ocr_par' dir='ltr' id='par_1_13' title="bbox 465 1934 1532 2251">
     <span class='ocr_line' id='line_1_48' title="bbox 517 1934 1530 1985; baseline -0.003 -10"><span class='ocrx_word' id='word_1_263' title='bbox 517 1939 574 1975; x_wconf 75' lang='lat' dir='ltr'>Ao</span> <span class='ocrx_word' id='word_1_264' title='bbox 612 1950 801 1975; x_wconf 76' lang='lat' dir='ltr'>SECUNDUM</span> <span class='ocrx_word' id='word_1_265' title='bbox 836 1949 1017 1974; x_wconf 62' lang='lat' dir='ltr'>monimum</span> <span class='ocrx_word' id='word_1_266' title='bbox 1053 1936 1160 1985; x_wconf 92' lang='lat' dir='ltr'>quod</span> <span class='ocrx_word' id='word_1_267' title='bbox 1197 1947 1338 1985; x_wconf 90' lang='lat' dir='ltr'>corpus</span> <span class='ocrx_word' id='word_1_268' title='bbox 1373 1934 1530 1984; x_wconf 90' lang='lat' dir='ltr'>aliquod</span> 
     </span>
     <span class='ocr_line' id='line_1_49' title="bbox 465 1987 1530 2039; baseline -0.004 -11"><span class='ocrx_word' id='word_1_269' title='bbox 465 1990 603 2028; x_wconf 90' lang='lat' dir='ltr'>dicitur</span> <span class='ocrx_word' id='word_1_270' title='bbox 639 2003 720 2028; x_wconf 91' lang='lat' dir='ltr'>esse</span> <span class='ocrx_word' id='word_1_271' title='bbox 748 1990 959 2039; x_wconf 88' lang='lat' dir='ltr'>palpabile,</span> <span class='ocrx_word' id='word_1_272' title='bbox 989 2001 1070 2026; x_wconf 91' lang='lat' dir='ltr'>non</span> <span class='ocrx_word' id='word_1_273' title='bbox 1098 1990 1225 2026; x_wconf 90' lang='lat' dir='ltr'>solum</span> <span class='ocrx_word' id='word_1_274' title='bbox 1262 1988 1408 2026; x_wconf 89' lang='lat' dir='ltr'>ratione</span> <span class='ocrx_word' id='word_1_275' title='bbox 1441 1987 1530 2025; x_wconf 88' lang='lat' dir='ltr'>resi-</span> 
     </span>
     <span class='ocr_line' id='line_1_50' title="bbox 465 2041 1530 2091; baseline -0.003 -11"><span class='ocrx_word' id='word_1_276' title='bbox 465 2044 633 2091; x_wconf 87' lang='lat' dir='ltr'>stentiae,</span> <span class='ocrx_word' id='word_1_277' title='bbox 655 2044 721 2080; x_wconf 91' lang='lat' dir='ltr'>sed</span> <span class='ocrx_word' id='word_1_278' title='bbox 742 2043 886 2080; x_wconf 88' lang='lat' dir='ltr'>ratione</span> <span class='ocrx_word' id='word_1_279' title='bbox 913 2041 1167 2091; x_wconf 89' lang='lat' dir='ltr'>spissitudinis</span> <span class='ocrx_word' id='word_1_280' title='bbox 1186 2053 1290 2078; x_wconf 90' lang='lat' dir='ltr'>suae.</span> <span class='ocrx_word' id='word_1_281' title='bbox 1320 2041 1382 2078; x_wconf 91' lang='lat' dir='ltr'>Ad</span> <span class='ocrx_word' id='word_1_282' title='bbox 1400 2053 1530 2078; x_wconf 86' lang='lat' dir='ltr'>rarum</span> 
     </span>
     <span class='ocr_line' id='line_1_51' title="bbox 466 2095 1531 2144; baseline -0.003 -11"><span class='ocrx_word' id='word_1_283' title='bbox 466 2104 595 2134; x_wconf 88' lang='lat' dir='ltr'>autem</span> <span class='ocrx_word' id='word_1_284' title='bbox 624 2104 660 2133; x_wconf 91' lang='lat' dir='ltr'>et</span> <span class='ocrx_word' id='word_1_285' title='bbox 688 2095 855 2144; x_wconf 92' lang='lat' dir='ltr'>spissum</span> <span class='ocrx_word' id='word_1_286' title='bbox 883 2102 1098 2144; x_wconf 85' lang='lat' dir='ltr'>sequuntur</span> <span class='ocrx_word' id='word_1_287' title='bbox 1131 2106 1246 2142; x_wconf 84' lang='lat' dir='ltr'>grave</span> <span class='ocrx_word' id='word_1_288' title='bbox 1275 2101 1311 2130; x_wconf 91' lang='lat' dir='ltr'>et</span> <span class='ocrx_word' id='word_1_289' title='bbox 1339 2095 1441 2140; x_wconf 92' lang='lat' dir='ltr'>leve,</span> <span class='ocrx_word' id='word_1_290' title='bbox 1471 2106 1531 2130; x_wconf 91' lang='lat' dir='ltr'>ca-</span> 
     </span>
     <span class='ocr_line' id='line_1_52' title="bbox 466 2146 1530 2196; baseline -0.002 -11"><span class='ocrx_word' id='word_1_291' title='bbox 466 2149 587 2186; x_wconf 91' lang='lat' dir='ltr'>lidum</span> <span class='ocrx_word' id='word_1_292' title='bbox 616 2157 652 2186; x_wconf 89' lang='lat' dir='ltr'>et</span> <span class='ocrx_word' id='word_1_293' title='bbox 678 2148 878 2196; x_wconf 85' lang='lat' dir='ltr'>frigidum,</span> <span class='ocrx_word' id='word_1_294' title='bbox 909 2155 945 2184; x_wconf 88' lang='lat' dir='ltr'>et</span> <span class='ocrx_word' id='word_1_295' title='bbox 972 2147 1045 2184; x_wconf 92' lang='lat' dir='ltr'>alia</span> <span class='ocrx_word' id='word_1_296' title='bbox 1072 2146 1297 2184; x_wconf 91' lang='lat' dir='ltr'>huiusmodi</span> <span class='ocrx_word' id='word_1_297' title='bbox 1331 2146 1530 2190; x_wconf 88' lang='lat' dir='ltr'>contraria,</span> 
     </span>
     <span class='ocr_line' id='line_1_53' title="bbox 465 2199 1532 2251; baseline -0.004 -12"><span class='ocrx_word' id='word_1_298' title='bbox 465 2214 565 2251; x_wconf 87' lang='lat' dir='ltr'>quae</span> <span class='ocrx_word' id='word_1_299' title='bbox 595 2209 683 2238; x_wconf 91' lang='lat' dir='ltr'>sunt</span> <span class='ocrx_word' id='word_1_300' title='bbox 710 2201 897 2250; x_wconf 90' lang='lat' dir='ltr'>principia</span> <span class='ocrx_word' id='word_1_301' title='bbox 925 2199 1183 2250; x_wconf 88' lang='lat' dir='ltr'>corruptionis</span> <span class='ocrx_word' id='word_1_302' title='bbox 1211 2211 1423 2249; x_wconf 85' lang='lat' dir='ltr'>corporum</span> <span class='ocrx_word' id='word_1_303' title='bbox 1457 2201 1532 2236; x_wconf 90' lang='lat' dir='ltr'>ele-</span> 
     </span>
    </p>
   </div>
   <div class='ocr_carea' id='block_1_10' title="bbox 465 2329 1532 2436">
    <p class='ocr_par' dir='ltr' id='par_1_14' title="bbox 465 2329 1532 2436">
     <span class='ocr_line' id='line_1_54' title="bbox 517 2329 1532 2366; baseline -0.001 -10"><span class='ocrx_word' id='word_1_304' title='bbox 517 2331 542 2366; x_wconf 83' lang='grc' dir='ltr'>δ)</span> <span class='ocrx_word' id='word_1_305' title='bbox 557 2333 716 2366; x_wconf 83' lang='lat' dir='ltr'>perfectam.</span> <span class='ocrx_word' id='word_1_306' title='bbox 733 2346 752 2350; x_wconf 90' lang='lat'>—</span> <span class='ocrx_word' id='word_1_307' title='bbox 766 2333 889 2365; x_wconf 85' lang='lat' dir='ltr'>perfecta</span> <span class='ocrx_word' id='word_1_308' title='bbox 902 2330 1089 2365; x_wconf 80' lang='lat' dir='ltr'>ABC(DE?);</span> <span class='ocrx_word' id='word_1_309' title='bbox 1108 2331 1128 2356; x_wconf 87' lang='lat' dir='ltr'>F</span> <span class='ocrx_word' id='word_1_310' title='bbox 1142 2331 1216 2363; x_wconf 79' lang='lat' dir='ltr'>legit:</span> <span class='ocrx_word' id='word_1_311' title='bbox 1231 2331 1354 2365; x_wconf 79' lang='lat' dir='ltr'>Per-secta</span> <span class='ocrx_word' id='word_1_312' title='bbox 1367 2329 1419 2364; x_wconf 80' lang='lat' dir='ltr'>(est</span> <span class='ocrx_word' id='word_1_313' title='bbox 1436 2338 1532 2363; x_wconf 85' lang='lat' dir='ltr'>expun-</span> 
     </span>
     <span class='ocr_line' id='line_1_55' title="bbox 465 2366 1532 2401; baseline -0.002 -8"><span class='ocrx_word' id='word_1_314' title='bbox 465 2368 542 2401; x_wconf 85' lang='lat' dir='ltr'>gitur)</span> <span class='ocrx_word' id='word_1_315' title='bbox 555 2372 644 2393; x_wconf 83' lang='lat' dir='ltr'>autem</span> <span class='ocrx_word' id='word_1_316' title='bbox 658 2367 856 2399; x_wconf 78' lang='lat' dir='ltr'>dispensatione</span> <span class='ocrx_word' id='word_1_317' title='bbox 866 2368 974 2400; x_wconf 84' lang='lat' dir='ltr'>sactum</span> <span class='ocrx_word' id='word_1_318' title='bbox 987 2367 1046 2401; x_wconf 81' lang='lat' dir='ltr'>suit</span> <span class='ocrx_word' id='word_1_319' title='bbox 1058 2367 1134 2396; x_wconf 79' lang='lat' dir='ltr'>sicut,</span> <span class='ocrx_word' id='word_1_320' title='bbox 1148 2366 1274 2399; x_wconf 82' lang='lat' dir='ltr'>scriptore</span> <span class='ocrx_word' id='word_1_321' title='bbox 1288 2367 1353 2391; x_wconf 80' lang='lat' dir='ltr'>inter</span> <span class='ocrx_word' id='word_1_322' title='bbox 1366 2366 1532 2391; x_wconf 80' lang='lat' dir='ltr'>scribendum</span> 
     </span>
     <span class='ocr_line' id='line_1_56' title="bbox 466 2403 904 2436; baseline 0 -8"><span class='ocrx_word' id='word_1_323' title='bbox 466 2409 638 2428; x_wconf 85' lang='lat' dir='ltr'>correctorem</span> <span class='ocrx_word' id='word_1_324' title='bbox 661 2408 761 2436; x_wconf 82' lang='lat' dir='ltr'>agente,</span> <span class='ocrx_word' id='word_1_325' title='bbox 781 2408 809 2427; x_wconf 93' lang='lat' dir='ltr'>ut</span> <span class='ocrx_word' id='word_1_326' title='bbox 827 2403 904 2428; x_wconf 89' lang='lat' dir='ltr'>solet.</span> 
     </span>
    </p>
   </div>
   <div class='ocr_carea' id='block_1_11' title="bbox 1157 276 1935 325">
    <p class='ocr_par' dir='ltr' id='par_1_15' title="bbox 1157 276 1935 325">
     <span class='ocr_line' id='line_1_57' title="bbox 1157 276 1935 325; baseline -0.003 -10"><span class='ocrx_word' id='word_1_327' title='bbox 1157 278 1420 325; x_wconf 86' lang='lat' dir='ltr'>QUAESTIO</span> <span class='ocrx_word' id='word_1_328' title='bbox 1449 278 1552 324; x_wconf 92' lang='lat' dir='ltr'>LIV,</span> <span class='ocrx_word' id='word_1_329' title='bbox 1581 276 1876 315; x_wconf 85' lang='lat' dir='ltr'>ARTICULUS</span> <span class='ocrx_word' id='word_1_330' title='bbox 1903 277 1935 313; x_wconf 90' lang='lat'>11</span> 
     </span>
    </p>
   </div>
   <div class='ocr_carea' id='block_1_12' title="bbox 1573 353 2783 416">
    <p class='ocr_par' dir='ltr' id='par_1_16' title="bbox 1573 353 2783 416">
     <span class='ocr_line' id='line_1_58' title="bbox 1573 353 2783 416; baseline 0.004 -25"><span class='ocrx_word' id='word_1_331' title='bbox 1573 353 1807 392; x_wconf 88' lang='lat' dir='ltr'>mentarium</span> <span class='ocrx_word' id='word_1_332' title='bbox 1820 354 1852 391; x_wconf 69' lang='lat'>⁵¹⁸.</span> <span class='ocrx_word' id='word_1_333' title='bbox 1881 354 1994 392; x_wconf 89' lang='lat' dir='ltr'>Unde</span> <span class='ocrx_word' id='word_1_334' title='bbox 2027 365 2170 403; x_wconf 88' lang='lat' dir='ltr'>corpus</span> <span class='ocrx_word' id='word_1_335' title='bbox 2197 354 2304 403; x_wconf 89' lang='lat' dir='ltr'>quod</span> <span class='ocrx_word' id='word_1_336' title='bbox 2333 361 2389 390; x_wconf 89' lang='lat' dir='ltr'>est</span> <span class='ocrx_word' id='word_1_337' title='bbox 2415 353 2609 403; x_wconf 79' lang='lat' dir='ltr'>palpabile</span> <span class='ocrx_word' id='word_1_338' title='bbox 2625 359 2638 377; x_wconf 78' lang='lat'>⁸</span> <span class='ocrx_word' id='word_1_339' title='bbox 2665 359 2783 416; x_wconf 47' lang='lat' dir='ltr'>{aff-50</span> 
     </span>
    </p>
   </div>
   <div class='ocr_carea' id='block_1_13' title="bbox 1574 406 2780 461">
    <p class='ocr_par' dir='ltr' id='par_1_17' title="bbox 1574 406 2780 461">
     <span class='ocr_line' id='line_1_59' title="bbox 1574 406 2780 461; baseline 0.002 -18"><span class='ocrx_word' id='word_1_340' title='bbox 1574 407 1749 444; x_wconf 89' lang='lat' dir='ltr'>humano</span> <span class='ocrx_word' id='word_1_341' title='bbox 1773 414 1888 453; x_wconf 85' lang='lat' dir='ltr'>tactu,</span> <span class='ocrx_word' id='word_1_342' title='bbox 1907 414 1963 444; x_wconf 89' lang='lat' dir='ltr'>est</span> <span class='ocrx_word' id='word_1_343' title='bbox 1981 406 2200 444; x_wconf 88' lang='lat' dir='ltr'>naturaliter</span> <span class='ocrx_word' id='word_1_344' title='bbox 2226 406 2482 455; x_wconf 86' lang='lat' dir='ltr'>corruptibile.</span> <span class='ocrx_word' id='word_1_345' title='bbox 2512 406 2555 445; x_wconf 84' lang='lat' dir='ltr'>Si</span> <span class='ocrx_word' id='word_1_346' title='bbox 2566 418 2638 445; x_wconf 70' lang='lat' dir='ltr'>au-</span> <span class='ocrx_word' id='word_1_347' title='bbox 2666 418 2755 461; x_wconf 55' lang='lat' dir='ltr'>35¹?st</span> <span class='ocrx_word' id='word_1_348' title='bbox 2762 424 2780 448; x_wconf 65' lang='lat' dir='ltr'>i</span> 
     </span>
    </p>
   </div>
   <div class='ocr_carea' id='block_1_14' title="bbox 1574 458 2687 982">
    <p class='ocr_par' dir='ltr' id='par_1_18' title="bbox 1574 458 2687 982">
     <span class='ocr_line' id='line_1_60' title="bbox 1574 458 2640 508; baseline 0.001 -12"><span class='ocrx_word' id='word_1_349' title='bbox 1574 467 1653 496; x_wconf 86' lang='lat' dir='ltr'>tem</span> <span class='ocrx_word' id='word_1_350' title='bbox 1670 458 1719 496; x_wconf 89' lang='lat' dir='ltr'>sit</span> <span class='ocrx_word' id='word_1_351' title='bbox 1738 459 1896 508; x_wconf 86' lang='lat' dir='ltr'>aliquod</span> <span class='ocrx_word' id='word_1_352' title='bbox 1914 471 2057 508; x_wconf 91' lang='lat' dir='ltr'>corpus</span> <span class='ocrx_word' id='word_1_353' title='bbox 2085 458 2261 496; x_wconf 89' lang='lat' dir='ltr'>resistens</span> <span class='ocrx_word' id='word_1_354' title='bbox 2280 459 2396 496; x_wconf 80' lang='lat' dir='ltr'>tactui</span> <span class='ocrx_word' id='word_1_355' title='bbox 2424 459 2532 508; x_wconf 91' lang='lat' dir='ltr'>quod</span> <span class='ocrx_word' id='word_1_356' title='bbox 2558 470 2640 502; x_wconf 83' lang='lat' dir='ltr'>non</span> 
     </span>
     <span class='ocr_line' id='line_1_61' title="bbox 1575 511 2638 561; baseline 0.001 -13"><span class='ocrx_word' id='word_1_357' title='bbox 1575 511 1621 548; x_wconf 87' lang='lat' dir='ltr'>sit</span> <span class='ocrx_word' id='word_1_358' title='bbox 1652 511 1883 560; x_wconf 89' lang='lat' dir='ltr'>dispositum</span> <span class='ocrx_word' id='word_1_359' title='bbox 1919 511 2137 549; x_wconf 88' lang='lat' dir='ltr'>secundum</span> <span class='ocrx_word' id='word_1_360' title='bbox 2173 511 2387 561; x_wconf 78' lang='lat' dir='ltr'>praedictas</span> <span class='ocrx_word' id='word_1_361' title='bbox 2423 511 2638 560; x_wconf 76' lang='lat' dir='ltr'>qualitates,</span> 
     </span>
     <span class='ocr_line' id='line_1_62' title="bbox 1576 563 2642 613; baseline 0 -12"><span class='ocrx_word' id='word_1_362' title='bbox 1576 575 1676 613; x_wconf 83' lang='lat' dir='ltr'>quae</span> <span class='ocrx_word' id='word_1_363' title='bbox 1705 572 1794 601; x_wconf 90' lang='lat' dir='ltr'>sunt</span> <span class='ocrx_word' id='word_1_364' title='bbox 1820 563 1978 613; x_wconf 86' lang='lat' dir='ltr'>propria</span> <span class='ocrx_word' id='word_1_365' title='bbox 2005 563 2155 601; x_wconf 86' lang='lat' dir='ltr'>obiecta</span> <span class='ocrx_word' id='word_1_366' title='bbox 2181 570 2303 602; x_wconf 79' lang='lat' dir='ltr'>tactus</span> <span class='ocrx_word' id='word_1_367' title='bbox 2330 563 2515 610; x_wconf 71' lang='lat' dir='ltr'>humani,</span> <span class='ocrx_word' id='word_1_368' title='bbox 2544 564 2642 603; x_wconf 84' lang='lat' dir='ltr'>sicut</span> 
     </span>
     <span class='ocr_line' id='line_1_63' title="bbox 1577 616 2642 666; baseline 0.001 -13"><span class='ocrx_word' id='word_1_369' title='bbox 1577 624 1632 653; x_wconf 92' lang='lat' dir='ltr'>est</span> <span class='ocrx_word' id='word_1_370' title='bbox 1659 628 1800 666; x_wconf 90' lang='lat' dir='ltr'>corpus</span> <span class='ocrx_word' id='word_1_371' title='bbox 1829 617 2008 664; x_wconf 86' lang='lat' dir='ltr'>caeleste,</span> <span class='ocrx_word' id='word_1_372' title='bbox 2036 617 2108 654; x_wconf 87' lang='lat' dir='ltr'>tale</span> <span class='ocrx_word' id='word_1_373' title='bbox 2137 628 2279 666; x_wconf 87' lang='lat' dir='ltr'>corpus</span> <span class='ocrx_word' id='word_1_374' title='bbox 2306 628 2387 654; x_wconf 88' lang='lat' dir='ltr'>non</span> <span class='ocrx_word' id='word_1_375' title='bbox 2414 624 2539 666; x_wconf 90' lang='lat' dir='ltr'>potest</span> <span class='ocrx_word' id='word_1_376' title='bbox 2565 616 2642 655; x_wconf 89' lang='lat' dir='ltr'>dici</span> 
     </span>
     <span class='ocr_line' id='line_1_64' title="bbox 1576 669 2641 719; baseline 0 -13"><span class='ocrx_word' id='word_1_377' title='bbox 1576 669 1778 719; x_wconf 84' lang='lat' dir='ltr'>palpabile.</span> <span class='ocrx_word' id='word_1_378' title='bbox 1818 669 1970 718; x_wconf 89' lang='lat' dir='ltr'>Corpus</span> <span class='ocrx_word' id='word_1_379' title='bbox 2004 676 2135 706; x_wconf 88' lang='lat' dir='ltr'>autem</span> <span class='ocrx_word' id='word_1_380' title='bbox 2170 669 2310 707; x_wconf 87' lang='lat' dir='ltr'>Christi</span> <span class='ocrx_word' id='word_1_381' title='bbox 2343 681 2435 707; x_wconf 84' lang='lat' dir='ltr'>vere</span> <span class='ocrx_word' id='word_1_382' title='bbox 2470 677 2557 719; x_wconf 92' lang='lat' dir='ltr'>post</span> <span class='ocrx_word' id='word_1_383' title='bbox 2582 680 2641 707; x_wconf 86' lang='lat' dir='ltr'>re-</span> 
     </span>
     <span class='ocr_line' id='line_1_65' title="bbox 1577 721 2641 771; baseline 0.002 -13"><span class='ocrx_word' id='word_1_384' title='bbox 1577 722 1854 759; x_wconf 86' lang='lat' dir='ltr'>surrectionem</span> <span class='ocrx_word' id='word_1_385' title='bbox 1880 721 1950 759; x_wconf 83' lang='lat' dir='ltr'>fuit</span> <span class='ocrx_word' id='word_1_386' title='bbox 1977 733 2024 758; x_wconf 86' lang='lat' dir='ltr'>ex</span> <span class='ocrx_word' id='word_1_387' title='bbox 2051 721 2249 759; x_wconf 86' lang='lat' dir='ltr'>elementis</span> <span class='ocrx_word' id='word_1_388' title='bbox 2276 721 2549 771; x_wconf 86' lang='lat' dir='ltr'>compositum,</span> <span class='ocrx_word' id='word_1_389' title='bbox 2576 723 2641 761; x_wconf 79' lang='lat' dir='ltr'>ha·</span> 
     </span>
     <span class='ocr_line' id='line_1_66' title="bbox 1577 773 2642 824; baseline 0 -12"><span class='ocrx_word' id='word_1_390' title='bbox 1577 775 1673 812; x_wconf 91' lang='lat' dir='ltr'>bens</span> <span class='ocrx_word' id='word_1_391' title='bbox 1701 774 1741 811; x_wconf 89' lang='lat' dir='ltr'>in</span> <span class='ocrx_word' id='word_1_392' title='bbox 1769 773 2034 823; x_wconf 76' lang='lat' dir='ltr'>se.tangibiles</span> <span class='ocrx_word' id='word_1_393' title='bbox 2057 774 2268 823; x_wconf 83' lang='lat' dir='ltr'>qualitates,</span> <span class='ocrx_word' id='word_1_394' title='bbox 2288 775 2506 813; x_wconf 82' lang='lat' dir='ltr'>secundum</span> <span class='ocrx_word' id='word_1_395' title='bbox 2532 774 2642 824; x_wconf 88' lang='lat' dir='ltr'>quod</span> 
     </span>
     <span class='ocr_line' id='line_1_67' title="bbox 1578 826 2643 877; baseline 0.002 -13"><span class='ocrx_word' id='word_1_396' title='bbox 1578 827 1736 876; x_wconf 87' lang='lat' dir='ltr'>requirit</span> <span class='ocrx_word' id='word_1_397' title='bbox 1762 834 1901 864; x_wconf 87' lang='lat' dir='ltr'>natura</span> <span class='ocrx_word' id='word_1_398' title='bbox 1931 827 2103 877; x_wconf 89' lang='lat' dir='ltr'>corporis</span> <span class='ocrx_word' id='word_1_399' title='bbox 2130 826 2313 864; x_wconf 84' lang='lat' dir='ltr'>humani:</span> <span class='ocrx_word' id='word_1_400' title='bbox 2353 835 2390 864; x_wconf 91' lang='lat' dir='ltr'>et</span> <span class='ocrx_word' id='word_1_401' title='bbox 2417 826 2505 865; x_wconf 89' lang='lat' dir='ltr'>ideo</span> <span class='ocrx_word' id='word_1_402' title='bbox 2533 835 2643 866; x_wconf 83' lang='lat' dir='ltr'>natu-</span> 
     </span>
     <span class='ocr_line' id='line_1_68' title="bbox 1579 879 2644 932; baseline 0.002 -15"><span class='ocrx_word' id='word_1_403' title='bbox 1579 880 1704 917; x_wconf 89' lang='lat' dir='ltr'>raliter</span> <span class='ocrx_word' id='word_1_404' title='bbox 1731 887 1811 917; x_wconf 89' lang='lat' dir='ltr'>erat</span> <span class='ocrx_word' id='word_1_405' title='bbox 1837 879 2038 928; x_wconf 87' lang='lat' dir='ltr'>palpabile.</span> <span class='ocrx_word' id='word_1_406' title='bbox 2068 880 2117 918; x_wconf 85' lang='lat' dir='ltr'>Et</span> <span class='ocrx_word' id='word_1_407' title='bbox 2143 879 2175 916; x_wconf 90' lang='lat' dir='ltr'>si</span> <span class='ocrx_word' id='word_1_408' title='bbox 2202 879 2298 917; x_wconf 90' lang='lat' dir='ltr'>nihil</span> <span class='ocrx_word' id='word_1_409' title='bbox 2324 879 2430 918; x_wconf 82' lang='lat' dir='ltr'>aliud</span> <span class='ocrx_word' id='word_1_410' title='bbox 2447 880 2644 932; x_wconf 70' lang='lat' dir='ltr'>habuisset</span> 
     </span>
     <span class='ocr_line' id='line_1_69' title="bbox 1580 932 2687 982; baseline 0.002 -13"><span class='ocrx_word' id='word_1_411' title='bbox 1580 944 1697 982; x_wconf 85' lang='lat' dir='ltr'>supra</span> <span class='ocrx_word' id='word_1_412' title='bbox 1733 932 1905 981; x_wconf 88' lang='lat' dir='ltr'>corporis</span> <span class='ocrx_word' id='word_1_413' title='bbox 1942 932 2106 970; x_wconf 90' lang='lat' dir='ltr'>humani</span> <span class='ocrx_word' id='word_1_414' title='bbox 2136 940 2335 979; x_wconf 87' lang='lat' dir='ltr'>naturam,</span> <span class='ocrx_word' id='word_1_415' title='bbox 2363 932 2494 971; x_wconf 79' lang='lat' dir='ltr'>suisset</span> <span class='ocrx_word' id='word_1_416' title='bbox 2527 932 2644 972; x_wconf 76' lang='lat' dir='ltr'>etiam</span> <span class='ocrx_word' id='word_1_417' title='bbox 2686 945 2687 949; x_wconf 52' lang='lat'>¹</span> 
     </span>
    </p>
   </div>
   <div class='ocr_carea' id='block_1_15' title="bbox 1580 984 2702 1035">
    <p class='ocr_par' dir='ltr' id='par_1_19' title="bbox 1580 954 2774 1035">
     <span class='ocr_line' id='line_1_70' title="bbox 1580 984 2702 1035; baseline -0.054 -13"><span class='ocrx_word' id='word_1_418' title='bbox 1580 984 1837 1034; x_wconf 90' lang='lat' dir='ltr'>corruptibile.</span> <span class='ocrx_word' id='word_1_419' title='bbox 1875 984 2020 1022; x_wconf 88' lang='lat' dir='ltr'>Habuit</span> <span class='ocrx_word' id='word_1_420' title='bbox 2051 992 2183 1023; x_wconf 86' lang='lat' dir='ltr'>autem</span> <span class='ocrx_word' id='word_1_421' title='bbox 2217 984 2362 1034; x_wconf 69' lang='lat' dir='ltr'>aliquid</span> <span class='ocrx_word' id='word_1_422' title='bbox 2395 985 2500 1030; x_wconf 79' lang='lat' dir='ltr'>aliud</span> <span class='ocrx_word' id='word_1_423' title='bbox 2536 985 2644 1035; x_wconf 66' lang='lat' dir='ltr'>quod</span> <span class='ocrx_word' id='word_1_424' title='bbox 2691 1008 2702 1016; x_wconf 27' lang='grc' dir='ltr'>ἢ</span> 
     </span>
    </p>
   </div>
   <div class='ocr_carea' id='block_1_16' title="bbox 1580 1037 2683 1246">
    <p class='ocr_par' dir='ltr' id='par_1_20' title="bbox 1580 1037 2683 1246">
     <span class='ocr_line' id='line_1_71' title="bbox 1580 1037 2644 1087; baseline 0.004 -13"><span class='ocrx_word' id='word_1_425' title='bbox 1580 1038 1710 1087; x_wconf 88' lang='lat' dir='ltr'>ipsum</span> <span class='ocrx_word' id='word_1_426' title='bbox 1737 1037 2024 1086; x_wconf 88' lang='lat' dir='ltr'>incorruptibile</span> <span class='ocrx_word' id='word_1_427' title='bbox 2051 1037 2232 1075; x_wconf 86' lang='lat' dir='ltr'>reddidit:</span> <span class='ocrx_word' id='word_1_428' title='bbox 2271 1049 2352 1075; x_wconf 86' lang='lat' dir='ltr'>non</span> <span class='ocrx_word' id='word_1_429' title='bbox 2379 1037 2540 1087; x_wconf 86' lang='lat' dir='ltr'>quidem</span> <span class='ocrx_word' id='word_1_430' title='bbox 2575 1049 2644 1079; x_wconf 68' lang='lat' dir='ltr'><em>w</em></span> 
     </span>
     <span class='ocr_line' id='line_1_72' title="bbox 1580 1090 2655 1150; baseline 0.001 -23"><span class='ocrx_word' id='word_1_431' title='bbox 1580 1098 1708 1128; x_wconf 90' lang='lat' dir='ltr'>turam</span> <span class='ocrx_word' id='word_1_432' title='bbox 1736 1090 1905 1128; x_wconf 90' lang='lat' dir='ltr'>caelestis</span> <span class='ocrx_word' id='word_1_433' title='bbox 1932 1090 2124 1150; x_wconf 80' lang='lat' dir='ltr'>corporis,</span> <span class='ocrx_word' id='word_1_434' title='bbox 2154 1098 2197 1128; x_wconf 91' lang='lat' dir='ltr'>ut</span> <span class='ocrx_word' id='word_1_435' title='bbox 2230 1090 2391 1140; x_wconf 87' lang='lat' dir='ltr'>quidam</span> <span class='ocrx_word' id='word_1_436' title='bbox 2417 1091 2567 1138; x_wconf 89' lang='lat' dir='ltr'>dicunt,</span> <span class='ocrx_word' id='word_1_437' title='bbox 2594 1090 2655 1136; x_wconf 68' lang='lat' dir='ltr'>de.</span> 
     </span>
     <span class='ocr_line' id='line_1_73' title="bbox 1581 1142 2683 1193; baseline 0.003 -13"><span class='ocrx_word' id='word_1_438' title='bbox 1581 1156 1660 1193; x_wconf 93' lang='lat' dir='ltr'>quo</span> <span class='ocrx_word' id='word_1_439' title='bbox 1698 1143 1832 1180; x_wconf 79' lang='lat' dir='ltr'>infra*</span> <span class='ocrx_word' id='word_1_440' title='bbox 1859 1142 1980 1191; x_wconf 84' lang='lat' dir='ltr'>magis</span> <span class='ocrx_word' id='word_1_441' title='bbox 2016 1143 2249 1193; x_wconf 87' lang='lat' dir='ltr'>inquiretur;</span> <span class='ocrx_word' id='word_1_442' title='bbox 2288 1143 2356 1181; x_wconf 89' lang='lat' dir='ltr'>sed</span> <span class='ocrx_word' id='word_1_443' title='bbox 2391 1143 2552 1192; x_wconf 76' lang='lat' dir='ltr'>gloriam</span> <span class='ocrx_word' id='word_1_444' title='bbox 2585 1155 2644 1183; x_wconf 79' lang='lat' dir='ltr'>re-</span> <span class='ocrx_word' id='word_1_445' title='bbox 2671 1153 2683 1165; x_wconf 84' lang='lat'><strong>·</strong></span> 
     </span>
     <span class='ocr_line' id='line_1_74' title="bbox 1580 1195 2645 1246; baseline 0.001 -13"><span class='ocrx_word' id='word_1_446' title='bbox 1580 1196 1822 1234; x_wconf 90' lang='lat' dir='ltr'>dundantem</span> <span class='ocrx_word' id='word_1_447' title='bbox 1849 1196 1898 1238; x_wconf 84' lang='lat' dir='ltr'>ab</span> <span class='ocrx_word' id='word_1_448' title='bbox 1926 1195 2057 1233; x_wconf 89' lang='lat' dir='ltr'>anima</span> <span class='ocrx_word' id='word_1_449' title='bbox 2092 1196 2221 1243; x_wconf 80' lang='lat' dir='ltr'>beata3</span> <span class='ocrx_word' id='word_1_450' title='bbox 2259 1195 2371 1246; x_wconf 90' lang='lat' dir='ltr'>quia,</span> <span class='ocrx_word' id='word_1_451' title='bbox 2399 1204 2443 1233; x_wconf 90' lang='lat' dir='ltr'>ut</span> <span class='ocrx_word' id='word_1_452' title='bbox 2467 1195 2645 1245; x_wconf 66' lang='lat' dir='ltr'>Augusti-</span> 
     </span>
    </p>
   </div>
   <div class='ocr_carea' id='block_1_17' title="bbox 1581 1235 2779 1298">
    <p class='ocr_par' dir='ltr' id='par_1_21' title="bbox 1581 1235 2779 1298">
     <span class='ocr_line' id='line_1_75' title="bbox 1581 1235 2779 1298; baseline 0.002 -12"><span class='ocrx_word' id='word_1_453' title='bbox 1581 1261 1655 1286; x_wconf 92' lang='lat' dir='ltr'>nus</span> <span class='ocrx_word' id='word_1_454' title='bbox 1683 1248 1794 1295; x_wconf 83' lang='lat' dir='ltr'>dicit,</span> <span class='ocrx_word' id='word_1_455' title='bbox 1823 1247 1902 1286; x_wconf 60' lang='lat' dir='ltr'>adt</span> <span class='ocrx_word' id='word_1_456' title='bbox 1929 1250 2154 1287; x_wconf 86' lang='lat' dir='ltr'>Dioscorum</span> <span class='ocrx_word' id='word_1_457' title='bbox 2172 1248 2214 1296; x_wconf 76' lang='lat'>³¹⁸,</span> <span class='ocrx_word' id='word_1_458' title='bbox 2242 1255 2319 1286; x_wconf 91' lang='lat' dir='ltr'>tam</span> <span class='ocrx_word' id='word_1_459' title='bbox 2339 1251 2484 1298; x_wconf 83' lang='lat' dir='ltr'>potenti</span> <span class='ocrx_word' id='word_1_460' title='bbox 2509 1255 2645 1288; x_wconf 69' lang='lat' dir='ltr'>namra</span> <span class='ocrx_word' id='word_1_461' title='bbox 2694 1245 2702 1278; x_wconf 64' lang='grc' dir='ltr'><strong>ῗ</strong></span> <span class='ocrx_word' id='word_1_462' title='bbox 2758 1235 2779 1257; x_wconf 77' lang='grc' dir='ltr'>“ </span> 
     </span>
    </p>
   </div>
   <div class='ocr_carea' id='block_1_18' title="bbox 1580 1302 2684 1776">
    <p class='ocr_par' dir='ltr' id='par_1_22' title="bbox 1580 1297 2699 1564">
     <span class='ocr_line' id='line_1_76' title="bbox 1580 1302 2645 1352; baseline 0.001 -13"><span class='ocrx_word' id='word_1_463' title='bbox 1580 1303 1682 1340; x_wconf 87' lang='lat' dir='ltr'>Deus</span> <span class='ocrx_word' id='word_1_464' title='bbox 1698 1302 1795 1350; x_wconf 86' lang='lat' dir='ltr'>fecit</span> <span class='ocrx_word' id='word_1_465' title='bbox 1821 1302 1990 1339; x_wconf 87' lang='lat' dir='ltr'>animam</span> <span class='ocrx_word' id='word_1_466' title='bbox 2018 1307 2057 1339; x_wconf 90' lang='lat' dir='ltr'>ut</span> <span class='ocrx_word' id='word_1_467' title='bbox 2082 1314 2133 1340; x_wconf 88' lang='lat' dir='ltr'>ex</span> <span class='ocrx_word' id='word_1_468' title='bbox 2158 1303 2236 1339; x_wconf 88' lang='lat' dir='ltr'>eius</span> <span class='ocrx_word' id='word_1_469' title='bbox 2257 1302 2476 1352; x_wconf 83' lang='lat' dir='ltr'>plenissima</span> <span class='ocrx_word' id='word_1_470' title='bbox 2493 1303 2645 1345; x_wconf 63' lang='lat' dir='ltr'>beantu-</span> 
     </span>
     <span class='ocr_line' id='line_1_77' title="bbox 1581 1355 2646 1414; baseline 0.002 -23"><span class='ocrx_word' id='word_1_471' title='bbox 1581 1356 1666 1392; x_wconf 88' lang='lat' dir='ltr'>dine</span> <span class='ocrx_word' id='word_1_472' title='bbox 1685 1355 1862 1392; x_wconf 83' lang='lat' dir='ltr'>redundet</span> <span class='ocrx_word' id='word_1_473' title='bbox 1880 1356 1916 1391; x_wconf 86' lang='lat' dir='ltr'>in</span> <span class='ocrx_word' id='word_1_474' title='bbox 1937 1367 2071 1404; x_wconf 87' lang='lat' dir='ltr'>corpus</span> <span class='ocrx_word' id='word_1_475' title='bbox 2083 1355 2275 1414; x_wconf 83' lang='lat' dir='ltr'>plenitudo</span> <span class='ocrx_word' id='word_1_476' title='bbox 2293 1356 2468 1402; x_wconf 87' lang='lat' dir='ltr'>sanitatis,</span> <span class='ocrx_word' id='word_1_477' title='bbox 2484 1355 2573 1393; x_wconf 82' lang='lat' dir='ltr'>idest</span> <span class='ocrx_word' id='word_1_478' title='bbox 2590 1357 2646 1393; x_wconf 83' lang='lat' dir='ltr'>in-</span> 
     </span>
     <span class='ocr_line' id='line_1_78' title="bbox 1581 1406 2644 1458; baseline 0.002 -13"><span class='ocrx_word' id='word_1_479' title='bbox 1581 1409 1828 1457; x_wconf 80' lang='lat' dir='ltr'>corruptionis</span> <span class='ocrx_word' id='word_1_480' title='bbox 1845 1409 1967 1458; x_wconf 76' lang='lat' dir='ltr'>vigor.</span> <span class='ocrx_word' id='word_1_481' title='bbox 1997 1408 2045 1445; x_wconf 91' lang='lat' dir='ltr'>Et</span> <span class='ocrx_word' id='word_1_482' title='bbox 2063 1407 2164 1455; x_wconf 90' lang='lat' dir='ltr'>ideo,</span> <span class='ocrx_word' id='word_1_483' title='bbox 2185 1407 2282 1445; x_wconf 88' lang='lat' dir='ltr'>sicut</span> <span class='ocrx_word' id='word_1_484' title='bbox 2308 1407 2398 1446; x_wconf 92' lang='lat' dir='ltr'>dicit</span> <span class='ocrx_word' id='word_1_485' title='bbox 2425 1406 2644 1457; x_wconf 81' lang='lat' dir='ltr'>Gregon‘us‚</span> 
     </span>
     <span class='ocr_line' id='line_1_79' title="bbox 1581 1459 2684 1511; baseline 0.002 -14"><span class='ocrx_word' id='word_1_486' title='bbox 1581 1461 1726 1498; x_wconf 90' lang='lat' dir='ltr'>ibidem</span> <span class='ocrx_word' id='word_1_487' title='bbox 1739 1459 1771 1506; x_wconf 75' lang='lat'>³¹⁸,</span> <span class='ocrx_word' id='word_1_488' title='bbox 1787 1461 1988 1497; x_wconf 84' lang='lat' dir='ltr'>ostenditur</span> <span class='ocrx_word' id='word_1_489' title='bbox 2004 1473 2139 1510; x_wconf 88' lang='lat' dir='ltr'>corpus</span> <span class='ocrx_word' id='word_1_490' title='bbox 2161 1462 2297 1498; x_wconf 78' lang='lat' dir='ltr'>Christi</span> <span class='ocrx_word' id='word_1_491' title='bbox 2307 1466 2393 1511; x_wconf 85' lang='lat' dir='ltr'>post</span> <span class='ocrx_word' id='word_1_492' title='bbox 2411 1462 2647 1499; x_wconf 73' lang='lat' dir='ltr'>resumetio-</span> <span class='ocrx_word' id='word_1_493' title='bbox 2674 1469 2684 1482; x_wconf 90' lang='lat'><em>·</em></span> 
     </span>
     <span class='ocr_line' id='line_1_80' title="bbox 1582 1513 2644 1564; baseline 0.002 -14"><span class='ocrx_word' id='word_1_494' title='bbox 1582 1526 1667 1551; x_wconf 89' lang='lat' dir='ltr'>nem</span> <span class='ocrx_word' id='word_1_495' title='bbox 1684 1514 1806 1562; x_wconf 83' lang='lat' dir='ltr'>fuisse</span> <span class='ocrx_word' id='word_1_496' title='bbox 1833 1513 1994 1550; x_wconf 90' lang='lat' dir='ltr'>eiusdem</span> <span class='ocrx_word' id='word_1_497' title='bbox 2022 1519 2196 1560; x_wconf 88' lang='lat' dir='ltr'>naturae,</span> <span class='ocrx_word' id='word_1_498' title='bbox 2224 1513 2291 1551; x_wconf 89' lang='lat' dir='ltr'>sed</span> <span class='ocrx_word' id='word_1_499' title='bbox 2315 1514 2465 1551; x_wconf 86' lang='lat' dir='ltr'>alterius</span> <span class='ocrx_word' id='word_1_500' title='bbox 2485 1513 2644 1564; x_wconf 79' lang='lat' dir='ltr'>gloriae.</span> 
     </span>
    </p>

    <p class='ocr_par' dir='ltr' id='par_1_23' title="bbox 1581 1565 2650 1776">
     <span class='ocr_line' id='line_1_81' title="bbox 1635 1565 2646 1615; baseline 0.002 -12"><span class='ocrx_word' id='word_1_501' title='bbox 1635 1567 1692 1603; x_wconf 83' lang='lat' dir='ltr'>An</span> <span class='ocrx_word' id='word_1_502' title='bbox 1719 1578 1879 1604; x_wconf 68' lang='lat' dir='ltr'>mnrium</span> <span class='ocrx_word' id='word_1_503' title='bbox 1913 1578 2094 1604; x_wconf 66' lang='lat' dir='ltr'>memnon</span> <span class='ocrx_word' id='word_1_504' title='bbox 2128 1566 2253 1615; x_wconf 86' lang='lat' dir='ltr'>quod,</span> <span class='ocrx_word' id='word_1_505' title='bbox 2282 1565 2379 1603; x_wconf 92' lang='lat' dir='ltr'>sicut</span> <span class='ocrx_word' id='word_1_506' title='bbox 2409 1566 2646 1615; x_wconf 72' lang='lat' dir='ltr'>Augustinus</span> 
     </span>
     <span class='ocr_line' id='line_1_82' title="bbox 1583 1618 2647 1669; baseline 0.003 -14"><span class='ocrx_word' id='word_1_507' title='bbox 1583 1618 1683 1663; x_wconf 82' lang='lat' dir='ltr'>dicit,</span> <span class='ocrx_word' id='word_1_508' title='bbox 1712 1620 1795 1656; x_wconf 91' lang='lat' dir='ltr'>XIII</span> <span class='ocrx_word' id='word_1_509' title='bbox 1823 1619 1868 1656; x_wconf 88' lang='lat' dir='ltr'>de</span> <span class='ocrx_word' id='word_1_510' title='bbox 1890 1620 1967 1657; x_wconf 74' lang='lat' dir='ltr'>Ciu.</span> <span class='ocrx_word' id='word_1_511' title='bbox 1987 1620 2061 1656; x_wconf 91' lang='lat' dir='ltr'>Dei</span> <span class='ocrx_word' id='word_1_512' title='bbox 2077 1619 2108 1666; x_wconf 69' lang='lat'>³¹⁶,</span> <span class='ocrx_word' id='word_1_513' title='bbox 2129 1620 2301 1658; x_wconf 80' lang='lat' dir='ltr'>Salvator</span> <span class='ocrx_word' id='word_1_514' title='bbox 2329 1625 2462 1666; x_wconf 86' lang='lat' dir='ltr'>noster,</span> <span class='ocrx_word' id='word_1_515' title='bbox 2480 1625 2566 1669; x_wconf 84' lang='lat' dir='ltr'>post</span> <span class='ocrx_word' id='word_1_516' title='bbox 2592 1631 2647 1658; x_wconf 81' lang='lat' dir='ltr'>re-</span> 
     </span>
     <span class='ocr_line' id='line_1_83' title="bbox 1581 1669 2650 1723; baseline 0.005 -15"><span class='ocrx_word' id='word_1_517' title='bbox 1581 1673 1859 1718; x_wconf 82' lang='lat' dir='ltr'>surrectionem,</span> <span class='ocrx_word' id='word_1_518' title='bbox 1885 1673 1960 1709; x_wconf 85' lang='lat' dir='ltr'>iam</span> <span class='ocrx_word' id='word_1_519' title='bbox 1988 1672 2134 1722; x_wconf 83' lang='lat' dir='ltr'>quidem</span> <span class='ocrx_word' id='word_1_520' title='bbox 2163 1673 2200 1709; x_wconf 87' lang='lat' dir='ltr'>in</span> <span class='ocrx_word' id='word_1_521' title='bbox 2228 1669 2413 1723; x_wconf 77' lang='lat' dir='ltr'>spirituali</span> <span class='ocrx_word' id='word_1_522' title='bbox 2437 1679 2565 1720; x_wconf 73' lang='lat' dir='ltr'>carne,</span> <span class='ocrx_word' id='word_1_523' title='bbox 2582 1670 2650 1714; x_wconf 63' lang='lat' dir='ltr'>sel</span> 
     </span>
     <span class='ocr_line' id='line_1_84' title="bbox 1582 1724 2647 1776; baseline 0.003 -15"><span class='ocrx_word' id='word_1_524' title='bbox 1582 1731 1706 1762; x_wconf 87' lang='lat' dir='ltr'>tamen</span> <span class='ocrx_word' id='word_1_525' title='bbox 1733 1737 1836 1772; x_wconf 80' lang='lat' dir='ltr'>vera,</span> <span class='ocrx_word' id='word_1_526' title='bbox 1856 1725 1979 1763; x_wconf 82' lang='lat' dir='ltr'>cibum</span> <span class='ocrx_word' id='word_1_527' title='bbox 2007 1737 2053 1763; x_wconf 84' lang='lat' dir='ltr'>ac</span> <span class='ocrx_word' id='word_1_528' title='bbox 2075 1731 2206 1775; x_wconf 89' lang='lat' dir='ltr'>potum</span> <span class='ocrx_word' id='word_1_529' title='bbox 2233 1737 2319 1763; x_wconf 88' lang='lat' dir='ltr'>cum</span> <span class='ocrx_word' id='word_1_530' title='bbox 2337 1724 2523 1776; x_wconf 81' lang='lat' dir='ltr'>discipulis</span> <span class='ocrx_word' id='word_1_531' title='bbox 2546 1725 2647 1769; x_wconf 73' lang='lat' dir='ltr'>sum-</span> 
     </span>
    </p>
   </div>
   <div class='ocr_carea' id='block_1_19' title="bbox 1577 1776 2840 1937">
    <p class='ocr_par' dir='ltr' id='par_1_24' title="bbox 1577 1755 2840 1934">
     <span class='ocr_line' id='line_1_85' title="bbox 1577 1776 2749 1829; baseline 0.003 -15"><span class='ocrx_word' id='word_1_532' title='bbox 1577 1779 1662 1828; x_wconf 88' lang='lat' dir='ltr'>psit,</span> <span class='ocrx_word' id='word_1_533' title='bbox 1684 1790 1758 1815; x_wconf 91' lang='lat' dir='ltr'>non</span> <span class='ocrx_word' id='word_1_534' title='bbox 1773 1776 2078 1816; x_wconf 80' lang='lat' dir='ltr'>*alimentorum</span> <span class='ocrx_word' id='word_1_535' title='bbox 2105 1778 2323 1828; x_wconf 82' lang='lat' dir='ltr'>indigentia,</span> <span class='ocrx_word' id='word_1_536' title='bbox 2341 1778 2407 1816; x_wconf 86' lang='lat' dir='ltr'>sed</span> <span class='ocrx_word' id='word_1_537' title='bbox 2422 1790 2468 1816; x_wconf 83' lang='lat' dir='ltr'>ea</span> <span class='ocrx_word' id='word_1_538' title='bbox 2484 1790 2571 1829; x_wconf 78' lang='lat' dir='ltr'>qua</span> <span class='ocrx_word' id='word_1_539' title='bbox 2569 1779 2650 1818; x_wconf 67' lang='lat' dir='ltr'>linc</span> <span class='ocrx_word' id='word_1_540' title='bbox 2674 1789 2749 1813; x_wconf 72' lang='lat' dir='ltr'>*nb</span> 
     </span>
     <span class='ocr_line' id='line_1_86' title="bbox 1577 1822 2840 1882; baseline 0.001 -15"><span class='ocrx_word' id='word_1_541' title='bbox 1577 1836 1726 1880; x_wconf 87' lang='lat' dir='ltr'>poterat</span> <span class='ocrx_word' id='word_1_542' title='bbox 1738 1836 1926 1880; x_wconf 83' lang='lat' dir='ltr'>potestate.</span> <span class='ocrx_word' id='word_1_543' title='bbox 1947 1831 1997 1868; x_wconf 92' lang='lat' dir='ltr'>Ut</span> <span class='ocrx_word' id='word_1_544' title='bbox 2016 1830 2120 1868; x_wconf 88' lang='lat' dir='ltr'>enirn</span> <span class='ocrx_word' id='word_1_545' title='bbox 2139 1831 2245 1868; x_wconf 87' lang='lat' dir='ltr'>Beda</span> <span class='ocrx_word' id='word_1_546' title='bbox 2263 1830 2364 1879; x_wconf 87' lang='lat' dir='ltr'>dicit,</span> <span class='ocrx_word' id='word_1_547' title='bbox 2382 1843 2496 1882; x_wconf 86' lang='lat' dir='ltr'>super</span> <span class='ocrx_word' id='word_1_548' title='bbox 2507 1833 2599 1870; x_wconf 70' lang='lat' dir='ltr'>Luc.</span> <span class='ocrx_word' id='word_1_549' title='bbox 2612 1822 2690 1879; x_wconf 60' lang='lat'>*9¹</span> <span class='ocrx_word' id='word_1_550' title='bbox 2721 1872 2723 1874; x_wconf 60' lang='grc'>,</span> <span class='ocrx_word' id='word_1_551' title='bbox 2839 1833 2840 1836; x_wconf 75' lang='grc'>’</span> 
     </span>
     <span class='ocr_line' id='line_1_87' title="bbox 1584 1883 2774 1937; baseline -0.001 -17"><span class='ocrx_word' id='word_1_552' title='bbox 1584 1883 1691 1920; x_wconf 89' lang='lat' dir='ltr'>aliter</span> <span class='ocrx_word' id='word_1_553' title='bbox 1715 1885 1885 1920; x_wconf 81' lang='lat' dir='ltr'>absorbet</span> <span class='ocrx_word' id='word_1_554' title='bbox 1909 1895 2046 1933; x_wconf 86' lang='lat' dir='ltr'>aquam</span> <span class='ocrx_word' id='word_1_555' title='bbox 2073 1889 2176 1921; x_wconf 86' lang='lat' dir='ltr'>terra</span> <span class='ocrx_word' id='word_1_556' title='bbox 2192 1885 2327 1931; x_wconf 88' lang='lat' dir='ltr'>sitiens,</span> <span class='ocrx_word' id='word_1_557' title='bbox 2347 1884 2456 1922; x_wconf 82' lang='lat' dir='ltr'>aliter</span> <span class='ocrx_word' id='word_1_558' title='bbox 2478 1885 2577 1934; x_wconf 78' lang='lat' dir='ltr'>solis</span> <span class='ocrx_word' id='word_1_559' title='bbox 2583 1887 2647 1937; x_wconf 66' lang='lat' dir='ltr'>&#39;&#39;m-</span> <span class='ocrx_word' id='word_1_560' title='bbox 2672 1890 2674 1894; x_wconf 70' lang='grc'><strong>“</strong></span> <span class='ocrx_word' id='word_1_561' title='bbox 2704 1912 2711 1919; x_wconf 96' lang='grc'><strong>.</strong></span> <span class='ocrx_word' id='word_1_562' title='bbox 2769 1901 2774 1909; x_wconf 64' lang='lat'>.</span> 
     </span>
    </p>
   </div>
   <div class='ocr_carea' id='block_1_20' title="bbox 2524 1935 2648 1965">
    <p class='ocr_par' dir='ltr' id='par_1_25' title="bbox 2524 1935 2648 1965">
     <span class='ocr_line' id='line_1_88' title="bbox 2524 1935 2648 1965; baseline 0 2005"><span class='ocrx_word' id='word_1_563' title='bbox 2524 1935 2648 1965; x_wconf 95' lang='lat' dir='ltr'> </span> 
     </span>
    </p>
   </div>
   <div class='ocr_carea' id='block_1_21' title="bbox 1584 1935 2688 2146">
    <p class='ocr_par' dir='ltr' id='par_1_26' title="bbox 1584 1935 2688 2146">
     <span class='ocr_line' id='line_1_89' title="bbox 1584 1935 2644 1987; baseline 0.005 -15"><span class='ocrx_word' id='word_1_564' title='bbox 1584 1936 1664 1972; x_wconf 88' lang='lat' dir='ltr'>dius</span> <span class='ocrx_word' id='word_1_565' title='bbox 1691 1935 1836 1973; x_wconf 80' lang='lat' dir='ltr'>calens.-</span> <span class='ocrx_word' id='word_1_566' title='bbox 1861 1935 1926 1973; x_wconf 88' lang='lat' dir='ltr'>illa</span> <span class='ocrx_word' id='word_1_567' title='bbox 1953 1937 2169 1986; x_wconf 82' lang='lat' dir='ltr'>indigentia,</span> <span class='ocrx_word' id='word_1_568' title='bbox 2190 1937 2255 1974; x_wconf 85' lang='lat' dir='ltr'>iste</span> <span class='ocrx_word' id='word_1_569' title='bbox 2275 1939 2451 1987; x_wconf 85' lang='lat' dir='ltr'>potentia.</span> <span class='ocrx_word' id='word_1_570' title='bbox 2479 1935 2532 1975; x_wconf 74' lang='grc' dir='ltr'>Μ’</span> <span class='ocrx_word' id='word_1_571' title='bbox 2550 1935 2570 1978; x_wconf 56' lang='lat' dir='ltr'>&#39;f</span> <span class='ocrx_word' id='word_1_572' title='bbox 2593 1937 2607 1985; x_wconf 33' lang='grc' dir='ltr'>,ζ</span> <span class='ocrx_word' id='word_1_573' title='bbox 2621 1978 2623 1981; x_wconf 20' lang='lat'><strong>⁴</strong></span> <span class='ocrx_word' id='word_1_574' title='bbox 2639 1941 2644 1977; x_wconf 77' lang='grc' dir='ltr'>ἶ·</span> 
     </span>
     <span class='ocr_line' id='line_1_90' title="bbox 1585 1982 2648 2040; baseline 0.006 -15"><span class='ocrx_word' id='word_1_575' title='bbox 1585 1988 1684 2026; x_wconf 88' lang='lat' dir='ltr'>cavit</span> <span class='ocrx_word' id='word_1_576' title='bbox 1718 2000 1808 2037; x_wconf 88' lang='lat' dir='ltr'>ergo</span> <span class='ocrx_word' id='word_1_577' title='bbox 1845 1997 1932 2038; x_wconf 90' lang='lat' dir='ltr'>post</span> <span class='ocrx_word' id='word_1_578' title='bbox 1959 1988 2294 2037; x_wconf 87' lang='lat' dir='ltr'>resurrectionem,</span> <span class='ocrx_word' id='word_1_579' title='bbox 2324 2002 2399 2027; x_wconf 86' lang='lat' dir='ltr'>non</span> <span class='ocrx_word' id='word_1_580' title='bbox 2435 1986 2548 2040; x_wconf 65' lang='lat' dir='ltr'>quasi</span> <span class='ocrx_word' id='word_1_581' title='bbox 2565 1982 2648 2037; x_wconf 58' lang='lat' dir='ltr'>effi&amp;</span> 
     </span>
     <span class='ocr_line' id='line_1_91' title="bbox 1585 2041 2648 2092; baseline 0.004 -14"><span class='ocrx_word' id='word_1_582' title='bbox 1585 2041 1767 2091; x_wconf 84' lang='lat' dir='ltr'>indigens,</span> <span class='ocrx_word' id='word_1_583' title='bbox 1785 2042 1852 2078; x_wconf 86' lang='lat' dir='ltr'>sed</span> <span class='ocrx_word' id='word_1_584' title='bbox 1868 2048 1906 2078; x_wconf 89' lang='lat' dir='ltr'>ut</span> <span class='ocrx_word' id='word_1_585' title='bbox 1924 2054 1968 2079; x_wconf 92' lang='lat' dir='ltr'>eo</span> <span class='ocrx_word' id='word_1_586' title='bbox 1996 2042 2107 2079; x_wconf 89' lang='lat' dir='ltr'>modo</span> <span class='ocrx_word' id='word_1_587' title='bbox 2135 2048 2311 2080; x_wconf 81' lang='lat' dir='ltr'>naturam</span> <span class='ocrx_word' id='word_1_588' title='bbox 2329 2044 2515 2092; x_wconf 77' lang='lat' dir='ltr'>corporis</span> <span class='ocrx_word' id='word_1_589' title='bbox 2513 2053 2648 2082; x_wconf 70' lang='lat' dir='ltr'>resur·</span> 
     </span>
     <span class='ocr_line' id='line_1_92' title="bbox 1584 2094 2688 2146; baseline 0.004 -16"><span class='ocrx_word' id='word_1_590' title='bbox 1584 2095 1704 2144; x_wconf 84' lang='lat' dir='ltr'>gentis</span> <span class='ocrx_word' id='word_1_591' title='bbox 1731 2094 1935 2131; x_wconf 87' lang='lat' dir='ltr'>adstrueret</span> <span class='ocrx_word' id='word_1_592' title='bbox 1951 2094 1983 2131; x_wconf 68' lang='lat'>²⁸.</span> <span class='ocrx_word' id='word_1_593' title='bbox 2012 2095 2061 2131; x_wconf 92' lang='lat' dir='ltr'>Et</span> <span class='ocrx_word' id='word_1_594' title='bbox 2078 2103 2236 2144; x_wconf 90' lang='lat' dir='ltr'>propter</span> <span class='ocrx_word' id='word_1_595' title='bbox 2262 2095 2350 2143; x_wconf 90' lang='lat' dir='ltr'>hoc,</span> <span class='ocrx_word' id='word_1_596' title='bbox 2370 2107 2450 2132; x_wconf 90' lang='lat' dir='ltr'>non</span> <span class='ocrx_word' id='word_1_597' title='bbox 2477 2095 2650 2146; x_wconf 81' lang='lat' dir='ltr'>sequitur</span> <span class='ocrx_word' id='word_1_598' title='bbox 2675 2102 2688 2115; x_wconf 78' lang='lat'>⁸</span> 
     </span>
    </p>
   </div>
   <div class='ocr_carea' id='block_1_22' title="bbox 1585 2146 2649 2247">
    <p class='ocr_par' dir='ltr' id='par_1_27' title="bbox 1585 2146 2649 2247">
     <span class='ocr_line' id='line_1_93' title="bbox 1586 2146 2649 2198; baseline 0.004 -15"><span class='ocrx_word' id='word_1_599' title='bbox 1586 2146 1693 2196; x_wconf 92' lang='lat' dir='ltr'>quod</span> <span class='ocrx_word' id='word_1_600' title='bbox 1721 2146 1833 2184; x_wconf 85' lang='lat' dir='ltr'>fuerit</span> <span class='ocrx_word' id='word_1_601' title='bbox 1861 2146 1943 2184; x_wconf 92' lang='lat' dir='ltr'>eius</span> <span class='ocrx_word' id='word_1_602' title='bbox 1979 2159 2121 2197; x_wconf 89' lang='lat' dir='ltr'>corpus</span> <span class='ocrx_word' id='word_1_603' title='bbox 2149 2147 2336 2196; x_wconf 86' lang='lat' dir='ltr'>animale,</span> <span class='ocrx_word' id='word_1_604' title='bbox 2365 2148 2473 2198; x_wconf 91' lang='lat' dir='ltr'>quod</span> <span class='ocrx_word' id='word_1_605' title='bbox 2509 2156 2566 2186; x_wconf 85' lang='lat' dir='ltr'>est</span> <span class='ocrx_word' id='word_1_606' title='bbox 2592 2148 2649 2187; x_wconf 85' lang='lat' dir='ltr'>in·</span> 
     </span>
     <span class='ocr_line' id='line_1_94' title="bbox 1585 2199 1845 2247; baseline 0 -11"><span class='ocrx_word' id='word_1_607' title='bbox 1585 2199 1718 2247; x_wconf 85' lang='lat' dir='ltr'>digens</span> <span class='ocrx_word' id='word_1_608' title='bbox 1746 2199 1845 2236; x_wconf 90' lang='lat' dir='ltr'>cibo.</span> 
     </span>
    </p>
   </div>
   <div class='ocr_carea' id='block_1_23' title="bbox 1585 2329 2652 2399">
    <p class='ocr_par' dir='ltr' id='par_1_28' title="bbox 1585 2329 2652 2399">
     <span class='ocr_line' id='line_1_95' title="bbox 1638 2329 2652 2391; baseline 0.005 -36"><span class='ocrx_word' id='word_1_609' title='bbox 1638 2329 1822 2391; x_wconf 52' lang='grc' dir='ltr'>ῗὶῦξὲαᾲέἕίἱε.</span> <span class='ocrx_word' id='word_1_610' title='bbox 1839 2345 1860 2350; x_wconf 90' lang='lat'>——</span> <span class='ocrx_word' id='word_1_611' title='bbox 1877 2331 1916 2356; x_wconf 79' lang='lat' dir='ltr'>Fa</span> <span class='ocrx_word' id='word_1_612' title='bbox 1934 2337 1960 2357; x_wconf 87' lang='lat' dir='ltr'>et</span> <span class='ocrx_word' id='word_1_613' title='bbox 1978 2332 2067 2363; x_wconf 78' lang='lat' dir='ltr'>tertia3</span> <span class='ocrx_word' id='word_1_614' title='bbox 2092 2332 2269 2365; x_wconf 80' lang='lat' dir='ltr'>impalpabile.</span> <span class='ocrx_word' id='word_1_615' title='bbox 2287 2333 2338 2358; x_wconf 87' lang='lat' dir='ltr'>Pro</span> <span class='ocrx_word' id='word_1_616' title='bbox 2363 2332 2545 2366; x_wconf 75' lang='lat' dir='ltr'>corruptibile,</span> <span class='ocrx_word' id='word_1_617' title='bbox 2563 2333 2652 2360; x_wconf 65' lang='lat' dir='ltr'>incor-</span> 
     </span>
     <span class='ocr_line' id='line_1_96' title="bbox 1585 2373 1782 2399; baseline 0.01 -9"><span class='ocrx_word' id='word_1_618' title='bbox 1585 2373 1658 2399; x_wconf 70' lang='lat' dir='ltr'>rupz</span> <span class='ocrx_word' id='word_1_619' title='bbox 1678 2373 1712 2392; x_wconf 80' lang='lat' dir='ltr'>ze</span> <span class='ocrx_word' id='word_1_620' title='bbox 1775 2385 1782 2392; x_wconf 91' lang='lat'>.</span> 
     </span>
    </p>
   </div>
   <div class='ocr_carea' id='block_1_24' title="bbox 1638 2401 2055 2436">
    <p class='ocr_par' dir='ltr' id='par_1_29' title="bbox 1638 2401 2055 2436">
     <span class='ocr_line' id='line_1_97' title="bbox 1638 2401 2055 2436; baseline 0.005 -10"><span class='ocrx_word' id='word_1_621' title='bbox 1638 2401 1664 2436; x_wconf 84' lang='grc' dir='ltr'>ζ)</span> <span class='ocrx_word' id='word_1_622' title='bbox 1683 2402 1728 2427; x_wconf 85' lang='lat' dir='ltr'>ad.</span> <span class='ocrx_word' id='word_1_623' title='bbox 1745 2416 1764 2420; x_wconf 86' lang='lat'>—</span> <span class='ocrx_word' id='word_1_624' title='bbox 1782 2402 1809 2427; x_wconf 85' lang='lat' dir='ltr'>in</span> <span class='ocrx_word' id='word_1_625' title='bbox 1828 2402 1941 2434; x_wconf 82' lang='lat' dir='ltr'>epistola</span> <span class='ocrx_word' id='word_1_626' title='bbox 1959 2403 1997 2428; x_wconf 84' lang='lat' dir='ltr'>ad</span> <span class='ocrx_word' id='word_1_627' title='bbox 2015 2403 2055 2429; x_wconf 89' lang='lat' dir='ltr'>PI.</span> 
     </span>
    </p>
   </div>
   <div class='ocr_carea' id='block_1_25' title="bbox 1138 2488 1979 2524">
    <p class='ocr_par' dir='ltr' id='par_1_30' title="bbox 1138 2488 1979 2524">
     <span class='ocr_line' id='line_1_98' title="bbox 1138 2488 1979 2524; baseline 0.002 -2"><span class='ocrx_word' id='word_1_628' title='bbox 1138 2490 1475 2523; x_wconf 76' lang='lat' dir='ltr'>Commentaria</span> <span class='ocrx_word' id='word_1_629' title='bbox 1499 2488 1752 2523; x_wconf 76' lang='lat' dir='ltr'>Cardinalis</span> <span class='ocrx_word' id='word_1_630' title='bbox 1774 2490 1979 2524; x_wconf 71' lang='lat' dir='ltr'>Caietam</span> 
     </span>
    </p>
   </div>
   <div class='ocr_carea' id='block_1_26' title="bbox 468 2575 2452 2652">
    <p class='ocr_par' dir='ltr' id='par_1_31' title="bbox 468 2575 2452 2652">
     <span class='ocr_line' id='line_1_99' title="bbox 468 2575 2452 2652; baseline 0.003 -43"><span class='ocrx_word' id='word_1_631' title='bbox 468 2589 636 2652; x_wconf 77' lang='lat' dir='ltr'>Trruws</span> <span class='ocrx_word' id='word_1_632' title='bbox 657 2580 769 2610; x_wconf 89' lang='lat' dir='ltr'>clarus.</span> <span class='ocrx_word' id='word_1_633' title='bbox 794 2597 818 2601; x_wconf 85' lang='lat'>—</span> <span class='ocrx_word' id='word_1_634' title='bbox 840 2579 876 2609; x_wconf 90' lang='lat' dir='ltr'>In</span> <span class='ocrx_word' id='word_1_635' title='bbox 906 2588 1042 2619; x_wconf 87' lang='lat' dir='ltr'>corpore</span> <span class='ocrx_word' id='word_1_636' title='bbox 1073 2579 1168 2610; x_wconf 90' lang='lat' dir='ltr'>unica</span> <span class='ocrx_word' id='word_1_637' title='bbox 1191 2578 1376 2609; x_wconf 88' lang='lat' dir='ltr'>conclusio:</span> <span class='ocrx_word' id='word_1_638' title='bbox 1403 2575 1559 2619; x_wconf 73' lang='lat' dir='ltr'>Corpus!</span> <span class='ocrx_word' id='word_1_639' title='bbox 1585 2584 1632 2609; x_wconf 86' lang='lat' dir='ltr'>est</span> <span class='ocrx_word' id='word_1_640' title='bbox 1655 2589 1830 2611; x_wconf 88' lang='lat' dir='ltr'>commune</span> <span class='ocrx_word' id='word_1_641' title='bbox 1852 2581 2042 2611; x_wconf 82' lang='lat' dir='ltr'>univocum</span> <span class='ocrx_word' id='word_1_642' title='bbox 2054 2580 2253 2622; x_wconf 86' lang='lat' dir='ltr'>corruptibili</span> <span class='ocrx_word' id='word_1_643' title='bbox 2276 2587 2308 2612; x_wconf 92' lang='lat' dir='ltr'>et</span> <span class='ocrx_word' id='word_1_644' title='bbox 2322 2582 2452 2614; x_wconf 86' lang='lat' dir='ltr'>incorru</span> 
     </span>
    </p>
   </div>
   <div class='ocr_carea' id='block_1_27' title="bbox 467 2622 1532 2796">
    <p class='ocr_par' dir='ltr' id='par_1_32' title="bbox 467 2622 1531 2708">
     <span class='ocr_line' id='line_1_100' title="bbox 529 2622 1531 2665; baseline 0 -11"><span class='ocrx_word' id='word_1_645' title='bbox 529 2624 650 2654; x_wconf 86' lang='lat' dir='ltr'>Christi</span> <span class='ocrx_word' id='word_1_646' title='bbox 672 2624 704 2653; x_wconf 84' lang='lat' dir='ltr'>in</span> <span class='ocrx_word' id='word_1_647' title='bbox 729 2623 968 2654; x_wconf 85' lang='lat' dir='ltr'>resurrectione</span> <span class='ocrx_word' id='word_1_648' title='bbox 986 2623 1061 2665; x_wconf 88' lang='lat' dir='ltr'>fuit</span> <span class='ocrx_word' id='word_1_649' title='bbox 1080 2623 1275 2664; x_wconf 79' lang='lat' dir='ltr'>gloriosum.</span> <span class='ocrx_word' id='word_1_650' title='bbox 1299 2622 1456 2653; x_wconf 83' lang='lat' dir='ltr'>Probatur</span> <span class='ocrx_word' id='word_1_651' title='bbox 1478 2623 1531 2654; x_wconf 87' lang='lat' dir='ltr'>tri-</span> 
     </span>
     <span class='ocr_line' id='line_1_101' title="bbox 467 2667 1250 2708; baseline -0.001 -10"><span class='ocrx_word' id='word_1_652' title='bbox 467 2668 605 2708; x_wconf 85' lang='lat' dir='ltr'>pliciter:</span> <span class='ocrx_word' id='word_1_653' title='bbox 631 2673 662 2698; x_wconf 89' lang='lat' dir='ltr'>et</span> <span class='ocrx_word' id='word_1_654' title='bbox 684 2668 822 2698; x_wconf 87' lang='lat' dir='ltr'>rationes</span> <span class='ocrx_word' id='word_1_655' title='bbox 846 2667 928 2698; x_wconf 90' lang='lat' dir='ltr'>clare</span> <span class='ocrx_word' id='word_1_656' title='bbox 950 2672 1061 2707; x_wconf 88' lang='lat' dir='ltr'>patent</span> <span class='ocrx_word' id='word_1_657' title='bbox 1083 2668 1117 2698; x_wconf 90' lang='lat' dir='ltr'>in</span> <span class='ocrx_word' id='word_1_658' title='bbox 1139 2667 1250 2697; x_wconf 87' lang='lat' dir='ltr'>littera.</span> 
     </span>
    </p>

    <p class='ocr_par' dir='ltr' id='par_1_33' title="bbox 468 2710 1532 2796">
     <span class='ocr_line' id='line_1_102' title="bbox 523 2710 1532 2752; baseline 0 -10"><span class='ocrx_word' id='word_1_659' title='bbox 523 2712 559 2742; x_wconf 94' lang='lat' dir='ltr'>In</span> <span class='ocrx_word' id='word_1_660' title='bbox 581 2712 792 2752; x_wconf 90' lang='lat' dir='ltr'>responsione</span> <span class='ocrx_word' id='word_1_661' title='bbox 815 2711 855 2742; x_wconf 89' lang='lat' dir='ltr'>ad</span> <span class='ocrx_word' id='word_1_662' title='bbox 876 2710 1066 2747; x_wconf 90' lang='lat' dir='ltr'>secundum,</span> <span class='ocrx_word' id='word_1_663' title='bbox 1082 2711 1210 2742; x_wconf 86' lang='lat' dir='ltr'>adverte</span> <span class='ocrx_word' id='word_1_664' title='bbox 1233 2711 1323 2751; x_wconf 92' lang='lat' dir='ltr'>quod</span> <span class='ocrx_word' id='word_1_665' title='bbox 1345 2711 1469 2742; x_wconf 89' lang='lat' dir='ltr'>Auctor</span> <span class='ocrx_word' id='word_1_666' title='bbox 1484 2712 1532 2742; x_wconf 91' lang='lat' dir='ltr'>lo-</span> 
     </span>
     <span class='ocr_line' id='line_1_103' title="bbox 468 2755 1532 2796; baseline 0 -10"><span class='ocrx_word' id='word_1_667' title='bbox 468 2756 577 2796; x_wconf 89' lang='lat' dir='ltr'>quitur</span> <span class='ocrx_word' id='word_1_668' title='bbox 599 2755 639 2786; x_wconf 90' lang='lat' dir='ltr'>de</span> <span class='ocrx_word' id='word_1_669' title='bbox 661 2765 733 2786; x_wconf 89' lang='lat' dir='ltr'>raro</span> <span class='ocrx_word' id='word_1_670' title='bbox 758 2761 789 2786; x_wconf 90' lang='lat' dir='ltr'>et</span> <span class='ocrx_word' id='word_1_671' title='bbox 812 2755 911 2786; x_wconf 87' lang='lat' dir='ltr'>denso</span> <span class='ocrx_word' id='word_1_672' title='bbox 935 2756 1163 2786; x_wconf 89' lang='lat' dir='ltr'>univocatione</span> <span class='ocrx_word' id='word_1_673' title='bbox 1184 2761 1314 2786; x_wconf 86' lang='lat' dir='ltr'>servata.</span> <span class='ocrx_word' id='word_1_674' title='bbox 1338 2755 1438 2794; x_wconf 92' lang='lat' dir='ltr'>Quod</span> <span class='ocrx_word' id='word_1_675' title='bbox 1460 2755 1532 2786; x_wconf 92' lang='lat' dir='ltr'>dico</span> 
     </span>
    </p>
   </div>
   <div class='ocr_carea' id='block_1_28' title="bbox 231 2799 1533 2890">
    <p class='ocr_par' dir='ltr' id='par_1_34' title="bbox 231 2799 1533 2890">
     <span class='ocr_line' id='line_1_104' title="bbox 231 2799 1533 2890; baseline 0.001 -61.001"><span class='ocrx_word' id='word_1_676' title='bbox 231 2816 291 2890; x_wconf 45' lang='lat' dir='ltr'>deig·</span> <span class='ocrx_word' id='word_1_677' title='bbox 306 2816 347 2837; x_wconf 62' lang='lat' dir='ltr'>Ari</span> <span class='ocrx_word' id='word_1_678' title='bbox 350 2820 385 2838; x_wconf 59' lang='lat'>„0</span> <span class='ocrx_word' id='word_1_679' title='bbox 388 2820 403 2837; x_wconf 65' lang='lat' dir='ltr'>t</span> <span class='ocrx_word' id='word_1_680' title='bbox 420 2816 440 2837; x_wconf 82' lang='lat'>11</span> <span class='ocrx_word' id='word_1_681' title='bbox 468 2805 637 2840; x_wconf 81' lang='lat' dir='ltr'>propterea</span> <span class='ocrx_word' id='word_1_682' title='bbox 660 2800 736 2840; x_wconf 79' lang='lat' dir='ltr'>quia</span> <span class='ocrx_word' id='word_1_683' title='bbox 759 2799 896 2830; x_wconf 81' lang='lat' dir='ltr'>densltas</span> <span class='ocrx_word' id='word_1_684' title='bbox 919 2800 1051 2840; x_wconf 78' lang='lat' dir='ltr'>ponitur</span> <span class='ocrx_word' id='word_1_685' title='bbox 1074 2800 1170 2830; x_wconf 74' lang='lat' dir='ltr'>etiam</span> <span class='ocrx_word' id='word_1_686' title='bbox 1192 2800 1226 2830; x_wconf 82' lang='lat' dir='ltr'>in</span> <span class='ocrx_word' id='word_1_687' title='bbox 1253 2800 1442 2840; x_wconf 77' lang='lat' dir='ltr'>corporibus</span> <span class='ocrx_word' id='word_1_688' title='bbox 1465 2809 1533 2830; x_wconf 82' lang='lat' dir='ltr'>cae-</span> 
     </span>
     <span class='ocr_line' id='line_1_105' title="bbox 285 2843 441 2870; baseline 0.007 -7"><span class='ocrx_word' id='word_1_689' title='bbox 285 2843 362 2863; x_wconf 82' lang='lat' dir='ltr'>aeloc</span> <span class='ocrx_word' id='word_1_690' title='bbox 350 2849 392 2870; x_wconf 68' lang='lat' dir='ltr'>cap</span> <span class='ocrx_word' id='word_1_691' title='bbox 403 2849 441 2868; x_wconf 78' lang='lat' dir='ltr'>v¹,1</span> 
     </span>
    </p>
   </div>
   <div class='ocr_carea' id='block_1_29' title="bbox 468 2843 1535 2928">
    <p class='ocr_par' dir='ltr' id='par_1_35' title="bbox 468 2843 1535 2928">
     <span class='ocr_line' id='line_1_106' title="bbox 468 2843 1534 2875; baseline 0 -1"><span class='ocrx_word' id='word_1_692' title='bbox 468 2844 599 2874; x_wconf 88' lang='lat' dir='ltr'>lestibus</span> <span class='ocrx_word' id='word_1_693' title='bbox 615 2845 648 2874; x_wconf 75' lang='lat'>*2</span> <span class='ocrx_word' id='word_1_694' title='bbox 673 2853 741 2874; x_wconf 88' lang='lat' dir='ltr'>non</span> <span class='ocrx_word' id='word_1_695' title='bbox 757 2843 901 2874; x_wconf 89' lang='lat' dir='ltr'>eiusdem</span> <span class='ocrx_word' id='word_1_696' title='bbox 917 2849 1024 2874; x_wconf 90' lang='lat' dir='ltr'>tamen</span> <span class='ocrx_word' id='word_1_697' title='bbox 1040 2844 1171 2874; x_wconf 87' lang='lat' dir='ltr'>rationis</span> <span class='ocrx_word' id='word_1_698' title='bbox 1187 2853 1263 2875; x_wconf 89' lang='lat' dir='ltr'>cum</span> <span class='ocrx_word' id='word_1_699' title='bbox 1278 2843 1433 2874; x_wconf 82' lang='lat' dir='ltr'>densitate</span> <span class='ocrx_word' id='word_1_700' title='bbox 1453 2843 1534 2874; x_wconf 87' lang='lat' dir='ltr'>infe—</span> 
     </span>
     <span class='ocr_line' id='line_1_107' title="bbox 468 2887 1535 2928; baseline 0.001 -10"><span class='ocrx_word' id='word_1_701' title='bbox 468 2897 600 2918; x_wconf 85' lang='lat' dir='ltr'>norum.</span> <span class='ocrx_word' id='word_1_702' title='bbox 624 2888 681 2918; x_wconf 89' lang='lat' dir='ltr'>Est</span> <span class='ocrx_word' id='word_1_703' title='bbox 697 2888 782 2918; x_wconf 89' lang='lat' dir='ltr'>enim</span> <span class='ocrx_word' id='word_1_704' title='bbox 798 2888 887 2918; x_wconf 89' lang='lat' dir='ltr'>stella</span> <span class='ocrx_word' id='word_1_705' title='bbox 903 2887 1030 2918; x_wconf 88' lang='lat' dir='ltr'>densior</span> <span class='ocrx_word' id='word_1_706' title='bbox 1045 2897 1117 2928; x_wconf 90' lang='lat' dir='ltr'>pars</span> <span class='ocrx_word' id='word_1_707' title='bbox 1133 2889 1182 2919; x_wconf 90' lang='lat' dir='ltr'>sui</span> <span class='ocrx_word' id='word_1_708' title='bbox 1205 2888 1308 2919; x_wconf 88' lang='lat' dir='ltr'>orbis:</span> <span class='ocrx_word' id='word_1_709' title='bbox 1331 2888 1410 2919; x_wconf 90' lang='lat' dir='ltr'>nihil</span> <span class='ocrx_word' id='word_1_710' title='bbox 1427 2893 1535 2919; x_wconf 85' lang='lat' dir='ltr'>tamen</span> 
     </span>
    </p>
   </div>
   <div class='ocr_carea' id='block_1_30' title="bbox 1585 2587 2651 2667">
    <p class='ocr_par' dir='ltr' id='par_1_36' title="bbox 1585 2587 2651 2667">
     <span class='ocr_line' id='line_1_108' title="bbox 1585 2587 2651 2667; baseline 0.006 -14"><span class='ocrx_word' id='word_1_711' title='bbox 1585 2624 1666 2663; x_wconf 89' lang='lat' dir='ltr'>pori.</span> <span class='ocrx_word' id='word_1_712' title='bbox 1691 2623 1786 2654; x_wconf 85' lang='lat' dir='ltr'>Unde</span> <span class='ocrx_word' id='word_1_713' title='bbox 1809 2625 1934 2655; x_wconf 86' lang='lat' dir='ltr'>caelum</span> <span class='ocrx_word' id='word_1_714' title='bbox 1956 2625 2114 2656; x_wconf 81' lang='lat' dir='ltr'>resisteret</span> <span class='ocrx_word' id='word_1_715' title='bbox 2135 2626 2244 2662; x_wconf 85' lang='lat' dir='ltr'>tactui,</span> <span class='ocrx_word' id='word_1_716' title='bbox 2267 2625 2294 2656; x_wconf 84' lang='lat' dir='ltr'>si</span> <span class='ocrx_word' id='word_1_717' title='bbox 2317 2626 2389 2667; x_wconf 74' lang='lat' dir='ltr'>quis</span> <span class='ocrx_word' id='word_1_718' title='bbox 2411 2625 2453 2658; x_wconf 71' lang='lat' dir='ltr'>ad</span> <span class='ocrx_word' id='word_1_719' title='bbox 2535 2587 2651 2666; x_wconf 47' lang='grc' dir='ltr'>ἶ</span> 
     </span>
    </p>
   </div>
   <div class='ocr_carea' id='block_1_31' title="bbox 1585 2661 2652 2767">
    <p class='ocr_par' dir='ltr' id='par_1_37' title="bbox 1585 2661 2652 2756">
     <span class='ocr_line' id='line_1_109' title="bbox 1585 2661 2652 2712; baseline 0.007 -14"><span class='ocrx_word' id='word_1_720' title='bbox 1585 2677 1646 2698; x_wconf 86' lang='lat' dir='ltr'>nae</span> <span class='ocrx_word' id='word_1_721' title='bbox 1669 2669 1858 2708; x_wconf 88' lang='lat' dir='ltr'>pertransire</span> <span class='ocrx_word' id='word_1_722' title='bbox 1880 2669 1986 2706; x_wconf 85' lang='lat' dir='ltr'>vellet,</span> <span class='ocrx_word' id='word_1_723' title='bbox 2009 2669 2054 2700; x_wconf 91' lang='lat' dir='ltr'>ibi</span> <span class='ocrx_word' id='word_1_724' title='bbox 2077 2670 2228 2700; x_wconf 83' lang='lat' dir='ltr'>existens:</span> <span class='ocrx_word' id='word_1_725' title='bbox 2260 2679 2330 2701; x_wconf 90' lang='lat' dir='ltr'>non</span> <span class='ocrx_word' id='word_1_726' title='bbox 2351 2676 2460 2703; x_wconf 82' lang='lat' dir='ltr'>tamen</span> <span class='ocrx_word' id='word_1_727' title='bbox 2482 2661 2652 2712; x_wconf 60' lang='lat' dir='ltr'>sentimur</span> 
     </span>
     <span class='ocr_line' id='line_1_110' title="bbox 1586 2711 2652 2767; baseline 0.007 -25"><span class='ocrx_word' id='word_1_728' title='bbox 1586 2717 1673 2742; x_wconf 87' lang='lat' dir='ltr'>tactu</span> <span class='ocrx_word' id='word_1_729' title='bbox 1697 2711 1834 2743; x_wconf 90' lang='lat' dir='ltr'>densitas</span> <span class='ocrx_word' id='word_1_730' title='bbox 1850 2714 1928 2749; x_wconf 90' lang='lat' dir='ltr'>eius,</span> <span class='ocrx_word' id='word_1_731' title='bbox 1945 2711 2001 2744; x_wconf 87' lang='lat' dir='ltr'>sed</span> <span class='ocrx_word' id='word_1_732' title='bbox 2022 2718 2148 2744; x_wconf 82' lang='lat' dir='ltr'>tantum</span> <span class='ocrx_word' id='word_1_733' title='bbox 2170 2715 2269 2745; x_wconf 79' lang='lat' dir='ltr'>tactui</span> <span class='ocrx_word' id='word_1_734' title='bbox 2287 2715 2445 2746; x_wconf 85' lang='lat' dir='ltr'>resisteret</span> <span class='ocrx_word' id='word_1_735' title='bbox 2455 2723 2531 2756; x_wconf 72' lang='lat' dir='ltr'>pars</span> <span class='ocrx_word' id='word_1_736' title='bbox 2553 2713 2652 2767; x_wconf 55' lang='grc' dir='ltr'>ἀμφι</span> 
     </span>
    </p>
   </div>
   <div class='ocr_carea' id='block_1_32' title="bbox 1587 2756 2678 2799">
    <p class='ocr_par' dir='ltr' id='par_1_38' title="bbox 1587 2745 2761 2803">
     <span class='ocr_line' id='line_1_111' title="bbox 1587 2756 2678 2799; baseline 0.004 -13"><span class='ocrx_word' id='word_1_737' title='bbox 1587 2761 1745 2797; x_wconf 88' lang='lat' dir='ltr'>quantum</span> <span class='ocrx_word' id='word_1_738' title='bbox 1761 2766 1833 2797; x_wconf 87' lang='lat' dir='ltr'>pars</span> <span class='ocrx_word' id='word_1_739' title='bbox 1849 2757 1956 2787; x_wconf 86' lang='lat' dir='ltr'>minus</span> <span class='ocrx_word' id='word_1_740' title='bbox 1979 2756 2086 2788; x_wconf 88' lang='lat' dir='ltr'>densa.</span> <span class='ocrx_word' id='word_1_741' title='bbox 2110 2757 2152 2788; x_wconf 88' lang='lat' dir='ltr'>Et</span> <span class='ocrx_word' id='word_1_742' title='bbox 2175 2763 2345 2799; x_wconf 87' lang='lat' dir='ltr'>propterea</span> <span class='ocrx_word' id='word_1_743' title='bbox 2363 2759 2398 2790; x_wconf 90' lang='lat' dir='ltr'>in</span> <span class='ocrx_word' id='word_1_744' title='bbox 2411 2758 2516 2790; x_wconf 82' lang='lat' dir='ltr'>littera</span> <span class='ocrx_word' id='word_1_745' title='bbox 2536 2756 2654 2798; x_wconf 60' lang='lat' dir='ltr'>dicitiu-</span> <span class='ocrx_word' id='word_1_746' title='bbox 2668 2789 2678 2795; x_wconf 61' lang='grc'>,</span> 
     </span>
    </p>
   </div>
   <div class='ocr_carea' id='block_1_33' title="bbox 1587 2800 2653 2886">
    <p class='ocr_par' dir='ltr' id='par_1_39' title="bbox 1587 2800 2653 2886">
     <span class='ocr_line' id='line_1_112' title="bbox 1589 2800 2653 2844; baseline 0.004 -13"><span class='ocrx_word' id='word_1_747' title='bbox 1589 2800 1678 2841; x_wconf 92' lang='lat' dir='ltr'>quod</span> <span class='ocrx_word' id='word_1_748' title='bbox 1701 2810 1818 2841; x_wconf 85' lang='lat' dir='ltr'>corpus</span> <span class='ocrx_word' id='word_1_749' title='bbox 1841 2801 1964 2832; x_wconf 88' lang='lat' dir='ltr'>ratione</span> <span class='ocrx_word' id='word_1_750' title='bbox 1986 2810 2063 2832; x_wconf 86' lang='lat' dir='ltr'>suae</span> <span class='ocrx_word' id='word_1_751' title='bbox 2092 2802 2304 2843; x_wconf 87' lang='lat' dir='ltr'>spissitudinis</span> <span class='ocrx_word' id='word_1_752' title='bbox 2333 2802 2502 2844; x_wconf 80' lang='lat' dir='ltr'>palpabile.</span> <span class='ocrx_word' id='word_1_753' title='bbox 2515 2806 2574 2835; x_wconf 79' lang='lat' dir='ltr'>est</span> <span class='ocrx_word' id='word_1_754' title='bbox 2593 2809 2653 2835; x_wconf 72' lang='lat' dir='ltr'>nn—</span> 
     </span>
     <span class='ocr_line' id='line_1_113' title="bbox 1587 2845 1967 2886; baseline 0.003 -11"><span class='ocrx_word' id='word_1_755' title='bbox 1587 2845 1729 2875; x_wconf 87' lang='lat' dir='ltr'>turaliter</span> <span class='ocrx_word' id='word_1_756' title='bbox 1752 2845 1967 2886; x_wconf 83' lang='lat' dir='ltr'>corruptibile.</span> 
     </span>
    </p>
   </div>
   <div class='ocr_carea' id='block_1_34' title="bbox 2666 0 2872 1747">
    <p class='ocr_par' dir='ltr' id='par_1_40' title="bbox 2666 0 2872 1747">
     <span class='ocr_line' id='line_1_114' title="bbox 2666 0 2872 1747; baseline 0 0"><span class='ocrx_word' id='word_1_757' title='bbox 2666 0 2872 1747; x_wconf 95' lang='lat' dir='ltr'>   </span> 
     </span>
    </p>
   </div>
   <div class='ocr_carea' id='block_1_35' title="bbox 2774 1595 2781 1603">
    <p class='ocr_par' dir='ltr' id='par_1_41' title="bbox 2774 1595 2781 1603">
     <span class='ocr_line' id='line_1_115' title="bbox 2774 1595 2781 1603; baseline 0 0"><span class='ocrx_word' id='word_1_758' title='bbox 2774 1595 2781 1603; x_wconf 57' lang='lat'>³</span> 
     </span>
    </p>
   </div>
  </div>
 </body>
</html>
