2872 3970
921 277 1183 324 QUAESTIO
1211 280 1309 327 LIII,
1339 281 1630 319 ARTICULUS
1657 283 1672 319 I

536 474 537 477 ‘
577 481 985 559 QUAESTIO
1025 485 2010 562 QUmQUAGESIMATER‘rtA

847 595 933 642 DE
965 603 1476 646 RESURRECTIONE
1510 607 1746 649 CHRISTI

998 717 1032 742 IN
1061 717 1232 748 QUATUOR
1258 718 1457 744 ARTICULOS
1484 720 1596 746 DIVISA

290 795 905 842 ousrouzwrzn.considerandum
925 808 979 838 est
1005 801 1053 838 de
1082 801 1140 838 his
1168 814 1267 853 quae
1292 803 1296 844 Ι
1321 802 1382 846 tia,
1404 804 1451 840 de
1471 804 1771 842 manifestatione
1791 806 2074 844 resurrectionis
2092 808 2133 855 *;
2163 819 2306 859 quarta,
2327 811 2374 849 de

123 847 183 882 ”»
209 805 480 905 Cpenment
507 852 556 889 ad
589 852 858 890 exaltationem
889 853 1028 890 Christi
1053 854 1084 890 ’ἦ
1121 855 1168 891 Et
1191 854 1267 904 'pri-

208 908 297 958 ,1110η
330 905 378 943 de
416 905 497 942 eius
535 905 834 951 resurrectione3
872 906 1062 952 secundo,
1101 906 1149 943 de
1187 906 1268 944 eius

209 956 432 996 ascensione
449 957 487 1004 *3
516 957 638 1004 tertio,
659 958 707 994 de
726 958 894 995 sessione
916 958 964 995 ad
984 959 1179 996 dexteram
1198 960 1268 996 Pa-

208 1010 273 1048 tris
290 1010 332 1058 *3
361 1018 511 1060 quarto,
541 1011 588 1054 de
618 1009 815 1047 iudiciaria
841 1018 1025 1060 potestate
1044 1011 1094 1048 **.

263 1062 373 1101 Circa
408 1063 581 1112 primum
618 1062 782 1100 occurrit
819 1064 1058 1114 quadruplex
1095 1064 1268 1102 conside-

207 1114 322 1154 ratio:
357 1127 525 1166 quarum
551 1115 676 1164 prima
704 1116 763 1152 est
787 1116 834 1153 de
863 1116 945 1166 ipsa
975 1116 1113 1153 Christi
1145 1129 1268 1154 resur-

121 1159 132 1170 ”
147 1168 158 1181 ³
207 1167 394 1216 rectione;
423 1168 605 1214 secunda,
625 1169 673 1205 de
693 1168 870 1218 qualitate
891 1170 1118 1217 resurgentis
1132 1169 1167 1216 *ς
1196 1177 1268 1207 ter-

1323 863 1403 900 eius
1431 865 1647 903 causalitate
1665 866 1696 903 *.

1323 924 1433 962 Circa
1460 926 1631 975 primum
1659 937 1897 977 quaeruntur
1924 937 2099 978 quatuor.

1375 987 1526 1024 Primo:
1555 989 1604 1025 de
1632 990 1851 1027 necessitate
1879 992 2162 1030 resurrectionis
2189 994 2281 1032 eius.

1376 1049 1575 1086 Secundo:
1606 1050 1653 1086 de
1682 1058 1866 1100 tempore.

1375 1109 1527 1146 Tertio:
1558 1111 1606 1147 de
1635 1111 1778 1149 ordine.

1368 1171 1545 1217 ,Quarto-2
1576 1173 1623 1209 de
1651 1185 1776 1210 causa.

1015 1279 1331 1321 ARTICULUS
1362 1280 1567 1323 PRIMUS

693 1369 850 1400 UTRUM
873 1369 1032 1400 FUERrr
1055 1369 1358 1400 NECESSARIUM
1383 1370 1607 1402 CHRISTUM
1630 1372 1898 1404 RESURGERE·

1041 1447 1072 1472 111
1093 1448 1174 1477 Sent„
1195 1447 1253 1472 dist.
1274 1455 1322 1479 ω,
1343 1456 1386 1480 qu.
1406 1456 1433 1479 ιι,
1453 1454 1499 1473 art.
1521 1455 1543 1473 1.

243 1537 246 1540 ·
278 1541 307 1565 *a
334 1550 392 1581 sqq
416 1538 439 1562 u
467 1538 603 1563 Palmum
630 1537 683 1563 Sic
710 1538 944 1564 moerorum.
974 1518 1136 1564 Videtur
1159 1527 1265 1576 quod

257 1573 283 1593 ‘¹
338 1565 498 1636 {firm
535 1578 646 1616 fuerit
681 1578 940 1616 necessarium
978 1579 1174 1617 Christum
1209 1592 1266 1617 re-

311 1644 346 1683 ς,
367 1634 389 1669 '6
418 1642 583 1679 surgere.
627 1631 726 1669 Dicit
761 1631 867 1668 enim
903 1633 1186 1679 Damascenus,
1226 1632 1264 1669 in

266 1656 363 1714 ΕῚΨ)
380 1676 468 1721 IV
482 1683 578 1721 libro
592 1684 632 1720 *z
654 1685 889 1721 Resurrectio
909 1691 960 1722 est
976 1686 1137 1722 secunda
1153 1691 1170 1707 ‘²
1188 1687 1264 1722 eius

205 1737 306 1787 quod
336 1737 548 1774 dissolutum
577 1743 627 1774 est
654 1743 687 1773 et
714 1738 841 1774 cecidit
867 1739 1039 1775 animalis
1073 1740 1262 1775 surrectio.

205 1789 284 1828 Sed
312 1789 486 1827 Christus
504 1801 585 1826 non
603 1789 737 1826 cecidit
764 1801 833 1839 per
850 1798 1063 1839 peccatum,
1084 1803 1155 1828 nec
1182 1803 1264 1828 cor—

119 1851 124 1872 ἱ
147 1852 155 1884 ᾖ
170 1855 178 1875 ³
204 1854 279 1892 pus
297 1842 380 1880 eius
398 1842 720 1879 estdissolutum:
740 1850 783 1879 ut
801 1855 848 1879 ex
866 1843 1011 1892 supra*
1025 1843 1131 1880 dictis
1150 1850 1262 1892 patet.

203 1896 305 1932 Non,
326 1907 416 1943 ergo
443 1894 597 1944 proprie
625 1894 805 1932 convenit
833 1895 904 1932 sibi
931 1907 1139 1945 resurgere.

109 1937 114 1952 '³
133 1959 167 1994 ν,
203 1959 297 1985 -ικε,
322 1949 555 1994 PRAETEREA,
584 1947 822 1996 quicumque
850 1948 1019 1996 resurgit,
1045 1949 1093 1985 ad
1122 1947 1265 1997 aliquid

120 2011 138 2022 ³
202 2000 315 2039 altius
341 2007 613 2050 promovetur:
643 1999 735 2049 quia
752 2012 910 2050 surgere
927 2009 983 2038 est
1001 2013 1155 2038 sursum
1181 2013 1264 2037 mo-

202 2053 308 2091 veri:
334 2053 413 2091 Sed
440 2065 580 2102 corpus
609 2052 750 2090 Christi
777 2053 959 2091 remansit
985 2062 1072 2102 post
1099 2061 1265 2090 mortem

205 2105 403 2144 divinitatis
426 2104 600 2154 unitum,
630 2113 666 2142 et
693 2105 743 2142 ita
779 2117 860 2143 non
886 2106 1011 2156 potuit
1046 2106 1086 2143 in
1122 2106 1265 2155 aliquid

204 2158 315 2197 altius
340 2158 575 2208 promoveri.
604 2159 706 2206 Ergo
734 2170 815 2195 non
843 2159 1084 2209 competebat
1111 2158 1182 2195 sibi
1207 2171 1264 2195 re—

205 2222 370 2260 surgere.
408 2230 411 2239 =

203 2288 207 2291 -
230 2290 234 2297 ,
261 2264 295 2302 3.
315 2265 546 2310 Euersam,
562 2276 607 2301 ea
625 2277 725 2313 quae
745 2264 843 2301 circa
863 2264 1140 2301 humanitatem
1157 2263 1264 2301 Chri-

204 2315 359 2355 sttsunt
376 2324 470 2363 acta,
483 2317 540 2354 'ad
559 2325 731 2354 nostram
749 2319 911 2354 salutem
931 2317 1166 2354 ordinantur.
1188 2317 1265 2354 Sed

204 2369 423 2407 sufficiebat
435 2370 486 2406 ad
500 2371 666 2407 salutem
685 2378 856 2407 nostram
878 2370 1005 2419 passio
1027 2369 1176 2414 Christi,
1196 2381 1266 2419 per

162 2461 168 2470 ,
204 2434 324 2472 quam
354 2426 490 2460 sumus
509 2422 653 2460 liberati
673 2435 696 2460 a
715 2424 828 2472 culpa
855 2431 892 2460 et
918 2435 1056 2472 poena,
1076 2430 1119 2459 ut
1138 2435 1185 2459 ex
1203 2435 1264 2459 su-

205 2475 329 2525 prax*
350 2474 458 2512 dictis
492 2483 605 2525 patet.
648 2476 741 2512 Non
777 2487 867 2524 ergo
902 2475 972 2512 fuit
1007 2475 1265 2512 necessarium

202 2527 316 2578 quod
343 2527 517 2565 Christus
544 2541 568 2565 a
585 2528 757 2566 -mortuis
785 2536 1005 2576 resurgeret.

256 2581 335 2618 ¹Suu
355 2593 499 2619 CONTRA
517 2593 583 2618 EST
601 2581 710 2630 quod
729 2581 865 2618 dicitur
881 2583 976 2618 Luc.
994 2583 1059 2618 ult.
1074 2581 1114 2618 *z
1149 2581 1266 2630 Opor-

206 2635 304 2672 tebat
333 2635 518 2671 Christum
541 2636 624 2684 pati
649 2640 682 2671 et
709 2646 908 2684 resurgere
934 2647 958 2671 a
985 2636 1149 2671 mortuis.

205 2687 485 2724 vsREsr'onnEo
530 2699 710 2724 memnon
752 2687 859 2736 quod
900 2687 1158 2724 necessarium
1197 2686 1267 2724 fuit

202 2738 407 2776 ‘Christum
424 2751 632 2787 resurgere,
652 2747 810 2789 propter
828 2739 1012 2789 quinque.
1034 2739 1164 2776 Primo
1184 2739 1266 2788 qui-

203 2792 318 2838 dem,
345 2791 397 2829 ad
423 2792 802 2829 commendationem
830 2792 982 2829 divinae
1010 2792 1189 2839 iustitiae,
1218 2792 1267 2829 ad

132 2846 176 2892 ’ῖεῖ
209 2844 508 2894 quam-pertinet
527 2846 689 2882 exaltare
709 2844 791 2882 illos
811 2845 878 2894 qui
905 2858 945 2882 se
964 2853 1120 2894 propter
1138 2846 1267 2882 Deum

131 2918 133 2925 ν
151 2903 166 2915 ²
205 2896 430 2935 hmniliant:
451 2898 668 2935 secundum
686 2897 781 2935 illud
798 2898 894 2935 Luc.
915 2910 925 2934 1
943 2898 978 2934 *z
1008 2899 1186 2947 Deposuit
1198 2910 1267 2947 po-

204 2955 323 2988 tentes
347 2950 392 2987 de
417 2950 522 2996 sede,
551 2955 585 2987 et
611 2951 786 2988 exaltavit
821 2951 985 2987 humiles.
1024 2950 1128 2997 Quia
1158 2950 1269 2998 igitur

203 3002 400 3048 Christus,
428 3010 586 3052 propter
612 3002 806 3040 caritatem
833 3011 870 3039 et
897 3003 1156 3040 obedientiam
1183 3002 1266 3049 Dei,

126 3056 174 3105 ,ῤ’
202 3067 251 3092 se
269 3054 485 3092 humiliavit
511 3067 635 3104 usque
654 3055 703 3092 ad
722 3063 889 3092 mortem
916 3055 1038 3092 crucis
1056 3055 1088 3101 ⁵¹⁶,
1117 3063 1267 3104 oporte-

119 3104 174 3157 ὶ·ςὲζ,’ἶ
205 3107 275 3145 hat
302 3107 409 3157 quod
436 3109 662 3144 exaltaretur
689 3120 712 3144 a
738 3108 822 3144 Deo
842 3119 966 3156 usque
994 3108 1044 3144 ad
1061 3107 1267 3155 gloriosam

125 3151 166 3169 ³*
205 3159 539 3199 resurrectionem.
568 3160 680 3197 Unde
699 3160 847 3197 exeius
873 3172 1039 3209 persona
1066 3159 1202 3197 dicitur
1228 3160 1267 3196 in

166 3222 174 3231 ‘
209 3213 364 3250 Psalmo
378 3212 416 3248 *z
442 3214 498 3250 Tu
517 3214 732 3262 cognovisti,
745 3212 848 3251 idest
873 3227 892 3246 «
909 3213 1123 3262 approbasti
1142 3227 1175 3258 »,
1195 3224 1266 3249 ses-

205 3266 351 3304 sionem
370 3277 506 3311 meam,
526 3265 622 3302 idest
653 3279 672 3299 «
693 3266 932 3302 humilitatem
951 3270 985 3301 et
997 3266 1210 3314 passionem
1232 3279 1265 3310 »‚

122 3311 128 3319 ”
151 3336 154 3339 ·
206 3319 568 3356 ατεειιννεείἰοηενη
586 3329 721 3363 meam,
741 3317 837 3354 idest
866 3332 884 3352 «
901 3318 1210 3367 glorificationem
1229 3319 1266 3353 in

151 3395 156 3403 -
207 3373 480 3417 murrectione
499 3384 540 3407 »ε
570 3370 667 3407 sicut
695 3370 832 3407 Glossa
849 3369 869 3391 ³¹⁶
897 3369 1063 3418 exponit.

142 3515 143 3518 Ἰ
265 3483 292 3518 α)
310 3487 350 3510 est
365 3484 490 3510 secunda.
507 3499 527 3503 -
544 3484 645 3515 Tertia;
664 3484 781 3510 secunda
799 3487 847 3510 est.
869 3498 888 3503 —
912 3484 960 3508 Pro
986 3483 1110 3508 animalis
1127 3483 1269 3512 surrectio,

134 3549 145 3557 ·.
205 3519 336 3580 walis
346 3520 508 3545 resurrectio
521 3520 578 3549 ΒΙα,
591 3519 690 3544 iterata
704 3519 862 3545 resurrectio
876 3519 904 3550 F,
917 3519 950 3544 ab
963 3518 1097 3544 elementis
1109 3518 1269 3543 resurrectio

119 3568 123 3573 ι
138 3560 141 3563 '
170 3566 187 3574 ,ν
246 3572 254 3579 ,
271 3562 298 3580 a·

125 3606 128 3611 ·
165 3573 177 3584 ,
267 3589 293 3624 β)
311 3592 412 3615 nostra.
427 3605 448 3609 -
465 3590 526 3616 Om.
546 3591 575 3615 P.
594 3590 632 3615 Cf.
652 3595 697 3615 art.
717 3597 743 3615 ιν
760 3598 830 3622 corp.

1374 1528 1566 1574 Secundo,
1588 1529 1635 1565 ad
1654 1529 1745 1566 fidei
1773 1538 1923 1567 nostrae
1943 1531 2240 1571 instructionem.
2272 1535 2374 1582 Quia

1318 1591 1388 1629 per
1415 1580 1497 1619 eius
1520 1582 1836 1619 resurrectionem
1855 1583 2081 1622 confirmata
2109 1594 2163 1622 est
2181 1586 2277 1624 fides
2305 1600 2373 1625 no-

1320 1640 1394 1669 stra
1422 1633 1520 1670 circa
1548 1634 1783 1671 divinitatem
1812 1636 1966 1673 Christi:
1996 1637 2098 1686 quia,
2118 1647 2160 1675 ut
2186 1639 2322 1677 dicitur
2343 1642 2372 1677 11

1323 1685 1408 1722 Cor.
1429 1687 1495 1723 ult.
1515 1686 1555 1732 ³⁸,
1585 1689 1650 1723 etsi
1674 1689 1875 1735 crucifixus
1911 1695 1960 1725 est
1988 1702 2036 1726 ex
2063 1693 2272 1738 infirmitate
2309 1706 2372 1730 no·
2399 1706 2409 1717 ·

1317 1744 1393 1775 stra
1413 1737 1438 1785 β,
1464 1740 1529 1775 sed
1554 1741 1640 1777 vivit
1658 1752 1707 1776 ex
1724 1742 1854 1777 virtute
1873 1742 1955 1778 Dei.
1986 1737 2033 1778 Et
2051 1743 2137 1780 ideo
2157 1745 2170 1780 I
2190 1745 2275 1781 Cor.
2293 1757 2340 1782 xv
2353 1746 2374 1768 ’¹‘

1318 1790 1473 1828 dicitur:
1495 1793 1536 1828 Si
1551 1793 1713 1829 Christus
1733 1805 1806 1829 non
1827 1797 2040 1840 resurrexit,
2060 1797 2181 1832 inanis
2199 1803 2249 1834 est
2262 1810 2373 1847 prae-

1318 1843 1450 1880 dicatio
1488 1850 1631 1890 nostra,
1670 1847 1790 1881 inanis
1818 1852 1867 1882 est
1894 1852 1927 1882 et
1943 1847 2042 1894 fides
2080 1855 2214 1886 nostra.
2253 1850 2300 1886 Et
2334 1850 2373 1886 in

1318 1896 1472 1932 Psalmo
1487 1896 1523 1932 *z
1551 1898 1655 1938 Quae
1674 1898 1805 1934 utilitas
1824 1900 1891 1934 erit
1909 1900 1946 1935 in
1965 1902 2150 1949 sanguine
2167 1913 2262 1948 meo,
2279 1902 2375 1939 idest

1322 1962 1341 1981 «
1363 1949 1400 1984 in
1434 1948 1613 1997 effusione
1642 1952 1835 1999 sanguinis
1862 1953 1936 1987 mei
1955 1966 1989 1998 »‚
2018 1953 2105 1988 dum
2140 1954 2318 1992 descendo
2345 1960 2372 2001 Υ,

1322 2015 1340 2034 «
1363 2003 1468 2050 quasi
1488 2014 1561 2051 per
1588 2003 1764 2051 quosdam
1791 2004 1933 2052 gradus
1959 2005 2144 2042 malorum
2166 2021 2200 2052 »,
2229 2009 2266 2043 in
2295 2019 2373 2044 cor-

1319 2054 1557 2102 ruptionem?
1588 2069 1606 2087 <‹
1634 2055 1751 2096 Quasi
1775 2056 1890 2092 dicat.-
1915 2057 2043 2094 Nulla.
2073 2060 2114 2095 Si
2129 2060 2227 2095 enim
2253 2061 2373 2096 statim

1319 2108 1393 2142 no'n
1423 2118 1590 2156 resurgo,
1620 2113 1905 2157 corruptumque
1930 2110 2050 2156 fuerit
2077 2123 2210 2160 corpus
2237 2124 2372 2158 meum,

1319 2160 1459 2195 nemini
1475 2161 1714 2206 annuntiabo,
1735 2161 1876 2197 nullum
1895 2162 2070 2199 lucrabor
2085 2177 2123 2199 »ε
2144 2171 2186 2199 ut
2205 2164 2341 2201 Glossa
2353 2164 2373 2186 '¹‘

1318 2219 1484 2260 exponit.
1508 2229 1511 2232 ·

1371 2263 1514 2309 Tertio,
1544 2265 1592 2300 ad
1621 2265 1923 2302 sublevationem
1951 2274 2102 2304 nostrae
2130 2268 2222 2317 spei.
2258 2269 2370 2317 Quia,

1319 2317 1415 2353 dum
1443 2317 1619 2354 videmus
1648 2317 1843 2355 Christum
1862 2331 2066 2366 resurgere,
2087 2320 2154 2368 qui
2180 2329 2235 2357 est
2259 2331 2373 2370 caput

1319 2377 1494 2406 nostrum
1507 2399 1515 2415 ‚
1545 2382 1744 2418 speramus
1771 2379 1807 2407 et
1838 2383 1910 2407 nos
1942 2380 2227 2410 resurrecturos.
2261 2375 2372 2412 Unde

1319 2421 1456 2459 dicitur
1482 2424 1496 2459 I
1528 2423 1614 2460 Cor.
1635 2435 1683 2459 xv
1700 2423 1739 2460 *ε
1770 2425 1810 2460 Si
1830 2425 1993 2461 Christus
2011 2426 2252 2474 praedicatur
2276 2428 2375 2475 quod

1297 2477 1522 2521 >resurrexit
1548 2488 1572 2512 a
1600 2478 1768 2521 mortuis,
1798 2477 1979 2525 quomodo
2008 2478 2156 2526 quidam
2183 2479 2308 2515 dicunt
2333 2482 2370 2516 in

1319 2530 1421 2565 vobis
1457 2530 1631 2577 quoniam
1669 2530 1885 2566 resurrectio
1920 2535 2150 2567 mortuorum
2186 2543 2259 2568 non
2292 2532 2372 2568 est?

1320 2581 1368 2617 Et
1394 2582 1464 2618 Iob
1483 2593 1541 2617 xlx
1559 2580 1578 2602 '¹‘
1606 2580 1766 2618 diciturz.
1796 2583 1891 2627 Scio,
1920 2581 2056 2619 scilicet
2083 2595 2152 2631 per
2182 2583 2370 2621 certitudi-

1319 2645 1411 2670 nem
1439 2633 1542 2676 fidei,
1563 2634 1660 2682 quod
1685 2634 1911 2683 Redemptor
1929 2647 2041 2680 meus,
2062 2635 2157 2672 idest
2185 2636 2368 2683 Christus,
2411 2660 2413 2662 -

1319 2688 1422 2732 vivit,
1452 2699 1475 2723 a
1501 2686 1662 2723 mortuis
1690 2698 1903 2734 resurgens,
1937 2693 1970 2723 et
1997 2687 2083 2724 ideo
2111 2690 2147 2724 in
2177 2690 2371 2726 novissimo

1320 2739 1380 2776 die
1406 2739 1451 2775 de
1483 2745 1584 2776 terra
1619 2745 1849 2776 surrecturus
1881 2751 1982 2776 sum:
2009 2742 2165 2789 reposita
2199 2747 2249 2777 est
2281 2743 2372 2778 haec

1319 2804 1401 2841 spes
1428 2803 1512 2829 mea
1539 2795 1576 2828 in
1604 2794 1685 2828 sinu
1713 2804 1807 2828 meo.

1375 2845 1535 2891 Quarto,
1556 2844 1604 2880 ad
1633 2843 1940 2881 informationem
1967 2844 2066 2881 vitae
2093 2844 2286 2882 fidelium:
2315 2858 2371 2882 se-

1321 2897 1494 2934 cundum
1521 2896 1614 2933 illud
1641 2898 1750 2933 Rom.
1770 2908 1805 2933 Vl
1823 2896 1862 2932 *ε
1898 2897 2090 2939 Quomodo
2122 2898 2284 2934 Christus
2315 2904 2372 2935 re—
2399 2910 2409 2921 ·

1320 2951 1481 2986 surrexit
1509 2962 1531 2985 a
1559 2950 1711 2985 mortuis
1733 2961 1805 2997 per
1830 2949 1993 2998 gloriam
2018 2951 2150 2995 Patris,
2170 2951 2219 2986 ita
2246 2956 2280 2987 et
2307 2963 2373 2987 nos

1321 3004 1358 3038 in
1383 3004 1539 3039 novitate
1565 3003 1661 3038 vitae
1687 3002 1924 3038 ambulemus.
1954 3002 2002 3038 Et
2029 3001 2123 3038 infra
2141 3001 2178 3038 *t
2211 3003 2373 3040 Christus
2399 3013 2409 3023 ⁸

1322 3066 1520 3103 resurgens
1556 3066 1605 3090 ex
1640 3055 1792 3090 mortuis
1828 3055 1902 3090 iam
1940 3066 2013 3090 non
2048 3055 2226 3091 moritur:
2260 3057 2309 3092 ita¹
2341 3061 2374 3092 et

1319 3119 1384 3144 vos
1411 3107 1614 3143 existimate
1646 3111 1808 3142 mortuos
1836 3118 1912 3143 esse
1931 3112 2096 3155 peccato,
2125 3109 2282 3144 viventes
2308 3119 2373 3144 au-

1320 3165 1391 3196 tem
1421 3160 1512 3195 Deo.

1374 3210 1520 3257 Quinto
1533 3238 1542 3255 ‚
1584 3211 1632 3247 ad
1673 3212 2001 3259 complementum
2041 3219 2192 3249 nostrae
2232 3211 2371 3249 salutis.

1322 3263 1424 3310 Quia
1461 3263 1556 3300 sicut
1592 3270 1747 3312 propter
1781 3264 1855 3300 hoc
1885 3261 1898 3285 ὅ
1938 3265 2038 3300 mala
2074 3263 2250 3301 sustinuit
2289 3276 2373 3301 mo-

1321 3316 1456 3352 riendo
1484 3323 1526 3352 ut
1553 3327 1623 3352 nos
1660 3315 1832 3352 liberaret
1858 3328 1881 3352 a
1908 3315 2034 3362 malis,
2063 3316 2113 3353 ita
2144 3316 2373 3364 glorificatus

1322 3376 1378 3404 est
1405 3368 1638 3416 resurgendo
1663 3376 1704 3404 ut
1723 3380 1793 3405 nos
1820 3375 2065 3416 promoveret
2091 3369 2140 3406 ad
2167 3369 2288 3406 bona:
2317 3381 2373 3406 sez-

1374 3490 1390 3516 γ
1421 3482 1484 3508 dum
1503 3482 1639 3508 descendo.
1656 3496 1675 3500 —
1691 3483 1734 3507 EF
1754 3487 1779 3507 et
1796 3483 1883 3513 tertia;
1902 3483 2090 3508 descendendo.

1375 3482 1401 3551 &i
1418 3518 1486 3542 sicut
1500 3521 1613 3549 propter
1631 3517 1686 3551 hoc.
1700 3531 1719 3536 —-
1730 3517 1799 3543 sicut
1816 3516 1879 3551 (om.
1893 3517 1923 3551 F)
1939 3525 1989 3550 per
2001 3518 2048 3543 hoc
2061 3518 2132 3550 quod
2149 3526 2252 3548 omnes3
2273 3518 2293 3543 F
2306 3519 2376 3545 addit

1322 3557 1347 3578 et
1366 3553 1520 3578 humiliatus
1539 3556 1578 3578 est
1597 3559 1655 3586 post
1674 3553 1818 3582 moriendo,
1838 3558 1896 3577 ante
1915 3553 1976 3577 illud
1997 3553 2015 3577 Ρ
2035 3553 2104 3578 addit
2121 3553 2274 3580 humiliatus
2292 3558 2339 3579 est.

2308 283 2381 320 503

2403 823 2413 834 ⁸
2429 823 2475 850 Qu.
2490 829 2528 845 ιν.

2403 871 2413 881 ·
2428 870 2473 898 Qu.
2488 878 2534 894 ινι.

2425 1705 2489 1727 Vers.
2504 1713 2527 1732 4.

2402 1785 2411 1795 ⁸
2424 1783 2491 1805 Vers.
2507 1791 2540 1810 ¹4.

2401 1908 2411 1917 ⁸
2425 1906 2461 1927 Ps.
2476 1913 2535 1933 xxix,
2551 1913 2609 1928 vers.

2400 2169 2410 2180 ⁸
2423 2169 2523 2191 interlin.
2532 2185 2537 2195 ,
2553 2169 2612 2190 Ord.

2399 2196 2459 2223 Aug.
2477 2199 2499 2216 et
2513 2195 2595 2217 Lomb.

2400 2432 2410 2442 '⁹
2423 2431 2488 2453 Vers.
2507 2436 2536 2452 12.

2399 2586 2410 2596 ⁴
2422 2584 2489 2606 Vers.
2504 2591 2535 2613 ²5,
2551 2590 2583 2611 27.

2424 2908 2489 2931 Vers.
2503 2915 2526 2934 4.
2544 2904 2546 2907 ’

2426 3011 2490 3034 Vers.
2505 3017 2527 3039 9,
2545 3019 2576 3034 ιι.
