2872 3970
237 710 318 762 Qssssk
336 709 383 769 ξ’ἕρ
412 711 563 749 Christo
591 723 671 748 non
699 711 744 748 sit
772 711 1012 748 attribuenda
1039 711 1165 760 aliqua
1190 724 1256 748 na-

214 761 339 821 Astii&
365 761 533 815 §stivitas
551 763 782 813 temporalis.
803 765 924 801 Nasci
942 763 1046 800 enim
1066 770 1116 800 est
1133 766 1224 800 sicut
1239 769 1255 785 ‘¹

215 810 302 852 a*
310 810 402 850 ²321<
411 817 560 867 quidam
596 823 715 854 motus
743 818 799 853 rei
834 829 907 853 non
941 818 1123 854 existentis
1157 823 1256 854 ante-

203 883 313 922 quam
340 875 530 915 nascatur,
566 870 605 906 id
630 881 747 919 agens
773 871 950 917 beneficio
979 871 1190 915 nativitatis,
1219 875 1257 906 ut

121 923 127 972 ζ
153 937 167 962 ,·
201 925 245 962 sit
261 922 292 960 ²⁸.
322 923 399 960 Sed
418 921 592 959 Christus
609 922 658 958 ab
682 930 836 959 aeterno
859 921 938 959 fuit.
968 922 1069 969 Ergo
1089 934 1169 958 non
1187 933 1256 971 po-

149 989 152 991 ·
201 975 271 1014 tuit
297 974 553 1024 temporaliter
580 974 695 1011 nasci.

255 1039 290 1065 2.
319 1029 548 1069 PRAETEREA,
578 1026 670 1063 illud
698 1027 804 1075 quod
826 1034 881 1063 est
908 1027 948 1063 in
967 1039 1006 1063 se
1034 1027 1255 1076 perfectum,

125 1078 144 1122 ἴζ
202 1079 391 1118 nativitate
419 1091 499 1116 non
526 1079 678 1127 indiget.
708 1080 784 1116 Sed
812 1091 978 1128 persona
1005 1079 1088 1116 Filii
1109 1079 1181 1116 Dei
1208 1080 1256 1116 ab

201 1125 353 1171 aet'erno
380 1132 449 1169 fuit
475 1132 648 1181 perfecta.
679 1133 779 1180 Ergo
799 1144 880 1168 non
898 1131 1040 1180 indiget
1057 1132 1258 1181 temporali

201 1184 402 1224 nativitate.
431 1185 480 1221 Et
506 1184 557 1221 ita
583 1183 735 1221 videtur
761 1184 870 1233 quod‘
894 1193 974 1221 non
994 1185 1039 1221 sit
1066 1193 1257 1234 tempora-

120 1234 145 1268 ’ῗ
201 1236 283 1276 liter
307 1245 430 1274 natus.

129 1316 146 1339 5.
255 1290 290 1327 3.
318 1291 548 1333 PRAETEREA,
577 1288 751 1326 nativitas
778 1289 931 1339 proprie
950 1301 1138 1339 personae
1166 1302 1257 1326 con-

201 1342 314 1383 venit.
353 1342 429 1380 Sed
456 1342 496 1378 in
525 1341 676 1379 Christo
711 1350 860 1378 tantum
888 1350 943 1379 est
974 1355 1053 1379 una
1079 1354 1255 1392 persona.

134 1392 149 1441 ,ζ
170 1392 172 1395 ’
201 1387 302 1444 Ergo
330 1392 375 1432 ins
397 1395 548 1431 Christo
576 1401 725 1431 tantum
754 1402 808 1431 est
835 1403 916 1432 una
942 1395 1127 1432 nativitas.

117 1467 146 1498 -Jss
252 1459 290 1495 4·.
318 1448 555 1493 PRAETEREA,
591 1447 701 1496 quod
729 1446 881 1484 d‘uabus
908 1447 1164 1484 nativitatibus
1192 1459 1258 1493 na-

124 1502 162 1552 ἶ,
201 1498 326 1543 §eitum
354 1499 412 1536 bis
440 1499 616 1537 nascitur.
647 1500 723 1536 Sed
752 1501 847 1537 haec
873 1500 1025 1537 videtur
1048 1513 1130 1537 esse
1147 1501 1256 1537 falsa:

34 1583 36 1586 .
121 1547 182 1599 ’ἶ·,ῗῖ
204 1552 368 1591 caristus
393 1558 443 1589 est
469 1554 523 1590 bis
551 1558 667 1590 natus.
697 1552 800 1599 Quia
821 1552 994 1589 nativitas
1014 1552 1095 1590 eius
1114 1565 1192 1602 qua
1211 1553 1258 1590 de

19 1634 21 1642 ,
50 1606 56 1607 ’
116 1624 162 1646 22
201 1604 310 1643 Patre
328 1613 384 1642 est
402 1613 525 1652 natuS,
545 1605 862 1654 interruptionem
880 1617 960 1642 non
979 1605 1137 1655 patitur:
1168 1617 1260 1642 curnr

119 1675 147 1707 ,j
201 1654 249 1695 sit·
273 1665 435 1695 aeterna.
479 1658 599 1704 Quod*
625 1666 755 1694 tamen
782 1657 987 1707 requiritur
1013 1658 1066 1695 ad*
1090 1659 1166 1695 hoc
1194 1659 1255 1695 ad-

118 1707 162 1755 7²³?
201 1709 376 1748 stibium
395 1712 466 1747 bis:
484 1711 543 1747 ille
563 1710 666 1747 enim
685 1710 822 1747 dicitur
839 1710 897 1747 bis
911 1722 1062 1748 currere
1081 1710 1147 1760 qui
1167 1723 1261 1748 cum-

200 1755 473 1812 inemptione
501 1763 625 1800 currit.
656 1764 757 1811 Ergo
785 1763 936 1800 videtur
963 1764 1069 1812 quod
1089 1763 1128 1800 in
1149 1764 1258 1801 Chri-

121 1819 177 1855 «ῗ·’
201 1819 266 1853 ab·
286 1824 365 1852 non
393 1816 439 1852 sit
465 1816 646 1864 ponenda
673 1815 816 1864 duplex
843 1815 1027 1852 nativitas.

209 1868 331 1922 ’ᾔδειν
349 1878 493 1906 CONTRA
513 1879 578 1905 EST
605 1868 714 1917 quod·
735 1869 998 1905 Damascenus
1026 1868 1125 1915 dicit,
1146 1868 1185 1905 in
1213 1869 1258 1905 III

200 1914 351 1960 libret:
385 1923 614 1969 Confitentur
635 1920 770 1958 Christi
786 1921 877 1958 duas
896 1923 1118 1958 nativitates.-
1145 1930 1258 1958 unam

201 1976 295 2024 fiee
321 1979 372 2011 est
398 1986 447 2011 ex
472 1975 602 2020 Patre,
630 1979 843 2018 aeternam;
880 1979 914 2010 et
940 1985 1054 2011 unam
1088 1983 1183 2023 quae
1209 1980 1262 2011 est

134 2030 152 2051 '²
201 2028 239 2064 in
266 2026 401 2064 ultimis
426 2028 651 2075 temporibus
671 2028 827 2076 propter
855 2035 931 2063 nos.

210 2080 476 2127 23‚.÷Respomzo
505 2090 687 2116 memnon
714 2079 832 2128 quod,
862 2079 958 2116 sicut
986 2079 1131 2118 dictum
1159 2088 1215 2116 est
1227 2079 1257 2126 ²¹⁵,

127 2174 145 2179 Δ,
202 2135 336 2170 ruitura
359 2138 605 2181 compara-tur
623 2132 671 2168 ad
690 2132 925 2168 nativitatem
953 2131 1048 2169 sicut
1074 2132 1259 2168 terminus

202 2185 433 2223 aarmotum·
456 2185 518 2221 vel
541 2184 806 2221 mutationem.
835 2185 967 2221 Motus
986 2191 1116 2221 autern
1135 2185 1265 2221 diver-¹

125 2246 174 2286 “gg
203 2237 368 2275 §fleatur
395 2237 609 2274 secundum
637 2237 897 2274 diversitatemv
919 2237 1188 2274 terminorum:
1219 2245 1261 2274 ut

126 2293 179 2328 2...
202 2292 305 2340 &Pet
325 2297 395 2339 p‘er
412 2288 707 2339 Philosophum,
727 2290 767 2326 in
785 2291 821 2327 V
838 2291 985 2338 Physic.
1001 2289 1021 2311 '¹‘
1039 2291 1081 2326 In
1108 2290 1259 2327 Christo

42 2369 70 2391 ,χ
130 2337 154 2372 Ψ
202 2348 332 2381 autem
349 2350 404 2380 est
421 2343 563 2392 duplex
582 2350 718 2380 natura
736 2342 761 2389 β,
791 2354 958 2392 quarum
977 2354 1097 2379 unam
1116 2343 1261 2392 accepit

61 2410 66 2412 ·
164 2443 165 2446 Ἴ
203 2395 261 2434 ab
277 2403 437 2433 aeterno·
460 2408 483 2433 a
510 2396 630 2442 Patre,
660 2397 816 2432 alteram
837 2403 967 2432 autern
995 2396 1140 2444 accepit
1165 2404 1263 2433 tem-⁷

52 2472 59 2495 ς
202 2448 385 2500 pot-alit&
406 2460 429 2485 a
455 2455 587 2486 matre.
617 2449 665 2485 Et
688 2448 775 2486 ideo
803 2459 960 2485 necesse
977 2456 1032 2484 est
1057 2449 1260 2485 attribuere

52 2510 58 2550 '.
108 2503 149 2545 ,ᾗ
205 2500 355 2539 Christo
382 2501 481 2538 duas·
506 2501 736 2538 nativitates:
773 2512 894 2538 unam
921 2513 999 2550 qua
1026 2502 1262 2538 aeternaliter

59 2557 71 2584 ῖ·
203 2560 320 2592 mnus
340 2561 398 2591 est
423 2566 446 2591 a
473 2555 593 2602 Patre,
614 2555 728 2592 aliam
756 2562 834 2604 qua
861 2553 1119 2604 temporaliter
1148 2562 1263 2592 natus

126 2609 133 2616 '
205 2614 259 2644 est
285 2619 308 2644 a
334 2614 466 2644 matre.

257 2661 313 2697 AEn
341 2670 475 2697 Palmum
503 2668 601 2698 ERGO
629 2668 811 2698 DicENDU'M
839 2660 949 2709 quod
975 2659 1070 2696 haec
1096 2660 1165 2697 fuit
1193 2660 1260 2697 ob-

122 2711 129 2756 ζ
204 2706 321 2750 faeti&
341 2712 542 2750 cuiusdam·
560 2713 742 2751 Feliciani
758 2713 953 2750 haeretici:
983 2720 1102 2762 quam
1130 2714 1260 2761 Augu-

205 2764 340 2811 sanus,
373 2765 417 2802 i⁴n¹
440 2765 536 2803 libro
568 2772 698 2803 contra
725 2766 960 2803 Felicianum‘
980 2766 1015 2812 ²¹⁸,
1050 2765 1102 2802 sic
1137 2765 1259 2803 solvit.

62 2827 64 2830 ’
203 2818 429 2868 Fingamus,
462 2818 601 2867 inquit,
629 2821 725 2856 sicut
741 2819 911 2868 plerique
937 2819 1082 2864 volunt,
1119 2831 1195 2856 esse
1221 2820 1264 2856 inv

134 2875 146 2917 9
204 2871 340 2908 mundo
358 2873 525 2909 animam
543 2872 770 2921 generalem,
787 2884 881 2920 quae
898 2873 950 2908 sic
969 2871 1149 2920 ineffabili
1161 2878 1261 2908 motu

203 2925 343 2961 semina
369 2930 502 2961 cuncta
528 2926 684 2972 vivificet
719 2930 757 2961 ut
789 2937 862 2961 non
894 2926 939 2961 sit
970 2930 1142 2961 concreta
1177 2936 1261 2961 cum

138 3047 146 3069 g
257 3035 285 3070 α)
301 3037 377 3064 sicut.
394 3051 414 3056 -
432 3038 502 3062 velut
515 3037 554 3062 Pl.
574 3037 624 3061 Pro
642 3037 791 3066 existentis,
810 3038 931 3062 extantis
945 3038 1034 3066 PHlb,·
1051 3041 1195 3070 antequam
1215 3045 1263 3062 na-

205 3074 295 3106 tentur
311 3080 365 3098 om.
383 3073 482 3102 (ΖΒΕ-ι,-
501 3079 548 3104 pro
566 3072 595 3097 id
612 3079 704 3104 agens,
723 3079 806 3105 agens
824 3073 895 3104 ΑρΕ,
909 3073 947 3097 ad
958 3080 1042 3106 agens
1056 3073 1084 3102 C.
1098 3074 1170 3105 quod-
1180 3080 1263 3106 agens

205 3102 236 3139 D,
247 3109 326 3141 egens
339 3108 383 3138 sE,
396 3108 462 3132 illud
475 3107 581 3140 agentis
592 3103 621 3138 F,
633 3107 671 3131 ad
688 3114 767 3139 quam
785 3114 869 3140 agens
887 3108 1024 3140 (beneflcio
1043 3108 1192 3133 nativitatis
1205 3107 1264 3141 agit

207 3144 237 3194 a?
252 3140 463 3219 ἰβΐῆυεῗέἶάἶῷἱεκ
483 3180 591 3202 natura.
608 3191 627 3195 -
643 3179 707 3202 sunt
725 3173 794 3202 duae
812 3181 926 3202 naturae
944 3177 1039 3202 divina·
1054 3173 1154 3202 scilicet
1171 3181 1198 3202 et
1215 3178 1264 3202 hu-

222 3216 409 3316 ἀάχψᾶῐΞῃ-ῩΙ
432 3252 458 3272 et
481 3247 621 3278 editiones;
646 3247 693 3272 sic.
718 3248 784 3272 Ante
809 3254 876 3272 unus
891 3247 979 3272 bomo
1002 3248 1054 3279 sE,
1076 3253 1137 3280 post
1160 3248 1222 3272 illud
1241 3247 1262 3272 F

206 3288 223 3311 a
256 3287 303 3308 unt
338 3286 358 3310 t.

210 3570 303 3600 ms
323 3573 372 3600 est
391 3577 414 3601 a
433 3575 544 3602 matre:
568 3571 731 3601 Probatur.
763 3571 798 3601 In
822 3570 948 3601 Christo
971 3576 1044 3600 sunt
1067 3569 1148 3601 duae
1170 3576 1261 3601 natu-

330 3630 456 3656 ,δοκιιπ
474 3632 576 3657 Tium..
590 3632 622 3658 D.
641 3632 757 3657 Tnmmss
776 3631 808 3657 T.
823 3631 890 3657 Vlll.

874 286 1136 333 QUAESTIO
1166 287 1329 335 XXXV,-
1360 287 1650 324 ARTICULUS
1678 288 1710 324 Π

2294 284 2373 326 353

958 410 1275 452 ARTICULUS
1306 411 1603 453 SECUNDUS

519 500 675 534 UTRUM
699 499 887 532 CHRISTO
911 501 977 532 SIT
1001 500 1313 533 ATTRIBUENDA
1335 503 1500 540 ALIQUA
1523 503 1756 534 NATIVITAS
1779 504 2053 536 TEMPORALIS

599 580 630 606 111
650 580 732 610 Sent„
752 580 810 606 dist.
828 587 888 611 vur,¹
902 585 947 606 art.
967 587 998 612 4;
1020 581 1060 605 De
1083 581 1178 606 Union.
1203 581 1284 610 Verb.‚
1304 586 1351 606 art.
1372 588 1395 612 2,
1415 581 1446 605 ad
1467 580 1512 612 ι6;
1534 581 1677 613 Compend.
1700 581 1796 611 neat„
1818 589 1872 614 cap.
1891 588 1968 607 ccxlv.

229 682 236 693 ,
273 677 293 690 s
320 680 388 717 '²²3'
418 676 427 694 ·
447 671 635 697 SECUNDUM
649 671 701 696 s1c
720 668 954 696 PRocEDrrUR.
974 658 1135 696 Videtur
1149 659 1255 708 quod
1307 662 1452 709 genitis,
1480 660 1546 696 sed
1569 662 1683 698 vitam
1699 666 1862 709 praestet
1889 662 1969 710 ipsa
1985 663 2195 711 gignendis.
2224 664 2373 712 Nempe

1309 724 1393 748 cum
1421 713 1513 749 haec
1536 714 1572 748 in
1593 719 1750 758 uterum,
1772 715 1985 762 passibilem
2005 716 2199 751 materiam
2219 716 2270 752 ad
2287 728 2372 752 usus

1307 776 1392 801 suos
1408 765 1642 812 formatura,
1664 767 1887 814 pervenerit,
1913 775 2026 803 unam
2036 768 2135 815 facit
2152 779 2276 804 secum
2296 780 2372 805 esse

1303 829 1507 866 personam
1535 819 1611 854 eius
1636 819 1701 864 rei,
1722 830 1833 867 quam
1863 831 1936 855 non
1965 814 2119 856 eandem
2143 826 2282 857 constat
2308 822 2371 858 ha-

1309 871 1396 906 bere
1422 872 1682 916 substantiam,
1712 876 1752 921 et*
1761 873 1811 919 fit
1829 876 1860 917 Ὺ,
1890 878 2067 920 operante
2093 875 2220 910 anima
2249 879 2281 910 et
2302 886 2370 922 pa-

1309 923 1417 958 tiente
1443 925 1618 968 materia,
1647 931 1697 959 ex
1723 923 1865 960 duabus
1891 927 2097 961 substantiis
2125 938 2220 962 unus
2246 928 2369 963 lzomo.

1310 976 1441 1023 Sicque
1468 977 1634 1011 animam
1662 978 1766 1012 nasci
1772 977 1943 1023 fatemur
1961 989 2010 1013 ex
2029 984 2151 1014 utero.-
2178 991 2251 1014 non
2272 981 2370 1027 quia,

1310 1033 1507 1076 antequam
1536 1034 1758 1074 nasceretur,
1789 1035 1965 1077 quantum
1993 1031 2044 1066 ad
2063 1043 2102 1066 se
2129 1033 2263 1077 attinet,
2293 1033 2371 1080 ipsa

1304 1081 1451 1128 penitus
1470 1092 1544 1116 non
1554 1081 1698 1127 fuisset.
1719 1082 1779 1117 Sic
1797 1093 1903 1130 ergo,
1919 1084 2032 1119 immo
2048 1084 2249 1129 sublimius,
2266 1090 2372 1120 natus

1310 1138 1361 1168 est
1379 1130 1392 1153 ὅ
1419 1133 1535 1169 Filius
1553 1134 1626 1168 Dei
1650 1134 1851 1175 secundum
1870 1136 2069 1180 hominem,
2098 1147 2141 1171 eo
2159 1142 2271 1184 pacto
2299 1149 2371 1185 quo

1310 1193 1399 1221 cum
1423 1195 1581 1234 corpore
1608 1187 1712 1238 nasci
1738 1186 1888 1222 docetur
1918 1193 1951 1222 et
1978 1189 2146 1223 animus.-
2183 1201 2256 1224 non
2286 1191 2371 1237 quia

1310 1239 1498 1286 utriusque
1523 1239 1567 1274 sit
1594 1250 1670 1274 una
1697 1240 1911 1284 substantia,
1939 1240 2004 1275 sed
2030 1242 2115 1288 quia
2143 1252 2192 1277 ex
2219 1247 2372 1289 utraque

1299 1291 1351 1337 fit
1378 1303 1453 1326 una
1466 1302 1641 1339 persona.
1670 1291 1760 1327 Non
1780 1297 1902 1327 tamen
1931 1293 1978 1328 ab
1997 1293 2067 1328 hoc
2085 1294 2284 1341 incoepisse
2307 1295 2371 1329 ini-

1310 1345 1360 1379 tio
1379 1348 1391 1363 ²
1420 1343 1574 1379 dicimus
1603 1344 1674 1379 Dei
1699 1343 1859 1380 Filium:
1895 1356 1942 1380 ne
1972 1346 2213 1393 temporalem
2247 1347 2372 1382 credat

1311 1396 1442 1444 aliquis
1470 1395 1705 1432 divinitatem.
1734 1396 1829 1432 Non‘
1854 1398 1905 1433 ab
1920 1402 2071 1433 aeterno
2098 1398 2188 1434 Filii
2210 1399 2283 1434 Dei
2310 1410 2371 1435 no-

1311 1450 1430 1486 vimus
1449 1459 1620 1485 carnem:
1639 1461 1686 1484 ne
1705 1460 1778 1485 non
1798 1450 1990 1486 veritatem
2006 1451 2162 1486 Humani
2174 1452 2340 1500 corporis
2347 1450 2370 1498 t,

1310 1502 1376 1538 sed
1402 1501 1589 1554 quandam
1618 1511 1702 1537 eum
1729 1503 1927 1551 suscepisse
1957 1508 2129 1551 putemus
2156 1504 2370 1553 imaginem.

1365 1555 1422 1590 AD
1446 1564 1635 1591 SECUNDUM
1653 1564 1835 1591 D1CENDUM
1855 1555 1960 1603 quod
1981 1556 2076 1591 haec
2094 1555 2163 1592 fuit
2181 1556 2275 1593 ratio
2294 1557 2372 1592 Ne-

1313 1606 1433 1643 storii:
1455 1619 1574 1655 quarn
1593 1606 1704 1643 solvit
1720 1606 1894 1658 Cyrillus,
1914 1607 1954 1644 in
1973 1607 2142 1656 quadam
2157 1608 2327 1657 Epistola
2341 1608 2371 1655 *,

1312 1659 1462 1696 dicens:
1499 1658 1589 1696 Non
1618 1659 1773 1695 dicimus
1805 1660 1904 1708 quod
1933 1661 2049 1697 Filius
2074 1658 2149 1696 Dei
2174 1658 2378 1711 indiguerit

1313 1713 1519 1748 necessario
1541 1718 1697 1761 propter
1714 1723 1753 1748 se
1778 1713 1943 1749 secunda
1968 1714 2163 1758 nativitate,
2187 1720 2271 1762 post
2290 1724 2372 1750 eam

1313 1776 1411 1814 quae
1434 1774 1483 1801 ex
1509 1764 1621 1801 Patre
1648 1770 1719 1800 est:
1751 1770 1802 1801 est
1828 1766 1926 1801 enim
1944 1765 2098 1812 fatuum
2127 1771 2160 1801 et
2187 1766 2375 1803 indoctum

1312 1819 1524 1854 existentem
1544 1822 1629 1853 ante
1647 1818 1774 1853 omnia
1791 1817 1951 1863 saecula,
1980 1824 2015 1853 et
2040 1820 2374 1867 consempiternum

1312 1871 1427 1915 Patri,
1457 1870 1625 1918 indigere
1652 1869 1776 1905 dicere
1803 1871 1905 1905 initio
1933 1875 1971 1905 ut
1997 1872 2041 1906 sit
2066 1871 2237 1907 secundo.
2278 1871 2373 1913 Quo·-

1313 1924 1415 1959 niam
1444 1927 1578 1967 autem,
1601 1927 1757 1971 propter
1784 1932 1862 1968 nos,
1891 1927 1927 1958 et
1945 1927 2101 1972 propter
2127 1929 2290 1959 nostram
2317 1937 2373 1960 sa-

1312 1974 1435 2022 lutem,
1465 1976 1595 2011 uniens
1611 1975 1681 2012 sibi
1697 1975 1900 2011 secundum
1916 1977 2181 2012 subsistentiam
2210 1977 2308 2025 quod
2324 1978 2379 2013 est'

1313 2028 1538 2073 humanum,
1571 2028 1750 2076 processit
1781 2039 1830 2064 ex
1856 2027 2029 2074 muliere,
2066 2029 2112 2064 ob
2139 2030 2210 2065 hoc
2243 2029 2375 2066 dicitur

1314 2082 1419 2117 nasci
1443 2080 1655 2117 carnaliter.

1366 2132 1424 2179 Ab
1451 2143 1610 2169 TERTIUM
1637 2144 1818 2169 DicENDUM
1854 2132 1959 2180 quod
1995 2132 2168 2170 nativitas
2204 2142 2259 2170 est
2289 2147 2373 2183 per-

1313 2197 1430 2222 sonae
1463 2193 1505 2222 ut
1537 2184 1715 2231 subiecti,
1751 2192 1908 2221 naturae
1937 2193 2066 2222 autem
2102 2193 2144 2222 ut
2171 2187 2323 2224 termini
2341 2188 2371 2224 ³¹⁶.

1291 2234 1301 2240 ⁴*
1314 2237 1496 2275 possibile
1522 2245 1577 2273 est
1602 2244 1731 2274 autem
1750 2237 1818 2273 uni
1838 2237 2008 2274 subiecto
2036 2233 2168 2286 plures
2183 2246 2372 2277 transmu-

1313 2291 1474 2328 tationes
1502 2290 1645 2326 inesse:
1685 2301 1780 2338 quas
1808 2297 1937 2326 tamen
1972 2300 2132 2327 necesse*
2155 2299 2210 2328 est
2238 2301 2372 2329 secun-

1314 2345 1410 2381 dum
1437 2342 1621 2379 terminos
1648 2340 1795 2379 variari.
1826 2342 1944 2389 Quod
1963 2350 2091 2379 tamen
2111 2355 2191 2380 non
2210 2343 2377 2382 dicimus*

1315 2396 1424 2446 quasi
1443 2403 1595 2433 aeterna
1609 2395 1782 2431 nativitas
1803 2394 1848 2431 sit
1865 2395 2129 2432 transmutatio
2145 2404 2210 2432 aut
2223 2404 2370 2434 motus:

1315 2450 1385 2486 sed
1410 2449 1502 2498 quia·
1528 2447 1759 2496 significatur
1785 2460 1854 2496 per
1881 2448 2046 2484 modum
2068 2448 2288 2485 mutationis
2308 2458 2374 2487 aut

1315 2509 1456 2539 motus.

1368 2556 1424 2591 AD
1449 2565 1620 2596 QUARTUM
1638 2565 1819 2590 DICENDUM
1839 2553 1945 2601 quod
1967 2553 2138 2590 Christus
2157 2561 2280 2602 potest
2298 2554 2372 2592 dici

1314 2607 1372 2644 bis
1391 2615 1513 2653 natus,
1543 2607 1755 2643 secundum
1777 2606 1873 2642 duas
1892 2606 2113 2643 nativitates.
2144 2606 2248 2644 Sicut
2267 2606 2373 2644 enim·

1315 2660 1451 2698 dicitur
1478 2659 1536 2696 bis
1555 2671 1706 2696 currere
1729 2658 1796 2707 qui
1815 2658 1931 2695 currit
1948 2658 2102 2696 duobus
2121 2659 2369 2708 temporibus,

1315 2713 1365 2750 ita
1392 2720 1516 2762 potest
1543 2711 1617 2749 dici
1639 2711 1697 2748 bis
1716 2711 1822 2747 nasci
1847 2711 1914 2760 qui
1933 2713 2050 2748 semel
2069 2712 2235 2748 nascitur
2252 2711 2291 2748 in
2311 2724 2371 2749 ae-

1315 2765 1503 2812 ternitate,
1540 2772 1576 2801 et
1604 2765 1722 2800 semel
1749 2763 1788 2800 in
1816 2771 2008 2812 ternpore:
2052 2764 2141 2813 quia
2174 2764 2371 2801 aeternitas

1317 2826 1354 2855 et
1377 2818 1674 2867 tempus-multo
1694 2816 1814 2864 magis
1833 2816 2014 2852 differunt
2041 2823 2159 2865 quam
2178 2817 2257 2853 duo
2277 2816 2371 2854 t'em-

1317 2883 1422 2920 pora,
1451 2882 1542 2907 cum
1570 2878 1698 2906 tamen
1726 2876 1934 2917 utrumque
1963 2869 2130 2916 designet
2149 2881 2371 2907 mensuram

1316 2923 1537 2960 durationis.

1369 3036 1393 3070 ὃ)
1414 3040 1492 3061 natus
1510 3039 1557 3061 est.
1575 3050 1594 3054 -
1612 3035 1645 3060 de
1664 3038 1750 3059 matre
1771 3035 1868 3059 addunt
1886 3035 1906 3058 F
1926 3039 1951 3058 et
1970 3034 2050 3060 tertia.
2065 3049 2084 3052 —
2102 3035 2152 3059 Pro
2170 3038 2197 3060 et
2213 3035 2326 3064 animus,
2347 3039 2373 3060 et

1315 3073 1385 3097 alius
1403 3071 1516 3104 BEFpC.

1369 3109 1390 3140 ε)
1410 3107 1442 3131 ab
1461 3107 1510 3131 hoc
1529 3105 1671 3137 incoepisse
1689 3105 1774 3130 initio.
1787 3119 1806 3123 —
1825 3105 1906 3135 Hlbc;
1924 3105 1955 3129 ob
1975 3104 2023 3129 hoc
2041 3105 2183 3137 incoepisse
2201 3106 2227 3130 in
2248 3105 2324 3130 initio
2342 3102 2371 3136 F,

1315 3142 1347 3166 ab
1368 3141 1444 3166 initio
1462 3141 1551 3166 carnis
1574 3140 1716 3172 incoepisse
1736 3140 1763 3169 Ρ,
1783 3140 1815 3164 ob
1834 3138 1882 3172 (ad
1900 3139 1934 3173 G)
1954 3139 2002 3164 hoc
2026 3140 2168 3172 incoepisse
2191 3140 2268 3165 initio
2287 3141 2372 3166 ceteri.

1368 3176 1393 3210 ζ)
1413 3176 1524 3201 humani
1546 3176 1674 3207 corporis.
1692 3189 1711 3194 —
1728 3175 1748 3199 F
1768 3180 1793 3199 et
1811 3175 1882 3200 tertia
1901 3180 2003 3207 praeter
2022 3176 2060 3206 H;
2084 3176 2227 3200 humanam
2251 3175 2374 3207 corporis

1314 3213 1393 3243 ΑΒΗ,
1405 3211 1556 3236 Ιηυηαὶιαηι
1568 3211 1661 3236 CDEa.

873 3359 1205 3392 Commentaria
1228 3359 1478 3392 Cardinalis
1500 3355 1700 3391 Caietani

357 3445 371 3470 s
387 3440 497 3470 clarus.
512 3458 535 3462 -
558 3436 593 3470 In
610 3446 744 3480 corpore
766 3447 830 3470 una
853 3444 900 3469 est
919 3439 1100 3469 conclusio:
1126 3438 1263 3469 Necesse
1315 3443 1376 3474 r'ae,
1401 3447 1536 3478 quarum
1559 3447 1656 3469 unam
1680 3439 1718 3468 ab
1742 3443 1869 3469 aeterno
1894 3448 1912 3468 a
1934 3438 2037 3473 Patre,
2062 3438 2189 3468 alteram
2212 3443 2372 3479 tempora·-

267 3484 319 3513 est'
345 3481 475 3514 Christo*
509 3483 683 3514 attriBuere
715 3483 796 3514 duas
828 3483 1030 3513 nativitates:
1066 3492 1163 3512 unam
1198 3488 1267 3524 qua*
1315 3483 1384 3512 liter
1407 3492 1424 3512 a
1447 3489 1546 3513 matre
1568 3483 1671 3513 habet.
1696 3482 1780 3522 Ergo
1805 3482 1931 3513 Christo
1956 3481 2170 3512 attribuendae
2193 3480 2267 3512 sunt
2289 3482 2372 3513 duae

209 3526 414 3558 metirer
441 3531 535 3561 natus
563 3532 610 3558 est
631 3536 652 3558 a
674 3528 786 3563 Patre,
819 3527 917 3557 aliam
950 3536 1016 3567 qua
1044 3526 1262 3566 temporaliter
1315 3526 1500 3562 nativitates,
1518 3531 1576 3556 etc.

1370 3570 1570 3601 Antecedens
1586 3580 1623 3600 ex
1638 3569 1711 3601 fide.
1732 3589 1755 3592 —
1779 3569 2016 3610 Consequentia
2032 3570 2191 3610 probatur.
2216 3569 2300 3607 Quia
2315 3579 2371 3600 na-

2195 3630 2228 3661 45

2401 1609 2410 1619 ·
2419 1608 2453 1631 Cf.
2462 1609 2511 1630 Act.
2521 1608 2609 1630 Concu.

2398 1635 2497 1662 Ephem,
2513 1639 2569 1662 part.
2585 1635 2612 1663 1,

2399 1667 2449 1688 cap.
2465 1667 2512 1683 vm.

2400 2189 2410 2200 ⁸
2425 2189 2460 2211 Cf.
2481 2193 2522 2211 art.
2546 2195 2612 2216 prae-

2399 2216 2448 2237 ced.
