2872 3970
142 2456 154 2465 ⁸
169 2453 224 2480 Cap.
240 2458 262 2473 x.

390 244 441 291 46
1110 242 1374 289 QUAESTIO
1403 242 1452 288 11,
1482 241 1774 278 ARTICULUS
1801 242 1853 278 lx

389 323 524 358 homini,
550 331 617 352 esse
639 321 725 352 idem
748 322 823 352 huic
846 321 1043 351 humanitati.
1068 320 1108 350 Et
1131 319 1204 350 ideo
1228 329 1295 350 non
1315 324 1451 358 oportet,

389 372 574 397 remanente
598 367 793 396 humanitate
817 366 892 401 hac,
924 365 949 395 si
973 364 1198 399 dimitteretur,
1228 372 1391 393 remanere
1421 362 1453 392 id

391 410 480 450 quod
501 416 550 445 rest
572 409 659 440 idem
682 410 757 440 huic
780 410 920 439 homini:
946 409 1039 448 quale
1064 413 1110 438 est
1133 417 1200 438 esse
1223 407 1389 437 hominem
1404 407 1452 436 in-

389 459 522 484 ventum
545 454 579 484 in
602 454 665 484 hoc
688 454 820 484 homine
844 454 900 493 qui
923 458 970 482 est
993 452 1145 482 Christus.

444 498 513 528 XV.
538 498 579 528 Et
608 499 687 528 haec
711 498 793 528 dicta
820 498 882 527 sint
911 495 1077 536 loquendo
1102 495 1141 525 de
1170 495 1307 525 termino
1331 503 1452 524 assum-

388 542 509 581 ptionis
532 541 711 572 secundum
733 551 818 576 rem,
842 541 906 571 hoc
929 546 990 575 est,
1016 539 1149 569 actionis
1173 544 1204 569 et
1226 538 1381 578 passionis
1404 539 1452 568 in-

389 586 533 616 tellectae
556 595 612 625 per
635 595 756 616 nomen
779 584 1015 623 assumptionis.
1040 583 1123 613 Nam
1145 581 1312 622 loquendo
1336 581 1375 612 de
1391 587 1452 612 ter-

388 630 479 660 mino
503 630 729 669 assumptionis
752 634 788 659 ut
809 629 999 668 importatur
1020 627 1053 657 in
1077 626 1236 656 vocabulo
1260 625 1452 661 assumendi,

389 674 516 704 remitto
541 679 571 703 te
595 673 635 703 ad
653 673 798 708 litteram,
824 671 913 712 quod
928 677 1039 701 natura
1055 671 1195 700 humana
1218 675 1264 700 est
1288 675 1323 699 ut
1345 669 1452 699 termi-

388 727 450 748 nus
474 727 491 747 a
515 727 599 756 quo,
624 722 655 747 et
678 726 814 756 persona
837 715 943 746 divina
973 720 1019 745 est
1042 720 1078 744 ut
1100 714 1254 744 terminus
1281 713 1320 743 ad
1343 722 1451 753 quem.

389 761 481 799 Quae
505 761 578 791 ideo
601 770 660 800 pro
684 760 812 790 novitiis
835 759 967 789 dixerim
990 764 1026 788 ut
1048 767 1115 788 non
1138 763 1252 797 putent
1275 756 1452 787 doctrinam

389 805 494 835 datam
518 815 535 834 a
558 805 660 834 verbis
683 804 832 834 Auctoris
859 802 1052 842 discrepare:
1085 801 1140 831 sed
1171 800 1334 831 attendant
1365 800 1454 840 quod

1507 318 1686 350 secundum
1700 320 1801 350 varias
1825 319 2094 350 considerationes
2110 320 2194 350 varie
2218 320 2367 359 assignari
2389 324 2495 359 potest
2509 325 2571 350 ter-

1506 363 1623 392 minus.
1655 363 1722 393 Nos
1745 369 1853 394 autem
1875 363 1916 394 ad
1937 373 2006 394 rem
2029 365 2257 404 spectavimus:
2286 369 2323 394 ut
2345 363 2464 394 actioni
2485 363 2570 399 reali,

1508 412 1539 436 et
1562 406 1688 437 effectui
1711 412 1776 438 tam
1800 407 1983 443 excellenti,
2013 417 2109 438 suum
2131 408 2299 447 proprium
2322 416 2359 438 ac
2381 407 2486 447 primo
2509 413 2571 438 ter-

1506 450 1633 480 minum
1655 451 1689 480 in
1712 460 1745 481 re
1767 451 1885 481 realem
1908 452 2149 492 assignaremus.
2184 451 2225 481 Et
2247 451 2321 481 licet
2348 460 2416 481 non
2437 449 2571 482 manife-

1507 495 1694 524 staverimus
1717 494 1886 534 quomodo
1906 494 1996 535 quod
2011 494 2132 526 dictum
2149 500 2205 531 est,
2221 495 2276 531 sit3
2301 493 2571 525 manifestavimus

1507 543 1614 568 tamen
1638 547 1676 568 ex
1691 537 1766 568 fidei
1781 538 1926 569 doctrina
1941 538 2031 579 quod
2045 539 2089 569 ita
2104 545 2160 570 est.
2183 539 2225 569 Et
2239 539 2303 569 hoc
2319 537 2463 569 sufficere
2478 537 2572 569 debet

1506 582 1540 612 in
1563 586 1653 612 tanto
1675 583 1846 622 mysteri03
1871 582 1975 622 quod,
1998 588 2035 613 ut
2056 583 2256 623 Augustinus
2279 581 2354 612 dicit
2369 581 2396 618 *,
2419 581 2448 613 si
2471 581 2571 613 ratio-

1507 635 1578 655 nem
1601 625 1739 662 haberet,
1764 635 1829 656 non
1845 631 1926 657 esset
1941 626 2151 663 admirabile,·
2173 631 2204 657 et
2225 626 2254 657 si
2276 625 2456 666 exemplum
2477 625 2572 657 habe-

1507 674 1565 705 ret,
1590 679 1655 700 non
1672 674 1754 700 esset
1766 670 1946 711 singulare.
1970 670 2011 701 Et
2025 670 2100 701 ideo
2117 675 2210 702 caute
2225 669 2372 710 exempla
2386 669 2571 709 accipienda

1507 718 1598 743 sunt:
1630 719 1666 743 ut
1689 713 1809 744 scilicet
1831 719 2010 754 utcumque
2031 714 2246 754 percipiamus
2267 714 2410 754 mysterii
2432 712 2571 744 altitudi-

1507 765 1594 792 nem,
1617 766 1678 788 nec
1700 758 1871 788 metiamur
1888 757 1968 788 illud
1989 758 2108 789 viribus
2130 757 2286 798 ingenioli
2307 757 2450 788 humani.

1207 937 1527 979 ARTICULUS
1558 937 1758 979 NONUS

806 1030 963 1061 UTRUM
987 1030 1093 1062 UNlo
1108 1030 1304 1061 oUARUM
1332 1029 1610 1061 NATURARUM
1634 1030 1700 1060 Sir
1725 1029 1899 1063 MAxiMA
1927 1029 2132 1061 UNioNUM

1189 1109 1220 1134 111
1240 1110 1324 1140 Sem„
1343 1109 1402 1135 dist.
1420 1116 1444 1139 v.
1464 1117 1508 1142 qu.
1527 1116 1545 1140 1,
1565 1114 1613 1135 art.
1634 1115 1656 1140 ι,
1675 1109 1725 1142 qu·
1746 1116 1769 1135 2.

518 1205 576 1251 m<
599 1195 621 1219 D
650 1193 777 1219 NONUM
805 1193 858 1218 s1c
886 1193 1121 1219 PRocam‘rUR.
1155 1180 1316 1218 Videtur
1343 1181 1449 1230 quod
1504 1188 1560 1217 ter
1587 1180 1678 1218 alias
1706 1179 1890 1218 uniones:
1921 1192 2014 1218 nam
2041 1179 2167 1218 unitas
2187 1192 2376 1230 personae
2404 1179 2569 1225 divinae,

417 1229 424 1241 '
442 1227 463 1240 ”
514 1225 579 1286 ’ζῆ
600 1234 693 1272 unio
713 1235 880 1271 duarum
909 1241 1135 1271 naturarum
1155 1239 1173 1255 ²
1200 1246 1281 1271 non
1300 1233 1346 1270 sit
1372 1246 1450 1270 ma-

425 1324 428 1334 ,
452 1274 703 1334 ¹vg'srfxrna
731 1287 935 1324 unionum.
966 1286 1124 1324 Unitum
1153 1286 1258 1323 enirn
1290 1285 1450 1324 deficitss

417 1338 420 1341 ’
445 1317 541 1376 (ἔθ’)
557 1333 589 1377 k
600 1340 639 1377 in
658 1339 802 1377 ratione
822 1339 973 1376 unitatis
987 1339 1035 1376 ab
1051 1351 1098 1376 eo
1113 1339 1220 1388 quod
1236 1346 1290 1375 est
1305 1351 1447 1376 unum:

385 1406 431 1431 eo
461 1393 567 1442 quod
596 1392 747 1429 unitum
776 1391 914 1437 dicitur
939 1404 1009 1441 per
1036 1391 1378 1441 participationem,
1408 1404 1448 1428 u-

383 1458 481 1483 num
509 1453 638 1482 autem
666 1457 736 1494 per
763 1444 978 1481 essentiam.
1009 1444 1085 1481 Sed
1105 1444 1144 1480 in
1173 1444 1289 1481 rebus
1317 1443 1449 1481 creatis

383 1498 526 1547 aliquid
555 1497 692 1534 dicitur
719 1509 800 1533 esse
820 1496 1038 1546 simpliciter
1065 1509 1208 1534 unum:
1229 1496 1326 1534 sicut
1344 1508 1449 1545 prae-

382 1551 494 1600 cipue
523 1558 624 1599 patet
651 1550 699 1587 de
725 1549 807 1598 ipsa
835 1549 977 1586 unitate
1004 1561 1104 1598 quae
1133 1557 1188 1586 est
1215 1548 1448 1598 principium

383 1603 546 1641 numeri.
577 1604 678 1651 Ergo
698 1601 924 1639 huiusmodi
943 1601 1037 1638 unio
1066 1602 1114 1638 de
1142 1614 1220 1651 qua
1239 1601 1447 1651 loquimur,

383 1669 463 1694 non
492 1655 671 1705 importat
699 1655 909 1692 maximam
939 1654 1134 1691 unitatem.

438 1721 472 1746 2.
503 1710 735 1754 PRAETEREA,
757 1716 901 1757 quanto
922 1720 966 1744 ea
994 1720 1094 1756 quae
1114 1706 1302 1744 uniuntur
1328 1706 1448 1755 magis

382 1762 531 1808 distant,
552 1769 656 1798 tanto
678 1761 805 1798 minor
824 1768 879 1798 est
897 1760 1002 1797 unio.
1035 1760 1111 1798 Sed
1131 1772 1176 1797 ea
1195 1772 1295 1810 quae
1315 1772 1448 1797 secun-

382 1816 478 1852 dum
508 1816 607 1851 hanc
635 1814 822 1851 unionem
856 1813 1061 1859 uniuntur,
1092 1813 1260 1850 maxime
1288 1813 1446 1860 distant,

383 1867 521 1905 scilicet
548 1875 683 1904 natura
718 1866 848 1903 divina
876 1875 912 1903 et
947 1867 1139 1903 humana:
1177 1866 1315 1903 distant
1342 1865 1445 1903 enirn

382 1921 422 1958 in
450 1920 655 1957 infinitum.
686 1921 787 1968 Ergo
816 1919 1040 1956 huiusmodi
1067 1927 1122 1956 est
1149 1918 1311 1956 minima
1338 1918 1445 1956 unio.

438 1974 472 2010 3.
502 1975 733 2019 PRAETEREA,
754 1985 823 2022 per
850 1972 1037 2009 unionem
1065 1971 1209 2021 aliquid
1237 1971 1281 2008 fit
1308 1984 1445 2009 unum.

383 2026 459 2063 Sed
489 2039 534 2063 ex
562 2026 706 2063 unione
742 2025 893 2062 animae
922 2033 958 2062 et
992 2024 1164 2074 corporis
1192 2025 1231 2062 in
1264 2024 1377 2062 nobis
1404 2024 1447 2061 fit

382 2079 525 2128 aliquid
554 2091 678 2115 unum
707 2078 746 2115 in
774 2091 940 2127 persona
968 2086 1004 2115 et
1031 2085 1187 2115 natura:
1227 2090 1273 2114 ex
1301 2077 1446 2115 unione

381 2140 511 2169 autern
546 2132 698 2168 divinae
736 2138 771 2168 et
799 2132 993 2168 humanae
1030 2139 1188 2168 naturae
1222 2131 1266 2167 fit
1302 2130 1446 2180 aliquid

381 2197 507 2222 unum
535 2186 662 2221 solum
691 2184 729 2221 in
765 2197 941 2233 persona.
979 2185 1081 2232 Ergo
1110 2183 1235 2221 maior
1269 2191 1325 2221 est
1351 2183 1446 2221 unio

381 2237 532 2274 animae
561 2238 609 2274 ad
638 2249 779 2286 corpus
799 2250 918 2286 quarn
947 2237 1099 2274 divinae
1121 2245 1280 2274 naturae
1308 2237 1357 2274 ad
1377 2237 1446 2274 hu·
1467 2275 1469 2277 ,

380 2303 549 2327 manam.
581 2291 628 2327 Et
656 2290 709 2327 sic
736 2290 830 2327 unio
859 2291 907 2327 de
936 2302 1013 2339 qua
1039 2290 1249 2339 loquimur,
1269 2302 1350 2327 non
1378 2289 1446 2327 im-

379 2351 505 2392 portat
532 2343 743 2380 maximam
771 2343 968 2380 unitatem.

434 2397 507 2433 SED
536 2409 680 2433 CONTRA
700 2408 765 2433 EST
784 2396 891 2445 quod
917 2395 1154 2445 Augustinus
1181 2395 1282 2442 dicit,
1303 2395 1343 2432 in
1369 2397 1383 2432 Ι
1402 2396 1448 2433 de

384 2451 419 2486 T
417 2451 487 2486 rin.
508 2449 539 2496 ⁵¹²,
560 2449 666 2498 quod
694 2450 806 2486 homo
830 2451 953 2499 potius
981 2456 1032 2486 est
1059 2451 1096 2486 in
1122 2449 1218 2486 Filio
1247 2461 1359 2498 quam
1386 2450 1446 2486 Fi-

379 2503 449 2539 lius
477 2503 513 2538 in
542 2504 664 2539 Patre.
695 2502 812 2539 Filius
832 2510 962 2539 autern
991 2509 1046 2539 est
1073 2501 1112 2539 in
1138 2503 1248 2539 Patre
1276 2513 1346 2551 per
1363 2501 1446 2538 uni-

380 2562 496 2592 tatem
525 2555 728 2592 essentiae:
768 2556 889 2592 homo
918 2563 1048 2593 autem
1085 2562 1140 2592 est
1175 2553 1215 2591 in
1243 2554 1340 2591 Filio
1377 2567 1447 2604 per

380 2607 568 2644 unionem
596 2608 876 2645 incarnationis.
906 2609 1008 2656 Ergo
1036 2608 1162 2645 maior
1188 2615 1243 2644 est
1270 2607 1365 2644 unio
1393 2607 1446 2644 in-

381 2660 608 2698 carnationis
637 2673 755 2710 quam
784 2661 908 2698 unitas
936 2660 1089 2698 divinae
1109 2660 1304 2697 essentiae.
1334 2661 1446 2708 Quae

380 2721 510 2750 tamen
539 2722 593 2750 est
621 2713 789 2750 maxima
817 2714 1007 2751 unitatum
1034 2719 1060 2751 Ύ.
1100 2715 1148 2751 Et
1175 2713 1239 2761 sic,
1259 2725 1330 2762 per
1357 2725 1446 2750 con-

381 2778 565 2814 sequens,
595 2766 688 2803 unio
718 2766 986 2804 incarnationis
1023 2767 1204 2816 importat
1235 2765 1447 2804 maximam

382 2827 577 2856 unitatem.

435 2873 658 2909 Respon-:o
687 2885 867 2910 D1CENDUM
896 2873 1003 2922 quod
1032 2872 1126 2910 unio
1150 2873 1330 2922 importat
1357 2884 1446 2910 con-

382 2924 615 2961 iunctionem
636 2925 855 2974 aliquorum
875 2925 914 2962 in
934 2926 1063 2975 aliquo
1085 2938 1178 2963 uno.
1209 2927 1337 2963 Potest
1355 2937 1445 2973 ergo

381 2977 474 3013 unio
503 2977 771 3015 incarnationis
800 2979 999 3028 dupliciter
1026 2978 1165 3028 accipi:
1202 2991 1283 3015 uno
1311 2978 1445 3022 modo,

381 3043 427 3067 ex
446 3038 551 3079 parte
572 3043 708 3067 eorum
729 3044 828 3080 quae
844 3032 1148 3080 coniunguntur;
1172 3031 1295 3069 etalio
1310 3031 1443 3078 modo,

382 3096 427 3120 ex
455 3091 560 3131 parte
589 3083 670 3120 eius
699 3083 738 3119 in
767 3096 846 3132 quo
884 3084 1180 3133 coniunguntur.
1219 3085 1267 3122 Et
1299 3097 1346 3122 ex
1373 3085 1446 3122 hac

381 3143 486 3184 parte
515 3134 739 3172 huiusmodi
767 3136 860 3173 unio
890 3137 1004 3174 habet
1022 3137 1364 3186 praeeminentiam
1392 3137 1445 3174 in-

1504 1233 1543 1270 in
1563 1245 1641 1283 qua
1669 1233 1856 1270 uniuntur
1873 1233 1975 1272 duae
2001 1241 2172 1281 naturae,
2193 1241 2248 1271 est
2266 1233 2447 1272 maxima.
2477 1235 2570 1273 Non

1504 1294 1634 1323 autem
1672 1286 1787 1324 habet
1823 1285 2166 1335 praeeminentiam
2201 1298 2247 1324 ex
2288 1293 2396 1336 parte
2431 1298 2569 1324 eorum

1504 1351 1604 1388 quae
1632 1339 1930 1388 coniunguntur.

1557 1393 1614 1429 AD
1644 1403 1778 1429 ramum
1807 1404 1906 1429 ERGO
1934 1403 2115 1430 meramnum
2144 1392 2250 1442 quod
2288 1391 2413 1430 unitas
2439 1404 2568 1443 perso·

1503 1456 1576 1482 nae
1604 1444 1756 1482 divinae
1786 1451 1841 1481 est
1867 1443 1993 1482 maior
2028 1457 2148 1494 quam
2176 1444 2302 1482 unitas
2337 1445 2566 1495 numeralis,

1503 1509 1604 1545 quae
1624 1497 1762 1534 scilicet
1780 1505 1836 1535 est
1861 1497 2094 1546 principium
2117 1497 2282 1535 numeri.
2311 1499 2416 1535 Nam
2443 1497 2568 1536 unitas

1503 1549 1656 1587 divinae
1684 1562 1872 1598 personae
1906 1557 1962 1586 est
1988 1549 2113 1587 unitas
2131 1548 2145 1572 δ
2173 1562 2244 1599 per
2270 1562 2310 1587 se
2338 1550 2567 1599 subsistens,

1503 1613 1583 1639 non
1613 1609 1763 1652 recepta
1790 1602 1829 1639 in
1867 1602 1997 1651 aliquo
2024 1613 2095 1652 per
2126 1601 2477 1652 participationem:
2513 1611 2570 1641 est

1503 1654 1617 1692 etiam
1637 1654 1676 1692 in
1705 1666 1745 1691 se
1764 1656 1966 1704 completa,
1987 1654 2134 1692 habens
2153 1654 2191 1692 in
2218 1667 2258 1692 se
2278 1654 2468 1705 quidquid
2485 1667 2568 1706 per-

1501 1706 1594 1745 tinet
1613 1707 1662 1744 ad
1691 1707 1879 1745 rationem
1898 1707 2062 1745 unitatis.
2093 1708 2141 1745 Et
2167 1707 2256 1746 ideo
2277 1720 2359 1746 non
2387 1708 2570 1758 competit

1502 1759 1573 1797 sibi
1601 1759 1695 1798 ratio
1723 1760 1852 1810 partis,
1873 1760 1968 1798 sicut
1995 1760 2128 1798 unitati
2155 1761 2357 1809 numerati,
2386 1773 2487 1811 quae
2514 1769 2570 1801 est

1501 1826 1590 1863 pars
1618 1813 1791 1860 numeri,
1821 1821 1858 1850 et
1885 1825 1985 1863 quae
2012 1813 2258 1863 participatur
2283 1813 2323 1851 in
2355 1814 2472 1852 rebus
2498 1826 2567 1852 nu·

1502 1866 1666 1903 meratis.
1697 1867 1746 1903 Et
1772 1865 1860 1904 ideo
1881 1873 2071 1916 quantum
2100 1866 2149 1903 ad
2177 1867 2254 1904 hoc
2276 1866 2370 1904 unio
2398 1867 2567 1905 incarna-

1500 1919 1614 1956 tionis
1633 1919 1869 1969 praeeminet
1887 1918 2020 1956 unitati
2039 1919 2240 1966 numerali,
2261 1918 2406 1957 ratione
2429 1918 2568 1958 scilicet

1501 1971 1654 2009 unitatis
1672 1984 1872 2022 personae.
1893 1973 1987 2010 Non
2006 1980 2137 2010 autem
2155 1972 2301 2010 ratione
2319 1980 2479 2011 naturae
2497 1973 2567 2011 hu-

1501 2037 1651 2072 manae,
1675 2037 1775 2074 quae
1802 2037 1884 2062 non
1912 2033 1967 2063 est
1994 2025 2077 2075 ipsa
2105 2024 2231 2063 unitas
2258 2037 2446 2075 personae
2473 2025 2567 2065 divi-

1501 2090 1585 2124 nae,
1616 2078 1683 2115 sed
1712 2086 1767 2116 est
1795 2077 1829 2115 ei
1857 2077 1974 2115 unita.

1554 2133 1612 2168 An
1640 2142 1830 2169 SECUNDUM
1857 2143 2040 2169 monimum
2057 2131 2166 2181 quod
2194 2130 2288 2168 ratio
2307 2136 2320 2152 ⁸
2348 2130 2410 2168 illa
2435 2143 2566 2182 proce-

1500 2183 1554 2221 dit
1582 2196 1627 2221 ex
1646 2191 1753 2234 parte
1781 2183 2097 2221 coniunctorum:
2127 2195 2209 2221 non
2228 2191 2358 2222 autem
2387 2195 2433 2221 ex
2459 2191 2566 2234 parte

1499 2249 1688 2287 personae
1715 2236 1755 2274 in
1784 2249 1862 2286 qua
1890 2245 1945 2274 est
1970 2237 2067 2274 facta
2094 2237 2200 2274 unio.

1554 2292 1611 2327 An
1639 2302 1798 2328 TERTIUM
1825 2302 2007 2328 DtCENDUM
2027 2290 2134 2339 quod
2162 2289 2286 2328 unitas
2311 2289 2465 2328 divinae
2482 2302 2566 2340 per·

1500 2355 1619 2380 sonae
1647 2351 1703 2380 est
1730 2342 1855 2380 maior
1881 2342 2007 2380 unitas
2035 2355 2155 2393 quarn
2182 2342 2308 2380 unitas
2336 2350 2373 2380 et
2397 2342 2411 2367 ³
2437 2355 2565 2392 perso-

1500 2409 1573 2434 nae
1601 2403 1637 2434 et
1664 2403 1823 2433 naturae
1850 2395 1890 2432 in
1917 2395 2041 2433 nobis.
2076 2396 2125 2433 Et
2158 2395 2246 2433 ideo
2273 2395 2367 2433 unio
2395 2395 2565 2433 incarna-

1499 2449 1613 2486 tionis
1642 2456 1696 2486 est
1723 2448 1849 2494 maior
1875 2460 1995 2498 quam
2023 2447 2117 2485 unio
2151 2447 2302 2486 animae
2331 2456 2367 2486 et
2394 2448 2565 2499 corporis

1500 2502 1540 2539 in
1567 2502 1691 2539 nobis.

1555 2554 1658 2602 Quia
1685 2567 1779 2592 vero
1811 2554 1850 2592 id
1878 2554 1986 2604 quod
2012 2554 2053 2591 in
2080 2553 2315 2592 contrarium
2343 2554 2523 2594 obiicitur
2545 2554 2567 2578 ¹⁸¹

1499 2609 1638 2645 falsum
1666 2607 1860 2657 supponit,
1881 2606 2020 2644 scilicet
2038 2607 2146 2657 quod
2173 2606 2300 2644 maior
2317 2607 2364 2644 sit
2389 2607 2485 2646 unio
2506 2606 2566 2646 in-

1500 2660 1728 2698 carnationis
1757 2672 1877 2710 quam
1904 2659 2030 2697 unitas
2056 2671 2313 2710 personarum
2345 2660 2566 2699 divinat-mn

1500 2714 1539 2751 in
1568 2713 1741 2759 essentia,
1761 2713 1971 2750 dicendum
1991 2721 2046 2750 est
2073 2713 2122 2750 ad
2147 2712 2409 2765 auctoritatem
2437 2714 2566 2763 Augu-

1501 2766 1587 2804 stini
1628 2766 1735 2815 quod
1777 2767 1950 2803 humana
1989 2773 2127 2803 natura
2145 2769 2244 2803 'non
2280 2773 2336 2803 est
2370 2765 2492 2816 magis
2523 2765 2565 2804 i'n

1500 2819 1597 2857 Filio
1625 2819 1698 2856 Dei
1725 2831 1845 2868 quam
1873 2818 1991 2856 Filius
2019 2818 2091 2856 Dei
2119 2818 2158 2855 in
2187 2820 2317 2866 Patre,
2347 2819 2414 2857 sed
2441 2819 2564 2861 multo

1500 2872 1649 2910 minus:
1679 2872 1747 2909 sed
1775 2871 1856 2921 ipse
1883 2872 2018 2916 homo,
2039 2879 2230 2921 quantum
2257 2872 2307 2910 ad
2334 2870 2490 2921 aliquid,
2509 2879 2565 2909 est

1499 2925 1620 2974 magis
1648 2924 1687 2962 in
1707 2924 1803 2961 Filio
1832 2936 1949 2974 quam
1970 2924 2089 2962 Filius
2108 2924 2148 2962 in
2171 2926 2302 2971 Patre3
2331 2923 2563 2975 inquantum

1499 2978 1639 3015 scilicet
1666 2977 1769 3014 idem
1789 2977 2020 3027 supponitur
2038 2977 2078 3015 in
2106 2978 2183 3015 hoc
2201 2976 2308 3027 quod
2327 2976 2413 3018 dico
2438 2976 2562 3027 homo,

1498 3037 1615 3081 p'rout
1642 3030 1806 3068 sumitur
1823 3043 1895 3080 pro
1925 3030 2089 3078 Christo,
2110 3038 2147 3069 et
2173 3030 2214 3068 in
2231 3031 2310 3068 hoc
2336 3028 2443 3079 quod
2461 3028 2561 3074 dico,

1498 3084 1615 3122 Filius
1640 3085 1715 3121 Dei
1721 3097 1733 3128 ,·
1761 3096 1841 3121 non
1861 3091 1991 3121 autem
2018 3083 2123 3122 idem
2149 3091 2205 3121 est
2231 3081 2477 3132 suppositum
2494 3083 2563 3120 Pa-

1498 3137 1563 3174 tris
1592 3145 1628 3174 et
1655 3136 1750 3174 Filii.

436 3269 464 3297 α)
483 3268 652 3290 naturarum.
664 3279 683 3283 -
702 3265 727 3289 in
751 3265 856 3289 Christo
875 3266 943 3290 addit
962 3267 990 3291 P.

437 3300 462 3332 β)
482 3300 577 3333 deficit.
589 3313 608 3318 -·
626 3299 729 3330 Tertia;
749 3300 846 3333 differt.

437 3338 463 3368 γ)
484 3336 655 3360 unitatum.—
674 3335 799 3360 unionum
820 3335 953 3361 editiones.

1553 3267 1579 3302 δ)
1599 3269 1697 3293 unitas.
1709 3282 1728 3287 —-
1745 3268 1867 3294 increata
1884 3269 1955 3294 addit
1971 3268 2046 3294 tertia
2063 3272 2164 3300 praeter
2181 3266 2230 3300 pE.

1553 3303 1575 3337 ε)
1596 3304 1676 3329 ratio.
1689 3318 1708 3323 —-
1725 3304 1747 3329 E
1766 3309 1792 3329 et
1809 3304 1896 3335 πει-τῖες
1917 3303 2014 3329 unitas.

1553 3337 1578 3373 ζ)
1597 3342 1663 3365 et.-
1681 3339 1742 3365 Om.
1762 3339 1840 3364 CFsE
1860 3343 1885 3364 et
1903 3339 1959 3365 abc.

2862 0 2872 479 1

2861 539 2872 612 Ξ

2599 589 2638 611 ’E
2656 582 2810 619 ⁸cxxxvii,

2599 617 2627 647 ι).
2650 615 2678 644 n,
2693 615 2722 638 nd
2737 615 2812 639 voln-

2598 648 2665 670 mn„
2679 647 2732 671 cap.
2744 648 2768 665 n.

2692 1562 2709 1588 δ

2693 2143 2705 2161 ε

2687 2350 2704 2380 t

2592 2559 2675 2608 ἕνῇ-ς.
2686 2558 2737 2582 Sed
2748 2563 2810 2582 con-

2719 3366 2730 3379 ,ἴ
2748 3365 2794 3381 full?
