2872 3970
391 691 416 716 D
438 689 610 714 OCTAVUM
629 689 681 714 sm
700 689 935 714 PRocizm‘rUR.
955 677 1117 714 Videtur
1135 677 1242 725 quod

214 723 368 790 ''fus'’
395 729 567 767 Christus
602 741 682 766 non
717 729 828 766 fuerit
862 742 1032 778 congruo
1068 737 1242 778 tempore

204 783 319 833 Mar,
342 789 516 824 (natus.
552 782 613 818 Ad
645 783 721 818 hoc
749 781 853 818 enim
887 782 1060 819 Christus
1087 789 1244 818 venerat

120 863 138 886 ¹,
194 828 381 876 2311551'2'ffi'k
394 842 437 872 ut
464 846 555 872 suos
582 834 622 871 in
649 834 860 871 libertatem
883 841 1090 871 revocaret.
1119 835 1243 871 Natus

185 894 242 926 est
267 894 397 924 autem
423 894 597 936 tempore
625 886 831 924 servitutis:
870 899 949 936 quo
978 886 1116 924 scilicet
1143 894 1244 924 totus

118 947 150 986 ‘L
186 938 288 982 orbis
313 947 517 989 praecepto
537 939 698 987 Augusti
726 939 960 986 describitur,
990 940 1100 988 quasi
1126 939 1244 976 tribu-

139 1003 144 1036 ζ
176 992 300 1031 ‘tarius
326 992 457 1038 factus,
486 999 529 1029 ut
555 993 719 1029 habetur
745 993 840 1029 Luc.
861 1004 882 1029 11
900 992 930 1028 ²¹⁸.
964 993 1066 1040 Ergo
1094 992 1246 1029 videtur

180 1045 292 1095 >quod
317 1056 398 1082 non
417 1056 588 1092 congruo
607 1052 781 1093 tempore
802 1044 974 1082 Christus
992 1044 1103 1082 fuerit
1121 1052 1243 1081 natus.

117 1109 147 1141 >g
239 1109 274 1134 2.
303 1097 535 1143 ΡῐιΑΕτΕκεΑ,
563 1097 839 1146 promissiones
867 1097 915 1134 de
945 1097 1096 1134 Christo
1124 1096 1244 1134 nasci-

132 1152 153 1174 ἔκ
181 1157 272 1198 mo
305 1161 385 1187 non
411 1149 612 1198 gentilibus
637 1155 654 1171 ‘²
680 1150 830 1187 fuerant
855 1149 994 1187 factae:
1030 1150 1246 1186 secundum

113 1202 157 1256 J„
185 1201 278 1245 illud
294 1203 406 1239 Rom.
421 1214 456 1239 lx
468 1201 503 1239 *z
530 1203 698 1244 Quorum
716 1209 800 1239 sunt
812 1204 1011 1252 promissa.
1041 1202 1119 1240 Sed
1139 1202 1246 1239 Chri-

116 1288 143 1304 ,μ
186 1262 266 1293 stus
291 1261 403 1291 natus
430 1262 486 1291 est
504 1253 519 1284 β
543 1262 717 1303 ternpore
745 1267 825 1304 quo
849 1267 914 1291 rex
942 1254 1151 1302 alienigena
1178 1255 1246 1291 do—

185 1307 419 1346 minabatur:
449 1307 545 1344 sicut
571 1315 674 1356 patet
691 1308 825 1344 Matth.
846 1319 867 1344 11
885 1307 922 1343 ²³⁸:
957 1309 1051 1344 Cum
1071 1313 1178 1344 natus
1196 1320 1246 1344 es-

117 1356 155 1394 ⁰².
183 1365 237 1399 set
261 1361 365 1398 Iesus
391 1361 430 1396 in
458 1359 584 1397 diebus
610 1360 776 1397 Herodis
802 1362 929 1409 Regis.
966 1361 1068 1407 Ergo
1095 1359 1248 1396 videtur

116 1418 142 1427 ”’
186 1413 293 1463 quod
320 1424 401 1449 non
428 1412 539 1449 fuerit
566 1424 738 1461 congruo
765 1420 940 1461 tempore
968 1420 1091 1449 natus.

110 1500 151 1506 Η
241 1465 275 1503 3.
304 1465 541 1512 ΡΒΑΕΤΕΚΕΑ,
575 1473 728 1514 tempus
762 1465 997 1514 praesentiae
1034 1465 1172 1502 Christi
1209 1465 1248 1502 in

122 1514 336 1558 ''Vmundo
363 1517 439 1554 diei
457 1526 713 1566 comparatur,
735 1525 892 1567 propter
910 1518 949 1554 id
967 1518 1075 1566 quod
1094 1518 1174 1566 ipse
1194 1526 1250 1555 est

174 1570 255 1609 ‘lux
271 1570 402 1607 mundi
413 1570 450 1606 *ε
471 1571 575 1607 unde
595 1570 676 1620 ipse
696 1570 794 1617 dicit,
810 1571 913 1607 Ioan.
930 1583 964 1607 1x
977 1570 1034 1606 *ἢ
1055 1573 1124 1607 Me
1142 1583 1249 1620 opor-

117 1649 135 1673 ἦ.
164 1619 165 1622 ’
183 1618 234 1660 tet
259 1625 412 1673 operari
437 1635 552 1672 opera
571 1625 647 1660 eius
675 1625 738 1673 qui
754 1625 850 1660 misit
867 1635 938 1669 me,
958 1624 1076 1660 donec
1094 1624 1169 1660 dies
1188 1630 1248 1660 est.

117 1676 155 1722 12„
181 1669 266 1727 5Εᾶ
283 1675 323 1712 in
337 1682 476 1712 aestate
497 1683 586 1712 sunt
604 1675 684 1713 dies
702 1675 892 1724 longiores
912 1688 1031 1724 quam
1050 1676 1090 1712 in
1108 1675 1248 1713 hieme.

123 1726 154 1777 {12
185 1723 301 1777 ErgO,
321 1740 413 1765 cum
441 1735 552 1764 natus
574 1728 686 1765 fuerit
712 1729 752 1765 in
778 1729 972 1777 profundo
992 1728 1140 1775 hiemis,
1163 1737 1250 1766 octo

36 1788 44 1831 ὲ
120 1789 162 1824 j
184 1775 379 1834 ss'alendas
406 1781 582 1828 Ianuarii,
609 1781 762 1818 videtur
789 1781 896 1830 quod
923 1793 1004 1817 non
1022 1781 1133 1818 fuerit
1160 1793 1251 1818 con-

182 1832 355 1872 venienti
381 1840 556 1882 ternpore
585 1841 708 1870 natus.

185 1884 221 1901 ‘⁷³'
242 1885 316 1923 SED
344 1897 488 1923 CONTRA
507 1897 572 1922 EST
591 1885 699 1935 quod
726 1885 863 1922 dicitur
894 1886 1013 1922 Galat.
1035 1898 1069 1922 1v
1087 1885 1122 1923 ²¹⁵:
1156 1887 1251 1923 Cum

136 1940 142 1971 ἱ
185 1935 284 1995 ζίεηῐί
305 1938 496 1988 plenitudo
524 1941 710 1988 temporis,
738 1940 835 1975 misit
853 1939 956 1975 Deus
973 1939 1111 1975 Filium
1129 1951 1250 1985 suum,

179 1991 329 2040 filetum
357 2003 406 2028 ex
432 1992 601 2037 muliere,
621 1992 771 2039 factum
797 1993 865 2028 sub
891 1991 985 2040 lege.

121 2076 131 2093 .-
242 2045 465 2081 Responnso
493 2055 675 2081 DICENDUM
703 2044 810 2093 quod
838 2044 934 2080 haec
962 2051 1017 2080 est
1040 2043 1253 2080 differentia

185 2094 287 2147 inter
314 2095 511 2134 Christum
539 2103 576 2132 et
603 2096 697 2133 alios
729 2096 927 2142 homines,
957 2096 1064 2145 quod
1093 2095 1154 2133 alii
1181 2097 1252 2133 ho-

186 2148 313 2188 mines
350 2155 560 2186 nascuntur
597 2148 756 2185 subiecti
793 2148 1005 2185 necessitati
1045 2148 1250 2197 temporis:

128 2206 158 2237 ἰ
186 2200 364 2240 'Christus
393 2209 540 2248 autem,
568 2209 754 2250 tanquam
781 2201 974 2238 Dominus
1002 2208 1038 2237 et
1067 2201 1254 2238 Conditor

184 2252 370 2292 'bmnium
396 2262 637 2303 temporum,
675 2254 784 2302 elegit
815 2253 886 2290 sibi
917 2261 1071 2303 tempus
1105 2253 1145 2290 in
1173 2266 1252 2303 quo

118 2326 138 2355 11
166 2325 169 2327 ·
191 2314 428 2354 nasceretur,
458 2307 554 2344 sicut
581 2314 617 2343 et
644 2314 808 2343 matrem
835 2314 871 2343 et
898 2308 1039 2343 locum.
1083 2307 1131 2343 Et
1163 2306 1254 2355 quia

123 2368 168 2408 j·
184 2358 287 2414 'quae
312 2372 336 2397 a
354 2361 435 2397 Deo
458 2365 541 2396 sunt
569 2360 740 2397 ordinata
758 2365 840 2396 sunt
858 2359 888 2406 ²¹²,
919 2366 955 2395 et
981 2359 1255 2396 convenienter

118 2415 137 2462 4ss
154 2448 161 2455 ,
185 2410 374 2462 “disposita
385 2412 416 2459 ²,
432 2424 673 2461 consequens
692 2419 747 2448 est
765 2412 872 2461 quod
891 2411 1252 2449 convenientissimo

117 2475 141 2512 ‘52
192 2473 365 2515 tempore
395 2465 567 2502 Christus
595 2472 823 2502 nasceretur.

118 2522 141 2559 33
187 2518 190 2519 ⁷
245 2519 302 2555 An
317 2529 452 2555 ptumum
466 2530 564 2555 ERGO
583 2530 764 2555 DICENDUM
784 2517 890 2566 quod
906 2517 1079 2554 Christus
1097 2525 1255 2555 venerat

188 2578 264 2608 'nos
291 2570 331 2607 in
358 2578 499 2608 statum
525 2569 704 2608 libertatis
732 2571 915 2607 reducere
944 2570 992 2607 de
1021 2577 1118 2607 statu
1138 2570 1253 2607 servi—

119 2654 138 2675 -.
193 2622 292 2665 tutis.
312 2624 360 2661 Et
378 2622 477 2670 ideo,
498 2623 594 2660 sicut
612 2623 880 2660 mortalitatem
899 2631 1069 2660 nostram
1089 2623 1254 2672 suscepit

112 2692 130 2717 ;·
187 2682 237 2713 'ut
262 2687 334 2713 nos
361 2676 411 2712 ad
437 2676 556 2713 vitam
583 2676 792 2723 reduceret,
821 2676 883 2723 ita,
913 2683 954 2712 ut
981 2676 1086 2713 Beda
1115 2675 1203 2712 dicit
1221 2676 1252 2723 ²¹⁶,

121 2726 156 2765 f.
187 2733 238 2779 ‘eo
257 2734 422 2779 tempore
448 2729 621 2779 dignatus
639 2735 690 2766 est
707 2730 903 2767 incarnari
920 2741 1003 2778 quo,
1024 2741 1116 2766 mox
1134 2734 1252 2775 natus,

123 2827 161 2854 Ν
238 2840 346 2884 ἀληθῆ
373 2842 523 2876 gentilibus.
545 2856 564 2860 -
586 2826 709 2875 gentibus
736 2848 787 2866 non
817 2842 950 2872 editiones,
979 2850 1031 2868 non
1057 2843 1182 2876 gentibus
1209 2843 1256 2868 sed

187 2877 227 2906 M
246 2911 275 2980 βξ
293 2877 376 2939 esg-
394 2912 428 2944 P;
441 2912 500 2946 suit
517 2912 605 2940 GHbc,
617 2912 707 2946 suerit
724 2912 743 2941 1,
755 2912 851 2946 suerat
869 2913 954 2938 ceteri.

136 2949 160 2983 ζ,
192 2953 193 2956 ’
247 2956 264 2982 γ
292 2954 380 2974 censu.
396 2962 416 2966 —
433 2948 487 2978 Pa‚·
504 2954 604 2973 census.
623 2947 711 2979 Margo
730 2947 749 2971 P
768 2947 836 2971 alias
853 2954 955 2973 census.

140 2987 148 2998 ³
248 2982 275 3019 ὃ)
292 2984 419 3009 maxime.
436 2997 456 3002 -
474 2983 604 3008 maxima.
623 2983 661 3007 Fa
680 2988 706 3007 et
723 2982 805 3007 tertia.

126 2871 131 2875 ’
152 2876 161 2884 ς,

129 3134 133 3144 ”
189 3153 199 3158 -
215 3135 225 3170 s
257 3148 364 3170 mus
379 3140 490 3170 clarus.
513 3157 537 3162 —
559 3139 594 3169 In
610 3149 746 3180 corpore
764 3140 860 3170 unica
876 3145 923 3170 est
939 3140 1127 3170 conclusio:
1155 3140 1248 3170 Chri-

50 3208 73 3217 .,
190 3184 211 3219 55
226 3216 229 3220 .
247 3189 325 3216 {stus
357 3183 656 3215 convenientissimo
688 3186 831 3224 tempore
863 3189 910 3214 est
940 3189 1046 3214 natus.
1081 3183 1247 3214 Probatur.

65 3236 79 3270 js
113 3224 141 3265 ᾗ»
180 3225 353 3272 swam,
376 3233 530 3267 tanquam
552 3227 712 3257 Dominus
735 3233 766 3257 et
782 3227 939 3258 Conditor
962 3228 1108 3257 omnium
1131 3233 1257 3266 tempo-

136 3275 138 3303 ζ
152 3270 159 3276 “
191 3307 213 3315 β,
243 3294 288 3310 ,
304 3271 398 3312 elegit
421 3271 479 3301 sibi
501 3276 629 3311 tempus
652 3280 718 3311 quo
741 3277 931 3301 nasceretur.
955 3271 1040 3310 Ergo
1064 3271 1257 3301 convenien-

126 3315 176 3346 'a
253 3315 320 3345 imo
342 3320 488 3355 tempore
510 3319 602 3344 natus
626 3319 681 3344 est.

244 3358 444 3389 Antecedens
462 3358 679 3388 manifestatur
694 3358 870 3398 dupliciter.
894 3358 1012 3394 Primo,
1030 3367 1067 3388 ex
1083 3357 1257 3388 differentia

201 3402 283 3432 inter
291 3401 452 3433 Christum
463 3408 494 3433 et
505 3403 583 3432 alios
594 3402 751 3432 homines.
765 3401 924 3437 Secundo,
937 3412 974 3432 ex
986 3402 1094 3432 simili:
1108 3402 1183 3441 quia
1193 3401 1256 3431 ele-

202 3445 316 3485 gitsibi
327 3452 358 3477 et
372 3446 482 3477 locum
499 3451 530 3476 et
544 3451 687 3476 matrem.
700 3464 723 3468 -
739 3446 978 3485 Consequentia
994 3446 1154 3486 probatur.
1172 3445 1256 3483 Quia

202 3497 284 3529 quae
298 3499 318 3520 a
333 3490 403 3520 Deo
419 3495 503 3526 sunt,
521 3490 671 3520 ordinata
693 3495 777 3526 sunt,
795 3495 825 3520 et
849 3490 1074 3520 convenienter
1094 3489 1254 3529 disposita.

827 285 1089 332 QUAESTIO
1118 285 1279 333 XXXV,
1307 284 1599 322 ARTICULUS
1627 285 1707 321 VIII

2275 287 2349 324 363

957 428 1274 470 ARTICULUS
1304 427 1576 470 OCTAVUS

665 520 829 552 UTRUM‘
846 520 1058 551 cums'rus
1080 520 1240 551 FUERIT
1264 519 1478 551 CONGRuo
1503 519 1711 550 TEMPORE
1734 519 1879 550 NATus

1130 599 1160 623 In
1179 599 1288 628 Matth„
1307 606 1362 632 cap.
1381 606 1409 624 11.

1296 689 1405 713 censu
1425 682 1440 704 Υ
1464 678 1634 714 Caesaris
1662 678 1941 724 adscriberetur,
1962 685 2080 728 atque,
2101 682 2147 717 ob
2174 684 2290 718 nostri
2314 683 2355 719 li-

1296 731 1535 775 berationem,
1565 731 1640 778 ipse
1666 732 1812 767 servitio
1839 731 2064 768 subderetur.

1350 783 1546 830 Tempore
1575 781 1690 818 etiam
1717 782 1791 829 illo,
1822 795 1900 831 quo
1925 791 2025 820 totus
2046 785 2147 822 orbis
2176 787 2248 822 sub
2276 800 2356 824 uno

1297 833 1474 883 Principe
1502 834 1674 881 vivebat,
1703 834 1870 872 maxime
1890 834 1903 857 δ
1931 848 2005 884 pax
2033 837 2101 874 fuit
2128 838 2167 875 in
2195 841 2356 877 mundo.

1299 887 1347 922 Et
1373 886 1460 923 ideo
1490 887 1647 923 decebat
1674 895 1716 924 ut
1743 887 1806 924 illo
1825 895 1999 937 tempore
2029 890 2200 927 Christus
2228 904 2358 930 nasce-

1298 946 1411 982 retur,
1442 939 1508 988 qui
1536 947 1591 976 est
1612 952 1696 988 pax
1715 946 1852 986 nostra,
1871 942 2022 988 faciens
2049 949 2204 992 utraque
2231 958 2358 992 unum,

1299 999 1341 1027 ut
1373 991 1509 1028 dicitur
1542 994 1674 1041 Ephes.
1696 1004 1716 1029 11
1735 992 1765 1028 ²¹⁶.
1808 993 1919 1030 Unde
1956 994 2218 1044 Hieronymus
2253 998 2358 1044 dicit,

1298 1056 1409 1092 super
1435 1046 1576 1080 Isaiam
1595 1045 1633 1080 *ε
1672 1046 1815 1081 Veteres
1843 1047 2076 1084 revolvamus
2095 1050 2275 1096 historias,
2301 1057 2334 1087 et
2347 1056 2358 1071 Ε

1299 1097 1526 1133 inveniemus
1560 1109 1672 1146 usque
1699 1098 1749 1134 ad
1773 1099 1992 1146 vigesimum
2021 1106 2190 1138 octavum
2218 1115 2359 1139 annum

1304 1149 1474 1185 Caesaris
1491 1149 1652 1198 Augusti
1679 1151 1715 1185 in
1737 1155 1809 1186 toto
1829 1153 1919 1187 orbe
1940 1157 2126 1189 terrarum
2143 1155 2264 1200 fuisse
2291 1156 2360 1192 dis-

1300 1202 1487 1238 cordiam:
1515 1201 1622 1238 ονίοζ
1641 1208 1763 1238 autem
1782 1203 1957 1249 Domino,
1987 1207 2113 1242 omnia
2132 1207 2226 1243 bella
2245 1220 2361 1245 cessa-

1300 1259 1449 1299 verunt,
1486 1254 1702 1290 secundum
1736 1254 1829 1291 illud
1863 1255 1979 1292 Isaiae
1999 1269 2020 1292 11
2038 1256 2075 1293 *ι
2105 1259 2194 1295 Νοη
2231 1260 2363 1297 levabit

1301 1318 1395 1356 gens
1426 1312 1556 1343 contra
1582 1313 1730 1356 gentem
1757 1308 1936 1356 gladium.

1356 1359 1602 1406 Congruebat
1636 1358 1751 1396 etiam
1785 1367 1827 1396 ut
1854 1359 1917 1396 illo
1946 1368 2119 1410 tempore
2149 1375 2228 1412 quo
2261 1378 2363 1402 unus

1302 1411 1484 1460 Princeps
1512 1411 1784 1448 dominabatur
1802 1412 1840 1449 in
1859 1414 2019 1460 mundo,
2044 1415 2215 1453 Christus
2234 1430 2363 1455 nasce-

1303 1471 1424 1510 retur,
1454 1464 1520 1513 qui
1547 1472 1704 1501 venerat
1736 1477 1827 1501 suos
1862 1477 2100 1516 congregare
2131 1471 2168 1505 in
2198 1483 2312 1507 unum
2332 1471 2362 1518 ²⁸,

1304 1523 1342 1553 ut
1375 1523 1464 1553 esset
1500 1529 1615 1553 unum
1650 1517 1744 1554 ovile
1776 1524 1809 1554 et
1841 1531 1935 1555 unus
1966 1521 2114 1566 Pastor,
2153 1529 2195 1558 ut
2228 1523 2364 1560 dicitur

1303 1570 1407 1605 Ioan.
1428 1582 1451 1605 x
1470 1569 1500 1605 ²⁸.

1357 1622 1414 1658 AD
1429 1634 1618 1659 SECUNDUM
1637 1634 1818 1660 DICENDUM
1837 1624 1944 1672 quod
1965 1625 2137 1663 Christus
2161 1627 2257 1675 regis
2276 1628 2363 1666 alie-

1304 1673 1463 1722 nigenae
1491 1682 1665 1723 ternpore
1685 1674 1789 1712 nasci
1807 1676 1938 1723 voluit,
1968 1684 2010 1713 ut
2037 1677 2259 1727 impleretur
2276 1693 2364 1729 pro-

1303 1726 1433 1776 phetia
1459 1727 1572 1764 Iacob
1601 1726 1768 1774 dicentis,
1793 1729 1884 1764 Gen.
1911 1730 2106 1777 penult.*:
2143 1733 2232 1769 Non
2261 1735 2364 1781 aufe-

1305 1785 1406 1816 retur
1431 1786 1615 1829 sceptrum
1644 1780 1689 1816 de
1714 1780 1831 1826 Iuda,
1867 1787 1900 1817 et
1926 1782 2005 1819 dux
2031 1783 2076 1819 de
2097 1785 2249 1831 femore
2276 1788 2364 1832 eius,

1305 1831 1422 1868 donec
1447 1834 1571 1869 veniat
1599 1835 1662 1881 qui
1687 1833 1880 1869 mittendus
1907 1840 1967 1870 est.
1998 1835 2110 1882 Quia,
2131 1844 2173 1872 ut
2200 1831 2365 1887 Chryso-

1305 1891 1453 1921 stomus
1473 1884 1573 1931 dicit,
1592 1896 1704 1933 super
1721 1885 1898 1933 Matth.*‚
1920 1888 2081 1935 quandiu
2100 1890 2256 1926 Iudaica
2274 1903 2367 1940 gens

1302 1939 1369 1974 sub
1397 1937 1559 1974 Iudaicis
1587 1939 1751 1986 regibus,
1782 1940 1948 1986 quamvis
1969 1943 2242 1988 peccatoribus,
2271 1949 2367 1980 tene-

1305 1992 1433 2036 batur,
1463 1991 1669 2039 prophetae
1702 1992 1937 2027 mittebantur
1970 1992 2022 2028 ad
2047 1995 2250 2031 remedium
2278 1998 2366 2033 eius.

1305 2043 1420 2079 Nunc
1447 2048 1581 2089 autem,
1612 2044 1759 2092 quando
1787 2043 1850 2080 lex
1875 2045 1950 2080 Dei
1974 2047 2040 2082 sub
2062 2052 2240 2095 potestate
2267 2052 2368 2098 regis

1305 2096 1424 2144 iniqui
1454 2097 1661 2141 tenebatur,
1699 2097 1861 2132 nascitur
1891 2098 2075 2134 Christus:
2108 2101 2194 2148 quia
2225 2113 2368 2151 magna

1306 2153 1339 2183 et
1361 2147 1597 2196 desperabilis
1617 2149 1812 2196 infirmitas
1839 2149 2022 2186 medicum
2041 2153 2334 2199 artificiosiorem
2349 2160 2367 2181 η

1307 2202 1517 2249 quaerebat.

1359 2254 1416 2289 AD
1431 2264 1590 2290 TERTIUM
1608 2265 1790 2290 DICENDUM
1809 2255 1927 2302 quod,
1944 2254 2039 2292 sicut
2058 2255 2194 2294 dicitur
2212 2257 2251 2295 in
2270 2258 2367 2297 libro

1306 2306 1351 2342 de
1376 2306 1521 2348 Quaest.
1537 2306 1643 2343 Novi
1659 2311 1692 2342 et
1718 2307 1791 2343 Vet.
1817 2309 1852 2343 T
1849 2313 1909 2343 est.
1924 2306 1955 2354 ²¹²,
1975 2314 2062 2345 tunc
2085 2310 2248 2347 Christus
2267 2315 2372 2349 nasci
2397 2318 2406 2328 ⁸

1306 2358 1430 2404 voluit,
1451 2359 1599 2407 quando
1618 2359 1686 2395 lux
1704 2359 1778 2395 diei
1793 2366 2020 2397 crementum
2040 2363 2165 2411 incipit
2183 2366 2370 2413 accipere:

1307 2418 1350 2447 ut
1384 2411 1647 2448 ostenderetur
1680 2412 1787 2460 quod
1822 2411 1902 2460 ipse
1930 2422 2086 2450 venerat
2122 2422 2164 2451 ut
2191 2416 2369 2454 homines

1308 2472 1519 2500 crescerent
1555 2464 1594 2500 in
1630 2465 1756 2500 lucem
1795 2464 1987 2513 divinam,
2025 2468 2240 2504 secundum
2276 2468 2369 2506 illud

1307 2518 1401 2554 Luc.
1422 2529 1432 2554 1
1450 2516 1487 2553 *ε
1516 2517 1738 2554 Illuminare
1756 2518 1810 2554 his
1838 2519 1902 2567 qui
1927 2519 1963 2554 in
1991 2521 2148 2556 tenebris
2175 2527 2208 2557 et
2235 2524 2369 2559 umbra

1307 2571 1436 2607 mortis
1462 2570 1595 2606 sedent.

1362 2622 1542 2659 Similiter
1560 2620 1572 2643 θ
1601 2622 1715 2659 etiam
1744 2622 1984 2672 asperitatem
2019 2624 2156 2661 hiemis
2185 2627 2292 2674 elegit
2320 2628 2369 2664 ad

1307 2674 1553 2722 nativitatem,
1582 2683 1625 2711 ut
1653 2687 1699 2712 ex
1726 2683 1817 2712 tunc
1845 2676 1968 2713 carnis
1994 2677 2238 2716 afflictionem
2266 2688 2368 2728 pate-

1306 2735 1411 2765 retur
1437 2740 1508 2777 pro
1537 2727 1660 2764 nobis.

1361 2840 1383 2875 ε)
1403 2842 1570 2866 revolvamus
1592 2841 1732 2870 historias,
1751 2845 1785 2867 et.
1806 2856 1826 2860 -
1850 2842 1931 2872 FIsC;
1956 2844 1980 2867 si
2005 2845 2171 2870 revolvamus
2195 2845 2323 2872 historias
2341 2848 2370 2878 Ρ,

1309 2883 1467 2902 renovamus
1485 2876 1611 2901 historias
1630 2880 1656 2901 et
1674 2877 1760 2901 ceteri.
1796 2884 1807 2889 ·

1360 2910 1386 2945 ζ)
1405 2915 1473 2937 orto.
1491 2926 1511 2930 -
1529 2911 1630 2941 Tertia;
1649 2914 1737 2936 ortam
1757 2915 1825 2937 orto.

1361 2946 1388 2980 η)
1408 2947 1629 2979 artificiosiorem.
1646 2961 1666 2965 -
1684 2947 1757 2977 PsG;
1775 2947 1984 2981 artificialiorem
2004 2949 2032 2978 F,
2051 2950 2221 2983 artificiorem
2241 2953 2326 2978 ceteri.

1361 2980 1385 3016 θ)
1405 2982 1542 3007 Similiter.
1560 2996 1579 3000 -
1597 2982 1647 3012 Pa;
1667 2982 1761 3007 Simul.

866 3061 1200 3107 Commentaria
1223 3060 1476 3094 Cardinalis
1499 3061 1699 3093 Caietam·

1331 3160 1338 3166 .
1365 3140 1427 3170 Ubi
1450 3145 1527 3169 nota
1551 3140 1640 3179 quod
1662 3140 1734 3180 plus
1758 3141 1890 3171 infertur
1921 3152 2018 3182 quam
2040 3145 2208 3183 probetur,
2239 3151 2370 3185 propter

1310 3184 1474 3213 materiam
1498 3189 1529 3213 et
1552 3185 1619 3214 eius
1643 3184 1825 3215 claritatem.
1853 3186 2009 3217 Probatur
2032 3188 2118 3217 enim
2141 3188 2230 3228 quod
2253 3198 2369 3220 conve-

1310 3227 1410 3257 nienti
1425 3233 1586 3267 tempore:
1604 3227 1736 3258 infertur
1750 3234 1856 3260 autem
1873 3230 1962 3270 quod
1974 3233 2274 3263 convenientissimo
2290 3238 2369 3264 tem—

1309 3280 1399 3310 pore.
1431 3271 1516 3308 Quia
1539 3272 1564 3301 si
1588 3273 1696 3302 omnia
1719 3282 1737 3302 a
1760 3273 1830 3303 Deo
1854 3280 1928 3304 sunt
1951 3277 2177 3306 convenienter
2200 3276 2368 3316 disposita,

1312 3324 1348 3344 ea
1371 3323 1454 3354 quae
1477 3320 1551 3345 sunt
1574 3315 1656 3346 circa
1671 3317 1832 3356 propriam
1848 3318 1947 3358 ipsius
1963 3319 2023 3349 Dei
2039 3329 2217 3359 personam,
2243 3327 2370 3361 oportet

1311 3359 1608 3389 convenientissime
1633 3369 1699 3390 esse
1723 3360 1882 3400 disposita.
1907 3362 1947 3392 Et
1970 3363 2032 3394 hoc
2052 3364 2171 3394 clarum
2188 3370 2268 3395 erat:
2294 3366 2370 3405 quia

1310 3401 1349 3432 de
1372 3403 1442 3442 ipso
1467 3402 1594 3433 Christo
1619 3409 1664 3434 est
1687 3413 1791 3435 sermo
1814 3406 1847 3435 in
1872 3406 2088 3438 conclusione.

2388 1003 2397 1014 ⁸
2411 1001 2477 1023 Vers.
2495 1009 2528 1029 ¹4·

2388 1059 2398 1068 '⁹
2405 1058 2460 1085 Cap.
2468 1064 2492 1084 ιι,
2499 1065 2586 1086 vers.4.

2388 1084 2518 1107 comment.
2530 1085 2568 1106 lib.
2580 1069 2600 1107 1:

2486 1121 2496 1137 ε

2484 1221 2499 1250 ζ

2390 1275 2400 1286 ⁸
2415 1274 2481 1296 Vers.
2496 1282 2521 1301 4.

2393 1476 2401 1484 “
2415 1474 2477 1496 toan.
2499 1481 2549 1502 cap.
2565 1481 2604 1502 xi,

2390 1507 2449 1522 vers.
2465 1507 2496 1528 52.

2391 1583 2400 1592 ⁸
2417 1581 2481 1603 Vers.
2500 1582 2533 1604 16.

2393 1744 2401 1753 ·
2417 1743 2483 1765 Vers.
2501 1750 2535 1766 ιο.

2395 1899 2404 1907 ⁸
2422 1898 2464 1925 Op.
2475 1898 2570 1927 Imperf.
2581 1899 2605 1929 in

2395 1924 2606 1982 ffl'iffiefh‘bnssss:

2396 1977 2476 2004 chrys.

2421 2318 2468 2345 Qu.
2483 2324 2531 2340 mn.
2546 2329 2555 2334 —
2571 2319 2608 2340 ln-

2396 2348 2430 2366 ter
2445 2345 2507 2373 Opp.
2519 2347 2579 2372 Aug.

2397 2531 2405 2541 ⁸
2422 2530 2486 2553 vers.
2503 2537 2540 2559 79.
