2872 3970
249 1053 302 1074 ’Cfi
313 1053 346 1074 Ca
347 1055 363 1074 t.
372 1053 420 1074 Aur

248 1079 289 1100 Ma
292 1079 331 1100 tm.
353 1085 404 1107 cap.
425 1085 458 1102 ιιι

249 1106 327 1127 ubno
313 1111 360 1126 orn
366 1106 396 1126 Rn
398 1105 441 1126 ban

249 1132 325 1153 Raban
329 1132 374 1153 ,οδ
360 1137 426 1153 o.mm

248 1158 290 1179 Μα
292 1158 333 1179 tlh.
347 1158 387 1179 li.b
403 1157 420 1183 1,
432 1157 459 1178 ad

250 1191 300 1212 cxx-p
310 1191 340 1211 xxx,
351 1190 409 1205 v.ers
415 1174 458 1208 ⁷16:

249 1211 284 1232 Ha
272 1217 332 1235 a.vm
353 1211 394 1232 Ser
371 1217 434 1232 erom

249 1237 303 1258 XVI
321 1237 350 1258 de
368 1216 461 1284 Τενηρίῗέ

249 1264 307 1285 Glos
310 1269 328 1285 s.
355 1263 388 1285 Or
390 1263 410 1284 d

273 1297 285 1311 a
397 1306 402 1311 .

497 287 572 335 394

489 363 696 413 baptizatos
725 362 736 388 ζ
764 369 896 411 postea
923 359 1157 398 invisibiliter
1190 359 1365 396 credatur
1393 358 1548 394 descen-

490 417 590 454 dere.

541 470 598 506 An
627 479 797 511 QUARTUM
829 477 1009 504 martimum
1047 464 1154 514 quod
1189 462 1350 512 Spiritus
1387 462 1548 499 Sanctus

488 521 527 558 in
555 520 680 571 specie
699 520 902 557 columbae
930 516 1105 568 apparuit
1124 528 1239 565 super
1268 515 1464 552 Christum
1482 513 1548 550 ba-

488 573 682 623 ptizatum,
702 580 859 622 propter
877 578 1044 620 quatuor
1062 575 1091 605 η.
1122 568 1253 605 Primo
1273 567 1447 626 quidem,
1459 577 1548 615 pro-

487 634 571 676 pter
597 625 887 675 dispositionem
915 635 1014 672 quae
1049 620 1253 670 requiritur
1280 620 1318 656 in
1346 618 1546 668 baptizato,

488 687 530 716 ut
557 678 695 716 scilicet
722 689 800 714 non
828 676 939 712 fictus
962 675 1136 712 accedat:
1167 673 1269 722 quia,
1289 673 1386 709 sicut
1412 671 1549 708 dicitur

489 734 574 781 Sap.
595 743 604 768 1
628 731 664 773 *,
695 731 849 779 Spiritus
885 730 1040 765 Sanctus
1074 727 1288 775 disciplinae
1321 723 1473 774 effugiet
1495 725 1548 772 fi—

487 790 596 821 ctum.
627 782 819 820 Columba
848 781 950 818 enim
971 787 1025 816 est
1053 779 1194 816 animal
1222 778 1394 827 simplex,
1415 775 1550 817 astutia

488 844 524 873 et
551 836 641 873 dolo
671 846 822 872 carens:
851 833 955 870 unde
990 831 1127 869 dicitur
1160 831 1295 868 Matth.
1316 842 1339 868 x
1357 828 1397 866 *z
1425 830 1550 867 Estote

486 889 667 938 simplices
693 889 784 923 sicut
811 886 1014 922 columbae.

541 940 740 985 Secundo,
771 939 820 975 ad
848 937 1129 985 designandum
1157 943 1305 995 septem
1334 935 1437 972 dona
1466 933 1550 983 Spi-

487 993 579 1030 ritus
618 968 764 1036 Sancti,
793 1002 893 1040 quae
931 989 1112 1027 columba
1149 988 1227 1026 suis
1254 987 1550 1038 proprietatibus

442 1045 715 1094 '¹significat.
685 1044 704 1066 ²¹⁶
747 1020 939 1080 Columba
967 1041 1071 1078 enim
1091 1053 1201 1078 secus
1229 1041 1375 1079 fluenta
1394 1039 1549 1086 habitat,

454 1106 544 1144 -,ut
573 1095 687 1135 viso
716 1095 910 1145 accipitre,
939 1102 1085 1154 mergat
1111 1105 1151 1131 se
1180 1101 1216 1131 et
1243 1094 1391 1131 evadat.
1430 1069 1550 1140 Quod

486 1150 648 1201 pertinet
667 1150 715 1186 ad
741 1149 892 1186 donum
920 1146 1154 1197 sapientiae‘
1157 1175 1166 1193 ,
1186 1159 1257 1196 per
1283 1158 1404 1196 quam
1431 1145 1551 1184 sancti

487 1216 597 1241 secus
625 1201 841 1251 Scripturae
869 1200 1022 1238 divinae
1050 1199 1196 1237 fluenta
1223 1198 1400 1246 resident,
1423 1206 1467 1236 ut
1493 1198 1550 1236 in-

487 1269 644 1294 cursum
664 1254 805 1292 diaboli
824 1254 1000 1291 evadant
1020 1275 1045 1280 —
1073 1254 1167 1290 Item
1187 1253 1369 1291 columba
1390 1251 1551 1290 meliora

426 1295 460 1316 ω’
487 1322 604 1358 grana
632 1307 740 1356 eligit.
771 1307 890 1354 Quod
918 1305 1079 1355 pertinet
1106 1305 1156 1342 ad
1183 1305 1334 1343 donum
1360 1304 1549 1352 scientiae,

488 1375 566 1411 qua
602 1361 719 1399 sancti
757 1359 960 1397 sententias
988 1371 1120 1405 sanas,
1150 1358 1293 1408 quibus
1324 1365 1550 1408 pascantur,

489 1415 640 1463 eligunt.
667 1436 692 1440 —
728 1415 822 1450 Item
859 1412 1040 1449 columba
1077 1387 1222 1449 alienos
1258 1412 1405 1461 pullos
1421 1409 1549 1448 nutrit.

489 1468 607 1526 Quod
626 1466 788 1516 pertinet
806 1465 854 1502 ad
876 1466 1027 1502 donum
1055 1463 1214 1511 consilii,
1234 1476 1314 1514 quo
1343 1463 1467 1502 sancti
1481 1464 1551 1501 ho-

488 1520 622 1566 mines,
643 1518 710 1568 qui
735 1519 888 1556 fuerunt
906 1517 1012 1567 pulli,
1033 1517 1129 1554 idest
1157 1517 1377 1563 imitatores,
1395 1515 1550 1562 diaboli,

487 1572 659 1610 doctrina
695 1571 868 1608 nutriunt
894 1578 931 1608 et
959 1571 1148 1619 exemplo.
1177 1592 1203 1596 —
1239 1571 1334 1608 Item
1370 1568 1552 1606 columba

488 1638 567 1663 non
586 1627 724 1662 lacerat
751 1631 885 1661 rostro.
916 1624 1035 1670 Quod
1054 1622 1216 1672 pertinet
1244 1623 1294 1660 ad
1321 1623 1472 1660 donum
1495 1621 1552 1659 in·

487 1680 667 1723 tellectus‚
688 1689 767 1727 quo
797 1676 915 1714 sancti
934 1677 1056 1714 bonas
1084 1675 1288 1713 sententias
1306 1682 1323 1698 ἰ
1348 1674 1552 1713 lacerando

488 1743 568 1768 non
595 1737 828 1780 pervertunt,
856 1730 1138 1767 haereticorum
1172 1741 1293 1766 more.
1314 1750 1339 1756 -
1367 1729 1462 1765 Item
1489 1739 1553 1765 co-

489 1785 622 1822 lumba
639 1783 723 1821 felle
751 1790 863 1820 caret.
894 1783 1012 1829 Quod
1032 1782 1194 1831 pertinet
1221 1782 1270 1819 acl
1298 1782 1449 1818 donum
1473 1780 1553 1830 pie-

488 1837 591 1884 tatis,
620 1849 690 1886 per
717 1848 838 1885 quam
866 1835 983 1873 sancti
1011 1835 1066 1872 ira
1094 1834 1339 1872 irrationabili
1367 1841 1507 1871 carent.
1527 1855 1553 1860 —

489 1892 583 1927 Item
602 1889 785 1926 columba
811 1888 852 1926 in
880 1887 1054 1926 cavernis
1073 1895 1202 1937 petrae
1224 1886 1405 1938 nidificat.
1433 1886 1553 1934 Quod

488 1943 651 1993 pertinet
669 1942 719 1979 ad
738 1942 889 1979 donum
907 1940 1147 1987 fortitudinis,
1169 1952 1246 1990 qua
1269 1940 1389 1978 sancti
1416 1939 1456 1976 in
1474 1940 1553 1988 pla-

489 1996 544 2045 gis
572 1995 705 2032 mortis
743 1994 899 2041 Christi,
929 1994 996 2044 qui
1031 2001 1086 2031 est
1113 2001 1220 2043 petra
1252 1993 1388 2038 firma,
1416 1992 1554 2030 nidum

489 2055 650 2098 ponunt,
680 2048 786 2094 idest,
815 2059 932 2084 suum
967 2047 1156 2095 refugium
1191 2054 1228 2083 et
1265 2057 1386 2096 spem.
1407 2067 1432 2072 -
1460 2046 1551 2083 Item

490 2101 671 2139 columba
698 2101 884 2149 gemitum
912 2112 984 2149 pro
1012 2107 1127 2137 cantu
1159 2099 1285 2136 habet.
1322 2098 1442 2146 Quod
1469 2109 1554 2147 per-

490 2155 583 2192 tinet
610 2155 659 2191 ad
687 2154 837 2191 donum
870 2152 1035 2201 timoris,
1066 2165 1146 2202 quo
1174 2151 1293 2189 sancti
1320 2152 1556 2189 delectantur

491 2207 529 2244 in
557 2207 700 2256 gemitu
728 2219 799 2256 pro
827 2205 1002 2255 peccatis.

543 2260 686 2307 Tertio,
707 2259 883 2309 apparuit
908 2258 1069 2308 Spiritus
1089 2259 1252 2296 Sanctus
1279 2257 1319 2294 in
1346 2256 1471 2306 specie
1490 2268 1554 2294 co-

491 2314 646 2350 lumbae
665 2321 822 2362 propter
849 2312 1030 2349 effectum
1050 2311 1252 2361 proprium
1276 2309 1468 2359 baptismi,
1488 2309 1556 2359 qui

493 2374 547 2403 est
566 2365 740 2403 remissio
755 2373 1003 2415 peccatorum
1018 2373 1054 2402 et
1068 2363 1323 2402 reconciliatio
1342 2363 1392 2400 ad
1405 2363 1553 2400 Deum:

546 2479 571 2512 ζ)
591 2480 664 2511 bapti
665 2482 784 2512 zatos.—
802 2480 874 2511 bapti
867 2479 1019 2511 izandose
994 2484 1019 2503 te
1021 2479 1067 2503 rtia

546 2518 572 2549 η)
592 2524 625 2548 qu
611 2519 716 2540 ier-‚aluo
733 2529 753 2534 -
771 2519 806 2540 tri
783 2515 825 2539 ria
843 2523 945 2540 omnes.

546 2533 1088 2584 (³¹)vno-in1sdeieeziimesofltdtos.

547 2587 692 2621 i)Quod...
709 2559 902 2618 ¹sapini.—etae
920 2585 985 2610 DEF
1004 2583 1284 2617 e1·ittetapr;aeterl
1303 2591 1356 2609 om.

1169 2663 1502 2697 Commentaria.
1525 2661 1777 2694 Cardinalis
1799 2661 2000 2694 Caietam

556 2755 662 2775 trunus
685 2745 796 2780 clarus,
821 2754 859 2774 ex
882 2745 1056 2784 Evangelio
1081 2745 1176 2775 etiam
1200 2750 1298 2774 ortus,

498 2757 551 2817 T
610 2789 645 2819 In
662 2798 796 2828 corpore
812 2798 876 2819 una
893 2789 1075 2819 conclusio:
1104 2788 1305 2819 Conveniens
1320 2787 1395 2829 suit
1410 2791 1446 2817 ut
1459 2795 1557 2826 super

495 2833 687 2873 baptizatum
717 2833 878 2863 Christum
908 2833 1046 2873 Spiritus
1074 2833 1212 2864 Sanctus
1235 2831 1447 2863 descenderet.
1479 2830 1557 2860 Pro-

497 2878 596 2907 batur.
622 2876 720 2914 Quod
743 2878 775 2907 in
800 2877 916 2907 Christi
946 2878 1104 2918 baptismo
1135 2876 1255 2908 factum
1278 2881 1334 2912 est,
1358 2875 1495 2916 pertinet
1518 2873 1557 2905 ad

497 2921 682 2961 mysterium
705 2921 805 2951 nostri
828 2921 984 2961 baptismi.
1010 2921 1105 2960 Ergo.
1121 2939 1144 2943 -—
1166 2919 1369 2951 Antecedens
1393 2925 1439 2950 est
1455 2918 1557 2960 Chry-

498 2965 640 2995 sostomi.
665 2982 685 2988 -
710 2965 950 3004 Consequentia
973 2966 1134 3005 probatur.
1163 2965 1249 3003 Quia
1272 2973 1386 2995 omnes
1408 2963 1558 3004 baptizati

497 3018 563 3038 non
588 3009 652 3039 ficti
675 3009 836 3049 accipiunt
859 3009 1011 3049 Spiritum
1035 3010 1198 3045 Sanctum,
1223 3009 1334 3039 Matth.
1354 3018 1397 3039 111.

1280 3159 1600 3202 ARTICULUS
1629 3159 1896 3201 SEPTIMUS

1131 281 1394 329 QUAESTIO
1424 279 1603 326 XXXIX,
1632 277 1925 316 ARTICULUS
1951 277 2018 318 vll

1589 1409 1711 1456 dem,
1739 1409 1788 1446 ad
1815 1407 2098 1447 ostendendum
2125 1407 2317 1447 servorem
2343 1418 2448 1457 quo
2444 1405 2591 1448 auid-r

1604 355 1786 393 columba
1809 355 1918 393 enim
1946 362 2001 392 est
2027 354 2170 392 animal
2197 362 2479 392 mansuetum·
2488 355 2551 392 Et}
2552 354 2663 404 aba,

1604 407 1701 445 sicut
1721 408 2029 458 Chrysostomus
2048 407 2148 454 dicit,
2167 416 2291 457 super
2304 404 2438 445 Matth.
2457 406 2496 454 *ς
2501 409 2570 445 m*
2557 402 2665 459 *W
2706 403 2740 456 gr‘jj

1602 472 1663 498 vio
1691 462 1865 511 apparuit
1891 461 1961 498 hoc
1988 458 2141 506 animal,
2162 469 2311 497 ramum
2327 460 2463 509 seretis
2480 435 2532 514 bl
2612 488 2627 494 ¹.

1603 524 1839 550 communem
1858 514 1958 550 orbis
1984 517 2171 550 terrarum
2192 508 2513 562 tranquillam
2542 558 2546 563 st

1602 568 1718 603 tians:
1753 571 1786 603 et
1823 577 1923 603 nunc
1950 567 2063 603 etiam
2093 565 2267 602 columba
2301 570 2464 614 apparet,
2474 577 2522 606 m
2534 562 2664 616 'abqu-
2716 606 2727 611 .,

1602 631 1694 665 smo,
1715 619 1968 655 liberationem
1997 618 2101 654 nobis
2128 613 2739 654 demonstrans.

1657 671 1820 719 Quart0,
1839 669 2016 719 apparuit
2036 669 2198 719 Spiritus
2217 669 2408 707 Sanctus
2398 681 2438 707 ιιι
2457 669 2583 720 specie
2600 644 2680 718 oon
2682 661 2719 713 χ’

1603 723 1760 760 lumbae
1797 734 1913 772 super
1948 721 2165 759 Dominum
2203 721 2457 771 baptizatum,
2483 722 2532 760 ad
2562 720 2683 763 dub

1602 776 1803 824 gnandum
1830 786 2080 818 communem
2106 774 2288 817 effectum
2301 773 2504 834 baptismi,
2523 773 2627 837 qui
2660 786 2697 825 :.·'

1603 827 1834 866 constructio
1870 826 2143 865 ecclesiasticae
2178 824 2341 864 unitatis.
2382 823 2495 865 Unde
2536 844 2547 858 ·
2576 825 2643 868 dm
2643 820 2657 840 ¹²·
2675 835 2689 870 ς’,

1602 882 1735 932 Ephes.
1755 893 1779 918 v
1797 880 1828 927 ²⁸⁸,
1858 880 1966 930 quod
1997 881 2161 917 Christus
2188 879 2336 917 tradidit
2368 881 2644 931 semetipsum

1603 935 1790 971 exhiberet
1815 934 1886 970 sibi
1910 932 2117 983 gloriosam
2135 932 2352 978 Ecclesiam,
2374 945 2453 970 non
2472 933 2581 971 hab-

1602 987 1792 1025 maculam
1807 991 1878 1024 aut
1892 997 2031 1036 rugam
2048 991 2113 1023 aut
2130 985 2271 1035 aliquid
2295 985 2562 1042 huiusnmdi,

1603 1051 1688 1078 eam
1714 1039 1869 1077 lavacro
1894 1049 2016 1088 aquae
2042 1039 2100 1076 in
2098 1039 2223 1077 verbo
2248 1038 2358 1079 vitae..
2381 1038 2448 1078 En
2458 1024 2597 1103 4199

1603 1091 1800 1130 venienter
1828 1090 1990 1151 Spiritus
2023 1091 2187 1131 Sanctus
2202 1090 2252 1130 in
2278 1087 2520 1140 baptisans&

1604 1152 1741 1183 stratus
1769 1152 1825 1182 est
1851 1143 1891 1181 in
1918 1142 2047 1193 specie
2068 1143 2293 1190 columbae,
2312 1154 2427 1193 quae
2431 1148 2536 1189 eat

1604 1197 1820 1239 amicabile
1832 1204 1869 1235 et
1893 1197 2054 1245 gregale.
2082 1196 2196 1235 Unde
2222 1203 2261 1234 et
2281 1196 2433 1236 canuc:-
2436 1195 2547 1236 νηῒ-5
2645 1237 2652 1248 ,

1604 1251 1654 1288 de
1680 1250 1871 1288 Ecclesia:
1906 1250 1991 1288 Una
2008 1254 2069 1286 est
2095 1249 2268 1300 columba
2295 1260 2418 1287 mea.-
2475 1260 2480 1266 ·
2512 1254 2570 1288 ιιι
2634 1244 2658 1296 v'

1659 1304 1786 1353 Super
1811 1303 2019 1352 Apostolos
2047 1309 2179 1340 autem
2204 1300 2246 1341 in
2273 1301 2400 1351 speeie
2426 1313 2570 1350 m

1604 1364 1666 1394 tus
1694 1356 1874 1394 Sanctus
1883 1354 2089 1402 descendit,
2109 1361 2266 1404 propter
2297 1354 2389 1393 duo.
2424 1353 2599 1400 Prinne.
2631 1393 2634 1396 Δ
2651 1395 2667 1416 4,

1606 1474 1695 1500 rum
1713 1469 1821 1500 erant
1839 1460 2165 1506 commovenda,
2139 1458 2153 1483 λ
2180 1459 2229 1499 ad
2248 1460 2325 1499 hoc
2342 1459 2495 1510 quod

1605 1514 1844 1574 ubicumque
1862 1513 1960 1551 inter
1985 1524 2184 1563 pressuras
2201 1512 2476 1562 praedicarent.
2498 1511 2608 1553 Q·‘2

1606 1567 1721 1605 etiam
1749 1567 1789 1605 in
1815 1566 1935 1616 igneis
1961 1565 2100 1615 linguis
2127 1565 2314 1616 apparuit.
2353 1564 2472 1605 Unde
2482 1566 2555 1609 «Α

1605 1633 1680 1658 nus
1708 1619 1815 1667 dicit,
1839 1631 1952 1670 super
1978 1621 2087 1658 Ioan.
2106 1617 2146 1656 *ι
2181 1619 2344 1658 Duobus
2360 1618 2501 1660 modis

1607 1674 1793 1711 visibiliter
1811 1674 1996 1710 Dominus
2023 1673 2199 1722 Spiritum
2218 1673 2416 1713 Sanctum.-
2441 1670 2630 1717 selim

1606 1727 1829 1772 columbam,
1843 1738 1955 1776 super
1967 1726 2173 1763 Dominum
2186 1726 2462 1775 baptizaturi&
2539 1742 2598 1770 52⁴

1605 1791 1718 1830 super
1743 1779 1939 1829 discipulos
1971 1783 2232 1828 congregatos.
2266 1779 2329 1816 Ibi
2352 1775 2633 1828 simle,
2642 1784 2691 1827 J}

1597 1834 1736 1882 servor
1763 1832 1973 1870 ostenditur.
2001 1833 2131 1892 Ergo,
2161 1843 2208 1868 ne
2227 1842 2302 1880 per
2328 1831 2558 1880 Spiritum
2650 1838 2704 1880 sti*-

1597 1886 1711 1934 ficati
1727 1885 1853 1923 dolum
1871 1885 2043 1930 habeant,
2062 1886 2101 1921 in
2121 1883 2293 1922 columba
2313 1883 2425 1921 dem
2462 1900 2481 1914 ⁴·
2745 1931 2748 1935 Δ

1608 1945 1642 1975 et
1661 1949 1708 1976 ne
1724 1938 1937 1988 simplicitas
1943 1937 2096 1986 frigida
2123 1942 2326 1983 remaneat,
2346 1938 2385 1974 in
2405 1922 2514 1986 igne
2617 1955 2642 1972 ·.
2639 1924 2706 1988 ’ᾗ

1607 1997 1741 2029 stratus
1759 1997 1819 2028 est.
1847 1991 1932 2028 Nec
1950 1995 2108 2038 moveat,
2116 1991 2214 2039 quia
2232 1989 2386 2040 linguae
2403 1986 2692 2034 dim-xm

1609 2046 1784 2081 unitatem
1812 2045 1849 2080 in
1877 2043 2050 2080 columba
2077 2054 2271 2092 cognosce.
2643 2045 2694 2081 ,ἕ

1664 2097 1844 2134 Secundo
1871 2095 1973 2145 quia,
1994 2095 2090 2133 sicut
2109 2095 2410 2145 chrysostomus
2426 2093 2448 2118 ⁴⁸
2465 2092 2609 2146 dua,

1610 2151 1800 2200 oportebat
1825 2149 1960 2186 delictis
1988 2150 2194 2199 ignoscere,
2213 2148 2322 2197 quod
2339 2147 2410 2185 fit
2401 2159 2443 2184 m
2477 2166 2486 2176 ·
2528 2165 2535 2179 ·
2586 2185 2589 2188 .
2640 2189 2650 2196 v

1610 2202 1852 2240 mansuetudo
1871 2203 2079 2240 necessaria
2097 2206 2194 2239 erat.-
2210 2212 2312 2250 quae
2331 2200 2440 2238 dem
2460 2217 2478 2229 v·
2566 2218 2569 2225 ³
2588 2207 2589 2211 ’
2594 2226 2626 2247 ,-
2642 2198 2646 2203 ’
2670 2198 2674 2199 ’

1610 2255 1803 2292 columba.
1846 2255 1920 2292 Sed
1950 2256 2016 2292 ubi
2047 2253 2171 2304 adepti
2193 2265 2321 2292 sumus
2342 2254 2581 2313 gratiam

1611 2309 1737 2346 iudicii
1761 2314 1922 2358 tempus.-
1948 2307 2056 2357 quod
2084 2306 2318 2356 significatur
2342 2316 2420 2356 per

2626 1487 2688 1530 ψη»

1663 2475 1688 2509 κ)
1707 2475 1822 2500 sementi
1813 2482 1861 2500 1.as
1878 2474 2039 2500 —scientias
2058 2474 2132 2500 tertia
2149 2473 2290 2507 praesul.

1611 2547 1652 2573 ed
1661 2509 1697 2572 ξι).
1709 2510 1940 2536 commovenda.-
1951 2510 1994 2535 EF
2007 2515 2034 2536 et
2045 2508 2134 2540 tei-tiu
2151 2509 2272 2535 canenda
2285 2507 2360 2540 ABG,
2373 2506 2504 2537 torrenda

1664 2741 1803 2772 Advette
1814 2741 1867 2772 hic
1880 2740 1969 2781 quod
1979 2741 2087 2772 minus
2097 2738 2325 2780 respondendo
2337 2738 2412 2770 det

1610 2785 1705 2816 fuerit
1729 2786 1920 2826 quaesitum.
1942 2785 2027 2816 Nam
2050 2785 2232 2825 quaesitum
2246 2789 2294 2814 est
2308 2782 2349 2815 de
2366 2751 2562 2819 descensis,

1611 2830 1719 2860 Sancti
1745 2830 1779 2860 in
1802 2830 1909 2870 specie
1939 2829 2127 2861 columbae·
2156 2834 2190 2860 et
2210 2827 2422 2869 respondetur
2449 2824 2530 2861 de·

1611 2873 1746 2914 Spiritus
1770 2874 1877 2905 Sancti
1899 2873 2016 2910 solum,
2035 2872 2116 2904 nihii
2139 2871 2276 2904 dicendo
2299 2870 2339 2911 de
2361 2872 2468 2915 speeie
2491 2858 2606 2919 qo

1610 2918 1651 2948 Et
1666 2918 1730 2948 hoc
1745 2918 1819 2948 ideo
1839 2918 1914 2958 quia
1936 2917 2107 2948 reservavit
2127 2916 2192 2948 hoc
2213 2908 2393 2947 secundum
2412 2923 2481 2970 res·
2520 2929 2577 2942 ..m

1611 2967 1798 3002 argumenta
1813 2964 1839 2993 *.
2517 2959 2523 2967 '
2542 2972 2548 2979 ·

2591 2770 2638 2791 '3⁴³5-

623 3252 779 3283 UTRUM
803 3252 903 3283 lLLA
926 3253 1138 3284 COLUMBA
1161 3254 1203 3284 IN
1228 3254 1320 3292 QUA
1343 3253 1532 3287 SPLRITUS
1556 3253 1754 3285 SANCTUS
1776 3253 2002 3290 APPARmT,
2022 3252 2181 3285 FUERIT
2203 3251 2358 3285 VERUM
2379 3238 2666 3295 Anium„
2693 3275 2695 3278 Α

1142 3331 1254 3361 ISent.,
1274 3332 1298 3356 di
1300 3337 1333 3357 sn
1351 3337 1465 3361 xv1,nr.t
1486 3332 1510 3363 3,
1530 3332 1562 3357 nd
1583 3331 1611 3362 3·
1631 3332 1661 3357 In
1682 3332 1765 3362 loun..
1784 3339 1841 3365 cap.
1860 3339 1877 3360 ι,
1897 3332 1956 3357 lect.
1972 3338 2023 3357 xxv.
2594 3319 2657 3371 ⁵¹⁶¹·
2675 3310 2683 3317 i

538 3451 566 3501 ἱ

525 3513 563 3564 ,δ

2583 3385 2602 3401 Α
2625 3386 2671 3400 ·,ῑ
2690 3383 2691 3386 ’

550 3423 598 3461 ,ἢν
619 3423 653 3451 ι,
640 3435 690 3469 ...ἢ
712 3422 735 3446 D
755 3421 931 3446 SEPTIMUM
951 3421 1003 3446 sic
1020 3421 1253 3448 PROCEDITUR.
1274 3410 1434 3448 Videtur
1453 3411 1559 3460 quod
1614 3411 1829 3449 secundum
1857 3410 2145 3448 similitudinem
2177 3417 2344 3461 apparet.
2375 3409 2452 3448 Sed
2478 3409 2574 3446 Luc.
2610 3424 2625 3441 ιι
2646 3422 2691 3434 ⁶>

550 3437 687 3517 1Δῗξι
714 3461 775 3498 illa
789 3461 992 3498 columba·
985 3473 1022 3497 in
1043 3474 1119 3510 qua
1139 3462 1299 3511 Spiritus
1319 3464 1480 3501 Sanctus
1495 3476 1560 3513 ap·
1614 3463 1750 3501 dicitur
1781 3464 1890 3514 quod
1915 3463 2098 3503 descendit
2123 3465 2279 3514 Spiritus
2305 3463 2476 3501 Sanctus
2484 3473 2531 3506 co

562 3525 684 3590 ες,
656 3496 687 3555 ¹(
715 3513 850 3562 paruit,
877 3525 955 3549 non
984 3513 1092 3550 fuerit
1121 3527 1258 3551 verum
1286 3515 1436 3553 animal.
1466 3516 1561 3553 Illud
1613 3518 1734 3566 specie
1749 3518 1841 3554 sicut
1858 3516 2031 3554 columba
2049 3517 2088 3554 in
2107 3517 2238 3576 ipsum.
2275 3515 2369 3553 Non
2387 3525 2489 3564 ergo
2634 3552 2637 3554 .

598 3554 653 3590 ‘³⁹¹'
688 3566 818 3602 *enim
830 3565 980 3602 videtur
994 3566 1117 3614 specie
1133 3574 1243 3603 tenus
1257 3579 1440 3616 apparere
1456 3568 1562 3617 quod
1615 3567 1807 3615 columba,
1827 3568 1895 3606 sed
1922 3568 2115 3618 quaedam
2143 3565 2350 3606 similitudo
2378 3555 2633 3610 colmnbaz'li'
2611 3591 2644 3610 m

2486 3512 2572 3552 dixit
