<?xml version="1.0" encoding="UTF-8"?>
<!DOCTYPE html PUBLIC "-//W3C//DTD XHTML 1.0 Transitional//EN"
    "http://www.w3.org/TR/xhtml1/DTD/xhtml1-transitional.dtd">
<html xmlns="http://www.w3.org/1999/xhtml" xml:lang="en" lang="en">
 <head>
  <title>
</title>
<meta http-equiv="Content-Type" content="text/html;charset=utf-8" />
  <meta name='ocr-system' content='tesseract 3.04.00' />
  <meta name='ocr-capabilities' content='ocr_page ocr_carea ocr_par ocr_line ocrx_word'/>
</head>
<body>
  <div class='ocr_page' id='page_1' title='image "./operaomniaiussui11thom_0273.png"; bbox 0 0 2872 3970; ppageno 0'>
   <div class='ocr_carea' id='block_1_1' title="bbox 0 1132 274 3970">
    <p class='ocr_par' dir='ltr' id='par_1_1' title="bbox 0 1132 274 3970">
     <span class='ocr_line' id='line_1_1' title="bbox 0 1132 274 3970; baseline 0 0"><span class='ocrx_word' id='word_1_1' title='bbox 0 1132 274 3970; x_wconf 95' lang='lat' dir='ltr'> </span> 
     </span>
    </p>
   </div>
   <div class='ocr_carea' id='block_1_2' title="bbox 957 289 1768 337">
    <p class='ocr_par' dir='ltr' id='par_1_2' title="bbox 957 289 1768 337">
     <span class='ocr_line' id='line_1_2' title="bbox 957 289 1768 337; baseline -0.002 -9"><span class='ocrx_word' id='word_1_2' title='bbox 957 289 1219 336; x_wconf 67' lang='lat' dir='ltr'><strong>QUAESTIO</strong></span> <span class='ocrx_word' id='word_1_3' title='bbox 1249 290 1354 337; x_wconf 95' lang='lat' dir='ltr'>XVI,</span> <span class='ocrx_word' id='word_1_4' title='bbox 1383 289 1675 327; x_wconf 89' lang='lat' dir='ltr'>ARTICULUS</span> <span class='ocrx_word' id='word_1_5' title='bbox 1703 290 1768 327; x_wconf 90' lang='lat' dir='ltr'>XII</span> 
     </span>
    </p>
   </div>
   <div class='ocr_carea' id='block_1_3' title="bbox 277 366 1340 992">
    <p class='ocr_par' dir='ltr' id='par_1_3' title="bbox 277 366 1338 680">
     <span class='ocr_line' id='line_1_3' title="bbox 277 366 1335 418; baseline -0.002 -13"><span class='ocrx_word' id='word_1_6' title='bbox 277 368 437 418; x_wconf 81' lang='lat' dir='ltr'>gratiam</span> <span class='ocrx_word' id='word_1_7' title='bbox 454 366 621 415; x_wconf 87' lang='lat' dir='ltr'>unionis,</span> <span class='ocrx_word' id='word_1_8' title='bbox 641 375 678 404; x_wconf 92' lang='lat' dir='ltr'>et</span> <span class='ocrx_word' id='word_1_9' title='bbox 697 379 779 405; x_wconf 90' lang='lat' dir='ltr'>esse</span> <span class='ocrx_word' id='word_1_10' title='bbox 797 368 947 404; x_wconf 87' lang='lat' dir='ltr'>Deum:</span> <span class='ocrx_word' id='word_1_11' title='bbox 977 367 1043 404; x_wconf 89' lang='lat' dir='ltr'>secl</span> <span class='ocrx_word' id='word_1_12' title='bbox 1065 367 1243 404; x_wconf 91' lang='lat' dir='ltr'>convenit</span> <span class='ocrx_word' id='word_1_13' title='bbox 1261 367 1335 416; x_wconf 90' lang='lat' dir='ltr'>pri-</span> 
     </span>
     <span class='ocr_line' id='line_1_4' title="bbox 278 419 1336 466; baseline -0.005 -6"><span class='ocrx_word' id='word_1_14' title='bbox 278 433 391 461; x_wconf 82' lang='lat' dir='ltr'>mum</span> <span class='ocrx_word' id='word_1_15' title='bbox 409 419 424 450; x_wconf 74' lang='grc' dir='ltr'><strong>β</strong></span> <span class='ocrx_word' id='word_1_16' title='bbox 451 419 524 458; x_wconf 84' lang='lat' dir='ltr'>sibi</span> <span class='ocrx_word' id='word_1_17' title='bbox 551 420 766 457; x_wconf 88' lang='lat' dir='ltr'>secundum</span> <span class='ocrx_word' id='word_1_18' title='bbox 802 420 1016 457; x_wconf 85' lang='lat' dir='ltr'>humanam</span> <span class='ocrx_word' id='word_1_19' title='bbox 1044 426 1242 466; x_wconf 87' lang='lat' dir='ltr'>naturam;</span> <span class='ocrx_word' id='word_1_20' title='bbox 1280 432 1336 456; x_wconf 89' lang='lat' dir='ltr'>se-</span> 
     </span>
     <span class='ocr_line' id='line_1_5' title="bbox 278 471 1337 513; baseline -0.005 0"><span class='ocrx_word' id='word_1_21' title='bbox 278 473 452 513; x_wconf 79' lang='lat' dir='ltr'>eundum</span> <span class='ocrx_word' id='word_1_22' title='bbox 479 484 572 510; x_wconf 88' lang='lat' dir='ltr'>vero</span> <span class='ocrx_word' id='word_1_23' title='bbox 601 472 817 510; x_wconf 82' lang='lat' dir='ltr'>secundum</span> <span class='ocrx_word' id='word_1_24' title='bbox 844 471 1026 509; x_wconf 86' lang='lat' dir='ltr'>divinam.</span> <span class='ocrx_word' id='word_1_25' title='bbox 1055 472 1103 508; x_wconf 91' lang='lat' dir='ltr'>Et</span> <span class='ocrx_word' id='word_1_26' title='bbox 1130 471 1217 509; x_wconf 89' lang='lat' dir='ltr'>ideo</span> <span class='ocrx_word' id='word_1_27' title='bbox 1241 473 1337 508; x_wconf 90' lang='lat' dir='ltr'>haec</span> 
     </span>
     <span class='ocr_line' id='line_1_6' title="bbox 278 524 1338 573; baseline -0.004 -9"><span class='ocrx_word' id='word_1_28' title='bbox 278 533 334 567; x_wconf 73' lang='lat' dir='ltr'>est</span> <span class='ocrx_word' id='word_1_29' title='bbox 360 536 472 572; x_wconf 69' lang='lat' dir='ltr'>vera,</span> <span class='ocrx_word' id='word_1_30' title='bbox 505 526 689 570; x_wconf 68' lang='lat' dir='ltr'>Christm,</span> <span class='ocrx_word' id='word_1_31' title='bbox 716 524 918 561; x_wconf 84' lang='lat' dir='ltr'>secundum</span> <span class='ocrx_word' id='word_1_32' title='bbox 946 524 1045 573; x_wconf 79' lang='lat' dir='ltr'>quod</span> <span class='ocrx_word' id='word_1_33' title='bbox 1069 525 1202 570; x_wconf 85' lang='lat' dir='ltr'>homo,</span> <span class='ocrx_word' id='word_1_34' title='bbox 1231 526 1338 563; x_wconf 83' lang='lat' dir='ltr'>habet</span> 
     </span>
     <span class='ocr_line' id='line_1_7' title="bbox 277 573 1337 628; baseline -0.001 -13"><span class='ocrx_word' id='word_1_35' title='bbox 277 580 442 628; x_wconf 69' lang='lat' dir='ltr'>gratiam</span> <span class='ocrx_word' id='word_1_36' title='bbox 461 579 629 617; x_wconf 72' lang='lat' dir='ltr'>unionis:</span> <span class='ocrx_word' id='word_1_37' title='bbox 655 584 884 615; x_wconf 87' lang='lat' dir='ltr'>nontamen</span> <span class='ocrx_word' id='word_1_38' title='bbox 910 576 991 623; x_wconf 89' lang='lat' dir='ltr'>ista,</span> <span class='ocrx_word' id='word_1_39' title='bbox 1016 577 1190 623; x_wconf 82' lang='lat' dir='ltr'>Christus,</span> <span class='ocrx_word' id='word_1_40' title='bbox 1205 573 1337 617; x_wconf 84' lang='lat' dir='ltr'>&#39;secun-</span> 
     </span>
     <span class='ocr_line' id='line_1_8' title="bbox 279 629 860 680; baseline -0.005 -12"><span class='ocrx_word' id='word_1_41' title='bbox 279 631 367 671; x_wconf 76' lang='lat' dir='ltr'>dum</span> <span class='ocrx_word' id='word_1_42' title='bbox 395 629 494 680; x_wconf 71' lang='lat' dir='ltr'>quod</span> <span class='ocrx_word' id='word_1_43' title='bbox 518 631 641 676; x_wconf 79' lang='lat' dir='ltr'>home,</span> <span class='ocrx_word' id='word_1_44' title='bbox 671 635 722 667; x_wconf 85' lang='lat' dir='ltr'>est</span> <span class='ocrx_word' id='word_1_45' title='bbox 747 630 860 667; x_wconf 84' lang='lat' dir='ltr'>Deus.</span> 
     </span>
    </p>

    <p class='ocr_par' dir='ltr' id='par_1_4' title="bbox 278 681 1340 992">
     <span class='ocr_line' id='line_1_9' title="bbox 331 681 1339 730; baseline -0.001 -10"><span class='ocrx_word' id='word_1_46' title='bbox 331 683 391 723; x_wconf 76' lang='lat' dir='ltr'>An</span> <span class='ocrx_word' id='word_1_47' title='bbox 426 694 615 720; x_wconf 74' lang='lat' dir='ltr'>SECUNDUM</span> <span class='ocrx_word' id='word_1_48' title='bbox 657 693 838 724; x_wconf 61' lang='lat' dir='ltr'>Dici-:unum</span> <span class='ocrx_word' id='word_1_49' title='bbox 879 681 987 730; x_wconf 92' lang='lat' dir='ltr'>quod</span> <span class='ocrx_word' id='word_1_50' title='bbox 1020 682 1136 719; x_wconf 88' lang='lat' dir='ltr'>Filius</span> <span class='ocrx_word' id='word_1_51' title='bbox 1162 683 1339 719; x_wconf 83' lang='lat' dir='ltr'><em>Hominis</em></span> 
     </span>
     <span class='ocr_line' id='line_1_10' title="bbox 279 734 1338 784; baseline -0.003 -11"><span class='ocrx_word' id='word_1_52' title='bbox 279 737 387 777; x_wconf 74' lang='lat' dir='ltr'>habet</span> <span class='ocrx_word' id='word_1_53' title='bbox 413 736 451 772; x_wconf 80' lang='lat' dir='ltr'>in</span> <span class='ocrx_word' id='word_1_54' title='bbox 479 740 580 773; x_wconf 87' lang='lat' dir='ltr'>terra</span> <span class='ocrx_word' id='word_1_55' title='bbox 601 739 816 784; x_wconf 83' lang='lat' dir='ltr'>potestatem</span> <span class='ocrx_word' id='word_1_56' title='bbox 844 734 1046 773; x_wconf 78' lang='lat' dir='ltr'>dimittendi</span> <span class='ocrx_word' id='word_1_57' title='bbox 1066 740 1232 783; x_wconf 80' lang='lat' dir='ltr'>peccata,</span> <span class='ocrx_word' id='word_1_58' title='bbox 1258 746 1338 771; x_wconf 89' lang='lat' dir='ltr'>non</span> 
     </span>
     <span class='ocr_line' id='line_1_11' title="bbox 278 785 1340 835; baseline -0.001 -10"><span class='ocrx_word' id='word_1_59' title='bbox 278 787 419 829; x_wconf 82' lang='lat' dir='ltr'>virtute</span> <span class='ocrx_word' id='word_1_60' title='bbox 444 787 640 827; x_wconf 84' lang='lat' dir='ltr'>humanae</span> <span class='ocrx_word' id='word_1_61' title='bbox 676 794 855 832; x_wconf 86' lang='lat' dir='ltr'>naturae,</span> <span class='ocrx_word' id='word_1_62' title='bbox 885 786 953 824; x_wconf 89' lang='lat' dir='ltr'>sed</span> <span class='ocrx_word' id='word_1_63' title='bbox 980 785 1151 824; x_wconf 87' lang='lat' dir='ltr'>divinae:</span> <span class='ocrx_word' id='word_1_64' title='bbox 1190 786 1230 823; x_wconf 92' lang='lat' dir='ltr'>in</span> <span class='ocrx_word' id='word_1_65' title='bbox 1262 799 1340 835; x_wconf 86' lang='lat' dir='ltr'>qua</span> 
     </span>
     <span class='ocr_line' id='line_1_12' title="bbox 280 838 1339 890; baseline -0.002 -13"><span class='ocrx_word' id='word_1_66' title='bbox 280 839 440 890; x_wconf 86' lang='lat' dir='ltr'>quidem</span> <span class='ocrx_word' id='word_1_67' title='bbox 458 838 589 877; x_wconf 86' lang='lat' dir='ltr'>divina</span> <span class='ocrx_word' id='word_1_68' title='bbox 606 846 743 876; x_wconf 86' lang='lat' dir='ltr'>natura</span> <span class='ocrx_word' id='word_1_69' title='bbox 761 838 928 876; x_wconf 87' lang='lat' dir='ltr'>consistit</span> <span class='ocrx_word' id='word_1_70' title='bbox 942 846 1108 887; x_wconf 90' lang='lat' dir='ltr'>potestas</span> <span class='ocrx_word' id='word_1_71' title='bbox 1126 838 1339 876; x_wconf 88' lang='lat' dir='ltr'>dimittendi</span> 
     </span>
     <span class='ocr_line' id='line_1_13' title="bbox 280 891 1339 942; baseline -0.002 -13"><span class='ocrx_word' id='word_1_72' title='bbox 280 899 436 942; x_wconf 88' lang='lat' dir='ltr'>peccata</span> <span class='ocrx_word' id='word_1_73' title='bbox 461 903 532 940; x_wconf 91' lang='lat' dir='ltr'>per</span> <span class='ocrx_word' id='word_1_74' title='bbox 555 891 837 937; x_wconf 60' lang='lat' dir='ltr'>auctoritatem</span> <span class='ocrx_word' id='word_1_75' title='bbox 867 891 907 928; x_wconf 91' lang='lat' dir='ltr'>in</span> <span class='ocrx_word' id='word_1_76' title='bbox 927 892 1106 932; x_wconf 73' lang='lat' dir='ltr'>,humana</span> <span class='ocrx_word' id='word_1_77' title='bbox 1125 899 1254 928; x_wconf 89' lang='lat' dir='ltr'>autem</span> <span class='ocrx_word' id='word_1_78' title='bbox 1274 903 1339 927; x_wconf 90' lang='lat' dir='ltr'>na-</span> 
     </span>
     <span class='ocr_line' id='line_1_14' title="bbox 280 943 1340 992; baseline -0.002 -10"><span class='ocrx_word' id='word_1_79' title='bbox 280 952 366 982; x_wconf 91' lang='lat' dir='ltr'>tura</span> <span class='ocrx_word' id='word_1_80' title='bbox 409 943 577 981; x_wconf 87' lang='lat' dir='ltr'>consistit</span> <span class='ocrx_word' id='word_1_81' title='bbox 617 943 952 981; x_wconf 71' lang='lat' dir='ltr'>instrumentaliter</span> <span class='ocrx_word' id='word_1_82' title='bbox 989 951 1024 980; x_wconf 91' lang='lat' dir='ltr'>et</span> <span class='ocrx_word' id='word_1_83' title='bbox 1061 955 1131 992; x_wconf 90' lang='lat' dir='ltr'>per</span> <span class='ocrx_word' id='word_1_84' title='bbox 1173 943 1340 980; x_wconf 88' lang='lat' dir='ltr'>ministe-</span> 
     </span>
    </p>
   </div>
   <div class='ocr_carea' id='block_1_4' title="bbox 334 1072 1222 1108">
    <p class='ocr_par' dir='ltr' id='par_1_5' title="bbox 334 1072 1222 1108">
     <span class='ocr_line' id='line_1_15' title="bbox 334 1072 1222 1108; baseline -0.001 -9"><span class='ocrx_word' id='word_1_85' title='bbox 334 1072 360 1108; x_wconf 89' lang='grc' dir='ltr'>β)</span> <span class='ocrx_word' id='word_1_86' title='bbox 379 1073 503 1099; x_wconf 78' lang='lat' dir='ltr'>convenit</span> <span class='ocrx_word' id='word_1_87' title='bbox 516 1073 646 1105; x_wconf 76' lang='lat' dir='ltr'>primum.</span> <span class='ocrx_word' id='word_1_88' title='bbox 663 1087 683 1092; x_wconf 92' lang='lat'><strong>—</strong></span> <span class='ocrx_word' id='word_1_89' title='bbox 695 1073 816 1105; x_wconf 80' lang='lat' dir='ltr'>primum</span> <span class='ocrx_word' id='word_1_90' title='bbox 835 1073 960 1099; x_wconf 82' lang='lat' dir='ltr'>convenit</span> <span class='ocrx_word' id='word_1_91' title='bbox 977 1074 1050 1098; x_wconf 78' lang='lat' dir='ltr'>tertia</span> <span class='ocrx_word' id='word_1_92' title='bbox 1069 1079 1171 1107; x_wconf 78' lang='lat' dir='ltr'>praeter</span> <span class='ocrx_word' id='word_1_93' title='bbox 1190 1074 1222 1099; x_wconf 91' lang='lat' dir='ltr'>G.</span> 
     </span>
    </p>
   </div>
   <div class='ocr_carea' id='block_1_5' title="bbox 2371 302 2446 339">
    <p class='ocr_par' dir='ltr' id='par_1_6' title="bbox 2371 302 2446 339">
     <span class='ocr_line' id='line_1_16' title="bbox 2371 302 2446 339; baseline -0.013 -11"><span class='ocrx_word' id='word_1_94' title='bbox 2371 302 2446 339; x_wconf 85' lang='lat'>217</span> 
     </span>
    </p>
   </div>
   <div class='ocr_carea' id='block_1_6' title="bbox 1389 367 2452 889">
    <p class='ocr_par' dir='ltr' id='par_1_7' title="bbox 1389 367 2451 678">
     <span class='ocr_line' id='line_1_17' title="bbox 1389 367 2448 417; baseline 0.002 -14"><span class='ocrx_word' id='word_1_95' title='bbox 1389 367 1502 404; x_wconf 90' lang='lat' dir='ltr'>rium.</span> <span class='ocrx_word' id='word_1_96' title='bbox 1541 367 1652 404; x_wconf 86' lang='lat' dir='ltr'>Unde</span> <span class='ocrx_word' id='word_1_97' title='bbox 1683 367 1994 416; x_wconf 86' lang='lat' dir='ltr'>Chrysostomus,</span> <span class='ocrx_word' id='word_1_98' title='bbox 2013 380 2125 417; x_wconf 84' lang='lat' dir='ltr'>super</span> <span class='ocrx_word' id='word_1_99' title='bbox 2150 370 2284 407; x_wconf 83' lang='lat' dir='ltr'>Matth.</span> <span class='ocrx_word' id='word_1_100' title='bbox 2313 368 2344 415; x_wconf 61' lang='lat'>²¹³,</span> <span class='ocrx_word' id='word_1_101' title='bbox 2374 370 2448 405; x_wconf 93' lang='lat' dir='ltr'>hoc</span> 
     </span>
     <span class='ocr_line' id='line_1_18' title="bbox 1390 419 2448 469; baseline 0.002 -13"><span class='ocrx_word' id='word_1_102' title='bbox 1390 431 1604 468; x_wconf 84' lang='lat' dir='ltr'>exponens,</span> <span class='ocrx_word' id='word_1_103' title='bbox 1634 419 1741 456; x_wconf 90' lang='lat' dir='ltr'>dicit:</span> <span class='ocrx_word' id='word_1_104' title='bbox 1781 422 1981 469; x_wconf 82' lang='lat' dir='ltr'>Signanter</span> <span class='ocrx_word' id='word_1_105' title='bbox 2017 421 2126 466; x_wconf 88' lang='lat' dir='ltr'><em>dixit,</em></span> <span class='ocrx_word' id='word_1_106' title='bbox 2162 435 2181 454; x_wconf 79' lang='lat'>«</span> <span class='ocrx_word' id='word_1_107' title='bbox 2203 423 2240 457; x_wconf 88' lang='lat' dir='ltr'>in</span> <span class='ocrx_word' id='word_1_108' title='bbox 2269 426 2369 458; x_wconf 86' lang='lat' dir='ltr'>terra</span> <span class='ocrx_word' id='word_1_109' title='bbox 2396 422 2448 458; x_wconf 82' lang='lat' dir='ltr'>di-</span> 
     </span>
     <span class='ocr_line' id='line_1_19' title="bbox 1390 470 2451 522; baseline 0.003 -14"><span class='ocrx_word' id='word_1_110' title='bbox 1390 473 1554 509; x_wconf 86' lang='lat' dir='ltr'>mittendi</span> <span class='ocrx_word' id='word_1_111' title='bbox 1581 478 1736 521; x_wconf 81' lang='lat' dir='ltr'>peccata</span> <span class='ocrx_word' id='word_1_112' title='bbox 1758 488 1775 506; x_wconf 88' lang='lat'>›&gt;</span> <span class='ocrx_word' id='word_1_113' title='bbox 1787 501 1798 518; x_wconf 83' lang='grc'>,</span> <span class='ocrx_word' id='word_1_114' title='bbox 1836 478 1873 508; x_wconf 79' lang='lat' dir='ltr'>ut</span> <span class='ocrx_word' id='word_1_115' title='bbox 1907 470 2107 509; x_wconf 67' lang='lat' dir='ltr'>ostenderet</span> <span class='ocrx_word' id='word_1_116' title='bbox 2135 474 2232 522; x_wconf 84' lang='lat' dir='ltr'>quod</span> <span class='ocrx_word' id='word_1_117' title='bbox 2263 475 2451 511; x_wconf 81' lang='lat' dir='ltr'>humanae</span> 
     </span>
     <span class='ocr_line' id='line_1_20' title="bbox 1391 525 2449 574; baseline 0.003 -14"><span class='ocrx_word' id='word_1_118' title='bbox 1391 530 1548 562; x_wconf 77' lang='lat' dir='ltr'>naturae</span> <span class='ocrx_word' id='word_1_119' title='bbox 1568 530 1783 574; x_wconf 82' lang='lat' dir='ltr'>potestatem</span> <span class='ocrx_word' id='word_1_120' title='bbox 1811 525 2005 563; x_wconf 76' lang='lat' dir='ltr'>divinitatis</span> <span class='ocrx_word' id='word_1_121' title='bbox 2037 527 2151 562; x_wconf 84' lang='lat' dir='ltr'>univit</span> <span class='ocrx_word' id='word_1_122' title='bbox 2178 526 2386 563; x_wconf 79' lang='lat' dir='ltr'>indivisibili</span> <span class='ocrx_word' id='word_1_123' title='bbox 2411 539 2449 563; x_wconf 88' lang='lat' dir='ltr'>u-</span> 
     </span>
     <span class='ocr_line' id='line_1_21' title="bbox 1392 578 2449 624; baseline 0.002 -11"><span class='ocrx_word' id='word_1_124' title='bbox 1392 578 1512 614; x_wconf 83' lang='lat' dir='ltr'>nione.</span> <span class='ocrx_word' id='word_1_125' title='bbox 1548 578 1655 622; x_wconf 83' lang='lat' dir='ltr'><strong><em>Quia,</em></strong></span> <span class='ocrx_word' id='word_1_126' title='bbox 1683 579 1748 614; x_wconf 84' lang='lat' dir='ltr'>etsi</span> <span class='ocrx_word' id='word_1_127' title='bbox 1762 578 1891 624; x_wconf 82' lang='lat' dir='ltr'>factus</span> <span class='ocrx_word' id='word_1_128' title='bbox 1918 584 1968 614; x_wconf 85' lang='lat' dir='ltr'>est</span> <span class='ocrx_word' id='word_1_129' title='bbox 1987 579 2109 623; x_wconf 86' lang='lat' dir='ltr'>homo,</span> <span class='ocrx_word' id='word_1_130' title='bbox 2129 584 2250 615; x_wconf 84' lang='lat' dir='ltr'>tamen</span> <span class='ocrx_word' id='word_1_131' title='bbox 2270 579 2343 615; x_wconf 85' lang='lat' dir='ltr'>Dei</span> <span class='ocrx_word' id='word_1_132' title='bbox 2363 580 2449 616; x_wconf 76' lang='lat' dir='ltr'>Ver-</span> 
     </span>
     <span class='ocr_line' id='line_1_22' title="bbox 1391 631 1717 678; baseline -0.003 -11"><span class='ocrx_word' id='word_1_133' title='bbox 1391 631 1479 668; x_wconf 85' lang='lat' dir='ltr'>bum</span> <span class='ocrx_word' id='word_1_134' title='bbox 1501 631 1717 678; x_wconf 82' lang='lat' dir='ltr'>permansit.</span> 
     </span>
    </p>

    <p class='ocr_par' dir='ltr' id='par_1_8' title="bbox 1392 682 2452 889">
     <span class='ocr_line' id='line_1_23' title="bbox 1446 682 2452 731; baseline 0.003 -14"><span class='ocrx_word' id='word_1_135' title='bbox 1446 682 1502 718; x_wconf 78' lang='lat' dir='ltr'>An</span> <span class='ocrx_word' id='word_1_136' title='bbox 1530 693 1688 720; x_wconf 80' lang='lat' dir='ltr'>TERTIUM</span> <span class='ocrx_word' id='word_1_137' title='bbox 1714 693 1895 719; x_wconf 84' lang='lat' dir='ltr'>DICENDUM</span> <span class='ocrx_word' id='word_1_138' title='bbox 1933 683 2060 731; x_wconf 92' lang='lat' dir='ltr'>quod,</span> <span class='ocrx_word' id='word_1_139' title='bbox 2089 695 2180 719; x_wconf 89' lang='lat' dir='ltr'>cum</span> <span class='ocrx_word' id='word_1_140' title='bbox 2217 682 2352 719; x_wconf 87' lang='lat' dir='ltr'>dicitur</span> <span class='ocrx_word' id='word_1_141' title='bbox 2388 685 2452 720; x_wconf 87' lang='lat' dir='ltr'>iste</span> 
     </span>
     <span class='ocr_line' id='line_1_24' title="bbox 1392 734 2450 782; baseline 0.002 -12"><span class='ocrx_word' id='word_1_142' title='bbox 1392 735 1515 779; x_wconf 85' lang='lat' dir='ltr'>homo,</span> <span class='ocrx_word' id='word_1_143' title='bbox 1536 746 1753 782; x_wconf 87' lang='lat' dir='ltr'>pronomen</span> <span class='ocrx_word' id='word_1_144' title='bbox 1782 734 2126 772; x_wconf 88' lang='lat' dir='ltr'>demonstrativum</span> <span class='ocrx_word' id='word_1_145' title='bbox 2145 735 2256 772; x_wconf 87' lang='lat' dir='ltr'>trahit</span> <span class='ocrx_word' id='word_1_146' title='bbox 2278 737 2354 772; x_wconf 91' lang='lat' dir='ltr'>hoc</span> <span class='ocrx_word' id='word_1_147' title='bbox 2381 748 2450 772; x_wconf 91' lang='lat' dir='ltr'>no-</span> 
     </span>
     <span class='ocr_line' id='line_1_25' title="bbox 1393 786 2451 836; baseline 0.002 -13"><span class='ocrx_word' id='word_1_148' title='bbox 1393 798 1484 823; x_wconf 91' lang='lat' dir='ltr'>men</span> <span class='ocrx_word' id='word_1_149' title='bbox 1521 788 1631 823; x_wconf 86' lang='lat' dir='ltr'>homo</span> <span class='ocrx_word' id='word_1_150' title='bbox 1670 786 1718 823; x_wconf 90' lang='lat' dir='ltr'>ad</span> <span class='ocrx_word' id='word_1_151' title='bbox 1747 787 2001 835; x_wconf 88' lang='lat' dir='ltr'>suppositum.</span> <span class='ocrx_word' id='word_1_152' title='bbox 2041 788 2088 824; x_wconf 89' lang='lat' dir='ltr'>Et</span> <span class='ocrx_word' id='word_1_153' title='bbox 2115 787 2202 824; x_wconf 90' lang='lat' dir='ltr'>ideo</span> <span class='ocrx_word' id='word_1_154' title='bbox 2239 788 2358 836; x_wconf 86' lang='lat' dir='ltr'>magis</span> <span class='ocrx_word' id='word_1_155' title='bbox 2396 796 2451 825; x_wconf 91' lang='lat' dir='ltr'>est</span> 
     </span>
     <span class='ocr_line' id='line_1_26' title="bbox 1394 839 2449 889; baseline 0.004 -15"><span class='ocrx_word' id='word_1_156' title='bbox 1394 839 1490 875; x_wconf 87' lang='lat' dir='ltr'>haec</span> <span class='ocrx_word' id='word_1_157' title='bbox 1516 851 1625 885; x_wconf 88' lang='lat' dir='ltr'>vera,</span> <span class='ocrx_word' id='word_1_158' title='bbox 1659 840 1841 885; x_wconf 85' lang='lat' dir='ltr'>Christus,</span> <span class='ocrx_word' id='word_1_159' title='bbox 1870 840 2069 876; x_wconf 87' lang='lat' dir='ltr'>secundum</span> <span class='ocrx_word' id='word_1_160' title='bbox 2107 840 2205 889; x_wconf 84' lang='lat' dir='ltr'>quod</span> <span class='ocrx_word' id='word_1_161' title='bbox 2231 842 2293 877; x_wconf 89' lang='lat' dir='ltr'>iste</span> <span class='ocrx_word' id='word_1_162' title='bbox 2319 842 2449 887; x_wconf 87' lang='lat' dir='ltr'>homo,</span> 
     </span>
    </p>
   </div>
   <div class='ocr_carea' id='block_1_7' title="bbox 1394 891 2450 989">
    <p class='ocr_par' dir='ltr' id='par_1_9' title="bbox 1394 891 2450 989">
     <span class='ocr_line' id='line_1_27' title="bbox 1394 891 2450 945; baseline 0.003 -18"><span class='ocrx_word' id='word_1_163' title='bbox 1394 897 1444 927; x_wconf 89' lang='lat' dir='ltr'>est</span> <span class='ocrx_word' id='word_1_164' title='bbox 1470 893 1582 937; x_wconf 78' lang='lat' dir='ltr'>Deus,</span> <span class='ocrx_word' id='word_1_165' title='bbox 1604 903 1722 939; x_wconf 91' lang='lat' dir='ltr'>quam</span> <span class='ocrx_word' id='word_1_166' title='bbox 1750 891 1831 939; x_wconf 89' lang='lat' dir='ltr'>ista,</span> <span class='ocrx_word' id='word_1_167' title='bbox 1856 894 2029 938; x_wconf 84' lang='lat' dir='ltr'>Christus,</span> <span class='ocrx_word' id='word_1_168' title='bbox 2049 893 2248 945; x_wconf 81' lang='lat' dir='ltr'>secundum</span> <span class='ocrx_word' id='word_1_169' title='bbox 2273 894 2370 942; x_wconf 85' lang='lat' dir='ltr'>quod</span> <span class='ocrx_word' id='word_1_170' title='bbox 2387 895 2450 930; x_wconf 87' lang='lat' dir='ltr'>ho-</span> 
     </span>
     <span class='ocr_line' id='line_1_28' title="bbox 1395 945 1685 989; baseline 0 -9"><span class='ocrx_word' id='word_1_171' title='bbox 1395 956 1468 989; x_wconf 88' lang='lat' dir='ltr'>mo,</span> <span class='ocrx_word' id='word_1_172' title='bbox 1498 949 1548 980; x_wconf 90' lang='lat' dir='ltr'>est</span> <span class='ocrx_word' id='word_1_173' title='bbox 1574 945 1685 980; x_wconf 86' lang='lat' dir='ltr'>Deus.</span> 
     </span>
    </p>
   </div>
   <div class='ocr_carea' id='block_1_8' title="bbox 955 1161 1783 1195">
    <p class='ocr_par' dir='ltr' id='par_1_10' title="bbox 955 1161 1783 1195">
     <span class='ocr_line' id='line_1_29' title="bbox 955 1161 1783 1195; baseline 0.001 -2"><span class='ocrx_word' id='word_1_174' title='bbox 955 1161 1287 1194; x_wconf 61' lang='lat' dir='ltr'>Commenta-ria</span> <span class='ocrx_word' id='word_1_175' title='bbox 1309 1162 1560 1194; x_wconf 76' lang='lat' dir='ltr'>Cardinalis</span> <span class='ocrx_word' id='word_1_176' title='bbox 1584 1162 1783 1195; x_wconf 73' lang='lat' dir='ltr'>Caietam</span> 
     </span>
    </p>
   </div>
   <div class='ocr_carea' id='block_1_9' title="bbox 284 1248 2452 1323">
    <p class='ocr_par' dir='ltr' id='par_1_11' title="bbox 284 1248 2452 1323">
     <span class='ocr_line' id='line_1_30' title="bbox 284 1248 2452 1323; baseline 0.003 -45"><span class='ocrx_word' id='word_1_177' title='bbox 284 1258 467 1323; x_wconf 61' lang='lat' dir='ltr'>Tri-umus,</span> <span class='ocrx_word' id='word_1_178' title='bbox 490 1254 526 1279; x_wconf 86' lang='lat' dir='ltr'>ut</span> <span class='ocrx_word' id='word_1_179' title='bbox 549 1253 657 1285; x_wconf 84' lang='lat' dir='ltr'>sonat,</span> <span class='ocrx_word' id='word_1_180' title='bbox 682 1249 794 1279; x_wconf 86' lang='lat' dir='ltr'>clarus.</span> <span class='ocrx_word' id='word_1_181' title='bbox 818 1266 840 1270; x_wconf 91' lang='lat'><em>-</em></span> <span class='ocrx_word' id='word_1_182' title='bbox 873 1248 908 1278; x_wconf 73' lang='lat' dir='ltr'>ln</span> <span class='ocrx_word' id='word_1_183' title='bbox 937 1258 1072 1289; x_wconf 87' lang='lat' dir='ltr'>corpore</span> <span class='ocrx_word' id='word_1_184' title='bbox 1102 1248 1178 1279; x_wconf 91' lang='lat' dir='ltr'>duo.</span> <span class='ocrx_word' id='word_1_185' title='bbox 1209 1249 1336 1285; x_wconf 88' lang='lat' dir='ltr'>Primo,</span> <span class='ocrx_word' id='word_1_186' title='bbox 1362 1251 1366 1278; x_wconf 82' lang='lat' dir='ltr'>l</span> <span class='ocrx_word' id='word_1_187' title='bbox 1393 1249 1565 1279; x_wconf 88' lang='lat' dir='ltr'>consistere</span> <span class='ocrx_word' id='word_1_188' title='bbox 1588 1250 1621 1279; x_wconf 89' lang='lat' dir='ltr'>in</span> <span class='ocrx_word' id='word_1_189' title='bbox 1636 1250 1710 1286; x_wconf 84' lang='lat' dir='ltr'>hoc,</span> <span class='ocrx_word' id='word_1_190' title='bbox 1735 1250 1833 1290; x_wconf 90' lang='lat' dir='ltr'>quod,</span> <span class='ocrx_word' id='word_1_191' title='bbox 1858 1251 1932 1281; x_wconf 87' lang='lat' dir='ltr'>licet</span> <span class='ocrx_word' id='word_1_192' title='bbox 1950 1251 2127 1282; x_wconf 89' lang='lat' dir='ltr'>secundum</span> <span class='ocrx_word' id='word_1_193' title='bbox 2143 1262 2210 1282; x_wconf 89' lang='lat' dir='ltr'>rem</span> <span class='ocrx_word' id='word_1_194' title='bbox 2227 1253 2370 1284; x_wconf 87' lang='lat' dir='ltr'>Christus</span> <span class='ocrx_word' id='word_1_195' title='bbox 2385 1264 2452 1285; x_wconf 91' lang='lat' dir='ltr'>non</span> 
     </span>
    </p>
   </div>
   <div class='ocr_carea' id='block_1_10' title="bbox 282 1292 1342 1509">
    <p class='ocr_par' dir='ltr' id='par_1_12' title="bbox 282 1292 1342 1509">
     <span class='ocr_line' id='line_1_31' title="bbox 343 1292 1336 1333; baseline -0.002 -9"><span class='ocrx_word' id='word_1_196' title='bbox 343 1292 568 1333; x_wconf 72' lang='lat' dir='ltr'>distinguendo</span> <span class='ocrx_word' id='word_1_197' title='bbox 586 1316 593 1328; x_wconf 97' lang='lat'>,</span> <span class='ocrx_word' id='word_1_198' title='bbox 629 1298 798 1332; x_wconf 84' lang='lat' dir='ltr'>utramque</span> <span class='ocrx_word' id='word_1_199' title='bbox 835 1298 958 1332; x_wconf 87' lang='lat' dir='ltr'>partem</span> <span class='ocrx_word' id='word_1_200' title='bbox 992 1293 1068 1323; x_wconf 85' lang='lat' dir='ltr'>dicit</span> <span class='ocrx_word' id='word_1_201' title='bbox 1097 1302 1191 1332; x_wconf 88' lang='lat' dir='ltr'>posse</span> <span class='ocrx_word' id='word_1_202' title='bbox 1220 1294 1336 1323; x_wconf 87' lang='lat' dir='ltr'>teneri:</span> 
     </span>
     <span class='ocr_line' id='line_1_32' title="bbox 283 1336 1340 1379; baseline -0.002 -11"><span class='ocrx_word' id='word_1_203' title='bbox 283 1338 359 1379; x_wconf 81' lang='lat' dir='ltr'>quia</span> <span class='ocrx_word' id='word_1_204' title='bbox 380 1337 534 1368; x_wconf 83' lang='lat' dir='ltr'>terminus</span> <span class='ocrx_word' id='word_1_205' title='bbox 557 1336 770 1376; x_wconf 89' lang='lat' dir='ltr'>reduplicatus</span> <span class='ocrx_word' id='word_1_206' title='bbox 785 1341 891 1376; x_wconf 89' lang='lat' dir='ltr'>potest</span> <span class='ocrx_word' id='word_1_207' title='bbox 913 1337 964 1366; x_wconf 89' lang='lat' dir='ltr'>vel</span> <span class='ocrx_word' id='word_1_208' title='bbox 987 1337 1109 1366; x_wconf 87' lang='lat' dir='ltr'>ratione</span> <span class='ocrx_word' id='word_1_209' title='bbox 1131 1342 1272 1372; x_wconf 86' lang='lat' dir='ltr'>naturae,</span> <span class='ocrx_word' id='word_1_210' title='bbox 1288 1337 1340 1366; x_wconf 90' lang='lat' dir='ltr'>vel</span> 
     </span>
     <span class='ocr_line' id='line_1_33' title="bbox 282 1379 1340 1422; baseline -0.003 -9"><span class='ocrx_word' id='word_1_211' title='bbox 282 1381 450 1422; x_wconf 79' lang='lat' dir='ltr'>suppositi,</span> <span class='ocrx_word' id='word_1_212' title='bbox 473 1380 672 1420; x_wconf 87' lang='lat' dir='ltr'>reduplicari.</span> <span class='ocrx_word' id='word_1_213' title='bbox 687 1398 712 1403; x_wconf 87' lang='lat'>—-</span> <span class='ocrx_word' id='word_1_214' title='bbox 734 1379 900 1416; x_wconf 87' lang='lat' dir='ltr'>Secundo,</span> <span class='ocrx_word' id='word_1_215' title='bbox 925 1380 1020 1410; x_wconf 90' lang='lat' dir='ltr'>docet</span> <span class='ocrx_word' id='word_1_216' title='bbox 1049 1380 1139 1420; x_wconf 90' lang='lat' dir='ltr'>quod</span> <span class='ocrx_word' id='word_1_217' title='bbox 1162 1381 1195 1410; x_wconf 87' lang='lat' dir='ltr'>in</span> <span class='ocrx_word' id='word_1_218' title='bbox 1217 1386 1340 1420; x_wconf 89' lang='lat' dir='ltr'>partem</span> 
     </span>
     <span class='ocr_line' id='line_1_34' title="bbox 282 1423 1342 1466; baseline -0.002 -10"><span class='ocrx_word' id='word_1_219' title='bbox 282 1425 462 1466; x_wconf 71' lang='lat' dir='ltr'>negativam</span> <span class='ocrx_word' id='word_1_220' title='bbox 477 1424 702 1455; x_wconf 78' lang='lat' dir='ltr'>declinandum</span> <span class='ocrx_word' id='word_1_221' title='bbox 719 1429 780 1454; x_wconf 87' lang='lat' dir='ltr'>est:</span> <span class='ocrx_word' id='word_1_222' title='bbox 805 1425 880 1464; x_wconf 84' lang='lat' dir='ltr'>quia</span> <span class='ocrx_word' id='word_1_223' title='bbox 902 1425 1003 1464; x_wconf 86' lang='lat' dir='ltr'>magis</span> <span class='ocrx_word' id='word_1_224' title='bbox 1022 1429 1148 1454; x_wconf 89' lang='lat' dir='ltr'>tenetur</span> <span class='ocrx_word' id='word_1_225' title='bbox 1169 1423 1342 1454; x_wconf 86' lang='lat' dir='ltr'>formaliter</span> 
     </span>
     <span class='ocr_line' id='line_1_35' title="bbox 282 1468 1341 1509; baseline -0.002 -9"><span class='ocrx_word' id='word_1_226' title='bbox 282 1470 437 1500; x_wconf 71' lang='lat' dir='ltr'>terminus</span> <span class='ocrx_word' id='word_1_227' title='bbox 459 1468 684 1509; x_wconf 77' lang='lat' dir='ltr'>reduplicatus.</span> <span class='ocrx_word' id='word_1_228' title='bbox 707 1485 729 1491; x_wconf 90' lang='lat'>-</span> <span class='ocrx_word' id='word_1_229' title='bbox 751 1468 792 1498; x_wconf 92' lang='lat' dir='ltr'>Et</span> <span class='ocrx_word' id='word_1_230' title='bbox 811 1469 920 1498; x_wconf 89' lang='lat' dir='ltr'>omnia</span> <span class='ocrx_word' id='word_1_231' title='bbox 951 1469 1032 1499; x_wconf 86' lang='lat' dir='ltr'>clara</span> <span class='ocrx_word' id='word_1_232' title='bbox 1055 1473 1129 1498; x_wconf 91' lang='lat' dir='ltr'>sunt</span> <span class='ocrx_word' id='word_1_233' title='bbox 1152 1478 1189 1498; x_wconf 87' lang='lat' dir='ltr'>ex</span> <span class='ocrx_word' id='word_1_234' title='bbox 1212 1477 1341 1508; x_wconf 88' lang='lat' dir='ltr'>praece-</span> 
     </span>
    </p>
   </div>
   <div class='ocr_carea' id='block_1_11' title="bbox 237 1513 473 1544">
    <p class='ocr_par' dir='ltr' id='par_1_13' title="bbox 237 1513 473 1544">
     <span class='ocr_line' id='line_1_36' title="bbox 237 1513 473 1544; baseline -0.008 1"><span class='ocrx_word' id='word_1_235' title='bbox 237 1531 243 1537; x_wconf 92' lang='lat'><em>·</em></span> <span class='ocrx_word' id='word_1_236' title='bbox 283 1513 431 1544; x_wconf 74' lang='lat' dir='ltr'>dentibus</span> <span class='ocrx_word' id='word_1_237' title='bbox 446 1513 473 1543; x_wconf 50' lang='grc' dir='ltr'>θ.</span> 
     </span>
    </p>
   </div>
   <div class='ocr_carea' id='block_1_12' title="bbox 338 1555 1344 1598">
    <p class='ocr_par' dir='ltr' id='par_1_14' title="bbox 338 1555 1344 1598">
     <span class='ocr_line' id='line_1_37' title="bbox 338 1555 1344 1598; baseline -0.001 -11"><span class='ocrx_word' id='word_1_238' title='bbox 338 1557 375 1588; x_wconf 91' lang='lat'>11.</span> <span class='ocrx_word' id='word_1_239' title='bbox 401 1557 437 1587; x_wconf 87' lang='lat' dir='ltr'>ln</span> <span class='ocrx_word' id='word_1_240' title='bbox 465 1557 674 1596; x_wconf 88' lang='lat' dir='ltr'>responsione</span> <span class='ocrx_word' id='word_1_241' title='bbox 704 1555 744 1586; x_wconf 83' lang='lat' dir='ltr'>ad</span> <span class='ocrx_word' id='word_1_242' title='bbox 766 1557 911 1598; x_wconf 84' lang='lat' dir='ltr'>tertium,</span> <span class='ocrx_word' id='word_1_243' title='bbox 942 1556 1071 1596; x_wconf 89' lang='lat' dir='ltr'>percipe</span> <span class='ocrx_word' id='word_1_244' title='bbox 1101 1556 1344 1596; x_wconf 85' lang='lat' dir='ltr'>responsionem</span> 
     </span>
    </p>
   </div>
   <div class='ocr_carea' id='block_1_13' title="bbox 1393 1293 2454 1553">
    <p class='ocr_par' dir='ltr' id='par_1_15' title="bbox 1393 1293 2454 1553">
     <span class='ocr_line' id='line_1_38' title="bbox 1393 1293 2452 1335; baseline 0.006 -13"><span class='ocrx_word' id='word_1_245' title='bbox 1393 1293 1432 1322; x_wconf 92' lang='lat' dir='ltr'>sit</span> <span class='ocrx_word' id='word_1_246' title='bbox 1454 1293 1555 1322; x_wconf 90' lang='lat' dir='ltr'>homo</span> <span class='ocrx_word' id='word_1_247' title='bbox 1580 1294 1771 1330; x_wconf 88' lang='lat' dir='ltr'>communis,</span> <span class='ocrx_word' id='word_1_248' title='bbox 1796 1294 1851 1324; x_wconf 90' lang='lat' dir='ltr'>sed</span> <span class='ocrx_word' id='word_1_249' title='bbox 1875 1295 1949 1331; x_wconf 87' lang='lat' dir='ltr'>iste;</span> <span class='ocrx_word' id='word_1_250' title='bbox 1971 1295 2005 1325; x_wconf 91' lang='lat' dir='ltr'>in</span> <span class='ocrx_word' id='word_1_251' title='bbox 2028 1296 2249 1335; x_wconf 89' lang='lat' dir='ltr'>propositione</span> <span class='ocrx_word' id='word_1_252' title='bbox 2265 1303 2371 1328; x_wconf 86' lang='lat' dir='ltr'>tamen</span> <span class='ocrx_word' id='word_1_253' title='bbox 2389 1298 2452 1334; x_wconf 85' lang='lat' dir='ltr'>illa,</span> 
     </span>
     <span class='ocr_line' id='line_1_39' title="bbox 1397 1336 2452 1381; baseline 0.006 -15"><span class='ocrx_word' id='word_1_254' title='bbox 1397 1336 1561 1372; x_wconf 86' lang='lat' dir='ltr'>Christus,</span> <span class='ocrx_word' id='word_1_255' title='bbox 1592 1338 1765 1368; x_wconf 88' lang='lat' dir='ltr'>secundum</span> <span class='ocrx_word' id='word_1_256' title='bbox 1796 1339 1883 1379; x_wconf 82' lang='lat' dir='ltr'>quod</span> <span class='ocrx_word' id='word_1_257' title='bbox 1907 1340 2019 1374; x_wconf 86' lang='lat' dir='ltr'>homo,</span> <span class='ocrx_word' id='word_1_258' title='bbox 2045 1345 2092 1370; x_wconf 90' lang='lat' dir='ltr'>est</span> <span class='ocrx_word' id='word_1_259' title='bbox 2114 1346 2190 1376; x_wconf 89' lang='lat' dir='ltr'>etc.,</span> <span class='ocrx_word' id='word_1_260' title='bbox 2214 1341 2246 1381; x_wconf 94' lang='lat' dir='ltr'>ly</span> <span class='ocrx_word' id='word_1_261' title='bbox 2268 1342 2362 1371; x_wconf 84' lang='lat' dir='ltr'>homo</span> <span class='ocrx_word' id='word_1_262' title='bbox 2386 1352 2452 1372; x_wconf 94' lang='lat' dir='ltr'>non</span> 
     </span>
     <span class='ocr_line' id='line_1_40' title="bbox 1394 1381 2454 1425; baseline 0.006 -15"><span class='ocrx_word' id='word_1_263' title='bbox 1394 1381 1527 1410; x_wconf 85' lang='lat' dir='ltr'>trahitur</span> <span class='ocrx_word' id='word_1_264' title='bbox 1552 1390 1589 1411; x_wconf 86' lang='lat' dir='ltr'>ex</span> <span class='ocrx_word' id='word_1_265' title='bbox 1612 1381 1871 1423; x_wconf 82' lang='lat' dir='ltr'>reduplicationis</span> <span class='ocrx_word' id='word_1_266' title='bbox 1894 1389 1970 1413; x_wconf 87' lang='lat' dir='ltr'>nota</span> <span class='ocrx_word' id='word_1_267' title='bbox 1994 1383 2032 1413; x_wconf 91' lang='lat' dir='ltr'>ad</span> <span class='ocrx_word' id='word_1_268' title='bbox 2056 1385 2275 1424; x_wconf 89' lang='lat' dir='ltr'>suppositum,</span> <span class='ocrx_word' id='word_1_269' title='bbox 2303 1385 2342 1415; x_wconf 91' lang='lat' dir='ltr'>ad</span> <span class='ocrx_word' id='word_1_270' title='bbox 2365 1386 2454 1425; x_wconf 90' lang='lat' dir='ltr'>quod</span> 
     </span>
     <span class='ocr_line' id='line_1_41' title="bbox 1395 1425 2452 1466; baseline 0.006 -12"><span class='ocrx_word' id='word_1_271' title='bbox 1395 1425 1528 1454; x_wconf 79' lang='lat' dir='ltr'>trahitur</span> <span class='ocrx_word' id='word_1_272' title='bbox 1552 1434 1589 1455; x_wconf 84' lang='lat' dir='ltr'>ex</span> <span class='ocrx_word' id='word_1_273' title='bbox 1611 1427 1814 1465; x_wconf 89' lang='lat' dir='ltr'>pronomine.</span> <span class='ocrx_word' id='word_1_274' title='bbox 1839 1427 1879 1456; x_wconf 93' lang='lat' dir='ltr'>Et</span> <span class='ocrx_word' id='word_1_275' title='bbox 1901 1427 1974 1457; x_wconf 90' lang='lat' dir='ltr'>ideo</span> <span class='ocrx_word' id='word_1_276' title='bbox 1998 1427 2056 1456; x_wconf 86' lang='lat' dir='ltr'>ista</span> <span class='ocrx_word' id='word_1_277' title='bbox 2075 1428 2270 1465; x_wconf 86' lang='lat' dir='ltr'>conceditur,</span> <span class='ocrx_word' id='word_1_278' title='bbox 2298 1429 2452 1466; x_wconf 87' lang='lat' dir='ltr'>Christus,</span> 
     </span>
     <span class='ocr_line' id='line_1_42' title="bbox 1396 1469 2453 1510; baseline 0.006 -12"><span class='ocrx_word' id='word_1_279' title='bbox 1396 1469 1570 1499; x_wconf 85' lang='lat' dir='ltr'>secundum</span> <span class='ocrx_word' id='word_1_280' title='bbox 1592 1469 1678 1509; x_wconf 86' lang='lat' dir='ltr'>quod</span> <span class='ocrx_word' id='word_1_281' title='bbox 1702 1471 1759 1500; x_wconf 83' lang='lat' dir='ltr'>iste</span> <span class='ocrx_word' id='word_1_282' title='bbox 1773 1470 1878 1506; x_wconf 85' lang='lat' dir='ltr'>homo,</span> <span class='ocrx_word' id='word_1_283' title='bbox 1896 1476 1942 1501; x_wconf 88' lang='lat' dir='ltr'>est</span> <span class='ocrx_word' id='word_1_284' title='bbox 1956 1471 2066 1501; x_wconf 82' lang='lat' dir='ltr'>Deus:</span> <span class='ocrx_word' id='word_1_285' title='bbox 2089 1478 2120 1502; x_wconf 91' lang='lat' dir='ltr'>et</span> <span class='ocrx_word' id='word_1_286' title='bbox 2134 1482 2202 1502; x_wconf 93' lang='lat' dir='ltr'>non</span> <span class='ocrx_word' id='word_1_287' title='bbox 2216 1473 2279 1509; x_wconf 85' lang='lat' dir='ltr'>illa,</span> <span class='ocrx_word' id='word_1_288' title='bbox 2299 1473 2453 1510; x_wconf 82' lang='lat' dir='ltr'>Christus,</span> 
     </span>
     <span class='ocr_line' id='line_1_43' title="bbox 1396 1512 1997 1553; baseline 0.005 -11"><span class='ocrx_word' id='word_1_289' title='bbox 1396 1512 1680 1553; x_wconf 78' lang='lat' dir='ltr'>secundum-quod</span> <span class='ocrx_word' id='word_1_290' title='bbox 1701 1514 1806 1550; x_wconf 83' lang='lat' dir='ltr'>homo,</span> <span class='ocrx_word' id='word_1_291' title='bbox 1832 1519 1879 1545; x_wconf 86' lang='lat' dir='ltr'>est</span> <span class='ocrx_word' id='word_1_292' title='bbox 1899 1515 1997 1545; x_wconf 89' lang='lat' dir='ltr'>Deus.</span> 
     </span>
    </p>
   </div>
   <div class='ocr_carea' id='block_1_14' title="bbox 502 1707 2240 1838">
    <p class='ocr_par' dir='ltr' id='par_1_16' title="bbox 502 1707 2240 1838">
     <span class='ocr_line' id='line_1_44' title="bbox 1009 1707 1737 1750; baseline 0.001 -2"><span class='ocrx_word' id='word_1_293' title='bbox 1009 1707 1325 1748; x_wconf 86' lang='lat' dir='ltr'>ARTICULUS</span> <span class='ocrx_word' id='word_1_294' title='bbox 1356 1707 1737 1750; x_wconf 90' lang='lat' dir='ltr'>DUODECIMUS</span> 
     </span>
     <span class='ocr_line' id='line_1_45' title="bbox 502 1798 2240 1838; baseline 0.001 -7"><span class='ocrx_word' id='word_1_295' title='bbox 502 1800 658 1832; x_wconf 87' lang='lat' dir='ltr'><strong>UTRUM</strong></span> <span class='ocrx_word' id='word_1_296' title='bbox 683 1799 913 1838; x_wconf 64' lang='lat' dir='ltr'><em>CHRISTUS,</em></span> <span class='ocrx_word' id='word_1_297' title='bbox 938 1799 1196 1829; x_wconf 79' lang='lat' dir='ltr'><em>SECUNDUM</em></span> <span class='ocrx_word' id='word_1_298' title='bbox 1216 1798 1343 1835; x_wconf 86' lang='lat' dir='ltr'><em>QUOD</em></span> <span class='ocrx_word' id='word_1_299' title='bbox 1366 1799 1517 1835; x_wconf 85' lang='lat' dir='ltr'>HOMO,</span> <span class='ocrx_word' id='word_1_300' title='bbox 1542 1799 1618 1829; x_wconf 87' lang='lat' dir='ltr'>SIT</span> <span class='ocrx_word' id='word_1_301' title='bbox 1635 1799 1911 1830; x_wconf 71' lang='lat' dir='ltr'>HYPosrAsls</span> <span class='ocrx_word' id='word_1_302' title='bbox 1937 1801 2017 1830; x_wconf 89' lang='lat' dir='ltr'>VEL</span> <span class='ocrx_word' id='word_1_303' title='bbox 2039 1802 2240 1832; x_wconf 81' lang='lat' dir='ltr'><em>PERSONA</em></span> 
     </span>
    </p>
   </div>
   <div class='ocr_carea' id='block_1_15' title="bbox 877 1877 1872 1910">
    <p class='ocr_par' dir='ltr' id='par_1_17' title="bbox 877 1877 1872 1910">
     <span class='ocr_line' id='line_1_46' title="bbox 877 1877 1872 1910; baseline 0.002 -9"><span class='ocrx_word' id='word_1_304' title='bbox 877 1877 908 1901; x_wconf 84' lang='lat'>111</span> <span class='ocrx_word' id='word_1_305' title='bbox 928 1877 1012 1908; x_wconf 85' lang='lat' dir='ltr'>Sent.,</span> <span class='ocrx_word' id='word_1_306' title='bbox 1031 1877 1090 1902; x_wconf 81' lang='lat' dir='ltr'>dist.</span> <span class='ocrx_word' id='word_1_307' title='bbox 1109 1885 1134 1907; x_wconf 87' lang='lat' dir='ltr'>x,</span> <span class='ocrx_word' id='word_1_308' title='bbox 1153 1885 1197 1909; x_wconf 90' lang='lat' dir='ltr'>qu.</span> <span class='ocrx_word' id='word_1_309' title='bbox 1217 1884 1234 1908; x_wconf 89' lang='lat'>1,</span> <span class='ocrx_word' id='word_1_310' title='bbox 1253 1881 1299 1902; x_wconf 78' lang='lat' dir='ltr'>art.</span> <span class='ocrx_word' id='word_1_311' title='bbox 1320 1884 1343 1907; x_wconf 91' lang='lat'>2,</span> <span class='ocrx_word' id='word_1_312' title='bbox 1363 1877 1413 1909; x_wconf 65' lang='lat' dir='ltr'>qu*</span> <span class='ocrx_word' id='word_1_313' title='bbox 1434 1883 1460 1908; x_wconf 74' lang='grc' dir='ltr'>ις</span> <span class='ocrx_word' id='word_1_314' title='bbox 1478 1877 1523 1901; x_wconf 80' lang='lat' dir='ltr'>Ad</span> <span class='ocrx_word' id='word_1_315' title='bbox 1540 1877 1626 1907; x_wconf 89' lang='lat' dir='ltr'>Rom.‚</span> <span class='ocrx_word' id='word_1_316' title='bbox 1647 1885 1702 1910; x_wconf 86' lang='lat' dir='ltr'>cap.</span> <span class='ocrx_word' id='word_1_317' title='bbox 1721 1885 1738 1908; x_wconf 89' lang='lat'>1,</span> <span class='ocrx_word' id='word_1_318' title='bbox 1758 1879 1815 1903; x_wconf 88' lang='lat' dir='ltr'>lect.</span> <span class='ocrx_word' id='word_1_319' title='bbox 1835 1886 1872 1904; x_wconf 88' lang='lat'>111.</span> 
     </span>
    </p>
   </div>
   <div class='ocr_carea' id='block_1_16' title="bbox 285 1965 502 2171">
    <p class='ocr_par' dir='ltr' id='par_1_18' title="bbox 285 1965 502 2171">
     <span class='ocr_line' id='line_1_47' title="bbox 285 1965 502 2171; baseline 0 1799"><span class='ocrx_word' id='word_1_320' title='bbox 285 1965 502 2171; x_wconf 95' lang='lat' dir='ltr'> </span> 
     </span>
    </p>
   </div>
   <div class='ocr_carea' id='block_1_17' title="bbox 259 2174 1353 3331">
    <p class='ocr_par' dir='ltr' id='par_1_19' title="bbox 288 2174 1350 2435">
     <span class='ocr_line' id='line_1_48' title="bbox 288 2174 1349 2224; baseline -0.003 -10"><span class='ocrx_word' id='word_1_321' title='bbox 288 2176 344 2214; x_wconf 90' lang='lat' dir='ltr'>nit</span> <span class='ocrx_word' id='word_1_322' title='bbox 363 2175 513 2214; x_wconf 90' lang='lat' dir='ltr'>Christo</span> <span class='ocrx_word' id='word_1_323' title='bbox 539 2175 755 2212; x_wconf 89' lang='lat' dir='ltr'>secundum</span> <span class='ocrx_word' id='word_1_324' title='bbox 787 2175 895 2224; x_wconf 92' lang='lat' dir='ltr'>quod</span> <span class='ocrx_word' id='word_1_325' title='bbox 914 2182 969 2211; x_wconf 90' lang='lat' dir='ltr'>est</span> <span class='ocrx_word' id='word_1_326' title='bbox 995 2175 1136 2211; x_wconf 92' lang='lat' dir='ltr'>homo:</span> <span class='ocrx_word' id='word_1_327' title='bbox 1167 2182 1222 2211; x_wconf 91' lang='lat' dir='ltr'>est</span> <span class='ocrx_word' id='word_1_328' title='bbox 1245 2174 1349 2211; x_wconf 89' lang='lat' dir='ltr'>enim</span> 
     </span>
     <span class='ocr_line' id='line_1_49' title="bbox 289 2227 1347 2277; baseline -0.002 -11"><span class='ocrx_word' id='word_1_329' title='bbox 289 2229 370 2267; x_wconf 90' lang='lat' dir='ltr'>aliis</span> <span class='ocrx_word' id='word_1_330' title='bbox 383 2228 607 2266; x_wconf 89' lang='lat' dir='ltr'>hominibus</span> <span class='ocrx_word' id='word_1_331' title='bbox 625 2227 768 2275; x_wconf 88' lang='lat' dir='ltr'>similis,</span> <span class='ocrx_word' id='word_1_332' title='bbox 780 2227 995 2264; x_wconf 91' lang='lat' dir='ltr'>secundum</span> <span class='ocrx_word' id='word_1_333' title='bbox 1009 2227 1102 2264; x_wconf 91' lang='lat' dir='ltr'>illud</span> <span class='ocrx_word' id='word_1_334' title='bbox 1115 2228 1272 2277; x_wconf 83' lang='lat' dir='ltr'>Philipp.</span> <span class='ocrx_word' id='word_1_335' title='bbox 1281 2227 1347 2264; x_wconf 65' lang='lat'>11³⁸:</span> 
     </span>
     <span class='ocr_line' id='line_1_50' title="bbox 289 2280 1349 2328; baseline -0.003 -9"><span class='ocrx_word' id='word_1_336' title='bbox 289 2283 336 2320; x_wconf 88' lang='lat' dir='ltr'>In</span> <span class='ocrx_word' id='word_1_337' title='bbox 363 2281 636 2319; x_wconf 84' lang='lat' dir='ltr'>similitudinem</span> <span class='ocrx_word' id='word_1_338' title='bbox 659 2282 851 2318; x_wconf 87' lang='lat' dir='ltr'>hominum</span> <span class='ocrx_word' id='word_1_339' title='bbox 868 2281 1007 2328; x_wconf 85' lang='lat' dir='ltr'>factuS.</span> <span class='ocrx_word' id='word_1_340' title='bbox 1038 2280 1114 2317; x_wconf 86' lang='lat' dir='ltr'>Sed</span> <span class='ocrx_word' id='word_1_341' title='bbox 1133 2280 1260 2316; x_wconf 90' lang='lat' dir='ltr'>omnis</span> <span class='ocrx_word' id='word_1_342' title='bbox 1279 2280 1349 2316; x_wconf 92' lang='lat' dir='ltr'>ho-</span> 
     </span>
     <span class='ocr_line' id='line_1_51' title="bbox 290 2332 1350 2382; baseline -0.002 -11"><span class='ocrx_word' id='word_1_343' title='bbox 290 2347 358 2372; x_wconf 91' lang='lat' dir='ltr'>mo</span> <span class='ocrx_word' id='word_1_344' title='bbox 386 2341 441 2371; x_wconf 89' lang='lat' dir='ltr'>est</span> <span class='ocrx_word' id='word_1_345' title='bbox 458 2345 635 2382; x_wconf 85' lang='lat' dir='ltr'>persona.</span> <span class='ocrx_word' id='word_1_346' title='bbox 664 2334 765 2381; x_wconf 87' lang='lat' dir='ltr'>Ergo</span> <span class='ocrx_word' id='word_1_347' title='bbox 793 2332 977 2380; x_wconf 89' lang='lat' dir='ltr'>Christus,</span> <span class='ocrx_word' id='word_1_348' title='bbox 999 2333 1214 2370; x_wconf 90' lang='lat' dir='ltr'>secundum</span> <span class='ocrx_word' id='word_1_349' title='bbox 1242 2333 1350 2382; x_wconf 92' lang='lat' dir='ltr'>quod</span> 
     </span>
     <span class='ocr_line' id='line_1_52' title="bbox 290 2388 711 2435; baseline -0.005 -11"><span class='ocrx_word' id='word_1_350' title='bbox 290 2388 424 2434; x_wconf 91' lang='lat' dir='ltr'>homo,</span> <span class='ocrx_word' id='word_1_351' title='bbox 453 2394 509 2423; x_wconf 91' lang='lat' dir='ltr'>est</span> <span class='ocrx_word' id='word_1_352' title='bbox 536 2398 711 2435; x_wconf 89' lang='lat' dir='ltr'>persona.</span> 
     </span>
    </p>

    <p class='ocr_par' dir='ltr' id='par_1_20' title="bbox 259 2437 1353 2804">
     <span class='ocr_line' id='line_1_53' title="bbox 345 2437 1349 2487; baseline -0.002 -11"><span class='ocrx_word' id='word_1_353' title='bbox 345 2451 380 2476; x_wconf 90' lang='lat'>2.</span> <span class='ocrx_word' id='word_1_354' title='bbox 401 2440 633 2484; x_wconf 60' lang='lat' dir='ltr'>Pam-mam,</span> <span class='ocrx_word' id='word_1_355' title='bbox 655 2437 840 2485; x_wconf 90' lang='lat' dir='ltr'>Christus,</span> <span class='ocrx_word' id='word_1_356' title='bbox 857 2439 1073 2475; x_wconf 88' lang='lat' dir='ltr'>secundum</span> <span class='ocrx_word' id='word_1_357' title='bbox 1088 2437 1195 2487; x_wconf 90' lang='lat' dir='ltr'>quod</span> <span class='ocrx_word' id='word_1_358' title='bbox 1214 2438 1349 2485; x_wconf 87' lang='lat' dir='ltr'>homo,</span> 
     </span>
     <span class='ocr_line' id='line_1_54' title="bbox 291 2490 1350 2530; baseline -0.002 -1"><span class='ocrx_word' id='word_1_359' title='bbox 291 2500 348 2530; x_wconf 89' lang='lat' dir='ltr'>est</span> <span class='ocrx_word' id='word_1_360' title='bbox 366 2491 573 2529; x_wconf 86' lang='lat' dir='ltr'>substantia</span> <span class='ocrx_word' id='word_1_361' title='bbox 592 2490 783 2528; x_wconf 88' lang='lat' dir='ltr'>rationalis</span> <span class='ocrx_word' id='word_1_362' title='bbox 802 2499 971 2528; x_wconf 92' lang='lat' dir='ltr'>naturae.</span> <span class='ocrx_word' id='word_1_363' title='bbox 1000 2492 1093 2528; x_wconf 92' lang='lat' dir='ltr'>Non</span> <span class='ocrx_word' id='word_1_364' title='bbox 1112 2498 1242 2528; x_wconf 88' lang='lat' dir='ltr'>autem</span> <span class='ocrx_word' id='word_1_365' title='bbox 1262 2490 1350 2527; x_wconf 90' lang='lat' dir='ltr'>sub-</span> 
     </span>
     <span class='ocr_line' id='line_1_55' title="bbox 292 2543 1350 2592; baseline -0.002 -10"><span class='ocrx_word' id='word_1_366' title='bbox 292 2543 433 2582; x_wconf 87' lang='lat' dir='ltr'>stantia</span> <span class='ocrx_word' id='word_1_367' title='bbox 445 2544 679 2582; x_wconf 88' lang='lat' dir='ltr'>universalis.</span> <span class='ocrx_word' id='word_1_368' title='bbox 700 2544 802 2592; x_wconf 90' lang='lat' dir='ltr'>Ergo</span> <span class='ocrx_word' id='word_1_369' title='bbox 817 2543 1024 2580; x_wconf 88' lang='lat' dir='ltr'>substantia</span> <span class='ocrx_word' id='word_1_370' title='bbox 1043 2543 1252 2587; x_wconf 85' lang='lat' dir='ltr'>individua.</span> <span class='ocrx_word' id='word_1_371' title='bbox 1275 2543 1350 2580; x_wconf 91' lang='lat' dir='ltr'>Sed</span> 
     </span>
     <span class='ocr_line' id='line_1_56' title="bbox 292 2596 1352 2646; baseline -0.003 -11"><span class='ocrx_word' id='word_1_372' title='bbox 292 2596 388 2635; x_wconf 86' lang='lat' dir='ltr'>nihil</span> <span class='ocrx_word' id='word_1_373' title='bbox 414 2596 518 2634; x_wconf 89' lang='lat' dir='ltr'>aliud</span> <span class='ocrx_word' id='word_1_374' title='bbox 546 2604 600 2634; x_wconf 88' lang='lat' dir='ltr'>est</span> <span class='ocrx_word' id='word_1_375' title='bbox 626 2608 793 2646; x_wconf 91' lang='lat' dir='ltr'>persona</span> <span class='ocrx_word' id='word_1_376' title='bbox 820 2609 939 2646; x_wconf 90' lang='lat' dir='ltr'>quam</span> <span class='ocrx_word' id='word_1_377' title='bbox 968 2597 1158 2633; x_wconf 84' lang='lat' dir='ltr'>rationalis</span> <span class='ocrx_word' id='word_1_378' title='bbox 1195 2601 1352 2633; x_wconf 87' lang='lat' dir='ltr'>naturae</span> 
     </span>
     <span class='ocr_line' id='line_1_57' title="bbox 293 2648 1353 2695; baseline -0.003 -7"><span class='ocrx_word' id='word_1_379' title='bbox 293 2649 482 2688; x_wconf 79' lang='lat' dir='ltr'>individua</span> <span class='ocrx_word' id='word_1_380' title='bbox 508 2651 729 2686; x_wconf 84' lang='lat' dir='ltr'>substantia.-</span> <span class='ocrx_word' id='word_1_381' title='bbox 755 2657 798 2686; x_wconf 91' lang='lat' dir='ltr'>ut</span> <span class='ocrx_word' id='word_1_382' title='bbox 825 2648 914 2686; x_wconf 90' lang='lat' dir='ltr'>dicit</span> <span class='ocrx_word' id='word_1_383' title='bbox 941 2648 1109 2695; x_wconf 83' lang='lat' dir='ltr'>Boetius,</span> <span class='ocrx_word' id='word_1_384' title='bbox 1130 2649 1170 2685; x_wconf 93' lang='lat' dir='ltr'>in</span> <span class='ocrx_word' id='word_1_385' title='bbox 1188 2648 1284 2685; x_wconf 93' lang='lat' dir='ltr'>libro</span> <span class='ocrx_word' id='word_1_386' title='bbox 1308 2649 1353 2685; x_wconf 87' lang='lat' dir='ltr'>de</span> 
     </span>
     <span class='ocr_line' id='line_1_58' title="bbox 259 2701 1351 2750; baseline -0.002 -10"><span class='ocrx_word' id='word_1_387' title='bbox 259 2722 265 2728; x_wconf 92' lang='lat'><em>·</em></span> <span class='ocrx_word' id='word_1_388' title='bbox 292 2704 448 2740; x_wconf 84' lang='lat' dir='ltr'>Duabus</span> <span class='ocrx_word' id='word_1_389' title='bbox 461 2702 617 2739; x_wconf 85' lang='lat' dir='ltr'>Naturis</span> <span class='ocrx_word' id='word_1_390' title='bbox 626 2701 656 2738; x_wconf 73' lang='lat'>²⁸⁸.</span> <span class='ocrx_word' id='word_1_391' title='bbox 684 2702 786 2750; x_wconf 88' lang='lat' dir='ltr'>Ergo</span> <span class='ocrx_word' id='word_1_392' title='bbox 807 2701 992 2749; x_wconf 88' lang='lat' dir='ltr'>Christus,</span> <span class='ocrx_word' id='word_1_393' title='bbox 1008 2701 1224 2738; x_wconf 90' lang='lat' dir='ltr'>secundum</span> <span class='ocrx_word' id='word_1_394' title='bbox 1243 2701 1351 2750; x_wconf 91' lang='lat' dir='ltr'>quod</span> 
     </span>
     <span class='ocr_line' id='line_1_59' title="bbox 293 2753 714 2804; baseline -0.002 -12"><span class='ocrx_word' id='word_1_395' title='bbox 293 2753 427 2801; x_wconf 85' lang='lat' dir='ltr'>homo,</span> <span class='ocrx_word' id='word_1_396' title='bbox 457 2761 512 2791; x_wconf 91' lang='lat' dir='ltr'>est</span> <span class='ocrx_word' id='word_1_397' title='bbox 538 2766 714 2804; x_wconf 92' lang='lat' dir='ltr'>persona.</span> 
     </span>
    </p>

    <p class='ocr_par' dir='ltr' id='par_1_21' title="bbox 293 2805 1353 3121">
     <span class='ocr_line' id='line_1_60' title="bbox 349 2805 1350 2855; baseline -0.002 -11"><span class='ocrx_word' id='word_1_398' title='bbox 349 2807 383 2844; x_wconf 88' lang='lat'>3.</span> <span class='ocrx_word' id='word_1_399' title='bbox 400 2808 631 2853; x_wconf 75' lang='lat' dir='ltr'>PRAETEREA,</span> <span class='ocrx_word' id='word_1_400' title='bbox 653 2805 836 2854; x_wconf 91' lang='lat' dir='ltr'>Christus,</span> <span class='ocrx_word' id='word_1_401' title='bbox 857 2807 1072 2844; x_wconf 87' lang='lat' dir='ltr'>secundum</span> <span class='ocrx_word' id='word_1_402' title='bbox 1092 2806 1198 2855; x_wconf 88' lang='lat' dir='ltr'>quod</span> <span class='ocrx_word' id='word_1_403' title='bbox 1218 2807 1350 2852; x_wconf 93' lang='lat' dir='ltr'>homo,</span> 
     </span>
     <span class='ocr_line' id='line_1_61' title="bbox 294 2859 1352 2908; baseline -0.002 -11"><span class='ocrx_word' id='word_1_404' title='bbox 294 2867 350 2898; x_wconf 90' lang='lat' dir='ltr'>est</span> <span class='ocrx_word' id='word_1_405' title='bbox 377 2872 436 2897; x_wconf 89' lang='lat' dir='ltr'>res</span> <span class='ocrx_word' id='word_1_406' title='bbox 464 2860 658 2896; x_wconf 90' lang='lat' dir='ltr'>humanae</span> <span class='ocrx_word' id='word_1_407' title='bbox 685 2866 854 2907; x_wconf 85' lang='lat' dir='ltr'>naturae,</span> <span class='ocrx_word' id='word_1_408' title='bbox 885 2867 921 2896; x_wconf 91' lang='lat' dir='ltr'>et</span> <span class='ocrx_word' id='word_1_409' title='bbox 949 2859 1192 2908; x_wconf 91' lang='lat' dir='ltr'>suppositum</span> <span class='ocrx_word' id='word_1_410' title='bbox 1220 2867 1256 2895; x_wconf 88' lang='lat' dir='ltr'>et</span> <span class='ocrx_word' id='word_1_411' title='bbox 1283 2859 1352 2907; x_wconf 97' lang='lat' dir='ltr'>hy-</span> 
     </span>
     <span class='ocr_line' id='line_1_62' title="bbox 293 2910 1352 2963; baseline -0.003 -13"><span class='ocrx_word' id='word_1_412' title='bbox 293 2912 456 2963; x_wconf 90' lang='lat' dir='ltr'>postasis</span> <span class='ocrx_word' id='word_1_413' title='bbox 483 2912 657 2949; x_wconf 88' lang='lat' dir='ltr'>eiusdem</span> <span class='ocrx_word' id='word_1_414' title='bbox 684 2919 853 2949; x_wconf 89' lang='lat' dir='ltr'>naturae.</span> <span class='ocrx_word' id='word_1_415' title='bbox 884 2912 961 2950; x_wconf 91' lang='lat' dir='ltr'>Sed</span> <span class='ocrx_word' id='word_1_416' title='bbox 989 2912 1115 2949; x_wconf 88' lang='lat' dir='ltr'>omnis</span> <span class='ocrx_word' id='word_1_417' title='bbox 1137 2910 1352 2961; x_wconf 89' lang='lat' dir='ltr'>hypostasis</span> 
     </span>
     <span class='ocr_line' id='line_1_63' title="bbox 294 2965 1352 3015; baseline -0.003 -13"><span class='ocrx_word' id='word_1_418' title='bbox 294 2973 331 3003; x_wconf 93' lang='lat' dir='ltr'>et</span> <span class='ocrx_word' id='word_1_419' title='bbox 358 2965 601 3015; x_wconf 90' lang='lat' dir='ltr'>suppositum</span> <span class='ocrx_word' id='word_1_420' title='bbox 630 2972 666 3001; x_wconf 91' lang='lat' dir='ltr'>et</span> <span class='ocrx_word' id='word_1_421' title='bbox 692 2977 752 3001; x_wconf 89' lang='lat' dir='ltr'>res</span> <span class='ocrx_word' id='word_1_422' title='bbox 779 2972 936 3002; x_wconf 90' lang='lat' dir='ltr'>naturae</span> <span class='ocrx_word' id='word_1_423' title='bbox 964 2965 1158 3001; x_wconf 87' lang='lat' dir='ltr'>humanae</span> <span class='ocrx_word' id='word_1_424' title='bbox 1187 2972 1242 3000; x_wconf 90' lang='lat' dir='ltr'>est</span> <span class='ocrx_word' id='word_1_425' title='bbox 1268 2976 1352 3012; x_wconf 92' lang='lat' dir='ltr'>per-</span> 
     </span>
     <span class='ocr_line' id='line_1_64' title="bbox 295 3017 1353 3066; baseline -0.003 -11"><span class='ocrx_word' id='word_1_426' title='bbox 295 3030 401 3056; x_wconf 87' lang='lat' dir='ltr'>sona.</span> <span class='ocrx_word' id='word_1_427' title='bbox 430 3019 532 3066; x_wconf 89' lang='lat' dir='ltr'>Ergo</span> <span class='ocrx_word' id='word_1_428' title='bbox 563 3017 746 3064; x_wconf 89' lang='lat' dir='ltr'>Christus,</span> <span class='ocrx_word' id='word_1_429' title='bbox 767 3018 983 3054; x_wconf 88' lang='lat' dir='ltr'>secundum</span> <span class='ocrx_word' id='word_1_430' title='bbox 1010 3017 1117 3066; x_wconf 93' lang='lat' dir='ltr'>quod</span> <span class='ocrx_word' id='word_1_431' title='bbox 1145 3017 1277 3063; x_wconf 86' lang='lat' dir='ltr'>homo,</span> <span class='ocrx_word' id='word_1_432' title='bbox 1298 3023 1353 3052; x_wconf 90' lang='lat' dir='ltr'>est</span> 
     </span>
     <span class='ocr_line' id='line_1_65' title="bbox 293 3083 471 3121; baseline 0 -13"><span class='ocrx_word' id='word_1_433' title='bbox 293 3083 471 3121; x_wconf 89' lang='lat' dir='ltr'>persona.</span> 
     </span>
    </p>

    <p class='ocr_par' dir='ltr' id='par_1_22' title="bbox 295 3122 1353 3331">
     <span class='ocr_line' id='line_1_66' title="bbox 349 3122 1351 3170; baseline -0.004 -9"><span class='ocrx_word' id='word_1_434' title='bbox 349 3124 422 3162; x_wconf 81' lang='lat' dir='ltr'>SED</span> <span class='ocrx_word' id='word_1_435' title='bbox 451 3135 606 3170; x_wconf 81' lang='lat' dir='ltr'>CONTRA,</span> <span class='ocrx_word' id='word_1_436' title='bbox 631 3122 815 3169; x_wconf 89' lang='lat' dir='ltr'>Christus,</span> <span class='ocrx_word' id='word_1_437' title='bbox 841 3122 1056 3159; x_wconf 90' lang='lat' dir='ltr'>secundum</span> <span class='ocrx_word' id='word_1_438' title='bbox 1084 3122 1191 3170; x_wconf 92' lang='lat' dir='ltr'>quod</span> <span class='ocrx_word' id='word_1_439' title='bbox 1219 3122 1351 3162; x_wconf 81' lang='lat' dir='ltr'>homo,</span> 
     </span>
     <span class='ocr_line' id='line_1_67' title="bbox 295 3173 1353 3225; baseline -0.004 -12"><span class='ocrx_word' id='word_1_440' title='bbox 295 3188 376 3214; x_wconf 88' lang='lat' dir='ltr'>non</span> <span class='ocrx_word' id='word_1_441' title='bbox 395 3184 450 3213; x_wconf 90' lang='lat' dir='ltr'>est</span> <span class='ocrx_word' id='word_1_442' title='bbox 467 3187 633 3225; x_wconf 86' lang='lat' dir='ltr'>persona</span> <span class='ocrx_word' id='word_1_443' title='bbox 651 3183 813 3212; x_wconf 89' lang='lat' dir='ltr'>aeterna.</span> <span class='ocrx_word' id='word_1_444' title='bbox 835 3175 876 3212; x_wconf 92' lang='lat' dir='ltr'>Si</span> <span class='ocrx_word' id='word_1_445' title='bbox 895 3187 995 3223; x_wconf 87' lang='lat' dir='ltr'>ergo,</span> <span class='ocrx_word' id='word_1_446' title='bbox 1013 3174 1227 3211; x_wconf 89' lang='lat' dir='ltr'>secundum</span> <span class='ocrx_word' id='word_1_447' title='bbox 1247 3173 1353 3222; x_wconf 90' lang='lat' dir='ltr'>quod</span> 
     </span>
     <span class='ocr_line' id='line_1_68' title="bbox 295 3225 1353 3278; baseline -0.005 -12"><span class='ocrx_word' id='word_1_448' title='bbox 295 3230 429 3276; x_wconf 89' lang='lat' dir='ltr'>homo,</span> <span class='ocrx_word' id='word_1_449' title='bbox 449 3228 494 3265; x_wconf 89' lang='lat' dir='ltr'>sit</span> <span class='ocrx_word' id='word_1_450' title='bbox 521 3240 697 3278; x_wconf 87' lang='lat' dir='ltr'>persona,</span> <span class='ocrx_word' id='word_1_451' title='bbox 719 3235 899 3277; x_wconf 90' lang='lat' dir='ltr'>sequetur</span> <span class='ocrx_word' id='word_1_452' title='bbox 926 3227 1031 3276; x_wconf 91' lang='lat' dir='ltr'>quod</span> <span class='ocrx_word' id='word_1_453' title='bbox 1050 3226 1090 3263; x_wconf 92' lang='lat' dir='ltr'>in</span> <span class='ocrx_word' id='word_1_454' title='bbox 1111 3226 1261 3263; x_wconf 88' lang='lat' dir='ltr'>Christo</span> <span class='ocrx_word' id='word_1_455' title='bbox 1281 3225 1353 3261; x_wconf 88' lang='lat' dir='ltr'>sint</span> 
     </span>
     <span class='ocr_line' id='line_1_69' title="bbox 295 3278 1350 3331; baseline -0.006 -12"><span class='ocrx_word' id='word_1_456' title='bbox 295 3293 483 3331; x_wconf 89' lang='lat' dir='ltr'>personae</span> <span class='ocrx_word' id='word_1_457' title='bbox 502 3281 602 3318; x_wconf 88' lang='lat' dir='ltr'>duae</span> <span class='ocrx_word' id='word_1_458' title='bbox 621 3279 647 3328; x_wconf 71' lang='grc' dir='ltr'>β,</span> <span class='ocrx_word' id='word_1_459' title='bbox 677 3293 755 3318; x_wconf 91' lang='lat' dir='ltr'>una</span> <span class='ocrx_word' id='word_1_460' title='bbox 781 3279 1002 3328; x_wconf 89' lang='lat' dir='ltr'>temporalis</span> <span class='ocrx_word' id='word_1_461' title='bbox 1027 3286 1063 3315; x_wconf 93' lang='lat' dir='ltr'>et</span> <span class='ocrx_word' id='word_1_462' title='bbox 1089 3278 1160 3315; x_wconf 90' lang='lat' dir='ltr'>alia</span> <span class='ocrx_word' id='word_1_463' title='bbox 1188 3285 1350 3314; x_wconf 89' lang='lat' dir='ltr'>aeterna.</span> 
     </span>
    </p>
   </div>
   <div class='ocr_carea' id='block_1_18' title="bbox 105 3325 1270 3381">
    <p class='ocr_par' dir='ltr' id='par_1_23' title="bbox 105 3325 1270 3382">
     <span class='ocr_line' id='line_1_70' title="bbox 105 3325 1270 3381; baseline -0.005 -10"><span class='ocrx_word' id='word_1_464' title='bbox 105 3325 139 3380; x_wconf 37' lang='grc' dir='ltr'><strong>ᾗ</strong></span> <span class='ocrx_word' id='word_1_465' title='bbox 263 3339 270 3359; x_wconf 75' lang='lat'>³</span> <span class='ocrx_word' id='word_1_466' title='bbox 297 3334 416 3381; x_wconf 89' lang='lat' dir='ltr'>Quod</span> <span class='ocrx_word' id='word_1_467' title='bbox 444 3341 499 3370; x_wconf 88' lang='lat' dir='ltr'>est</span> <span class='ocrx_word' id='word_1_468' title='bbox 526 3346 752 3379; x_wconf 89' lang='lat' dir='ltr'>erroneum,</span> <span class='ocrx_word' id='word_1_469' title='bbox 781 3340 824 3370; x_wconf 90' lang='lat' dir='ltr'>ut</span> <span class='ocrx_word' id='word_1_470' title='bbox 851 3344 967 3380; x_wconf 90' lang='lat' dir='ltr'>supra</span> <span class='ocrx_word' id='word_1_471' title='bbox 985 3331 1005 3353; x_wconf 71' lang='lat'>&#39;¹‘</span> <span class='ocrx_word' id='word_1_472' title='bbox 1032 3330 1177 3367; x_wconf 89' lang='lat' dir='ltr'>dictum</span> <span class='ocrx_word' id='word_1_473' title='bbox 1205 3338 1270 3366; x_wconf 88' lang='lat' dir='ltr'>est.</span> 
     </span>
    </p>
   </div>
   <div class='ocr_carea' id='block_1_19' title="bbox 349 3381 1351 3433">
    <p class='ocr_par' dir='ltr' id='par_1_24' title="bbox 349 3381 1351 3433">
     <span class='ocr_line' id='line_1_71' title="bbox 349 3381 1351 3433; baseline -0.008 -9"><span class='ocrx_word' id='word_1_474' title='bbox 349 3387 572 3424; x_wconf 79' lang='lat' dir='ltr'>RESPONDEO</span> <span class='ocrx_word' id='word_1_475' title='bbox 610 3398 790 3423; x_wconf 84' lang='lat' dir='ltr'>DICENDUM</span> <span class='ocrx_word' id='word_1_476' title='bbox 828 3385 954 3433; x_wconf 90' lang='lat' dir='ltr'>quod,</span> <span class='ocrx_word' id='word_1_477' title='bbox 985 3383 1079 3419; x_wconf 89' lang='lat' dir='ltr'>sicut</span> <span class='ocrx_word' id='word_1_478' title='bbox 1117 3394 1232 3431; x_wconf 90' lang='lat' dir='ltr'>supra</span> <span class='ocrx_word' id='word_1_479' title='bbox 1250 3382 1269 3403; x_wconf 68' lang='lat'>&#39;¹‘</span> <span class='ocrx_word' id='word_1_480' title='bbox 1298 3381 1351 3417; x_wconf 94' lang='lat' dir='ltr'>di-</span> 
     </span>
    </p>
   </div>
   <div class='ocr_carea' id='block_1_20' title="bbox 297 3503 1353 3610">
    <p class='ocr_par' dir='ltr' id='par_1_25' title="bbox 297 3503 1353 3610">
     <span class='ocr_line' id='line_1_72' title="bbox 351 3503 1353 3541; baseline -0.005 -9"><span class='ocrx_word' id='word_1_481' title='bbox 351 3506 379 3541; x_wconf 80' lang='grc' dir='ltr'>α)</span> <span class='ocrx_word' id='word_1_482' title='bbox 397 3506 548 3540; x_wconf 70' lang='lat' dir='ltr'>hypostasis</span> <span class='ocrx_word' id='word_1_483' title='bbox 565 3508 614 3532; x_wconf 79' lang='lat' dir='ltr'>vel.</span> <span class='ocrx_word' id='word_1_484' title='bbox 632 3521 651 3525; x_wconf 94' lang='lat'><em>-</em></span> <span class='ocrx_word' id='word_1_485' title='bbox 669 3507 730 3532; x_wconf 90' lang='lat' dir='ltr'>Om.</span> <span class='ocrx_word' id='word_1_486' title='bbox 748 3506 829 3530; x_wconf 75' lang='lat' dir='ltr'>tertia.</span> <span class='ocrx_word' id='word_1_487' title='bbox 846 3519 866 3524; x_wconf 88' lang='lat'>—</span> <span class='ocrx_word' id='word_1_488' title='bbox 885 3504 955 3529; x_wconf 84' lang='lat' dir='ltr'>Illud</span> <span class='ocrx_word' id='word_1_489' title='bbox 972 3504 1042 3529; x_wconf 82' lang='lat' dir='ltr'>enim</span> <span class='ocrx_word' id='word_1_490' title='bbox 1061 3504 1132 3536; x_wconf 81' lang='lat' dir='ltr'>quod</span> <span class='ocrx_word' id='word_1_491' title='bbox 1149 3503 1271 3528; x_wconf 79' lang='lat' dir='ltr'>convenit</span> <span class='ocrx_word' id='word_1_492' title='bbox 1289 3503 1308 3527; x_wconf 84' lang='lat' dir='ltr'>F</span> <span class='ocrx_word' id='word_1_493' title='bbox 1329 3508 1353 3527; x_wconf 81' lang='lat' dir='ltr'>et</span> 
     </span>
     <span class='ocr_line' id='line_1_73' title="bbox 297 3539 1352 3574; baseline -0.005 -7"><span class='ocrx_word' id='word_1_494' title='bbox 297 3541 370 3566; x_wconf 74' lang='lat' dir='ltr'>tertia</span> <span class='ocrx_word' id='word_1_495' title='bbox 389 3546 489 3574; x_wconf 72' lang='lat' dir='ltr'>praeter</span> <span class='ocrx_word' id='word_1_496' title='bbox 506 3542 530 3572; x_wconf 73' lang='lat'>13</span> <span class='ocrx_word' id='word_1_497' title='bbox 557 3542 626 3567; x_wconf 82' lang='lat' dir='ltr'>Illud</span> <span class='ocrx_word' id='word_1_498' title='bbox 649 3541 769 3573; x_wconf 82' lang='lat' dir='ltr'>ABCpD,</span> <span class='ocrx_word' id='word_1_499' title='bbox 791 3541 860 3565; x_wconf 84' lang='lat' dir='ltr'>Illud</span> <span class='ocrx_word' id='word_1_500' title='bbox 878 3540 948 3572; x_wconf 84' lang='lat' dir='ltr'>quod</span> <span class='ocrx_word' id='word_1_501' title='bbox 970 3539 1093 3564; x_wconf 80' lang='lat' dir='ltr'>convenit</span> <span class='ocrx_word' id='word_1_502' title='bbox 1115 3539 1182 3567; x_wconf 73' lang='lat' dir='ltr'>Est),</span> <span class='ocrx_word' id='word_1_503' title='bbox 1203 3539 1272 3563; x_wconf 86' lang='lat' dir='ltr'>Illud</span> <span class='ocrx_word' id='word_1_504' title='bbox 1290 3545 1352 3563; x_wconf 82' lang='lat' dir='ltr'>vero</span> 
     </span>
     <span class='ocr_line' id='line_1_74' title="bbox 299 3575 1149 3610; baseline -0.004 -9"><span class='ocrx_word' id='word_1_505' title='bbox 299 3577 420 3601; x_wconf 79' lang='lat' dir='ltr'>convenit</span> <span class='ocrx_word' id='word_1_506' title='bbox 435 3576 455 3608; x_wconf 88' lang='lat'>1,</span> <span class='ocrx_word' id='word_1_507' title='bbox 474 3577 544 3602; x_wconf 81' lang='lat' dir='ltr'>Illud</span> <span class='ocrx_word' id='word_1_508' title='bbox 562 3578 633 3610; x_wconf 82' lang='lat' dir='ltr'>quod</span> <span class='ocrx_word' id='word_1_509' title='bbox 650 3577 773 3608; x_wconf 83' lang='lat' dir='ltr'>(cuilibet</span> <span class='ocrx_word' id='word_1_510' title='bbox 791 3575 908 3607; x_wconf 81' lang='lat' dir='ltr'>homini)</span> <span class='ocrx_word' id='word_1_511' title='bbox 926 3575 1047 3600; x_wconf 76' lang='lat' dir='ltr'>convenit</span> <span class='ocrx_word' id='word_1_512' title='bbox 1066 3575 1105 3599; x_wconf 92' lang='lat' dir='ltr'>ed.</span> <span class='ocrx_word' id='word_1_513' title='bbox 1124 3581 1149 3599; x_wconf 85' lang='lat' dir='ltr'>a.</span> 
     </span>
    </p>
   </div>
   <div class='ocr_carea' id='block_1_21' title="bbox 438 3628 971 3656">
    <p class='ocr_par' dir='ltr' id='par_1_26' title="bbox 438 3628 971 3656">
     <span class='ocr_line' id='line_1_75' title="bbox 438 3628 971 3656; baseline -0.008 0"><span class='ocrx_word' id='word_1_514' title='bbox 438 3631 548 3656; x_wconf 68' lang='lat' dir='ltr'>Suum</span> <span class='ocrx_word' id='word_1_515' title='bbox 563 3631 666 3656; x_wconf 70' lang='lat' dir='ltr'>Tasoi..</span> <span class='ocrx_word' id='word_1_516' title='bbox 686 3631 716 3655; x_wconf 92' lang='lat' dir='ltr'>D.</span> <span class='ocrx_word' id='word_1_517' title='bbox 730 3630 843 3654; x_wconf 74' lang='lat' dir='ltr'>Tuomuz</span> <span class='ocrx_word' id='word_1_518' title='bbox 858 3629 889 3653; x_wconf 84' lang='lat' dir='ltr'>T.</span> <span class='ocrx_word' id='word_1_519' title='bbox 907 3628 971 3653; x_wconf 88' lang='lat' dir='ltr'>VIII.</span> 
     </span>
    </p>
   </div>
   <div class='ocr_carea' id='block_1_22' title="bbox 1401 1964 2460 3168">
    <p class='ocr_par' dir='ltr' id='par_1_27' title="bbox 1401 1964 2459 2369">
     <span class='ocr_line' id='line_1_76' title="bbox 1401 1964 2458 2017; baseline 0.006 -17"><span class='ocrx_word' id='word_1_520' title='bbox 1401 1972 1506 2001; x_wconf 90' lang='lat' dir='ltr'>ctum</span> <span class='ocrx_word' id='word_1_521' title='bbox 1534 1971 1600 2011; x_wconf 82' lang='lat' dir='ltr'>est,</span> <span class='ocrx_word' id='word_1_522' title='bbox 1630 1964 1697 2000; x_wconf 91' lang='lat' dir='ltr'>iste</span> <span class='ocrx_word' id='word_1_523' title='bbox 1730 1965 1915 2002; x_wconf 90' lang='lat' dir='ltr'>terminus</span> <span class='ocrx_word' id='word_1_524' title='bbox 1943 1967 2065 2013; x_wconf 88' lang='lat' dir='ltr'>homo,</span> <span class='ocrx_word' id='word_1_525' title='bbox 2095 1967 2134 2003; x_wconf 91' lang='lat' dir='ltr'>in</span> <span class='ocrx_word' id='word_1_526' title='bbox 2162 1968 2458 2017; x_wconf 86' lang='lat' dir='ltr'>reduplicatione</span> 
     </span>
     <span class='ocr_line' id='line_1_77' title="bbox 1401 2017 2459 2069; baseline 0.007 -17"><span class='ocrx_word' id='word_1_527' title='bbox 1401 2017 1560 2065; x_wconf 89' lang='lat' dir='ltr'>positus,</span> <span class='ocrx_word' id='word_1_528' title='bbox 1589 2025 1712 2066; x_wconf 87' lang='lat' dir='ltr'>potest</span> <span class='ocrx_word' id='word_1_529' title='bbox 1747 2018 1865 2067; x_wconf 89' lang='lat' dir='ltr'>accipi</span> <span class='ocrx_word' id='word_1_530' title='bbox 1893 2020 1955 2055; x_wconf 93' lang='lat' dir='ltr'>vel</span> <span class='ocrx_word' id='word_1_531' title='bbox 1989 2019 2133 2056; x_wconf 89' lang='lat' dir='ltr'>ratione</span> <span class='ocrx_word' id='word_1_532' title='bbox 2169 2021 2371 2069; x_wconf 82' lang='lat' dir='ltr'>suppositi,</span> <span class='ocrx_word' id='word_1_533' title='bbox 2399 2024 2459 2059; x_wconf 91' lang='lat' dir='ltr'>vel</span> 
     </span>
     <span class='ocr_line' id='line_1_78' title="bbox 1402 2069 2459 2121; baseline 0.007 -16"><span class='ocrx_word' id='word_1_534' title='bbox 1402 2069 1546 2106; x_wconf 91' lang='lat' dir='ltr'>ratione</span> <span class='ocrx_word' id='word_1_535' title='bbox 1575 2077 1744 2106; x_wconf 90' lang='lat' dir='ltr'>naturae.</span> <span class='ocrx_word' id='word_1_536' title='bbox 1785 2071 1887 2107; x_wconf 90' lang='lat' dir='ltr'>Cum</span> <span class='ocrx_word' id='word_1_537' title='bbox 1915 2083 2004 2119; x_wconf 87' lang='lat' dir='ltr'>ergo</span> <span class='ocrx_word' id='word_1_538' title='bbox 2033 2072 2179 2120; x_wconf 90' lang='lat' dir='ltr'>dicitur,</span> <span class='ocrx_word' id='word_1_539' title='bbox 2213 2075 2386 2121; x_wconf 85' lang='lat' dir='ltr'>Christus,</span> <span class='ocrx_word' id='word_1_540' title='bbox 2405 2088 2459 2112; x_wconf 89' lang='lat' dir='ltr'>se-</span> 
     </span>
     <span class='ocr_line' id='line_1_79' title="bbox 1402 2122 2459 2175; baseline 0.006 -17"><span class='ocrx_word' id='word_1_541' title='bbox 1402 2122 1563 2170; x_wconf 69' lang='lat' dir='ltr'>cundum</span> <span class='ocrx_word' id='word_1_542' title='bbox 1583 2123 1681 2171; x_wconf 83' lang='lat' dir='ltr'>quod</span> <span class='ocrx_word' id='word_1_543' title='bbox 1706 2124 1828 2169; x_wconf 85' lang='lat' dir='ltr'>homo,</span> <span class='ocrx_word' id='word_1_544' title='bbox 1849 2130 1900 2160; x_wconf 88' lang='lat' dir='ltr'>est</span> <span class='ocrx_word' id='word_1_545' title='bbox 1921 2137 2096 2173; x_wconf 84' lang='lat' dir='ltr'>persona,</span> <span class='ocrx_word' id='word_1_546' title='bbox 2117 2125 2147 2161; x_wconf 89' lang='lat' dir='ltr'>si</span> <span class='ocrx_word' id='word_1_547' title='bbox 2172 2126 2376 2175; x_wconf 88' lang='lat' dir='ltr'>accipiatur</span> <span class='ocrx_word' id='word_1_548' title='bbox 2403 2140 2459 2164; x_wconf 90' lang='lat' dir='ltr'>ra—</span> 
     </span>
     <span class='ocr_line' id='line_1_80' title="bbox 1402 2174 2457 2226; baseline 0.006 -16"><span class='ocrx_word' id='word_1_549' title='bbox 1402 2174 1505 2211; x_wconf 90' lang='lat' dir='ltr'>tione</span> <span class='ocrx_word' id='word_1_550' title='bbox 1534 2174 1741 2224; x_wconf 78' lang='lat' dir='ltr'>suppositi,</span> <span class='ocrx_word' id='word_1_551' title='bbox 1771 2175 2015 2213; x_wconf 89' lang='lat' dir='ltr'>manifestum</span> <span class='ocrx_word' id='word_1_552' title='bbox 2050 2185 2104 2213; x_wconf 89' lang='lat' dir='ltr'>est</span> <span class='ocrx_word' id='word_1_553' title='bbox 2132 2179 2238 2226; x_wconf 91' lang='lat' dir='ltr'>quod</span> <span class='ocrx_word' id='word_1_554' title='bbox 2275 2179 2457 2226; x_wconf 89' lang='lat' dir='ltr'>Christus,</span> 
     </span>
     <span class='ocr_line' id='line_1_81' title="bbox 1404 2228 2459 2281; baseline 0.006 -18"><span class='ocrx_word' id='word_1_555' title='bbox 1404 2228 1619 2264; x_wconf 84' lang='lat' dir='ltr'>secundum</span> <span class='ocrx_word' id='word_1_556' title='bbox 1638 2229 1744 2276; x_wconf 91' lang='lat' dir='ltr'>quod</span> <span class='ocrx_word' id='word_1_557' title='bbox 1768 2229 1900 2275; x_wconf 93' lang='lat' dir='ltr'>homo,</span> <span class='ocrx_word' id='word_1_558' title='bbox 1922 2237 1976 2265; x_wconf 90' lang='lat' dir='ltr'>est</span> <span class='ocrx_word' id='word_1_559' title='bbox 1994 2241 2178 2278; x_wconf 90' lang='lat' dir='ltr'>persona:</span> <span class='ocrx_word' id='word_1_560' title='bbox 2209 2231 2299 2279; x_wconf 89' lang='lat' dir='ltr'>quia</span> <span class='ocrx_word' id='word_1_561' title='bbox 2318 2244 2459 2281; x_wconf 90' lang='lat' dir='ltr'>suppo-</span> 
     </span>
     <span class='ocr_line' id='line_1_82' title="bbox 1404 2280 2459 2333; baseline 0.005 -17"><span class='ocrx_word' id='word_1_562' title='bbox 1404 2280 1519 2316; x_wconf 90' lang='lat' dir='ltr'>situm</span> <span class='ocrx_word' id='word_1_563' title='bbox 1538 2281 1731 2317; x_wconf 91' lang='lat' dir='ltr'>humanae</span> <span class='ocrx_word' id='word_1_564' title='bbox 1751 2289 1908 2318; x_wconf 86' lang='lat' dir='ltr'>naturae</span> <span class='ocrx_word' id='word_1_565' title='bbox 1927 2281 2021 2318; x_wconf 90' lang='lat' dir='ltr'>nihil</span> <span class='ocrx_word' id='word_1_566' title='bbox 2040 2290 2095 2318; x_wconf 89' lang='lat' dir='ltr'>est</span> <span class='ocrx_word' id='word_1_567' title='bbox 2117 2282 2220 2319; x_wconf 89' lang='lat' dir='ltr'>aliud</span> <span class='ocrx_word' id='word_1_568' title='bbox 2239 2296 2357 2332; x_wconf 89' lang='lat' dir='ltr'>quam</span> <span class='ocrx_word' id='word_1_569' title='bbox 2375 2297 2459 2333; x_wconf 90' lang='lat' dir='ltr'>per-</span> 
     </span>
     <span class='ocr_line' id='line_1_83' title="bbox 1404 2332 1720 2369; baseline 0 0"><span class='ocrx_word' id='word_1_570' title='bbox 1404 2345 1499 2369; x_wconf 90' lang='lat' dir='ltr'>sona</span> <span class='ocrx_word' id='word_1_571' title='bbox 1527 2332 1610 2369; x_wconf 90' lang='lat' dir='ltr'>Filii</span> <span class='ocrx_word' id='word_1_572' title='bbox 1638 2333 1720 2369; x_wconf 91' lang='lat' dir='ltr'>Dei.</span> 
     </span>
    </p>

    <p class='ocr_par' dir='ltr' id='par_1_28' title="bbox 1404 2385 2460 3012">
     <span class='ocr_line' id='line_1_84' title="bbox 1458 2385 2459 2437; baseline 0.003 -14"><span class='ocrx_word' id='word_1_573' title='bbox 1458 2385 1498 2423; x_wconf 89' lang='lat' dir='ltr'>Si</span> <span class='ocrx_word' id='word_1_574' title='bbox 1518 2393 1647 2422; x_wconf 90' lang='lat' dir='ltr'>autem</span> <span class='ocrx_word' id='word_1_575' title='bbox 1667 2385 1871 2434; x_wconf 86' lang='lat' dir='ltr'>accipiatur</span> <span class='ocrx_word' id='word_1_576' title='bbox 1896 2385 2040 2423; x_wconf 90' lang='lat' dir='ltr'>ratione</span> <span class='ocrx_word' id='word_1_577' title='bbox 2068 2395 2237 2433; x_wconf 90' lang='lat' dir='ltr'>naturae,</span> <span class='ocrx_word' id='word_1_578' title='bbox 2259 2387 2311 2424; x_wconf 90' lang='lat' dir='ltr'>sic</span> <span class='ocrx_word' id='word_1_579' title='bbox 2334 2396 2459 2437; x_wconf 89' lang='lat' dir='ltr'>potest</span> 
     </span>
     <span class='ocr_line' id='line_1_85' title="bbox 1404 2437 2460 2488; baseline 0.002 -12"><span class='ocrx_word' id='word_1_580' title='bbox 1404 2437 1556 2486; x_wconf 85' lang='lat' dir='ltr'>intelligi</span> <span class='ocrx_word' id='word_1_581' title='bbox 1583 2438 1791 2487; x_wconf 90' lang='lat' dir='ltr'>dupliciter.</span> <span class='ocrx_word' id='word_1_582' title='bbox 1822 2439 1909 2476; x_wconf 94' lang='lat' dir='ltr'>Uno</span> <span class='ocrx_word' id='word_1_583' title='bbox 1937 2439 2068 2485; x_wconf 89' lang='lat' dir='ltr'>modo,</span> <span class='ocrx_word' id='word_1_584' title='bbox 2098 2440 2202 2488; x_wconf 91' lang='lat' dir='ltr'>quod</span> <span class='ocrx_word' id='word_1_585' title='bbox 2236 2440 2460 2488; x_wconf 86' lang='lat' dir='ltr'>intelligatur</span> 
     </span>
     <span class='ocr_line' id='line_1_86' title="bbox 1406 2491 2458 2542; baseline 0.004 -15"><span class='ocrx_word' id='word_1_586' title='bbox 1406 2491 1513 2539; x_wconf 90' lang='lat' dir='ltr'>quod</span> <span class='ocrx_word' id='word_1_587' title='bbox 1540 2498 1697 2527; x_wconf 86' lang='lat' dir='ltr'>naturae</span> <span class='ocrx_word' id='word_1_588' title='bbox 1725 2492 1918 2528; x_wconf 87' lang='lat' dir='ltr'>humanae</span> <span class='ocrx_word' id='word_1_589' title='bbox 1947 2499 2136 2540; x_wconf 90' lang='lat' dir='ltr'>competat</span> <span class='ocrx_word' id='word_1_590' title='bbox 2164 2504 2244 2528; x_wconf 91' lang='lat' dir='ltr'>esse</span> <span class='ocrx_word' id='word_1_591' title='bbox 2272 2493 2311 2529; x_wconf 90' lang='lat' dir='ltr'>in</span> <span class='ocrx_word' id='word_1_592' title='bbox 2333 2494 2458 2542; x_wconf 87' lang='lat' dir='ltr'>aliqua</span> 
     </span>
     <span class='ocr_line' id='line_1_87' title="bbox 1404 2544 2457 2592; baseline 0.003 -12"><span class='ocrx_word' id='word_1_593' title='bbox 1404 2555 1580 2592; x_wconf 88' lang='lat' dir='ltr'>persona.</span> <span class='ocrx_word' id='word_1_594' title='bbox 1609 2545 1657 2580; x_wconf 92' lang='lat' dir='ltr'>Et</span> <span class='ocrx_word' id='word_1_595' title='bbox 1676 2545 1751 2580; x_wconf 89' lang='lat' dir='ltr'>hoc</span> <span class='ocrx_word' id='word_1_596' title='bbox 1770 2544 1884 2580; x_wconf 91' lang='lat' dir='ltr'>etiam</span> <span class='ocrx_word' id='word_1_597' title='bbox 1902 2544 2021 2580; x_wconf 92' lang='lat' dir='ltr'>modo</span> <span class='ocrx_word' id='word_1_598' title='bbox 2039 2556 2176 2581; x_wconf 87' lang='lat' dir='ltr'>verum</span> <span class='ocrx_word' id='word_1_599' title='bbox 2201 2552 2255 2581; x_wconf 91' lang='lat' dir='ltr'>est</span> <span class='ocrx_word' id='word_1_600' title='bbox 2273 2545 2311 2581; x_wconf 71' lang='grc' dir='ltr'>*ε</span> <span class='ocrx_word' id='word_1_601' title='bbox 2341 2558 2457 2583; x_wconf 91' lang='lat' dir='ltr'>omne</span> 
     </span>
     <span class='ocr_line' id='line_1_88' title="bbox 1406 2596 2457 2647; baseline 0.003 -15"><span class='ocrx_word' id='word_1_602' title='bbox 1406 2596 1510 2633; x_wconf 91' lang='lat' dir='ltr'>enim</span> <span class='ocrx_word' id='word_1_603' title='bbox 1538 2597 1645 2645; x_wconf 93' lang='lat' dir='ltr'>quod</span> <span class='ocrx_word' id='word_1_604' title='bbox 1673 2596 1838 2632; x_wconf 88' lang='lat' dir='ltr'>subsistit</span> <span class='ocrx_word' id='word_1_605' title='bbox 1865 2596 1904 2632; x_wconf 92' lang='lat' dir='ltr'>in</span> <span class='ocrx_word' id='word_1_606' title='bbox 1928 2597 2099 2633; x_wconf 90' lang='lat' dir='ltr'>humana</span> <span class='ocrx_word' id='word_1_607' title='bbox 2126 2605 2271 2643; x_wconf 89' lang='lat' dir='ltr'>natura,</span> <span class='ocrx_word' id='word_1_608' title='bbox 2293 2605 2347 2634; x_wconf 90' lang='lat' dir='ltr'>est</span> <span class='ocrx_word' id='word_1_609' title='bbox 2373 2611 2457 2647; x_wconf 85' lang='lat' dir='ltr'>per—</span> 
     </span>
     <span class='ocr_line' id='line_1_89' title="bbox 1406 2648 2457 2697; baseline 0.001 -11"><span class='ocrx_word' id='word_1_610' title='bbox 1406 2661 1512 2686; x_wconf 90' lang='lat' dir='ltr'>sona.</span> <span class='ocrx_word' id='word_1_611' title='bbox 1542 2671 1567 2675; x_wconf 92' lang='lat'><strong>—</strong></span> <span class='ocrx_word' id='word_1_612' title='bbox 1595 2648 1680 2685; x_wconf 92' lang='lat' dir='ltr'>Alio</span> <span class='ocrx_word' id='word_1_613' title='bbox 1700 2649 1819 2685; x_wconf 91' lang='lat' dir='ltr'>modo</span> <span class='ocrx_word' id='word_1_614' title='bbox 1837 2656 1961 2697; x_wconf 89' lang='lat' dir='ltr'>potest</span> <span class='ocrx_word' id='word_1_615' title='bbox 1979 2649 2131 2697; x_wconf 86' lang='lat' dir='ltr'>intelligi</span> <span class='ocrx_word' id='word_1_616' title='bbox 2149 2657 2191 2685; x_wconf 93' lang='lat' dir='ltr'>ut</span> <span class='ocrx_word' id='word_1_617' title='bbox 2209 2657 2364 2686; x_wconf 89' lang='lat' dir='ltr'>naturae</span> <span class='ocrx_word' id='word_1_618' title='bbox 2386 2651 2457 2687; x_wconf 93' lang='lat' dir='ltr'>hu-</span> 
     </span>
     <span class='ocr_line' id='line_1_90' title="bbox 1405 2701 2456 2750; baseline 0.001 -12"><span class='ocrx_word' id='word_1_619' title='bbox 1405 2714 1543 2738; x_wconf 90' lang='lat' dir='ltr'>manae</span> <span class='ocrx_word' id='word_1_620' title='bbox 1571 2701 1611 2737; x_wconf 91' lang='lat' dir='ltr'>in</span> <span class='ocrx_word' id='word_1_621' title='bbox 1640 2701 1790 2738; x_wconf 91' lang='lat' dir='ltr'>Christo</span> <span class='ocrx_word' id='word_1_622' title='bbox 1818 2701 1972 2750; x_wconf 90' lang='lat' dir='ltr'>propria</span> <span class='ocrx_word' id='word_1_623' title='bbox 1999 2702 2243 2750; x_wconf 85' lang='lat' dir='ltr'>personalitas</span> <span class='ocrx_word' id='word_1_624' title='bbox 2263 2702 2456 2749; x_wconf 88' lang='lat' dir='ltr'>debeatur,</span> 
     </span>
     <span class='ocr_line' id='line_1_91' title="bbox 1406 2753 2458 2802; baseline 0.002 -12"><span class='ocrx_word' id='word_1_625' title='bbox 1406 2762 1559 2791; x_wconf 87' lang='lat' dir='ltr'>causata</span> <span class='ocrx_word' id='word_1_626' title='bbox 1596 2766 1642 2790; x_wconf 88' lang='lat' dir='ltr'>ex</span> <span class='ocrx_word' id='word_1_627' title='bbox 1669 2753 1861 2802; x_wconf 89' lang='lat' dir='ltr'>principiis</span> <span class='ocrx_word' id='word_1_628' title='bbox 1898 2754 2090 2790; x_wconf 90' lang='lat' dir='ltr'>humanae</span> <span class='ocrx_word' id='word_1_629' title='bbox 2119 2762 2284 2790; x_wconf 89' lang='lat' dir='ltr'>naturae.</span> <span class='ocrx_word' id='word_1_630' title='bbox 2324 2755 2372 2790; x_wconf 92' lang='lat' dir='ltr'>Et</span> <span class='ocrx_word' id='word_1_631' title='bbox 2406 2755 2458 2792; x_wconf 92' lang='lat' dir='ltr'>sic</span> 
     </span>
     <span class='ocr_line' id='line_1_92' title="bbox 1408 2806 2457 2856; baseline 0 -13"><span class='ocrx_word' id='word_1_632' title='bbox 1408 2806 1601 2853; x_wconf 91' lang='lat' dir='ltr'>Christus,</span> <span class='ocrx_word' id='word_1_633' title='bbox 1631 2807 1845 2842; x_wconf 89' lang='lat' dir='ltr'>secundum</span> <span class='ocrx_word' id='word_1_634' title='bbox 1882 2806 1987 2854; x_wconf 91' lang='lat' dir='ltr'>quod</span> <span class='ocrx_word' id='word_1_635' title='bbox 2015 2807 2155 2852; x_wconf 91' lang='lat' dir='ltr'>homo,</span> <span class='ocrx_word' id='word_1_636' title='bbox 2184 2814 2354 2843; x_wconf 76' lang='lat' dir='ltr'>nonest·</span> <span class='ocrx_word' id='word_1_637' title='bbox 2373 2819 2457 2856; x_wconf 91' lang='lat' dir='ltr'>per-</span> 
     </span>
     <span class='ocr_line' id='line_1_93' title="bbox 1407 2859 2457 2907; baseline 0.001 -12"><span class='ocrx_word' id='word_1_638' title='bbox 1407 2871 1521 2896; x_wconf 90' lang='lat' dir='ltr'>sona:</span> <span class='ocrx_word' id='word_1_639' title='bbox 1552 2859 1642 2907; x_wconf 92' lang='lat' dir='ltr'>quia</span> <span class='ocrx_word' id='word_1_640' title='bbox 1671 2859 1841 2895; x_wconf 86' lang='lat' dir='ltr'>humana</span> <span class='ocrx_word' id='word_1_641' title='bbox 1869 2866 2003 2894; x_wconf 89' lang='lat' dir='ltr'>natura</span> <span class='ocrx_word' id='word_1_642' title='bbox 2022 2870 2101 2894; x_wconf 91' lang='lat' dir='ltr'>non</span> <span class='ocrx_word' id='word_1_643' title='bbox 2129 2866 2184 2894; x_wconf 90' lang='lat' dir='ltr'>est</span> <span class='ocrx_word' id='word_1_644' title='bbox 2210 2870 2279 2907; x_wconf 91' lang='lat' dir='ltr'>per</span> <span class='ocrx_word' id='word_1_645' title='bbox 2297 2871 2336 2895; x_wconf 92' lang='lat' dir='ltr'>se</span> <span class='ocrx_word' id='word_1_646' title='bbox 2356 2872 2457 2896; x_wconf 90' lang='lat' dir='ltr'>seor-</span> 
     </span>
     <span class='ocr_line' id='line_1_94' title="bbox 1407 2910 2458 2960; baseline 0 -12"><span class='ocrx_word' id='word_1_647' title='bbox 1407 2924 1494 2948; x_wconf 92' lang='lat' dir='ltr'>sum</span> <span class='ocrx_word' id='word_1_648' title='bbox 1532 2911 1692 2947; x_wconf 83' lang='lat' dir='ltr'>existens</span> <span class='ocrx_word' id='word_1_649' title='bbox 1712 2916 1727 2939; x_wconf 78' lang='grc' dir='ltr'><strong>Υ</strong></span> <span class='ocrx_word' id='word_1_650' title='bbox 1755 2923 1776 2947; x_wconf 89' lang='lat' dir='ltr'>a</span> <span class='ocrx_word' id='word_1_651' title='bbox 1813 2910 1940 2947; x_wconf 85' lang='lat' dir='ltr'>divina</span> <span class='ocrx_word' id='word_1_652' title='bbox 1977 2918 2130 2957; x_wconf 86' lang='lat' dir='ltr'>natura,</span> <span class='ocrx_word' id='word_1_653' title='bbox 2161 2911 2267 2958; x_wconf 92' lang='lat' dir='ltr'>quod</span> <span class='ocrx_word' id='word_1_654' title='bbox 2303 2912 2458 2960; x_wconf 89' lang='lat' dir='ltr'>requirit</span> 
     </span>
     <span class='ocr_line' id='line_1_95' title="bbox 1407 2963 1726 3012; baseline -0.006 -12"><span class='ocrx_word' id='word_1_655' title='bbox 1407 2963 1501 3000; x_wconf 90' lang='lat' dir='ltr'>ratio</span> <span class='ocrx_word' id='word_1_656' title='bbox 1529 2975 1726 3012; x_wconf 91' lang='lat' dir='ltr'>personae.</span> 
     </span>
    </p>

    <p class='ocr_par' dir='ltr' id='par_1_29' title="bbox 1407 3015 2457 3168">
     <span class='ocr_line' id='line_1_96' title="bbox 1460 3015 2457 3063; baseline 0.002 -11"><span class='ocrx_word' id='word_1_657' title='bbox 1460 3017 1516 3052; x_wconf 86' lang='lat' dir='ltr'>AD</span> <span class='ocrx_word' id='word_1_658' title='bbox 1545 3027 1678 3052; x_wconf 83' lang='lat' dir='ltr'>PRIMUM</span> <span class='ocrx_word' id='word_1_659' title='bbox 1707 3026 1803 3051; x_wconf 84' lang='lat' dir='ltr'>ERGO</span> <span class='ocrx_word' id='word_1_660' title='bbox 1831 3026 2011 3052; x_wconf 83' lang='lat' dir='ltr'>DICENDUM</span> <span class='ocrx_word' id='word_1_661' title='bbox 2039 3015 2144 3063; x_wconf 92' lang='lat' dir='ltr'>quod</span> <span class='ocrx_word' id='word_1_662' title='bbox 2172 3015 2279 3052; x_wconf 88' lang='lat' dir='ltr'>omni</span> <span class='ocrx_word' id='word_1_663' title='bbox 2310 3016 2457 3054; x_wconf 91' lang='lat' dir='ltr'>homini</span> 
     </span>
     <span class='ocr_line' id='line_1_97' title="bbox 1407 3067 2457 3116; baseline 0.002 -12"><span class='ocrx_word' id='word_1_664' title='bbox 1407 3067 1584 3104; x_wconf 89' lang='lat' dir='ltr'>convenit</span> <span class='ocrx_word' id='word_1_665' title='bbox 1612 3079 1692 3104; x_wconf 91' lang='lat' dir='ltr'>esse</span> <span class='ocrx_word' id='word_1_666' title='bbox 1720 3079 1925 3115; x_wconf 90' lang='lat' dir='ltr'>personam</span> <span class='ocrx_word' id='word_1_667' title='bbox 1961 3067 2175 3103; x_wconf 90' lang='lat' dir='ltr'>secundum</span> <span class='ocrx_word' id='word_1_668' title='bbox 2203 3068 2309 3116; x_wconf 92' lang='lat' dir='ltr'>quod</span> <span class='ocrx_word' id='word_1_669' title='bbox 2341 3081 2457 3106; x_wconf 92' lang='lat' dir='ltr'>omne</span> 
     </span>
     <span class='ocr_line' id='line_1_98' title="bbox 1407 3119 2457 3168; baseline 0.002 -12"><span class='ocrx_word' id='word_1_670' title='bbox 1407 3120 1613 3156; x_wconf 88' lang='lat' dir='ltr'>subsistens</span> <span class='ocrx_word' id='word_1_671' title='bbox 1642 3119 1679 3155; x_wconf 91' lang='lat' dir='ltr'>in</span> <span class='ocrx_word' id='word_1_672' title='bbox 1708 3119 1879 3155; x_wconf 88' lang='lat' dir='ltr'>humana</span> <span class='ocrx_word' id='word_1_673' title='bbox 1915 3126 2050 3156; x_wconf 90' lang='lat' dir='ltr'>natura</span> <span class='ocrx_word' id='word_1_674' title='bbox 2078 3127 2132 3156; x_wconf 91' lang='lat' dir='ltr'>est</span> <span class='ocrx_word' id='word_1_675' title='bbox 2167 3132 2341 3168; x_wconf 90' lang='lat' dir='ltr'>persona.</span> <span class='ocrx_word' id='word_1_676' title='bbox 2381 3122 2457 3158; x_wconf 92' lang='lat' dir='ltr'>Sed</span> 
     </span>
    </p>
   </div>
   <div class='ocr_carea' id='block_1_23' title="bbox 2475 375 2689 450">
    <p class='ocr_par' dir='ltr' id='par_1_30' title="bbox 2475 375 2689 450">
     <span class='ocr_line' id='line_1_99' title="bbox 2475 375 2689 402; baseline 0 -6"><span class='ocrx_word' id='word_1_677' title='bbox 2475 375 2525 397; x_wconf 61' lang='lat' dir='ltr'>’et</span> <span class='ocrx_word' id='word_1_678' title='bbox 2534 375 2689 402; x_wconf 72' lang='lat' dir='ltr'>Caten.Aur.,</span> 
     </span>
     <span class='ocr_line' id='line_1_100' title="bbox 2475 401 2686 429; baseline -0.005 -6"><span class='ocrx_word' id='word_1_679' title='bbox 2475 402 2497 423; x_wconf 87' lang='lat' dir='ltr'>in</span> <span class='ocrx_word' id='word_1_680' title='bbox 2513 401 2581 423; x_wconf 83' lang='lat' dir='ltr'>Marc.</span> <span class='ocrx_word' id='word_1_681' title='bbox 2597 407 2647 429; x_wconf 77' lang='lat' dir='ltr'>cap.</span> <span class='ocrx_word' id='word_1_682' title='bbox 2659 407 2686 428; x_wconf 89' lang='lat' dir='ltr'>n,</span> 
     </span>
     <span class='ocr_line' id='line_1_101' title="bbox 2476 434 2585 450; baseline 0.009 -2"><span class='ocrx_word' id='word_1_683' title='bbox 2476 434 2534 450; x_wconf 82' lang='lat' dir='ltr'>vers.</span> <span class='ocrx_word' id='word_1_684' title='bbox 2551 434 2585 450; x_wconf 77' lang='grc' dir='ltr'>ιο.</span> 
     </span>
    </p>
   </div>
   <div class='ocr_carea' id='block_1_24' title="bbox 2484 2547 2611 2574">
    <p class='ocr_par' dir='ltr' id='par_1_31' title="bbox 2484 2547 2611 2574">
     <span class='ocr_line' id='line_1_102' title="bbox 2484 2547 2611 2574; baseline 0.008 -5"><span class='ocrx_word' id='word_1_685' title='bbox 2484 2548 2493 2559; x_wconf 75' lang='grc'><em>’</em></span> <span class='ocrx_word' id='word_1_686' title='bbox 2508 2547 2534 2569; x_wconf 86' lang='lat' dir='ltr'>D.</span> <span class='ocrx_word' id='word_1_687' title='bbox 2552 2554 2611 2574; x_wconf 79' lang='lat'><strong>¹²¹4-</strong></span> 
     </span>
    </p>
   </div>
   <div class='ocr_carea' id='block_1_25' title="bbox 1407 3166 2513 3222">
    <p class='ocr_par' dir='ltr' id='par_1_32' title="bbox 1407 3166 2513 3222">
     <span class='ocr_line' id='line_1_103' title="bbox 1407 3166 2513 3222; baseline 0.004 -15"><span class='ocrx_word' id='word_1_688' title='bbox 1407 3173 1482 3208; x_wconf 82' lang='lat' dir='ltr'>hoc</span> <span class='ocrx_word' id='word_1_689' title='bbox 1509 3179 1563 3208; x_wconf 87' lang='lat' dir='ltr'>est</span> <span class='ocrx_word' id='word_1_690' title='bbox 1581 3171 1781 3220; x_wconf 91' lang='lat' dir='ltr'>proprium</span> <span class='ocrx_word' id='word_1_691' title='bbox 1805 3171 1953 3208; x_wconf 90' lang='lat' dir='ltr'>homini</span> <span class='ocrx_word' id='word_1_692' title='bbox 1982 3171 2142 3219; x_wconf 89' lang='lat' dir='ltr'>Christo,</span> <span class='ocrx_word' id='word_1_693' title='bbox 2164 3173 2269 3221; x_wconf 92' lang='lat' dir='ltr'>quod</span> <span class='ocrx_word' id='word_1_694' title='bbox 2294 3185 2458 3222; x_wconf 90' lang='lat' dir='ltr'>persona</span> <span class='ocrx_word' id='word_1_695' title='bbox 2510 3166 2513 3170; x_wconf 61' lang='grc'><strong>’</strong></span> 
     </span>
    </p>
   </div>
   <div class='ocr_carea' id='block_1_26' title="bbox 1406 3223 2458 3429">
    <p class='ocr_par' dir='ltr' id='par_1_33' title="bbox 1406 3223 2458 3429">
     <span class='ocr_line' id='line_1_104' title="bbox 1407 3223 2458 3263; baseline 0.003 -3"><span class='ocrx_word' id='word_1_696' title='bbox 1407 3224 1612 3261; x_wconf 90' lang='lat' dir='ltr'>subsistens</span> <span class='ocrx_word' id='word_1_697' title='bbox 1640 3223 1678 3260; x_wconf 91' lang='lat' dir='ltr'>in</span> <span class='ocrx_word' id='word_1_698' title='bbox 1707 3224 1877 3260; x_wconf 89' lang='lat' dir='ltr'>humana</span> <span class='ocrx_word' id='word_1_699' title='bbox 1908 3231 2043 3261; x_wconf 90' lang='lat' dir='ltr'>natura</span> <span class='ocrx_word' id='word_1_700' title='bbox 2070 3224 2151 3261; x_wconf 90' lang='lat' dir='ltr'>eius</span> <span class='ocrx_word' id='word_1_701' title='bbox 2187 3237 2266 3262; x_wconf 89' lang='lat' dir='ltr'>non</span> <span class='ocrx_word' id='word_1_702' title='bbox 2299 3225 2343 3262; x_wconf 89' lang='lat' dir='ltr'>sit</span> <span class='ocrx_word' id='word_1_703' title='bbox 2370 3238 2458 3263; x_wconf 87' lang='lat' dir='ltr'>cau-</span> 
     </span>
     <span class='ocr_line' id='line_1_105' title="bbox 1407 3275 2458 3324; baseline 0.003 -12"><span class='ocrx_word' id='word_1_704' title='bbox 1407 3284 1485 3313; x_wconf 90' lang='lat' dir='ltr'>sata</span> <span class='ocrx_word' id='word_1_705' title='bbox 1513 3288 1558 3312; x_wconf 87' lang='lat' dir='ltr'>ex</span> <span class='ocrx_word' id='word_1_706' title='bbox 1586 3275 1777 3324; x_wconf 88' lang='lat' dir='ltr'>principiis</span> <span class='ocrx_word' id='word_1_707' title='bbox 1805 3276 1998 3313; x_wconf 90' lang='lat' dir='ltr'>humanae</span> <span class='ocrx_word' id='word_1_708' title='bbox 2026 3285 2202 3324; x_wconf 89' lang='lat' dir='ltr'>naturae,</span> <span class='ocrx_word' id='word_1_709' title='bbox 2232 3278 2297 3314; x_wconf 91' lang='lat' dir='ltr'>sed</span> <span class='ocrx_word' id='word_1_710' title='bbox 2326 3278 2370 3314; x_wconf 88' lang='lat' dir='ltr'>sit</span> <span class='ocrx_word' id='word_1_711' title='bbox 2398 3291 2458 3315; x_wconf 92' lang='lat' dir='ltr'>ae-</span> 
     </span>
     <span class='ocr_line' id='line_1_106' title="bbox 1406 3328 2458 3378; baseline 0.004 -14"><span class='ocrx_word' id='word_1_712' title='bbox 1406 3337 1522 3365; x_wconf 88' lang='lat' dir='ltr'>terna.</span> <span class='ocrx_word' id='word_1_713' title='bbox 1553 3329 1600 3365; x_wconf 93' lang='lat' dir='ltr'>Et</span> <span class='ocrx_word' id='word_1_714' title='bbox 1628 3328 1714 3364; x_wconf 90' lang='lat' dir='ltr'>ideo</span> <span class='ocrx_word' id='word_1_715' title='bbox 1734 3340 1814 3365; x_wconf 91' lang='lat' dir='ltr'>uno</span> <span class='ocrx_word' id='word_1_716' title='bbox 1842 3329 1961 3366; x_wconf 91' lang='lat' dir='ltr'>modo</span> <span class='ocrx_word' id='word_1_717' title='bbox 1981 3337 2035 3365; x_wconf 89' lang='lat' dir='ltr'>est</span> <span class='ocrx_word' id='word_1_718' title='bbox 2053 3341 2217 3378; x_wconf 90' lang='lat' dir='ltr'>persona</span> <span class='ocrx_word' id='word_1_719' title='bbox 2245 3331 2458 3368; x_wconf 88' lang='lat' dir='ltr'>secundum</span> 
     </span>
     <span class='ocr_line' id='line_1_107' title="bbox 1407 3380 2403 3429; baseline 0.003 -12"><span class='ocrx_word' id='word_1_720' title='bbox 1407 3381 1515 3429; x_wconf 91' lang='lat' dir='ltr'>quod</span> <span class='ocrx_word' id='word_1_721' title='bbox 1543 3381 1676 3427; x_wconf 90' lang='lat' dir='ltr'>homo,</span> <span class='ocrx_word' id='word_1_722' title='bbox 1706 3380 1778 3417; x_wconf 90' lang='lat' dir='ltr'>alio</span> <span class='ocrx_word' id='word_1_723' title='bbox 1807 3382 1926 3418; x_wconf 92' lang='lat' dir='ltr'>modo</span> <span class='ocrx_word' id='word_1_724' title='bbox 1946 3394 2036 3429; x_wconf 85' lang='lat' dir='ltr'>non,</span> <span class='ocrx_word' id='word_1_725' title='bbox 2058 3390 2098 3418; x_wconf 93' lang='lat' dir='ltr'>ut</span> <span class='ocrx_word' id='word_1_726' title='bbox 2126 3382 2269 3418; x_wconf 89' lang='lat' dir='ltr'>dictum</span> <span class='ocrx_word' id='word_1_727' title='bbox 2301 3390 2355 3419; x_wconf 88' lang='lat' dir='ltr'>est</span> <span class='ocrx_word' id='word_1_728' title='bbox 2373 3383 2403 3420; x_wconf 60' lang='lat'>⁹⁸.</span> 
     </span>
    </p>
   </div>
   <div class='ocr_carea' id='block_1_27' title="bbox 1406 3501 2458 3571">
    <p class='ocr_par' dir='ltr' id='par_1_34' title="bbox 1406 3501 2458 3571">
     <span class='ocr_line' id='line_1_108' title="bbox 1459 3501 2458 3537; baseline 0.003 -10"><span class='ocrx_word' id='word_1_729' title='bbox 1459 3501 1484 3536; x_wconf 80' lang='grc' dir='ltr'>β)</span> <span class='ocrx_word' id='word_1_730' title='bbox 1499 3510 1632 3534; x_wconf 81' lang='lat' dir='ltr'>personae</span> <span class='ocrx_word' id='word_1_731' title='bbox 1650 3503 1728 3528; x_wconf 83' lang='lat' dir='ltr'>duae.</span> <span class='ocrx_word' id='word_1_732' title='bbox 1744 3517 1764 3522; x_wconf 89' lang='lat'>—-</span> <span class='ocrx_word' id='word_1_733' title='bbox 1781 3503 1850 3528; x_wconf 82' lang='lat' dir='ltr'>duae</span> <span class='ocrx_word' id='word_1_734' title='bbox 1865 3510 1997 3535; x_wconf 81' lang='lat' dir='ltr'>personae</span> <span class='ocrx_word' id='word_1_735' title='bbox 2014 3503 2033 3527; x_wconf 80' lang='lat' dir='ltr'>F</span> <span class='ocrx_word' id='word_1_736' title='bbox 2046 3508 2071 3527; x_wconf 87' lang='lat' dir='ltr'>et</span> <span class='ocrx_word' id='word_1_737' title='bbox 2089 3503 2161 3527; x_wconf 83' lang='lat' dir='ltr'>tertia</span> <span class='ocrx_word' id='word_1_738' title='bbox 2180 3501 2214 3536; x_wconf 84' lang='lat' dir='ltr'>(H</span> <span class='ocrx_word' id='word_1_739' title='bbox 2235 3504 2308 3528; x_wconf 89' lang='lat' dir='ltr'>deest</span> <span class='ocrx_word' id='word_1_740' title='bbox 2324 3512 2409 3537; x_wconf 87' lang='lat' dir='ltr'>usque</span> <span class='ocrx_word' id='word_1_741' title='bbox 2428 3505 2458 3530; x_wconf 81' lang='lat' dir='ltr'>ad</span> 
     </span>
     <span class='ocr_line' id='line_1_109' title="bbox 1406 3537 1801 3571; baseline 0 -9"><span class='ocrx_word' id='word_1_742' title='bbox 1406 3545 1450 3570; x_wconf 89' lang='lat' dir='ltr'>qu.</span> <span class='ocrx_word' id='word_1_743' title='bbox 1469 3545 1536 3562; x_wconf 83' lang='lat' dir='ltr'>xxvn</span> <span class='ocrx_word' id='word_1_744' title='bbox 1556 3543 1601 3563; x_wconf 86' lang='lat' dir='ltr'>art.</span> <span class='ocrx_word' id='word_1_745' title='bbox 1621 3537 1637 3562; x_wconf 88' lang='grc'>6</span> <span class='ocrx_word' id='word_1_746' title='bbox 1656 3537 1670 3570; x_wconf 87' lang='grc' dir='ltr'><strong>β</strong></span> <span class='ocrx_word' id='word_1_747' title='bbox 1689 3538 1801 3571; x_wconf 71' lang='lat' dir='ltr'>inclus‚).</span> 
     </span>
    </p>
   </div>
   <div class='ocr_carea' id='block_1_28' title="bbox 1459 3572 2318 3652">
    <p class='ocr_par' dir='ltr' id='par_1_35' title="bbox 1459 3572 2318 3652">
     <span class='ocr_line' id='line_1_110' title="bbox 1459 3572 1885 3607; baseline 0.002 -10"><span class='ocrx_word' id='word_1_748' title='bbox 1459 3572 1486 3607; x_wconf 86' lang='grc' dir='ltr'>γ)</span> <span class='ocrx_word' id='word_1_749' title='bbox 1504 3573 1629 3598; x_wconf 81' lang='lat' dir='ltr'>existens.</span> <span class='ocrx_word' id='word_1_750' title='bbox 1648 3588 1666 3592; x_wconf 90' lang='lat'><em>-</em></span> <span class='ocrx_word' id='word_1_751' title='bbox 1683 3574 1828 3599; x_wconf 83' lang='lat' dir='ltr'>subsistens</span> <span class='ocrx_word' id='word_1_752' title='bbox 1847 3574 1885 3599; x_wconf 84' lang='grc' dir='ltr'>ΡΙ.</span> 
     </span>
     <span class='ocr_line' id='line_1_111' title="bbox 2287 3627 2318 3652; baseline 0.032 -1"><span class='ocrx_word' id='word_1_753' title='bbox 2287 3627 2318 3652; x_wconf 89' lang='lat'>28</span> 
     </span>
    </p>
   </div>
   <div class='ocr_carea' id='block_1_29' title="bbox 2486 3385 2655 3412">
    <p class='ocr_par' dir='ltr' id='par_1_36' title="bbox 2486 3385 2655 3412">
     <span class='ocr_line' id='line_1_112' title="bbox 2486 3385 2655 3412; baseline -0.006 -6"><span class='ocrx_word' id='word_1_754' title='bbox 2486 3386 2496 3397; x_wconf 75' lang='lat'>⁸</span> <span class='ocrx_word' id='word_1_755' title='bbox 2510 3385 2534 3406; x_wconf 86' lang='lat' dir='ltr'>In</span> <span class='ocrx_word' id='word_1_756' title='bbox 2550 3390 2655 3412; x_wconf 82' lang='lat' dir='ltr'>corpore.</span> 
     </span>
    </p>
   </div>
  </div>
 </body>
</html>
