<?xml version="1.0" encoding="UTF-8"?>
<!DOCTYPE html PUBLIC "-//W3C//DTD XHTML 1.0 Transitional//EN"
    "http://www.w3.org/TR/xhtml1/DTD/xhtml1-transitional.dtd">
<html xmlns="http://www.w3.org/1999/xhtml" xml:lang="en" lang="en">
 <head>
  <title>
</title>
<meta http-equiv="Content-Type" content="text/html;charset=utf-8" />
  <meta name='ocr-system' content='tesseract 3.04.00' />
  <meta name='ocr-capabilities' content='ocr_page ocr_carea ocr_par ocr_line ocrx_word'/>
</head>
<body>
  <div class='ocr_page' id='page_1' title='image "./operaomniaiussui11thom_0231.png"; bbox 0 0 2872 3970; ppageno 0'>
   <div class='ocr_carea' id='block_1_1' title="bbox 0 619 188 3651">
    <p class='ocr_par' dir='ltr' id='par_1_1' title="bbox 0 619 188 3651">
     <span class='ocr_line' id='line_1_1' title="bbox 0 619 188 3651; baseline 0 0"><span class='ocrx_word' id='word_1_1' title='bbox 0 619 188 3651; x_wconf 95' lang='lat' dir='ltr'> </span> 
     </span>
    </p>
   </div>
   <div class='ocr_carea' id='block_1_2' title="bbox 1008 287 2478 340">
    <p class='ocr_par' dir='ltr' id='par_1_2' title="bbox 1008 287 2478 340">
     <span class='ocr_line' id='line_1_2' title="bbox 1008 287 2478 340; baseline 0.004 -17"><span class='ocrx_word' id='word_1_2' title='bbox 1008 287 1271 333; x_wconf 87' lang='lat' dir='ltr'>QUAESTIO</span> <span class='ocrx_word' id='word_1_3' title='bbox 1301 288 1399 335; x_wconf 84' lang='lat' dir='ltr'>XIII,</span> <span class='ocrx_word' id='word_1_4' title='bbox 1429 289 1721 328; x_wconf 90' lang='lat' dir='ltr'>ARTICULUS</span> <span class='ocrx_word' id='word_1_5' title='bbox 1750 292 1779 328; x_wconf 89' lang='lat'>11</span> <span class='ocrx_word' id='word_1_6' title='bbox 2410 293 2478 340; x_wconf 87' lang='lat'>175</span> 
     </span>
    </p>
   </div>
   <div class='ocr_carea' id='block_1_3' title="bbox 303 365 1366 537">
    <p class='ocr_par' dir='ltr' id='par_1_3' title="bbox 303 365 1366 537">
     <span class='ocr_line' id='line_1_3' title="bbox 304 365 1365 406; baseline 0.001 -10"><span class='ocrx_word' id='word_1_7' title='bbox 304 365 447 406; x_wconf 88' lang='lat' dir='ltr'>operatio</span> <span class='ocrx_word' id='word_1_8' title='bbox 472 365 594 400; x_wconf 89' lang='lat' dir='ltr'>caloris,</span> <span class='ocrx_word' id='word_1_9' title='bbox 618 375 732 405; x_wconf 87' lang='lat' dir='ltr'>augere</span> <span class='ocrx_word' id='word_1_10' title='bbox 756 375 831 396; x_wconf 91' lang='lat' dir='ltr'>vero</span> <span class='ocrx_word' id='word_1_11' title='bbox 856 365 971 395; x_wconf 90' lang='lat' dir='ltr'>animal</span> <span class='ocrx_word' id='word_1_12' title='bbox 996 371 1042 395; x_wconf 88' lang='lat' dir='ltr'>est</span> <span class='ocrx_word' id='word_1_13' title='bbox 1064 367 1310 397; x_wconf 87' lang='lat' dir='ltr'><strong>instrumentalis</strong></span> <span class='ocrx_word' id='word_1_14' title='bbox 1329 367 1365 397; x_wconf 90' lang='lat' dir='ltr'>il-</span> 
     </span>
     <span class='ocr_line' id='line_1_4' title="bbox 304 409 1365 450; baseline 0.001 -11"><span class='ocrx_word' id='word_1_15' title='bbox 304 409 364 440; x_wconf 93' lang='lat' dir='ltr'>lius</span> <span class='ocrx_word' id='word_1_16' title='bbox 387 410 541 449; x_wconf 85' lang='lat' dir='ltr'>operatio.</span> <span class='ocrx_word' id='word_1_17' title='bbox 566 409 607 439; x_wconf 87' lang='lat' dir='ltr'>Et</span> <span class='ocrx_word' id='word_1_18' title='bbox 629 410 711 439; x_wconf 90' lang='lat' dir='ltr'>sicut</span> <span class='ocrx_word' id='word_1_19' title='bbox 733 410 933 440; x_wconf 80' lang='lat' dir='ltr'>instrumenti</span> <span class='ocrx_word' id='word_1_20' title='bbox 957 414 1004 439; x_wconf 90' lang='lat' dir='ltr'>est</span> <span class='ocrx_word' id='word_1_21' title='bbox 1019 411 1162 449; x_wconf 89' lang='lat' dir='ltr'>operatio</span> <span class='ocrx_word' id='word_1_22' title='bbox 1179 410 1305 450; x_wconf 88' lang='lat' dir='ltr'>duplex,</span> <span class='ocrx_word' id='word_1_23' title='bbox 1323 412 1365 441; x_wconf 88' lang='lat' dir='ltr'>ita</span> 
     </span>
     <span class='ocr_line' id='line_1_5' title="bbox 304 451 1366 494; baseline 0.002 -11"><span class='ocrx_word' id='word_1_24' title='bbox 304 453 400 484; x_wconf 87' lang='lat' dir='ltr'>etiam</span> <span class='ocrx_word' id='word_1_25' title='bbox 423 458 469 483; x_wconf 89' lang='lat' dir='ltr'>est</span> <span class='ocrx_word' id='word_1_26' title='bbox 491 451 610 492; x_wconf 86' lang='lat' dir='ltr'>duplex</span> <span class='ocrx_word' id='word_1_27' title='bbox 632 462 699 492; x_wconf 94' lang='lat' dir='ltr'>quo</span> <span class='ocrx_word' id='word_1_28' title='bbox 723 458 887 492; x_wconf 83' lang='lat' dir='ltr'>operatur:</span> <span class='ocrx_word' id='word_1_29' title='bbox 912 453 1046 483; x_wconf 88' lang='lat' dir='ltr'>alterum</span> <span class='ocrx_word' id='word_1_30' title='bbox 1062 454 1119 483; x_wconf 89' lang='lat' dir='ltr'>sibi</span> <span class='ocrx_word' id='word_1_31' title='bbox 1136 455 1312 494; x_wconf 88' lang='lat' dir='ltr'>proprium,</span> <span class='ocrx_word' id='word_1_32' title='bbox 1329 460 1366 485; x_wconf 90' lang='lat' dir='ltr'>ut</span> 
     </span>
     <span class='ocr_line' id='line_1_6' title="bbox 303 495 1364 537; baseline 0.002 -11"><span class='ocrx_word' id='word_1_33' title='bbox 303 495 468 527; x_wconf 88' lang='lat' dir='ltr'>dentatura</span> <span class='ocrx_word' id='word_1_34' title='bbox 491 496 590 527; x_wconf 89' lang='lat' dir='ltr'>ferrea</span> <span class='ocrx_word' id='word_1_35' title='bbox 613 502 644 527; x_wconf 89' lang='lat' dir='ltr'>et</span> <span class='ocrx_word' id='word_1_36' title='bbox 667 502 759 526; x_wconf 86' lang='lat' dir='ltr'>acuta</span> <span class='ocrx_word' id='word_1_37' title='bbox 781 506 899 531; x_wconf 87' lang='lat' dir='ltr'>serrae,</span> <span class='ocrx_word' id='word_1_38' title='bbox 923 506 988 536; x_wconf 93' lang='lat' dir='ltr'>qua</span> <span class='ocrx_word' id='word_1_39' title='bbox 1010 497 1140 533; x_wconf 85' lang='lat' dir='ltr'>scindit,</span> <span class='ocrx_word' id='word_1_40' title='bbox 1166 503 1196 527; x_wconf 89' lang='lat' dir='ltr'>et</span> <span class='ocrx_word' id='word_1_41' title='bbox 1218 499 1286 537; x_wconf 89' lang='lat' dir='ltr'>ipsa</span> <span class='ocrx_word' id='word_1_42' title='bbox 1309 508 1364 528; x_wconf 89' lang='lat' dir='ltr'>na-</span> 
     </span>
    </p>
   </div>
   <div class='ocr_carea' id='block_1_4' title="bbox 276 540 1363 581">
    <p class='ocr_par' dir='ltr' id='par_1_4' title="bbox 276 540 1363 581">
     <span class='ocr_line' id='line_1_7' title="bbox 276 540 1363 581; baseline 0.002 -11"><span class='ocrx_word' id='word_1_43' title='bbox 276 559 278 562; x_wconf 41' lang='lat' dir='ltr'>v</span> <span class='ocrx_word' id='word_1_44' title='bbox 302 544 373 570; x_wconf 85' lang='lat' dir='ltr'>tura</span> <span class='ocrx_word' id='word_1_45' title='bbox 396 540 525 575; x_wconf 85' lang='lat' dir='ltr'>caloris,</span> <span class='ocrx_word' id='word_1_46' title='bbox 549 549 614 580; x_wconf 91' lang='lat' dir='ltr'>qua</span> <span class='ocrx_word' id='word_1_47' title='bbox 636 540 775 570; x_wconf 90' lang='lat' dir='ltr'>calidum</span> <span class='ocrx_word' id='word_1_48' title='bbox 806 540 966 576; x_wconf 83' lang='lat' dir='ltr'>calefacit;</span> <span class='ocrx_word' id='word_1_49' title='bbox 997 541 1131 571; x_wconf 86' lang='lat' dir='ltr'>alterum</span> <span class='ocrx_word' id='word_1_50' title='bbox 1158 551 1176 570; x_wconf 91' lang='lat' dir='ltr'>a</span> <span class='ocrx_word' id='word_1_51' title='bbox 1198 542 1363 581; x_wconf 88' lang='lat' dir='ltr'>principali</span> 
     </span>
    </p>
   </div>
   <div class='ocr_carea' id='block_1_5' title="bbox 298 583 1363 1196">
    <p class='ocr_par' dir='ltr' id='par_1_5' title="bbox 298 583 1363 1196">
     <span class='ocr_line' id='line_1_8' title="bbox 303 583 1363 625; baseline 0.001 -11"><span class='ocrx_word' id='word_1_52' title='bbox 303 589 415 624; x_wconf 83' lang='lat' dir='ltr'>agente</span> <span class='ocrx_word' id='word_1_53' title='bbox 437 584 670 624; x_wconf 89' lang='lat' dir='ltr'>participatum,</span> <span class='ocrx_word' id='word_1_54' title='bbox 695 593 762 623; x_wconf 92' lang='lat' dir='ltr'>quo</span> <span class='ocrx_word' id='word_1_55' title='bbox 786 583 964 614; x_wconf 85' lang='lat' dir='ltr'><strong>extenditur</strong></span> <span class='ocrx_word' id='word_1_56' title='bbox 983 590 1014 614; x_wconf 90' lang='lat' dir='ltr'>et</span> <span class='ocrx_word' id='word_1_57' title='bbox 1029 583 1132 615; x_wconf 84' lang='lat' dir='ltr'>facere</span> <span class='ocrx_word' id='word_1_58' title='bbox 1149 584 1262 615; x_wconf 90' lang='lat' dir='ltr'>dicitur</span> <span class='ocrx_word' id='word_1_59' title='bbox 1277 587 1363 625; x_wconf 88' lang='lat' dir='ltr'>prin-</span> 
     </span>
     <span class='ocr_line' id='line_1_9' title="bbox 301 627 1363 668; baseline 0.002 -10"><span class='ocrx_word' id='word_1_60' title='bbox 301 627 437 668; x_wconf 89' lang='lat' dir='ltr'>cipalem</span> <span class='ocrx_word' id='word_1_61' title='bbox 461 627 620 658; x_wconf 84' lang='lat' dir='ltr'>effectum.</span> <span class='ocrx_word' id='word_1_62' title='bbox 645 628 686 657; x_wconf 89' lang='lat' dir='ltr'>Et</span> <span class='ocrx_word' id='word_1_63' title='bbox 707 628 770 658; x_wconf 92' lang='lat' dir='ltr'>hoc</span> <span class='ocrx_word' id='word_1_64' title='bbox 794 633 841 657; x_wconf 88' lang='lat' dir='ltr'>est</span> <span class='ocrx_word' id='word_1_65' title='bbox 862 633 970 658; x_wconf 93' lang='lat' dir='ltr'>motus</span> <span class='ocrx_word' id='word_1_66' title='bbox 990 629 1058 668; x_wconf 90' lang='lat' dir='ltr'>ipse</span> <span class='ocrx_word' id='word_1_67' title='bbox 1082 638 1148 668; x_wconf 93' lang='lat' dir='ltr'>quo</span> <span class='ocrx_word' id='word_1_68' title='bbox 1171 629 1363 660; x_wconf 88' lang='lat' dir='ltr'>instrumen-</span> 
     </span>
     <span class='ocr_line' id='line_1_10' title="bbox 301 672 1362 711; baseline 0.002 -10"><span class='ocrx_word' id='word_1_69' title='bbox 301 676 371 702; x_wconf 91' lang='lat' dir='ltr'>tum</span> <span class='ocrx_word' id='word_1_70' title='bbox 393 677 541 702; x_wconf 89' lang='lat' dir='ltr'>movetur</span> <span class='ocrx_word' id='word_1_71' title='bbox 564 681 582 701; x_wconf 85' lang='lat' dir='ltr'>a</span> <span class='ocrx_word' id='word_1_72' title='bbox 604 672 770 711; x_wconf 86' lang='lat' dir='ltr'>principali</span> <span class='ocrx_word' id='word_1_73' title='bbox 794 677 922 711; x_wconf 86' lang='lat' dir='ltr'><strong>agente:</strong></span> <span class='ocrx_word' id='word_1_74' title='bbox 953 677 990 702; x_wconf 91' lang='lat' dir='ltr'>ut</span> <span class='ocrx_word' id='word_1_75' title='bbox 1012 677 1143 702; x_wconf 87' lang='lat' dir='ltr'>testatur</span> <span class='ocrx_word' id='word_1_76' title='bbox 1165 673 1289 703; x_wconf 87' lang='lat' dir='ltr'>Auctor</span> <span class='ocrx_word' id='word_1_77' title='bbox 1314 673 1362 703; x_wconf 87' lang='lat' dir='ltr'>in-</span> 
     </span>
     <span class='ocr_line' id='line_1_11' title="bbox 301 714 1360 756; baseline 0.002 -11"><span class='ocrx_word' id='word_1_78' title='bbox 301 714 407 751; x_wconf 84' lang='lat' dir='ltr'>ferius,</span> <span class='ocrx_word' id='word_1_79' title='bbox 431 725 486 756; x_wconf 90' lang='lat' dir='ltr'>qu.</span> <span class='ocrx_word' id='word_1_80' title='bbox 502 725 579 751; x_wconf 61' lang='lat' dir='ltr'>mxu,</span> <span class='ocrx_word' id='word_1_81' title='bbox 603 721 659 746; x_wconf 89' lang='lat' dir='ltr'>art.</span> <span class='ocrx_word' id='word_1_82' title='bbox 681 723 707 751; x_wconf 77' lang='grc' dir='ltr'>ι,</span> <span class='ocrx_word' id='word_1_83' title='bbox 731 714 858 745; x_wconf 88' lang='lat' dir='ltr'>dicens:</span> <span class='ocrx_word' id='word_1_84' title='bbox 885 715 993 746; x_wconf 72' lang='lat' dir='ltr'>Causa</span> <span class='ocrx_word' id='word_1_85' title='bbox 1017 716 1270 747; x_wconf 82' lang='lat' dir='ltr'>instrumentalis</span> <span class='ocrx_word' id='word_1_86' title='bbox 1296 727 1360 748; x_wconf 86' lang='lat' dir='ltr'>non</span> 
     </span>
     <span class='ocr_line' id='line_1_12' title="bbox 299 759 1361 800; baseline 0.003 -12"><span class='ocrx_word' id='word_1_87' title='bbox 299 759 372 800; x_wconf 76' lang='lat' dir='ltr'>agit</span> <span class='ocrx_word' id='word_1_88' title='bbox 394 769 458 800; x_wconf 81' lang='lat' dir='ltr'>per</span> <span class='ocrx_word' id='word_1_89' title='bbox 479 759 626 790; x_wconf 82' lang='lat' dir='ltr'>virtutem</span> <span class='ocrx_word' id='word_1_90' title='bbox 655 768 735 789; x_wconf 86' lang='lat' dir='ltr'>suae</span> <span class='ocrx_word' id='word_1_91' title='bbox 754 759 911 800; x_wconf 84' lang='lat' dir='ltr'>formae:</span> <span class='ocrx_word' id='word_1_92' title='bbox 939 759 995 789; x_wconf 83' lang='lat' dir='ltr'>sed</span> <span class='ocrx_word' id='word_1_93' title='bbox 1023 760 1127 790; x_wconf 86' lang='lat' dir='ltr'>solum</span> <span class='ocrx_word' id='word_1_94' title='bbox 1153 770 1216 800; x_wconf 83' lang='lat' dir='ltr'>per</span> <span class='ocrx_word' id='word_1_95' title='bbox 1241 766 1361 791; x_wconf 87' lang='lat' dir='ltr'>motum</span> 
     </span>
     <span class='ocr_line' id='line_1_13' title="bbox 299 803 1361 844; baseline 0 -10"><span class='ocrx_word' id='word_1_96' title='bbox 299 812 364 843; x_wconf 83' lang='lat' dir='ltr'>quo</span> <span class='ocrx_word' id='word_1_97' title='bbox 386 808 534 834; x_wconf 78' lang='lat' dir='ltr'>movetur</span> <span class='ocrx_word' id='word_1_98' title='bbox 554 813 574 833; x_wconf 89' lang='lat' dir='ltr'>a</span> <span class='ocrx_word' id='word_1_99' title='bbox 593 803 770 843; x_wconf 74' lang='lat' dir='ltr'>principali</span> <span class='ocrx_word' id='word_1_100' title='bbox 792 808 919 844; x_wconf 79' lang='lat' dir='ltr'>agente.</span> <span class='ocrx_word' id='word_1_101' title='bbox 943 803 1009 841; x_wconf 92' lang='lat' dir='ltr'>Qui</span> <span class='ocrx_word' id='word_1_102' title='bbox 1032 803 1163 843; x_wconf 88' lang='lat' dir='ltr'>quidem</span> <span class='ocrx_word' id='word_1_103' title='bbox 1181 810 1288 834; x_wconf 87' lang='lat' dir='ltr'>motus</span> <span class='ocrx_word' id='word_1_104' title='bbox 1304 815 1361 835; x_wconf 90' lang='lat' dir='ltr'>vo-</span> 
     </span>
     <span class='ocr_line' id='line_1_14' title="bbox 300 846 1360 887; baseline 0.001 -9"><span class='ocrx_word' id='word_1_105' title='bbox 300 852 390 878; x_wconf 88' lang='lat' dir='ltr'>catur</span> <span class='ocrx_word' id='word_1_106' title='bbox 411 847 512 878; x_wconf 81' lang='lat' dir='ltr'>virtus</span> <span class='ocrx_word' id='word_1_107' title='bbox 530 847 784 878; x_wconf 80' lang='lat' dir='ltr'>instrumentalis</span> <span class='ocrx_word' id='word_1_108' title='bbox 799 846 1013 886; x_wconf 87' lang='lat' dir='ltr'>quandoque;</span> <span class='ocrx_word' id='word_1_109' title='bbox 1038 853 1069 877; x_wconf 93' lang='lat' dir='ltr'>et</span> <span class='ocrx_word' id='word_1_110' title='bbox 1085 848 1280 887; x_wconf 88' lang='lat' dir='ltr'>quandoque</span> <span class='ocrx_word' id='word_1_111' title='bbox 1296 850 1360 879; x_wconf 78' lang='lat' dir='ltr'>vir-</span> 
     </span>
     <span class='ocr_line' id='line_1_15' title="bbox 300 891 1360 932; baseline 0.002 -11"><span class='ocrx_word' id='word_1_112' title='bbox 300 895 351 922; x_wconf 81' lang='lat' dir='ltr'>tus</span> <span class='ocrx_word' id='word_1_113' title='bbox 366 891 603 927; x_wconf 76' lang='lat' dir='ltr'>intenn&#39;onalis‚·</span> <span class='ocrx_word' id='word_1_114' title='bbox 617 896 649 921; x_wconf 92' lang='lat' dir='ltr'>et</span> <span class='ocrx_word' id='word_1_115' title='bbox 664 891 766 921; x_wconf 78' lang='lat' dir='ltr'>virtus</span> <span class='ocrx_word' id='word_1_116' title='bbox 780 891 959 930; x_wconf 77' lang='lat' dir='ltr'>spiritualis</span> <span class='ocrx_word' id='word_1_117' title='bbox 975 891 1181 931; x_wconf 84' lang='lat' dir='ltr'>quandoque.</span> <span class='ocrx_word' id='word_1_118' title='bbox 1206 893 1254 922; x_wconf 88' lang='lat' dir='ltr'>Eo</span> <span class='ocrx_word' id='word_1_119' title='bbox 1271 893 1360 932; x_wconf 90' lang='lat' dir='ltr'>quod</span> 
     </span>
     <span class='ocr_line' id='line_1_16' title="bbox 300 935 1359 975; baseline 0.003 -11"><span class='ocrx_word' id='word_1_120' title='bbox 300 941 347 965; x_wconf 89' lang='lat' dir='ltr'>est</span> <span class='ocrx_word' id='word_1_121' title='bbox 369 940 401 966; x_wconf 86' lang='lat' dir='ltr'>et</span> <span class='ocrx_word' id='word_1_122' title='bbox 422 941 530 966; x_wconf 91' lang='lat' dir='ltr'>motus</span> <span class='ocrx_word' id='word_1_123' title='bbox 553 936 598 966; x_wconf 88' lang='lat' dir='ltr'>rei</span> <span class='ocrx_word' id='word_1_124' title='bbox 614 945 697 975; x_wconf 88' lang='lat' dir='ltr'>quae</span> <span class='ocrx_word' id='word_1_125' title='bbox 720 935 890 965; x_wconf 86' lang='lat' dir='ltr'>assumitur</span> <span class='ocrx_word' id='word_1_126' title='bbox 908 935 941 964; x_wconf 90' lang='lat' dir='ltr'>in</span> <span class='ocrx_word' id='word_1_127' title='bbox 957 935 1222 966; x_wconf 86' lang='lat' dir='ltr'>instrumentum:</span> <span class='ocrx_word' id='word_1_128' title='bbox 1240 941 1271 966; x_wconf 92' lang='lat' dir='ltr'>et</span> <span class='ocrx_word' id='word_1_129' title='bbox 1286 936 1359 967; x_wconf 89' lang='lat' dir='ltr'>ideo</span> 
     </span>
     <span class='ocr_line' id='line_1_17' title="bbox 298 978 1359 1019; baseline 0.003 -11"><span class='ocrx_word' id='word_1_130' title='bbox 298 984 414 1010; x_wconf 84' lang='lat' dir='ltr'>motus.</span> <span class='ocrx_word' id='word_1_131' title='bbox 437 980 478 1010; x_wconf 90' lang='lat' dir='ltr'>Et</span> <span class='ocrx_word' id='word_1_132' title='bbox 501 980 666 1010; x_wconf 89' lang='lat' dir='ltr'>constituit</span> <span class='ocrx_word' id='word_1_133' title='bbox 679 979 786 1019; x_wconf 90' lang='lat' dir='ltr'>ipsum</span> <span class='ocrx_word' id='word_1_134' title='bbox 801 979 835 1009; x_wconf 92' lang='lat' dir='ltr'>in</span> <span class='ocrx_word' id='word_1_135' title='bbox 851 988 919 1009; x_wconf 90' lang='lat' dir='ltr'>esse</span> <span class='ocrx_word' id='word_1_136' title='bbox 935 978 1068 1009; x_wconf 86' lang='lat' dir='ltr'>factivo:</span> <span class='ocrx_word' id='word_1_137' title='bbox 1094 985 1124 1009; x_wconf 86' lang='lat' dir='ltr'>et</span> <span class='ocrx_word' id='word_1_138' title='bbox 1139 979 1212 1009; x_wconf 89' lang='lat' dir='ltr'>ideo</span> <span class='ocrx_word' id='word_1_139' title='bbox 1230 981 1286 1015; x_wconf 77' lang='lat' dir='ltr'>vis,</span> <span class='ocrx_word' id='word_1_140' title='bbox 1303 991 1359 1011; x_wconf 91' lang='lat' dir='ltr'>seu</span> 
     </span>
     <span class='ocr_line' id='line_1_18' title="bbox 299 1022 1359 1063; baseline 0 -9"><span class='ocrx_word' id='word_1_141' title='bbox 299 1023 402 1054; x_wconf 74' lang='lat' dir='ltr'>virtus</span> <span class='ocrx_word' id='word_1_142' title='bbox 424 1023 524 1063; x_wconf 89' lang='lat' dir='ltr'>(unde</span> <span class='ocrx_word' id='word_1_143' title='bbox 547 1024 652 1059; x_wconf 85' lang='lat' dir='ltr'>etiam,</span> <span class='ocrx_word' id='word_1_144' title='bbox 669 1032 744 1053; x_wconf 90' lang='lat' dir='ltr'>curn</span> <span class='ocrx_word' id='word_1_145' title='bbox 762 1022 902 1062; x_wconf 88' lang='lat' dir='ltr'>lapidem</span> <span class='ocrx_word' id='word_1_146' title='bbox 925 1023 1040 1053; x_wconf 92' lang='lat' dir='ltr'>baculo</span> <span class='ocrx_word' id='word_1_147' title='bbox 1064 1029 1192 1058; x_wconf 80' lang='lat' dir='ltr'>moveo,</span> <span class='ocrx_word' id='word_1_148' title='bbox 1216 1023 1359 1062; x_wconf 88' lang='lat' dir='ltr'>baculus,</span> 
     </span>
     <span class='ocr_line' id='line_1_19' title="bbox 300 1066 1360 1108; baseline 0 -10"><span class='ocrx_word' id='word_1_149' title='bbox 300 1077 338 1097; x_wconf 91' lang='lat' dir='ltr'>ex</span> <span class='ocrx_word' id='word_1_150' title='bbox 360 1068 424 1098; x_wconf 87' lang='lat' dir='ltr'>hoc</span> <span class='ocrx_word' id='word_1_151' title='bbox 446 1068 516 1107; x_wconf 92' lang='lat' dir='ltr'>ipso</span> <span class='ocrx_word' id='word_1_152' title='bbox 541 1066 630 1108; x_wconf 92' lang='lat' dir='ltr'>quod</span> <span class='ocrx_word' id='word_1_153' title='bbox 652 1072 727 1097; x_wconf 86' lang='lat' dir='ltr'>utor</span> <span class='ocrx_word' id='word_1_154' title='bbox 749 1076 806 1103; x_wconf 91' lang='lat' dir='ltr'>e0,</span> <span class='ocrx_word' id='word_1_155' title='bbox 830 1066 866 1097; x_wconf 87' lang='lat' dir='ltr'>fit</span> <span class='ocrx_word' id='word_1_156' title='bbox 890 1072 920 1097; x_wconf 92' lang='lat' dir='ltr'>et</span> <span class='ocrx_word' id='word_1_157' title='bbox 943 1072 990 1097; x_wconf 89' lang='lat' dir='ltr'>est</span> <span class='ocrx_word' id='word_1_158' title='bbox 1011 1072 1119 1097; x_wconf 85' lang='lat' dir='ltr'>motor</span> <span class='ocrx_word' id='word_1_159' title='bbox 1149 1067 1292 1104; x_wconf 80' lang='lat' dir='ltr'>effective</span> <span class='ocrx_word' id='word_1_160' title='bbox 1315 1069 1360 1098; x_wconf 91' lang='lat' dir='ltr'>la-</span> 
     </span>
     <span class='ocr_line' id='line_1_20' title="bbox 298 1110 1359 1152; baseline 0 -10"><span class='ocrx_word' id='word_1_161' title='bbox 298 1110 405 1151; x_wconf 89' lang='lat' dir='ltr'>pidis).</span> <span class='ocrx_word' id='word_1_162' title='bbox 430 1111 472 1142; x_wconf 91' lang='lat' dir='ltr'>Et</span> <span class='ocrx_word' id='word_1_163' title='bbox 493 1112 569 1152; x_wconf 85' lang='lat' dir='ltr'>quia</span> <span class='ocrx_word' id='word_1_164' title='bbox 591 1111 748 1141; x_wconf 87' lang='lat' dir='ltr'>diminuta</span> <span class='ocrx_word' id='word_1_165' title='bbox 771 1110 928 1150; x_wconf 91' lang='lat' dir='ltr'>quaedam</span> <span class='ocrx_word' id='word_1_166' title='bbox 943 1110 1095 1141; x_wconf 88' lang='lat' dir='ltr'>mediatio</span> <span class='ocrx_word' id='word_1_167' title='bbox 1113 1116 1159 1141; x_wconf 87' lang='lat' dir='ltr'>est</span> <span class='ocrx_word' id='word_1_168' title='bbox 1176 1112 1258 1142; x_wconf 91' lang='lat' dir='ltr'>inter</span> <span class='ocrx_word' id='word_1_169' title='bbox 1272 1113 1359 1152; x_wconf 89' lang='lat' dir='ltr'>prin-</span> 
     </span>
     <span class='ocr_line' id='line_1_21' title="bbox 298 1154 1359 1196; baseline 0 -10"><span class='ocrx_word' id='word_1_170' title='bbox 298 1155 400 1195; x_wconf 86' lang='lat' dir='ltr'>cipale</span> <span class='ocrx_word' id='word_1_171' title='bbox 422 1165 518 1196; x_wconf 86' lang='lat' dir='ltr'>agens</span> <span class='ocrx_word' id='word_1_172' title='bbox 541 1161 572 1186; x_wconf 90' lang='lat' dir='ltr'>et</span> <span class='ocrx_word' id='word_1_173' title='bbox 595 1154 755 1190; x_wconf 83' lang='lat' dir='ltr'>effectum,</span> <span class='ocrx_word' id='word_1_174' title='bbox 780 1154 924 1185; x_wconf 89' lang='lat' dir='ltr'>deferens</span> <span class='ocrx_word' id='word_1_175' title='bbox 947 1155 1120 1194; x_wconf 84' lang='lat' dir='ltr'>principale</span> <span class='ocrx_word' id='word_1_176' title='bbox 1144 1165 1239 1194; x_wconf 85' lang='lat' dir='ltr'>agens</span> <span class='ocrx_word' id='word_1_177' title='bbox 1258 1156 1298 1186; x_wconf 93' lang='lat' dir='ltr'>ad</span> <span class='ocrx_word' id='word_1_178' title='bbox 1314 1156 1359 1186; x_wconf 88' lang='lat' dir='ltr'>ef-</span> 
     </span>
    </p>
   </div>
   <div class='ocr_carea' id='block_1_6' title="bbox 298 1199 1394 1238">
    <p class='ocr_par' dir='ltr' id='par_1_6' title="bbox 298 1199 1394 1238">
     <span class='ocr_line' id='line_1_22' title="bbox 298 1199 1394 1238; baseline 0 -8"><span class='ocrx_word' id='word_1_179' title='bbox 298 1199 428 1234; x_wconf 86' lang='lat' dir='ltr'>fectum,</span> <span class='ocrx_word' id='word_1_180' title='bbox 452 1199 526 1230; x_wconf 89' lang='lat' dir='ltr'>ideo</span> <span class='ocrx_word' id='word_1_181' title='bbox 550 1199 783 1230; x_wconf 69' lang='lat' dir='ltr'>intentionalis.</span> <span class='ocrx_word' id='word_1_182' title='bbox 812 1199 852 1228; x_wconf 90' lang='lat' dir='ltr'>Et</span> <span class='ocrx_word' id='word_1_183' title='bbox 875 1199 951 1238; x_wconf 88' lang='lat' dir='ltr'>quia</span> <span class='ocrx_word' id='word_1_184' title='bbox 973 1199 1161 1229; x_wconf 89' lang='lat' dir='ltr'>insensibilis</span> <span class='ocrx_word' id='word_1_185' title='bbox 1185 1205 1241 1235; x_wconf 91' lang='lat' dir='ltr'>est,</span> <span class='ocrx_word' id='word_1_186' title='bbox 1266 1206 1297 1230; x_wconf 92' lang='lat' dir='ltr'>et</span> <span class='ocrx_word' id='word_1_187' title='bbox 1319 1200 1359 1230; x_wconf 92' lang='lat' dir='ltr'>ad</span> <span class='ocrx_word' id='word_1_188' title='bbox 1390 1232 1394 1235; x_wconf 69' lang='grc'><strong>,</strong></span> 
     </span>
    </p>
   </div>
   <div class='ocr_carea' id='block_1_7' title="bbox 290 1242 1358 3655">
    <p class='ocr_par' dir='ltr' id='par_1_7' title="bbox 297 1242 1203 1284">
     <span class='ocr_line' id='line_1_23' title="bbox 297 1242 1203 1284; baseline -0.001 -10"><span class='ocrx_word' id='word_1_189' title='bbox 297 1243 493 1284; x_wconf 86' lang='lat' dir='ltr'>spiritualem</span> <span class='ocrx_word' id='word_1_190' title='bbox 515 1243 712 1284; x_wconf 85' lang='lat' dir='ltr'>quandoque</span> <span class='ocrx_word' id='word_1_191' title='bbox 735 1242 894 1278; x_wconf 84' lang='lat' dir='ltr'>effectum,</span> <span class='ocrx_word' id='word_1_192' title='bbox 918 1242 992 1273; x_wconf 89' lang='lat' dir='ltr'>ideo</span> <span class='ocrx_word' id='word_1_193' title='bbox 1015 1243 1203 1282; x_wconf 83' lang='lat' dir='ltr'>spiritualis.</span> 
     </span>
    </p>

    <p class='ocr_par' dir='ltr' id='par_1_8' title="bbox 292 1287 1358 2373">
     <span class='ocr_line' id='line_1_24' title="bbox 352 1287 1357 1326; baseline 0 -8"><span class='ocrx_word' id='word_1_194' title='bbox 352 1287 395 1318; x_wconf 89' lang='lat' dir='ltr'>Et</span> <span class='ocrx_word' id='word_1_195' title='bbox 412 1293 460 1318; x_wconf 89' lang='lat' dir='ltr'>est</span> <span class='ocrx_word' id='word_1_196' title='bbox 482 1297 587 1318; x_wconf 88' lang='lat' dir='ltr'>sermo</span> <span class='ocrx_word' id='word_1_197' title='bbox 611 1287 650 1318; x_wconf 89' lang='lat' dir='ltr'>de</span> <span class='ocrx_word' id='word_1_198' title='bbox 666 1287 721 1317; x_wconf 92' lang='lat' dir='ltr'>illo</span> <span class='ocrx_word' id='word_1_199' title='bbox 745 1287 947 1317; x_wconf 83' lang='lat' dir='ltr'>instrumenti</span> <span class='ocrx_word' id='word_1_200' title='bbox 961 1292 1054 1317; x_wconf 92' lang='lat' dir='ltr'>motu</span> <span class='ocrx_word' id='word_1_201' title='bbox 1073 1296 1139 1326; x_wconf 94' lang='lat' dir='ltr'>quo</span> <span class='ocrx_word' id='word_1_202' title='bbox 1156 1293 1303 1318; x_wconf 89' lang='lat' dir='ltr'>movetur</span> <span class='ocrx_word' id='word_1_203' title='bbox 1319 1288 1357 1318; x_wconf 91' lang='lat' dir='ltr'>ab</span> 
     </span>
     <span class='ocr_line' id='line_1_25' title="bbox 297 1330 1357 1371; baseline -0.001 -9"><span class='ocrx_word' id='word_1_204' title='bbox 297 1337 410 1371; x_wconf 82' lang='lat' dir='ltr'>agente</span> <span class='ocrx_word' id='word_1_205' title='bbox 432 1331 599 1371; x_wconf 87' lang='lat' dir='ltr'>principali</span> <span class='ocrx_word' id='word_1_206' title='bbox 621 1336 658 1361; x_wconf 88' lang='lat' dir='ltr'>ut</span> <span class='ocrx_word' id='word_1_207' title='bbox 680 1332 734 1361; x_wconf 88' lang='lat' dir='ltr'>sic.</span> <span class='ocrx_word' id='word_1_208' title='bbox 770 1330 870 1368; x_wconf 84' lang='lat' dir='ltr'>Quod</span> <span class='ocrx_word' id='word_1_209' title='bbox 892 1336 928 1361; x_wconf 92' lang='lat' dir='ltr'>ut</span> <span class='ocrx_word' id='word_1_210' title='bbox 951 1331 1064 1361; x_wconf 89' lang='lat' dir='ltr'>clarius</span> <span class='ocrx_word' id='word_1_211' title='bbox 1087 1331 1252 1371; x_wconf 85' lang='lat' dir='ltr'>intelligas,</span> <span class='ocrx_word' id='word_1_212' title='bbox 1280 1341 1357 1361; x_wconf 92' lang='lat' dir='ltr'>con-</span> 
     </span>
     <span class='ocr_line' id='line_1_26' title="bbox 296 1374 1357 1416; baseline -0.001 -10"><span class='ocrx_word' id='word_1_213' title='bbox 296 1375 399 1407; x_wconf 82' lang='lat' dir='ltr'>sidera</span> <span class='ocrx_word' id='word_1_214' title='bbox 415 1376 449 1406; x_wconf 89' lang='lat' dir='ltr'>in</span> <span class='ocrx_word' id='word_1_215' title='bbox 464 1375 680 1406; x_wconf 88' lang='lat' dir='ltr'>instrumentis</span> <span class='ocrx_word' id='word_1_216' title='bbox 696 1375 811 1405; x_wconf 82' lang='lat' dir='ltr'>artium</span> <span class='ocrx_word' id='word_1_217' title='bbox 832 1374 994 1416; x_wconf 83' lang='lat' dir='ltr'>duplicem</span> <span class='ocrx_word' id='word_1_218' title='bbox 1009 1375 1202 1414; x_wconf 89' lang='lat' dir='ltr'>potentiam:</span> <span class='ocrx_word' id='word_1_219' title='bbox 1228 1375 1357 1406; x_wconf 86' lang='lat' dir='ltr'>alteram</span> 
     </span>
     <span class='ocr_line' id='line_1_27' title="bbox 297 1419 1358 1459; baseline -0.001 -9"><span class='ocrx_word' id='word_1_220' title='bbox 297 1419 337 1450; x_wconf 83' lang='lat' dir='ltr'>ad</span> <span class='ocrx_word' id='word_1_221' title='bbox 358 1425 486 1453; x_wconf 89' lang='lat' dir='ltr'>motum</span> <span class='ocrx_word' id='word_1_222' title='bbox 507 1419 662 1456; x_wconf 89' lang='lat' dir='ltr'>localem;</span> <span class='ocrx_word' id='word_1_223' title='bbox 694 1419 824 1449; x_wconf 89' lang='lat' dir='ltr'>alteram</span> <span class='ocrx_word' id='word_1_224' title='bbox 853 1419 893 1449; x_wconf 88' lang='lat' dir='ltr'>ad</span> <span class='ocrx_word' id='word_1_225' title='bbox 915 1419 1157 1459; x_wconf 86' lang='lat' dir='ltr'>cooperandum</span> <span class='ocrx_word' id='word_1_226' title='bbox 1180 1420 1254 1455; x_wconf 89' lang='lat' dir='ltr'>arti,</span> <span class='ocrx_word' id='word_1_227' title='bbox 1286 1429 1358 1450; x_wconf 85' lang='lat' dir='ltr'>exe-</span> 
     </span>
     <span class='ocr_line' id='line_1_28' title="bbox 297 1463 1358 1504; baseline -0.001 -10"><span class='ocrx_word' id='word_1_228' title='bbox 297 1463 427 1504; x_wconf 91' lang='lat' dir='ltr'>quendo</span> <span class='ocrx_word' id='word_1_229' title='bbox 451 1464 672 1504; x_wconf 90' lang='lat' dir='ltr'>operationem</span> <span class='ocrx_word' id='word_1_230' title='bbox 692 1463 791 1503; x_wconf 89' lang='lat' dir='ltr'>ipsius</span> <span class='ocrx_word' id='word_1_231' title='bbox 807 1463 889 1493; x_wconf 86' lang='lat' dir='ltr'>artis.</span> <span class='ocrx_word' id='word_1_232' title='bbox 914 1463 1010 1494; x_wconf 89' lang='lat' dir='ltr'>Verbi</span> <span class='ocrx_word' id='word_1_233' title='bbox 1025 1464 1132 1503; x_wconf 90' lang='lat' dir='ltr'>gratia,</span> <span class='ocrx_word' id='word_1_234' title='bbox 1149 1464 1358 1494; x_wconf 87' lang='lat' dir='ltr'>instrumenta</span> 
     </span>
     <span class='ocr_line' id='line_1_29' title="bbox 297 1506 1357 1547; baseline -0.001 -9"><span class='ocrx_word' id='word_1_235' title='bbox 297 1506 369 1538; x_wconf 83' lang='lat' dir='ltr'>artis</span> <span class='ocrx_word' id='word_1_236' title='bbox 401 1508 542 1538; x_wconf 90' lang='lat' dir='ltr'>musicae</span> <span class='ocrx_word' id='word_1_237' title='bbox 574 1513 648 1538; x_wconf 89' lang='lat' dir='ltr'>sunt</span> <span class='ocrx_word' id='word_1_238' title='bbox 679 1508 712 1537; x_wconf 92' lang='lat' dir='ltr'>in</span> <span class='ocrx_word' id='word_1_239' title='bbox 743 1507 887 1547; x_wconf 89' lang='lat' dir='ltr'>potentia</span> <span class='ocrx_word' id='word_1_240' title='bbox 917 1513 954 1538; x_wconf 90' lang='lat' dir='ltr'>ut</span> <span class='ocrx_word' id='word_1_241' title='bbox 985 1513 1175 1538; x_wconf 91' lang='lat' dir='ltr'>moveantur</span> <span class='ocrx_word' id='word_1_242' title='bbox 1207 1513 1357 1537; x_wconf 90' lang='lat' dir='ltr'>contactu</span> 
     </span>
     <span class='ocr_line' id='line_1_30' title="bbox 297 1551 1357 1591; baseline -0.001 -9"><span class='ocrx_word' id='word_1_243' title='bbox 297 1551 486 1591; x_wconf 87' lang='lat' dir='ltr'>digitorum:</span> <span class='ocrx_word' id='word_1_244' title='bbox 520 1557 551 1582; x_wconf 89' lang='lat' dir='ltr'>et</span> <span class='ocrx_word' id='word_1_245' title='bbox 579 1556 654 1582; x_wconf 92' lang='lat' dir='ltr'>sunt</span> <span class='ocrx_word' id='word_1_246' title='bbox 683 1551 716 1581; x_wconf 91' lang='lat' dir='ltr'>in</span> <span class='ocrx_word' id='word_1_247' title='bbox 745 1551 888 1591; x_wconf 91' lang='lat' dir='ltr'>potentia</span> <span class='ocrx_word' id='word_1_248' title='bbox 915 1557 952 1581; x_wconf 90' lang='lat' dir='ltr'>ut</span> <span class='ocrx_word' id='word_1_249' title='bbox 977 1552 1133 1582; x_wconf 89' lang='lat' dir='ltr'>musicam</span> <span class='ocrx_word' id='word_1_250' title='bbox 1163 1557 1288 1581; x_wconf 91' lang='lat' dir='ltr'>sonent.</span> <span class='ocrx_word' id='word_1_251' title='bbox 1317 1551 1357 1582; x_wconf 91' lang='lat' dir='ltr'>Et</span> 
     </span>
     <span class='ocr_line' id='line_1_31' title="bbox 296 1594 1356 1635; baseline -0.001 -9"><span class='ocrx_word' id='word_1_252' title='bbox 296 1601 421 1626; x_wconf 81' lang='lat' dir='ltr'>constat</span> <span class='ocrx_word' id='word_1_253' title='bbox 443 1595 532 1635; x_wconf 92' lang='lat' dir='ltr'>quod</span> <span class='ocrx_word' id='word_1_254' title='bbox 556 1594 595 1625; x_wconf 91' lang='lat' dir='ltr'>de</span> <span class='ocrx_word' id='word_1_255' title='bbox 618 1596 720 1635; x_wconf 89' lang='lat' dir='ltr'>prima</span> <span class='ocrx_word' id='word_1_256' title='bbox 742 1596 886 1635; x_wconf 89' lang='lat' dir='ltr'>potentia</span> <span class='ocrx_word' id='word_1_257' title='bbox 909 1595 1018 1625; x_wconf 88' lang='lat' dir='ltr'>reduci</span> <span class='ocrx_word' id='word_1_258' title='bbox 1040 1600 1176 1635; x_wconf 87' lang='lat' dir='ltr'>possunt</span> <span class='ocrx_word' id='word_1_259' title='bbox 1194 1595 1233 1625; x_wconf 90' lang='lat' dir='ltr'>ad</span> <span class='ocrx_word' id='word_1_260' title='bbox 1249 1601 1356 1625; x_wconf 89' lang='lat' dir='ltr'>actum</span> 
     </span>
     <span class='ocr_line' id='line_1_32' title="bbox 296 1639 1356 1680; baseline 0 -10"><span class='ocrx_word' id='word_1_261' title='bbox 296 1649 315 1670; x_wconf 83' lang='lat' dir='ltr'>a</span> <span class='ocrx_word' id='word_1_262' title='bbox 338 1649 562 1680; x_wconf 90' lang='lat' dir='ltr'>quocumque,</span> <span class='ocrx_word' id='word_1_263' title='bbox 592 1640 659 1670; x_wconf 88' lang='lat' dir='ltr'>sine</span> <span class='ocrx_word' id='word_1_264' title='bbox 690 1644 771 1675; x_wconf 90' lang='lat' dir='ltr'>arte,</span> <span class='ocrx_word' id='word_1_265' title='bbox 802 1644 933 1679; x_wconf 90' lang='lat' dir='ltr'>potente</span> <span class='ocrx_word' id='word_1_266' title='bbox 963 1639 1017 1670; x_wconf 89' lang='lat' dir='ltr'>illa</span> <span class='ocrx_word' id='word_1_267' title='bbox 1046 1649 1269 1670; x_wconf 88' lang='lat' dir='ltr'>commovere:</span> <span class='ocrx_word' id='word_1_268' title='bbox 1301 1639 1356 1670; x_wconf 90' lang='lat' dir='ltr'>sed</span> 
     </span>
     <span class='ocr_line' id='line_1_33' title="bbox 296 1683 1357 1724; baseline 0 -10"><span class='ocrx_word' id='word_1_269' title='bbox 296 1683 336 1714; x_wconf 91' lang='lat' dir='ltr'>de</span> <span class='ocrx_word' id='word_1_270' title='bbox 359 1683 499 1714; x_wconf 91' lang='lat' dir='ltr'>secunda</span> <span class='ocrx_word' id='word_1_271' title='bbox 520 1684 664 1724; x_wconf 87' lang='lat' dir='ltr'>potentia</span> <span class='ocrx_word' id='word_1_272' title='bbox 693 1693 760 1714; x_wconf 92' lang='lat' dir='ltr'>non</span> <span class='ocrx_word' id='word_1_273' title='bbox 782 1683 843 1713; x_wconf 89' lang='lat' dir='ltr'>nisi</span> <span class='ocrx_word' id='word_1_274' title='bbox 867 1684 905 1713; x_wconf 90' lang='lat' dir='ltr'>ab</span> <span class='ocrx_word' id='word_1_275' title='bbox 929 1689 993 1713; x_wconf 90' lang='lat' dir='ltr'>arte</span> <span class='ocrx_word' id='word_1_276' title='bbox 1024 1683 1133 1714; x_wconf 90' lang='lat' dir='ltr'>reduci</span> <span class='ocrx_word' id='word_1_277' title='bbox 1155 1689 1291 1723; x_wconf 88' lang='lat' dir='ltr'>possunt</span> <span class='ocrx_word' id='word_1_278' title='bbox 1317 1683 1357 1714; x_wconf 89' lang='lat' dir='ltr'>ad</span> 
     </span>
     <span class='ocr_line' id='line_1_34' title="bbox 294 1726 1356 1767; baseline 0 -9"><span class='ocrx_word' id='word_1_279' title='bbox 294 1733 413 1759; x_wconf 89' lang='lat' dir='ltr'>actum.</span> <span class='ocrx_word' id='word_1_280' title='bbox 438 1727 523 1758; x_wconf 91' lang='lat' dir='ltr'>Cum</span> <span class='ocrx_word' id='word_1_281' title='bbox 546 1733 654 1758; x_wconf 89' lang='lat' dir='ltr'>autem</span> <span class='ocrx_word' id='word_1_282' title='bbox 675 1737 805 1758; x_wconf 91' lang='lat' dir='ltr'>movere</span> <span class='ocrx_word' id='word_1_283' title='bbox 828 1727 906 1757; x_wconf 89' lang='lat' dir='ltr'>nihil</span> <span class='ocrx_word' id='word_1_284' title='bbox 929 1726 1016 1757; x_wconf 91' lang='lat' dir='ltr'>aliud</span> <span class='ocrx_word' id='word_1_285' title='bbox 1039 1729 1078 1758; x_wconf 89' lang='lat' dir='ltr'>sit</span> <span class='ocrx_word' id='word_1_286' title='bbox 1101 1737 1198 1767; x_wconf 88' lang='lat' dir='ltr'>quarn</span> <span class='ocrx_word' id='word_1_287' title='bbox 1221 1727 1356 1758; x_wconf 88' lang='lat' dir='ltr'>educere</span> 
     </span>
     <span class='ocr_line' id='line_1_35' title="bbox 296 1770 1356 1812; baseline -0.001 -10"><span class='ocrx_word' id='word_1_288' title='bbox 296 1770 335 1802; x_wconf 93' lang='lat' dir='ltr'>de</span> <span class='ocrx_word' id='word_1_289' title='bbox 357 1772 502 1812; x_wconf 89' lang='lat' dir='ltr'>potentia</span> <span class='ocrx_word' id='word_1_290' title='bbox 524 1770 564 1801; x_wconf 91' lang='lat' dir='ltr'>ad</span> <span class='ocrx_word' id='word_1_291' title='bbox 587 1777 704 1807; x_wconf 88' lang='lat' dir='ltr'>actum,</span> <span class='ocrx_word' id='word_1_292' title='bbox 722 1777 752 1802; x_wconf 92' lang='lat' dir='ltr'>et</span> <span class='ocrx_word' id='word_1_293' title='bbox 771 1772 894 1801; x_wconf 90' lang='lat' dir='ltr'>moveri</span> <span class='ocrx_word' id='word_1_294' title='bbox 911 1772 954 1801; x_wconf 64' lang='lat' dir='ltr'>&gt;sit</span> <span class='ocrx_word' id='word_1_295' title='bbox 980 1771 1073 1801; x_wconf 90' lang='lat' dir='ltr'>educi</span> <span class='ocrx_word' id='word_1_296' title='bbox 1095 1771 1136 1802; x_wconf 87' lang='lat' dir='ltr'>de</span> <span class='ocrx_word' id='word_1_297' title='bbox 1155 1772 1298 1812; x_wconf 90' lang='lat' dir='ltr'>potentia</span> <span class='ocrx_word' id='word_1_298' title='bbox 1317 1771 1356 1802; x_wconf 91' lang='lat' dir='ltr'>ad</span> 
     </span>
     <span class='ocr_line' id='line_1_36' title="bbox 295 1815 1356 1855; baseline -0.001 -9"><span class='ocrx_word' id='word_1_299' title='bbox 295 1820 417 1852; x_wconf 86' lang='lat' dir='ltr'>actum,</span> <span class='ocrx_word' id='word_1_300' title='bbox 441 1815 523 1846; x_wconf 87' lang='lat' dir='ltr'>clare</span> <span class='ocrx_word' id='word_1_301' title='bbox 547 1820 671 1845; x_wconf 89' lang='lat' dir='ltr'>constat</span> <span class='ocrx_word' id='word_1_302' title='bbox 693 1815 783 1855; x_wconf 92' lang='lat' dir='ltr'>quod</span> <span class='ocrx_word' id='word_1_303' title='bbox 802 1815 1049 1846; x_wconf 87' lang='lat' dir='ltr'>instrumentum</span> <span class='ocrx_word' id='word_1_304' title='bbox 1072 1821 1149 1846; x_wconf 91' lang='lat' dir='ltr'>tunc</span> <span class='ocrx_word' id='word_1_305' title='bbox 1168 1821 1316 1845; x_wconf 89' lang='lat' dir='ltr'>movetur</span> <span class='ocrx_word' id='word_1_306' title='bbox 1339 1825 1356 1845; x_wconf 89' lang='lat' dir='ltr'>a</span> 
     </span>
     <span class='ocr_line' id='line_1_37' title="bbox 294 1858 1356 1900; baseline -0.002 -10"><span class='ocrx_word' id='word_1_307' title='bbox 294 1859 463 1900; x_wconf 80' lang='lat' dir='ltr'>principali</span> <span class='ocrx_word' id='word_1_308' title='bbox 492 1864 605 1899; x_wconf 81' lang='lat' dir='ltr'>agente</span> <span class='ocrx_word' id='word_1_309' title='bbox 641 1868 717 1889; x_wconf 91' lang='lat' dir='ltr'>cum</span> <span class='ocrx_word' id='word_1_310' title='bbox 745 1859 890 1889; x_wconf 80' lang='lat' dir='ltr'>educitur</span> <span class='ocrx_word' id='word_1_311' title='bbox 919 1859 958 1889; x_wconf 89' lang='lat' dir='ltr'>de</span> <span class='ocrx_word' id='word_1_312' title='bbox 982 1858 1122 1889; x_wconf 90' lang='lat' dir='ltr'>secunda</span> <span class='ocrx_word' id='word_1_313' title='bbox 1144 1860 1288 1899; x_wconf 89' lang='lat' dir='ltr'>potentia</span> <span class='ocrx_word' id='word_1_314' title='bbox 1317 1859 1356 1889; x_wconf 87' lang='lat' dir='ltr'>ad</span> 
     </span>
     <span class='ocr_line' id='line_1_38' title="bbox 294 1902 1357 1943; baseline -0.001 -9"><span class='ocrx_word' id='word_1_315' title='bbox 294 1908 428 1940; x_wconf 74' lang='lat' dir='ltr'>actum,-</span> <span class='ocrx_word' id='word_1_316' title='bbox 443 1912 519 1933; x_wconf 91' lang='lat' dir='ltr'>cum</span> <span class='ocrx_word' id='word_1_317' title='bbox 541 1902 578 1933; x_wconf 90' lang='lat' dir='ltr'>fit</span> <span class='ocrx_word' id='word_1_318' title='bbox 596 1902 779 1943; x_wconf 56' lang='lat' dir='ltr'>‘cooperans</span> <span class='ocrx_word' id='word_1_319' title='bbox 802 1903 862 1943; x_wconf 89' lang='lat' dir='ltr'>ipsi</span> <span class='ocrx_word' id='word_1_320' title='bbox 885 1903 1052 1942; x_wconf 90' lang='lat' dir='ltr'>principali</span> <span class='ocrx_word' id='word_1_321' title='bbox 1076 1903 1198 1942; x_wconf 81' lang='lat' dir='ltr'>agenti,</span> <span class='ocrx_word' id='word_1_322' title='bbox 1223 1912 1298 1932; x_wconf 91' lang='lat' dir='ltr'>cum</span> <span class='ocrx_word' id='word_1_323' title='bbox 1321 1903 1357 1933; x_wconf 91' lang='lat' dir='ltr'>fit</span> 
     </span>
     <span class='ocr_line' id='line_1_39' title="bbox 295 1946 1356 1987; baseline -0.002 -9"><span class='ocrx_word' id='word_1_324' title='bbox 295 1956 455 1987; x_wconf 88' lang='lat' dir='ltr'>exequens</span> <span class='ocrx_word' id='word_1_325' title='bbox 471 1947 692 1987; x_wconf 90' lang='lat' dir='ltr'>operationem</span> <span class='ocrx_word' id='word_1_326' title='bbox 708 1947 889 1986; x_wconf 88' lang='lat' dir='ltr'>principalis</span> <span class='ocrx_word' id='word_1_327' title='bbox 905 1947 1041 1986; x_wconf 83' lang='lat' dir='ltr'>agentis:</span> <span class='ocrx_word' id='word_1_328' title='bbox 1067 1946 1156 1987; x_wconf 93' lang='lat' dir='ltr'>quod</span> <span class='ocrx_word' id='word_1_329' title='bbox 1171 1946 1207 1976; x_wconf 90' lang='lat' dir='ltr'>fit</span> <span class='ocrx_word' id='word_1_330' title='bbox 1221 1956 1278 1986; x_wconf 91' lang='lat' dir='ltr'>per</span> <span class='ocrx_word' id='word_1_331' title='bbox 1293 1947 1356 1977; x_wconf 92' lang='lat' dir='ltr'>hoc</span> 
     </span>
     <span class='ocr_line' id='line_1_40' title="bbox 295 1990 1356 2032; baseline -0.002 -10"><span class='ocrx_word' id='word_1_332' title='bbox 295 1990 385 2032; x_wconf 89' lang='lat' dir='ltr'>quod</span> <span class='ocrx_word' id='word_1_333' title='bbox 406 1991 581 2032; x_wconf 85' lang='lat' dir='ltr'>principale</span> <span class='ocrx_word' id='word_1_334' title='bbox 605 2000 717 2031; x_wconf 84' lang='lat' dir='ltr'>agens,</span> <span class='ocrx_word' id='word_1_335' title='bbox 741 1996 778 2021; x_wconf 90' lang='lat' dir='ltr'>ut</span> <span class='ocrx_word' id='word_1_336' title='bbox 799 1991 861 2027; x_wconf 88' lang='lat' dir='ltr'>sic,</span> <span class='ocrx_word' id='word_1_337' title='bbox 886 1991 985 2021; x_wconf 91' lang='lat' dir='ltr'>utitur</span> <span class='ocrx_word' id='word_1_338' title='bbox 1008 1991 1063 2021; x_wconf 92' lang='lat' dir='ltr'>illo</span> <span class='ocrx_word' id='word_1_339' title='bbox 1088 1991 1128 2021; x_wconf 91' lang='lat' dir='ltr'>ad</span> <span class='ocrx_word' id='word_1_340' title='bbox 1151 2000 1233 2030; x_wconf 92' lang='lat' dir='ltr'>opus</span> <span class='ocrx_word' id='word_1_341' title='bbox 1256 1991 1356 2030; x_wconf 89' lang='lat' dir='ltr'>ipsius</span> 
     </span>
     <span class='ocr_line' id='line_1_41' title="bbox 293 2035 1355 2075; baseline -0.001 -10"><span class='ocrx_word' id='word_1_342' title='bbox 293 2035 476 2075; x_wconf 88' lang='lat' dir='ltr'>principalis</span> <span class='ocrx_word' id='word_1_343' title='bbox 492 2035 628 2075; x_wconf 84' lang='lat' dir='ltr'>agentis;</span> <span class='ocrx_word' id='word_1_344' title='bbox 644 2040 723 2075; x_wconf 91' lang='lat' dir='ltr'>puta</span> <span class='ocrx_word' id='word_1_345' title='bbox 738 2044 813 2065; x_wconf 90' lang='lat' dir='ltr'>cum</span> <span class='ocrx_word' id='word_1_346' title='bbox 829 2044 877 2065; x_wconf 89' lang='lat' dir='ltr'>ars</span> <span class='ocrx_word' id='word_1_347' title='bbox 892 2035 1015 2065; x_wconf 91' lang='lat' dir='ltr'>musica</span> <span class='ocrx_word' id='word_1_348' title='bbox 1030 2035 1129 2065; x_wconf 91' lang='lat' dir='ltr'>utitur</span> <span class='ocrx_word' id='word_1_349' title='bbox 1143 2035 1355 2065; x_wconf 90' lang='lat' dir='ltr'>instrumento</span> 
     </span>
     <span class='ocr_line' id='line_1_42' title="bbox 292 2078 1355 2119; baseline -0.001 -10"><span class='ocrx_word' id='word_1_350' title='bbox 292 2080 418 2110; x_wconf 90' lang='lat' dir='ltr'>musico</span> <span class='ocrx_word' id='word_1_351' title='bbox 442 2079 482 2109; x_wconf 90' lang='lat' dir='ltr'>ad</span> <span class='ocrx_word' id='word_1_352' title='bbox 505 2089 622 2109; x_wconf 90' lang='lat' dir='ltr'>sonum</span> <span class='ocrx_word' id='word_1_353' title='bbox 643 2079 815 2109; x_wconf 84' lang='lat' dir='ltr'>musicum.</span> <span class='ocrx_word' id='word_1_354' title='bbox 851 2079 921 2119; x_wconf 90' lang='lat' dir='ltr'>Ipse</span> <span class='ocrx_word' id='word_1_355' title='bbox 945 2079 1031 2109; x_wconf 93' lang='lat' dir='ltr'>enim</span> <span class='ocrx_word' id='word_1_356' title='bbox 1054 2088 1131 2109; x_wconf 88' lang='lat' dir='ltr'>usus</span> <span class='ocrx_word' id='word_1_357' title='bbox 1155 2084 1201 2109; x_wconf 90' lang='lat' dir='ltr'>est</span> <span class='ocrx_word' id='word_1_358' title='bbox 1225 2078 1355 2118; x_wconf 90' lang='lat' dir='ltr'>quidam</span> 
     </span>
     <span class='ocr_line' id='line_1_43' title="bbox 292 2122 1356 2163; baseline -0.001 -10"><span class='ocrx_word' id='word_1_359' title='bbox 292 2123 452 2163; x_wconf 87' lang='lat' dir='ltr'>ingressus</span> <span class='ocrx_word' id='word_1_360' title='bbox 475 2123 548 2153; x_wconf 87' lang='lat' dir='ltr'>artis</span> <span class='ocrx_word' id='word_1_361' title='bbox 570 2123 603 2153; x_wconf 90' lang='lat' dir='ltr'>in</span> <span class='ocrx_word' id='word_1_362' title='bbox 622 2124 848 2153; x_wconf 88' lang='lat' dir='ltr'>instrumenta:</span> <span class='ocrx_word' id='word_1_363' title='bbox 883 2128 930 2153; x_wconf 88' lang='lat' dir='ltr'>est</span> <span class='ocrx_word' id='word_1_364' title='bbox 957 2122 1114 2163; x_wconf 87' lang='lat' dir='ltr'>quaedam</span> <span class='ocrx_word' id='word_1_365' title='bbox 1138 2124 1276 2153; x_wconf 89' lang='lat' dir='ltr'>actuatio</span> <span class='ocrx_word' id='word_1_366' title='bbox 1307 2123 1356 2153; x_wconf 92' lang='lat' dir='ltr'>in-</span> 
     </span>
     <span class='ocr_line' id='line_1_44' title="bbox 293 2167 1355 2207; baseline -0.001 -9"><span class='ocrx_word' id='word_1_367' title='bbox 293 2171 555 2199; x_wconf 80' lang='lat' dir='ltr'>strumentorum.</span> <span class='ocrx_word' id='word_1_368' title='bbox 578 2167 620 2198; x_wconf 79' lang='lat' dir='ltr'>Et</span> <span class='ocrx_word' id='word_1_369' title='bbox 641 2172 810 2207; x_wconf 88' lang='lat' dir='ltr'>propterea</span> <span class='ocrx_word' id='word_1_370' title='bbox 832 2172 960 2206; x_wconf 85' lang='lat' dir='ltr'>oportet</span> <span class='ocrx_word' id='word_1_371' title='bbox 975 2172 1077 2198; x_wconf 89' lang='lat' dir='ltr'>certae</span> <span class='ocrx_word' id='word_1_372' title='bbox 1093 2167 1165 2197; x_wconf 89' lang='lat' dir='ltr'>artis</span> <span class='ocrx_word' id='word_1_373' title='bbox 1189 2172 1272 2197; x_wconf 88' lang='lat' dir='ltr'>certa</span> <span class='ocrx_word' id='word_1_374' title='bbox 1288 2176 1355 2197; x_wconf 89' lang='lat' dir='ltr'>esse</span> 
     </span>
     <span class='ocr_line' id='line_1_45' title="bbox 292 2210 1355 2251; baseline -0.001 -10"><span class='ocrx_word' id='word_1_375' title='bbox 292 2211 520 2242; x_wconf 87' lang='lat' dir='ltr'>instrumenta:</span> <span class='ocrx_word' id='word_1_376' title='bbox 551 2220 719 2251; x_wconf 88' lang='lat' dir='ltr'>nunquam</span> <span class='ocrx_word' id='word_1_377' title='bbox 749 2211 835 2241; x_wconf 87' lang='lat' dir='ltr'>enirn</span> <span class='ocrx_word' id='word_1_378' title='bbox 864 2211 987 2241; x_wconf 88' lang='lat' dir='ltr'>musica</span> <span class='ocrx_word' id='word_1_379' title='bbox 1016 2210 1210 2251; x_wconf 85' lang='lat' dir='ltr'>ingredietur</span> <span class='ocrx_word' id='word_1_380' title='bbox 1239 2212 1355 2241; x_wconf 89' lang='lat' dir='ltr'>instru-</span> 
     </span>
     <span class='ocr_line' id='line_1_46' title="bbox 292 2255 1356 2294; baseline -0.001 -9"><span class='ocrx_word' id='word_1_381' title='bbox 292 2260 402 2286; x_wconf 87' lang='lat' dir='ltr'>menta</span> <span class='ocrx_word' id='word_1_382' title='bbox 424 2255 496 2285; x_wconf 81' lang='lat' dir='ltr'>artis</span> <span class='ocrx_word' id='word_1_383' title='bbox 519 2255 651 2291; x_wconf 89' lang='lat' dir='ltr'>sutoris,</span> <span class='ocrx_word' id='word_1_384' title='bbox 681 2259 735 2285; x_wconf 90' lang='lat' dir='ltr'>aut</span> <span class='ocrx_word' id='word_1_385' title='bbox 759 2265 776 2285; x_wconf 93' lang='lat' dir='ltr'>e</span> <span class='ocrx_word' id='word_1_386' title='bbox 800 2264 966 2285; x_wconf 79' lang='lat' dir='ltr'>converso.</span> <span class='ocrx_word' id='word_1_387' title='bbox 1002 2255 1043 2285; x_wconf 87' lang='lat' dir='ltr'>Et</span> <span class='ocrx_word' id='word_1_388' title='bbox 1069 2260 1238 2294; x_wconf 87' lang='lat' dir='ltr'>propterea</span> <span class='ocrx_word' id='word_1_389' title='bbox 1261 2255 1356 2285; x_wconf 90' lang='lat' dir='ltr'>habet</span> 
     </span>
     <span class='ocr_line' id='line_1_47' title="bbox 292 2298 1355 2338; baseline 0.001 -9"><span class='ocrx_word' id='word_1_390' title='bbox 292 2299 450 2329; x_wconf 83' lang='lat' dir='ltr'>rationem</span> <span class='ocrx_word' id='word_1_391' title='bbox 472 2299 519 2328; x_wconf 87' lang='lat' dir='ltr'>vis</span> <span class='ocrx_word' id='word_1_392' title='bbox 543 2304 574 2329; x_wconf 88' lang='lat' dir='ltr'>et</span> <span class='ocrx_word' id='word_1_393' title='bbox 595 2299 718 2329; x_wconf 88' lang='lat' dir='ltr'>virtutis</span> <span class='ocrx_word' id='word_1_394' title='bbox 749 2304 780 2329; x_wconf 90' lang='lat' dir='ltr'>et</span> <span class='ocrx_word' id='word_1_395' title='bbox 809 2299 995 2330; x_wconf 88' lang='lat' dir='ltr'>intentionis</span> <span class='ocrx_word' id='word_1_396' title='bbox 1025 2300 1113 2334; x_wconf 87' lang='lat' dir='ltr'>artis,</span> <span class='ocrx_word' id='word_1_397' title='bbox 1139 2304 1170 2329; x_wconf 87' lang='lat' dir='ltr'>et</span> <span class='ocrx_word' id='word_1_398' title='bbox 1193 2298 1233 2329; x_wconf 91' lang='lat' dir='ltr'>ad</span> <span class='ocrx_word' id='word_1_399' title='bbox 1254 2308 1355 2338; x_wconf 91' lang='lat' dir='ltr'>genus</span> 
     </span>
     <span class='ocr_line' id='line_1_48' title="bbox 293 2342 1093 2373; baseline 0.004 -1"><span class='ocrx_word' id='word_1_400' title='bbox 293 2343 362 2373; x_wconf 87' lang='lat' dir='ltr'>eius</span> <span class='ocrx_word' id='word_1_401' title='bbox 384 2342 556 2373; x_wconf 90' lang='lat' dir='ltr'>reducitur.</span> <span class='ocrx_word' id='word_1_402' title='bbox 1090 2347 1093 2350; x_wconf 63' lang='lat'><strong>⁴</strong></span> 
     </span>
    </p>

    <p class='ocr_par' dir='ltr' id='par_1_9' title="bbox 290 2386 1356 3384">
     <span class='ocr_line' id='line_1_49' title="bbox 346 2386 1355 2427; baseline 0 -10"><span class='ocrx_word' id='word_1_403' title='bbox 346 2386 400 2417; x_wconf 90' lang='lat' dir='ltr'>VI.</span> <span class='ocrx_word' id='word_1_404' title='bbox 421 2387 468 2417; x_wconf 88' lang='lat' dir='ltr'>Ex</span> <span class='ocrx_word' id='word_1_405' title='bbox 481 2387 597 2427; x_wconf 89' lang='lat' dir='ltr'>quibus</span> <span class='ocrx_word' id='word_1_406' title='bbox 613 2386 653 2417; x_wconf 89' lang='lat' dir='ltr'>ad</span> <span class='ocrx_word' id='word_1_407' title='bbox 667 2388 871 2427; x_wconf 89' lang='lat' dir='ltr'>propositum</span> <span class='ocrx_word' id='word_1_408' title='bbox 887 2386 1100 2422; x_wconf 88' lang='lat' dir='ltr'>ascendendo,</span> <span class='ocrx_word' id='word_1_409' title='bbox 1113 2386 1249 2417; x_wconf 89' lang='lat' dir='ltr'>dicimus</span> <span class='ocrx_word' id='word_1_410' title='bbox 1265 2387 1355 2427; x_wconf 91' lang='lat' dir='ltr'>quod</span> 
     </span>
     <span class='ocr_line' id='line_1_50' title="bbox 292 2430 1355 2471; baseline 0 -10"><span class='ocrx_word' id='word_1_411' title='bbox 292 2430 380 2461; x_wconf 89' lang='lat' dir='ltr'>Deus</span> <span class='ocrx_word' id='word_1_412' title='bbox 404 2431 619 2471; x_wconf 87' lang='lat' dir='ltr'>omnipotens,</span> <span class='ocrx_word' id='word_1_413' title='bbox 643 2431 699 2471; x_wconf 92' lang='lat' dir='ltr'>qui</span> <span class='ocrx_word' id='word_1_414' title='bbox 722 2436 829 2470; x_wconf 89' lang='lat' dir='ltr'>potest</span> <span class='ocrx_word' id='word_1_415' title='bbox 851 2432 917 2462; x_wconf 90' lang='lat' dir='ltr'>sine</span> <span class='ocrx_word' id='word_1_416' title='bbox 942 2432 1043 2461; x_wconf 90' lang='lat' dir='ltr'>causis</span> <span class='ocrx_word' id='word_1_417' title='bbox 1065 2430 1211 2462; x_wconf 90' lang='lat' dir='ltr'>secundis</span> <span class='ocrx_word' id='word_1_418' title='bbox 1235 2440 1355 2471; x_wconf 87' lang='lat' dir='ltr'>coope-</span> 
     </span>
     <span class='ocr_line' id='line_1_51' title="bbox 291 2474 1356 2515; baseline 0 -10"><span class='ocrx_word' id='word_1_419' title='bbox 291 2475 433 2505; x_wconf 83' lang='lat' dir='ltr'>rantibus</span> <span class='ocrx_word' id='word_1_420' title='bbox 455 2474 599 2505; x_wconf 88' lang='lat' dir='ltr'>effective</span> <span class='ocrx_word' id='word_1_421' title='bbox 622 2474 775 2505; x_wconf 85' lang='lat' dir='ltr'>miracula</span> <span class='ocrx_word' id='word_1_422' title='bbox 789 2474 903 2511; x_wconf 86' lang='lat' dir='ltr'>facere,</span> <span class='ocrx_word' id='word_1_423' title='bbox 928 2475 1074 2515; x_wconf 86' lang='lat' dir='ltr'>dignatur</span> <span class='ocrx_word' id='word_1_424' title='bbox 1090 2475 1287 2515; x_wconf 88' lang='lat' dir='ltr'>quandoque</span> <span class='ocrx_word' id='word_1_425' title='bbox 1302 2475 1356 2506; x_wconf 89' lang='lat' dir='ltr'>illa</span> 
     </span>
     <span class='ocr_line' id='line_1_52' title="bbox 292 2518 1355 2559; baseline 0.001 -10"><span class='ocrx_word' id='word_1_426' title='bbox 292 2518 417 2549; x_wconf 89' lang='lat' dir='ltr'>efficere</span> <span class='ocrx_word' id='word_1_427' title='bbox 440 2528 498 2559; x_wconf 89' lang='lat' dir='ltr'>per</span> <span class='ocrx_word' id='word_1_428' title='bbox 520 2528 629 2558; x_wconf 79' lang='lat' dir='ltr'>causas</span> <span class='ocrx_word' id='word_1_429' title='bbox 652 2519 817 2555; x_wconf 90' lang='lat' dir='ltr'>secundas,</span> <span class='ocrx_word' id='word_1_430' title='bbox 842 2529 910 2550; x_wconf 88' lang='lat' dir='ltr'>non</span> <span class='ocrx_word' id='word_1_431' title='bbox 933 2519 1039 2550; x_wconf 91' lang='lat' dir='ltr'>dando</span> <span class='ocrx_word' id='word_1_432' title='bbox 1062 2519 1123 2549; x_wconf 89' lang='lat' dir='ltr'>illis</span> <span class='ocrx_word' id='word_1_433' title='bbox 1146 2520 1276 2549; x_wconf 87' lang='lat' dir='ltr'>virtutes</span> <span class='ocrx_word' id='word_1_434' title='bbox 1299 2520 1355 2550; x_wconf 88' lang='lat' dir='ltr'>ali-</span> 
     </span>
     <span class='ocr_line' id='line_1_53' title="bbox 293 2562 1354 2604; baseline 0.001 -12"><span class='ocrx_word' id='word_1_435' title='bbox 293 2572 372 2602; x_wconf 88' lang='lat' dir='ltr'>quas</span> <span class='ocrx_word' id='word_1_436' title='bbox 393 2562 550 2593; x_wconf 88' lang='lat' dir='ltr'>naturales</span> <span class='ocrx_word' id='word_1_437' title='bbox 574 2568 629 2593; x_wconf 92' lang='lat' dir='ltr'>aut</span> <span class='ocrx_word' id='word_1_438' title='bbox 650 2564 799 2603; x_wconf 87' lang='lat' dir='ltr'>gratuitas</span> <span class='ocrx_word' id='word_1_439' title='bbox 822 2569 1055 2604; x_wconf 88' lang='lat' dir='ltr'>permanentes,</span> <span class='ocrx_word' id='word_1_440' title='bbox 1080 2563 1135 2594; x_wconf 91' lang='lat' dir='ltr'>sed</span> <span class='ocrx_word' id='word_1_441' title='bbox 1154 2563 1274 2593; x_wconf 92' lang='lat' dir='ltr'>utendo</span> <span class='ocrx_word' id='word_1_442' title='bbox 1294 2564 1354 2594; x_wconf 89' lang='lat' dir='ltr'>illis</span> 
     </span>
     <span class='ocr_line' id='line_1_54' title="bbox 290 2606 1353 2647; baseline 0.001 -11"><span class='ocrx_word' id='word_1_443' title='bbox 290 2607 571 2637; x_wconf 85' lang='lat' dir='ltr'>instrumentaliter</span> <span class='ocrx_word' id='word_1_444' title='bbox 592 2606 632 2637; x_wconf 88' lang='lat' dir='ltr'>ad</span> <span class='ocrx_word' id='word_1_445' title='bbox 647 2616 745 2647; x_wconf 88' lang='lat' dir='ltr'>opera</span> <span class='ocrx_word' id='word_1_446' title='bbox 760 2608 959 2638; x_wconf 89' lang='lat' dir='ltr'>miraculosa.</span> <span class='ocrx_word' id='word_1_447' title='bbox 984 2607 1029 2637; x_wconf 91' lang='lat' dir='ltr'>Ita</span> <span class='ocrx_word' id='word_1_448' title='bbox 1045 2607 1134 2647; x_wconf 91' lang='lat' dir='ltr'>quod</span> <span class='ocrx_word' id='word_1_449' title='bbox 1150 2617 1188 2637; x_wconf 87' lang='lat' dir='ltr'>ex</span> <span class='ocrx_word' id='word_1_450' title='bbox 1203 2608 1266 2638; x_wconf 92' lang='lat' dir='ltr'>hoc</span> <span class='ocrx_word' id='word_1_451' title='bbox 1282 2608 1353 2647; x_wconf 90' lang='lat' dir='ltr'>ipso</span> 
     </span>
     <span class='ocr_line' id='line_1_55' title="bbox 292 2649 1354 2691; baseline 0.001 -11"><span class='ocrx_word' id='word_1_452' title='bbox 292 2649 383 2690; x_wconf 92' lang='lat' dir='ltr'>quod</span> <span class='ocrx_word' id='word_1_453' title='bbox 405 2649 493 2680; x_wconf 89' lang='lat' dir='ltr'>Deus</span> <span class='ocrx_word' id='word_1_454' title='bbox 515 2651 614 2681; x_wconf 90' lang='lat' dir='ltr'>utitur</span> <span class='ocrx_word' id='word_1_455' title='bbox 637 2651 743 2691; x_wconf 83' lang='lat' dir='ltr'>aliqua</span> <span class='ocrx_word' id='word_1_456' title='bbox 765 2661 798 2681; x_wconf 90' lang='lat' dir='ltr'>re</span> <span class='ocrx_word' id='word_1_457' title='bbox 828 2657 864 2682; x_wconf 92' lang='lat' dir='ltr'>ut</span> <span class='ocrx_word' id='word_1_458' title='bbox 885 2652 1098 2682; x_wconf 88' lang='lat' dir='ltr'>instrumento</span> <span class='ocrx_word' id='word_1_459' title='bbox 1126 2650 1165 2681; x_wconf 89' lang='lat' dir='ltr'>ad</span> <span class='ocrx_word' id='word_1_460' title='bbox 1188 2661 1271 2691; x_wconf 90' lang='lat' dir='ltr'>opus</span> <span class='ocrx_word' id='word_1_461' title='bbox 1294 2653 1354 2682; x_wconf 92' lang='lat' dir='ltr'>mi-</span> 
     </span>
     <span class='ocr_line' id='line_1_56' title="bbox 290 2694 1354 2730; baseline 0.001 -5"><span class='ocrx_word' id='word_1_462' title='bbox 290 2694 485 2730; x_wconf 84' lang='lat' dir='ltr'>raculosum,</span> <span class='ocrx_word' id='word_1_463' title='bbox 510 2695 649 2725; x_wconf 87' lang='lat' dir='ltr'>elevatur</span> <span class='ocrx_word' id='word_1_464' title='bbox 671 2704 720 2725; x_wconf 87' lang='lat' dir='ltr'>res</span> <span class='ocrx_word' id='word_1_465' title='bbox 742 2695 796 2725; x_wconf 89' lang='lat' dir='ltr'>illa</span> <span class='ocrx_word' id='word_1_466' title='bbox 818 2696 851 2725; x_wconf 83' lang='lat' dir='ltr'>in</span> <span class='ocrx_word' id='word_1_467' title='bbox 867 2695 1013 2726; x_wconf 86' lang='lat' dir='ltr'>ordinem</span> <span class='ocrx_word' id='word_1_468' title='bbox 1030 2705 1143 2726; x_wconf 91' lang='lat' dir='ltr'>causae</span> <span class='ocrx_word' id='word_1_469' title='bbox 1162 2695 1354 2726; x_wconf 89' lang='lat' dir='ltr'>instrumen-</span> 
     </span>
     <span class='ocr_line' id='line_1_57' title="bbox 291 2739 1353 2779; baseline 0.002 -10"><span class='ocrx_word' id='word_1_470' title='bbox 291 2739 378 2775; x_wconf 85' lang='lat' dir='ltr'>talis;</span> <span class='ocrx_word' id='word_1_471' title='bbox 403 2744 435 2769; x_wconf 94' lang='lat' dir='ltr'>et</span> <span class='ocrx_word' id='word_1_472' title='bbox 455 2739 525 2778; x_wconf 89' lang='lat' dir='ltr'>ipse</span> <span class='ocrx_word' id='word_1_473' title='bbox 547 2739 690 2778; x_wconf 89' lang='lat' dir='ltr'>passivus</span> <span class='ocrx_word' id='word_1_474' title='bbox 713 2748 789 2769; x_wconf 87' lang='lat' dir='ltr'>usus</span> <span class='ocrx_word' id='word_1_475' title='bbox 813 2748 880 2779; x_wconf 91' lang='lat' dir='ltr'>quo</span> <span class='ocrx_word' id='word_1_476' title='bbox 904 2739 992 2770; x_wconf 91' lang='lat' dir='ltr'>Deus</span> <span class='ocrx_word' id='word_1_477' title='bbox 1019 2740 1071 2769; x_wconf 89' lang='lat' dir='ltr'>illa</span> <span class='ocrx_word' id='word_1_478' title='bbox 1100 2740 1199 2770; x_wconf 89' lang='lat' dir='ltr'>utitur</span> <span class='ocrx_word' id='word_1_479' title='bbox 1226 2739 1265 2770; x_wconf 92' lang='lat' dir='ltr'>ad</span> <span class='ocrx_word' id='word_1_480' title='bbox 1290 2741 1353 2771; x_wconf 92' lang='lat' dir='ltr'>hoc</span> 
     </span>
     <span class='ocr_line' id='line_1_58' title="bbox 292 2783 1354 2823; baseline 0.002 -11"><span class='ocrx_word' id='word_1_481' title='bbox 292 2792 392 2823; x_wconf 91' lang='lat' dir='ltr'>opus,</span> <span class='ocrx_word' id='word_1_482' title='bbox 424 2787 471 2813; x_wconf 89' lang='lat' dir='ltr'>est</span> <span class='ocrx_word' id='word_1_483' title='bbox 498 2788 606 2812; x_wconf 90' lang='lat' dir='ltr'>motus</span> <span class='ocrx_word' id='word_1_484' title='bbox 637 2792 703 2822; x_wconf 90' lang='lat' dir='ltr'>quo</span> <span class='ocrx_word' id='word_1_485' title='bbox 734 2792 752 2813; x_wconf 93' lang='lat' dir='ltr'>a</span> <span class='ocrx_word' id='word_1_486' title='bbox 774 2783 942 2823; x_wconf 85' lang='lat' dir='ltr'>principali</span> <span class='ocrx_word' id='word_1_487' title='bbox 964 2789 1076 2823; x_wconf 87' lang='lat' dir='ltr'>agente</span> <span class='ocrx_word' id='word_1_488' title='bbox 1105 2784 1354 2814; x_wconf 86' lang='lat' dir='ltr'>instrumentum</span> 
     </span>
     <span class='ocr_line' id='line_1_59' title="bbox 291 2826 1354 2867; baseline 0.001 -10"><span class='ocrx_word' id='word_1_489' title='bbox 291 2831 456 2862; x_wconf 86' lang='lat' dir='ltr'>movetur;</span> <span class='ocrx_word' id='word_1_490' title='bbox 481 2832 512 2856; x_wconf 95' lang='lat' dir='ltr'>et</span> <span class='ocrx_word' id='word_1_491' title='bbox 535 2835 573 2856; x_wconf 87' lang='lat' dir='ltr'>ex</span> <span class='ocrx_word' id='word_1_492' title='bbox 595 2826 658 2856; x_wconf 90' lang='lat' dir='ltr'>hoc</span> <span class='ocrx_word' id='word_1_493' title='bbox 681 2826 752 2866; x_wconf 91' lang='lat' dir='ltr'>ipso</span> <span class='ocrx_word' id='word_1_494' title='bbox 777 2832 824 2856; x_wconf 94' lang='lat' dir='ltr'>est</span> <span class='ocrx_word' id='word_1_495' title='bbox 845 2827 892 2856; x_wconf 91' lang='lat' dir='ltr'>vis</span> <span class='ocrx_word' id='word_1_496' title='bbox 916 2828 1072 2857; x_wconf 88' lang='lat' dir='ltr'>actuativa</span> <span class='ocrx_word' id='word_1_497' title='bbox 1087 2833 1183 2867; x_wconf 90' lang='lat' dir='ltr'>atque</span> <span class='ocrx_word' id='word_1_498' title='bbox 1199 2829 1354 2858; x_wconf 88' lang='lat' dir='ltr'>constitu-</span> 
     </span>
     <span class='ocr_line' id='line_1_60' title="bbox 290 2870 1352 2910; baseline 0.002 -10"><span class='ocrx_word' id='word_1_499' title='bbox 290 2870 355 2901; x_wconf 86' lang='lat' dir='ltr'>tiva</span> <span class='ocrx_word' id='word_1_500' title='bbox 376 2871 475 2910; x_wconf 91' lang='lat' dir='ltr'>ipsius</span> <span class='ocrx_word' id='word_1_501' title='bbox 497 2871 532 2900; x_wconf 89' lang='lat' dir='ltr'>in</span> <span class='ocrx_word' id='word_1_502' title='bbox 555 2879 623 2900; x_wconf 88' lang='lat' dir='ltr'>esse</span> <span class='ocrx_word' id='word_1_503' title='bbox 646 2870 857 2906; x_wconf 86' lang='lat' dir='ltr'>instrumenti,</span> <span class='ocrx_word' id='word_1_504' title='bbox 882 2880 919 2900; x_wconf 92' lang='lat' dir='ltr'>ac</span> <span class='ocrx_word' id='word_1_505' title='bbox 941 2880 999 2910; x_wconf 90' lang='lat' dir='ltr'>per</span> <span class='ocrx_word' id='word_1_506' title='bbox 1020 2871 1084 2901; x_wconf 90' lang='lat' dir='ltr'>hoc</span> <span class='ocrx_word' id='word_1_507' title='bbox 1106 2871 1140 2901; x_wconf 92' lang='lat' dir='ltr'>in</span> <span class='ocrx_word' id='word_1_508' title='bbox 1156 2881 1223 2902; x_wconf 91' lang='lat' dir='ltr'>esse</span> <span class='ocrx_word' id='word_1_509' title='bbox 1240 2881 1352 2903; x_wconf 90' lang='lat' dir='ltr'>causae</span> 
     </span>
     <span class='ocr_line' id='line_1_61' title="bbox 293 2913 1352 2954; baseline 0.001 -9"><span class='ocrx_word' id='word_1_510' title='bbox 293 2914 435 2945; x_wconf 83' lang='lat' dir='ltr'>effective</span> <span class='ocrx_word' id='word_1_511' title='bbox 450 2913 730 2944; x_wconf 87' lang='lat' dir='ltr'>instrumentaliter</span> <span class='ocrx_word' id='word_1_512' title='bbox 745 2914 850 2954; x_wconf 89' lang='lat' dir='ltr'>operis</span> <span class='ocrx_word' id='word_1_513' title='bbox 864 2915 1057 2945; x_wconf 87' lang='lat' dir='ltr'>miraculosi.</span> <span class='ocrx_word' id='word_1_514' title='bbox 1076 2915 1252 2945; x_wconf 89' lang='lat' dir='ltr'>Reducitur</span> <span class='ocrx_word' id='word_1_515' title='bbox 1266 2916 1352 2946; x_wconf 92' lang='lat' dir='ltr'>enim</span> 
     </span>
     <span class='ocr_line' id='line_1_62' title="bbox 291 2957 1352 2998; baseline 0.002 -10"><span class='ocrx_word' id='word_1_516' title='bbox 291 2968 340 2989; x_wconf 87' lang='lat' dir='ltr'>res</span> <span class='ocrx_word' id='word_1_517' title='bbox 363 2957 416 2989; x_wconf 89' lang='lat' dir='ltr'>illa</span> <span class='ocrx_word' id='word_1_518' title='bbox 439 2957 478 2988; x_wconf 91' lang='lat' dir='ltr'>de</span> <span class='ocrx_word' id='word_1_519' title='bbox 501 2958 646 2998; x_wconf 87' lang='lat' dir='ltr'>potentia</span> <span class='ocrx_word' id='word_1_520' title='bbox 669 2957 873 2997; x_wconf 84' lang='lat' dir='ltr'>obedientiali</span> <span class='ocrx_word' id='word_1_521' title='bbox 895 2957 935 2988; x_wconf 89' lang='lat' dir='ltr'>ad</span> <span class='ocrx_word' id='word_1_522' title='bbox 957 2964 1082 2994; x_wconf 91' lang='lat' dir='ltr'>actum,</span> <span class='ocrx_word' id='word_1_523' title='bbox 1110 2969 1185 2989; x_wconf 90' lang='lat' dir='ltr'>curn</span> <span class='ocrx_word' id='word_1_524' title='bbox 1209 2959 1247 2989; x_wconf 92' lang='lat' dir='ltr'>de</span> <span class='ocrx_word' id='word_1_525' title='bbox 1270 2969 1352 2990; x_wconf 92' lang='lat' dir='ltr'>non-</span> 
     </span>
     <span class='ocr_line' id='line_1_63' title="bbox 291 3001 1353 3041; baseline 0.002 -9"><span class='ocrx_word' id='word_1_526' title='bbox 291 3003 503 3034; x_wconf 88' lang='lat' dir='ltr'>instrumento</span> <span class='ocrx_word' id='word_1_527' title='bbox 526 3001 562 3031; x_wconf 90' lang='lat' dir='ltr'>fit</span> <span class='ocrx_word' id='word_1_528' title='bbox 584 3002 848 3032; x_wconf 84' lang='lat' dir='ltr'>instrumentum:</span> <span class='ocrx_word' id='word_1_529' title='bbox 879 3001 968 3041; x_wconf 89' lang='lat' dir='ltr'>quod</span> <span class='ocrx_word' id='word_1_530' title='bbox 992 3001 1059 3032; x_wconf 87' lang='lat' dir='ltr'>fieri</span> <span class='ocrx_word' id='word_1_531' title='bbox 1082 3007 1206 3032; x_wconf 85' lang='lat' dir='ltr'>constat</span> <span class='ocrx_word' id='word_1_532' title='bbox 1229 3012 1267 3033; x_wconf 86' lang='lat' dir='ltr'>ex</span> <span class='ocrx_word' id='word_1_533' title='bbox 1289 3004 1353 3034; x_wconf 87' lang='lat' dir='ltr'>hoc</span> 
     </span>
     <span class='ocr_line' id='line_1_64' title="bbox 291 3045 1352 3087; baseline 0 -10"><span class='ocrx_word' id='word_1_534' title='bbox 291 3046 363 3077; x_wconf 91' lang='lat' dir='ltr'>solo</span> <span class='ocrx_word' id='word_1_535' title='bbox 387 3045 476 3087; x_wconf 91' lang='lat' dir='ltr'>quod</span> <span class='ocrx_word' id='word_1_536' title='bbox 499 3046 586 3076; x_wconf 91' lang='lat' dir='ltr'>Deus</span> <span class='ocrx_word' id='word_1_537' title='bbox 609 3046 708 3076; x_wconf 86' lang='lat' dir='ltr'>utitur</span> <span class='ocrx_word' id='word_1_538' title='bbox 730 3045 784 3076; x_wconf 89' lang='lat' dir='ltr'>illa</span> <span class='ocrx_word' id='word_1_539' title='bbox 804 3046 1083 3076; x_wconf 87' lang='lat' dir='ltr'>instrumentaliter</span> <span class='ocrx_word' id='word_1_540' title='bbox 1106 3046 1145 3076; x_wconf 93' lang='lat' dir='ltr'>ad</span> <span class='ocrx_word' id='word_1_541' title='bbox 1161 3056 1243 3086; x_wconf 91' lang='lat' dir='ltr'>opus</span> <span class='ocrx_word' id='word_1_542' title='bbox 1259 3048 1352 3077; x_wconf 89' lang='lat' dir='ltr'>mira—</span> 
     </span>
     <span class='ocr_line' id='line_1_65' title="bbox 293 3089 1352 3128; baseline 0 -7"><span class='ocrx_word' id='word_1_543' title='bbox 293 3090 450 3122; x_wconf 89' lang='lat' dir='ltr'>culosum.</span> <span class='ocrx_word' id='word_1_544' title='bbox 475 3089 574 3128; x_wconf 90' lang='lat' dir='ltr'>Quod</span> <span class='ocrx_word' id='word_1_545' title='bbox 596 3099 663 3119; x_wconf 92' lang='lat' dir='ltr'>non</span> <span class='ocrx_word' id='word_1_546' title='bbox 687 3099 754 3119; x_wconf 90' lang='lat' dir='ltr'>esse</span> <span class='ocrx_word' id='word_1_547' title='bbox 777 3089 984 3128; x_wconf 90' lang='lat' dir='ltr'>impossibile,</span> <span class='ocrx_word' id='word_1_548' title='bbox 1007 3095 1147 3119; x_wconf 91' lang='lat' dir='ltr'>constat:</span> <span class='ocrx_word' id='word_1_549' title='bbox 1172 3100 1247 3120; x_wconf 91' lang='lat' dir='ltr'>cum</span> <span class='ocrx_word' id='word_1_550' title='bbox 1265 3091 1352 3121; x_wconf 92' lang='lat' dir='ltr'>nulla</span> 
     </span>
     <span class='ocr_line' id='line_1_66' title="bbox 292 3132 1351 3174; baseline 0 -9"><span class='ocrx_word' id='word_1_551' title='bbox 292 3135 332 3165; x_wconf 94' lang='lat' dir='ltr'>sit</span> <span class='ocrx_word' id='word_1_552' title='bbox 353 3135 432 3165; x_wconf 90' lang='lat' dir='ltr'>ratio</span> <span class='ocrx_word' id='word_1_553' title='bbox 456 3133 726 3174; x_wconf 89' lang='lat' dir='ltr'>impossibilitatis.</span> <span class='ocrx_word' id='word_1_554' title='bbox 750 3133 791 3162; x_wconf 90' lang='lat' dir='ltr'>Et</span> <span class='ocrx_word' id='word_1_555' title='bbox 814 3132 1010 3172; x_wconf 91' lang='lat' dir='ltr'>quandoque</span> <span class='ocrx_word' id='word_1_556' title='bbox 1026 3132 1064 3163; x_wconf 91' lang='lat' dir='ltr'>de</span> <span class='ocrx_word' id='word_1_557' title='bbox 1081 3132 1164 3164; x_wconf 90' lang='lat' dir='ltr'>facto</span> <span class='ocrx_word' id='word_1_558' title='bbox 1184 3135 1229 3164; x_wconf 92' lang='lat' dir='ltr'>sic</span> <span class='ocrx_word' id='word_1_559' title='bbox 1244 3133 1351 3171; x_wconf 86' lang='lat' dir='ltr'>fuisse,</span> 
     </span>
     <span class='ocr_line' id='line_1_67' title="bbox 292 3176 1351 3218; baseline 0 -10"><span class='ocrx_word' id='word_1_560' title='bbox 292 3177 439 3218; x_wconf 80' lang='lat' dir='ltr'>Gregorii</span> <span class='ocrx_word' id='word_1_561' title='bbox 455 3178 640 3208; x_wconf 86' lang='lat' dir='ltr'>auctoritate</span> <span class='ocrx_word' id='word_1_562' title='bbox 663 3182 758 3217; x_wconf 91' lang='lat' dir='ltr'>patet,</span> <span class='ocrx_word' id='word_1_563' title='bbox 782 3177 815 3206; x_wconf 90' lang='lat' dir='ltr'>in</span> <span class='ocrx_word' id='word_1_564' title='bbox 831 3176 857 3206; x_wconf 93' lang='lat'>11</span> <span class='ocrx_word' id='word_1_565' title='bbox 873 3176 1007 3218; x_wconf 79' lang='lat' dir='ltr'>Dialog.</span> <span class='ocrx_word' id='word_1_566' title='bbox 1019 3177 1046 3212; x_wconf 70' lang='lat'>*,</span> <span class='ocrx_word' id='word_1_567' title='bbox 1062 3178 1210 3216; x_wconf 89' lang='lat' dir='ltr'>ponentis</span> <span class='ocrx_word' id='word_1_568' title='bbox 1226 3184 1351 3208; x_wconf 88' lang='lat' dir='ltr'>sanctos</span> 
     </span>
     <span class='ocr_line' id='line_1_68' title="bbox 293 3219 1351 3262; baseline -0.001 -9"><span class='ocrx_word' id='word_1_569' title='bbox 293 3231 332 3253; x_wconf 83' lang='lat' dir='ltr'>ex</span> <span class='ocrx_word' id='word_1_570' title='bbox 359 3227 516 3262; x_wconf 88' lang='lat' dir='ltr'>potestate</span> <span class='ocrx_word' id='word_1_571' title='bbox 547 3220 743 3261; x_wconf 88' lang='lat' dir='ltr'>quandoque</span> <span class='ocrx_word' id='word_1_572' title='bbox 772 3220 924 3250; x_wconf 88' lang='lat' dir='ltr'>miracula</span> <span class='ocrx_word' id='word_1_573' title='bbox 954 3219 1067 3250; x_wconf 84' lang='lat' dir='ltr'>facere.</span> <span class='ocrx_word' id='word_1_574' title='bbox 1101 3220 1143 3250; x_wconf 94' lang='lat' dir='ltr'>Et</span> <span class='ocrx_word' id='word_1_575' title='bbox 1163 3230 1236 3252; x_wconf 86' lang='lat' dir='ltr'>vere</span> <span class='ocrx_word' id='word_1_576' title='bbox 1260 3221 1351 3252; x_wconf 90' lang='lat' dir='ltr'>decet</span> 
     </span>
     <span class='ocr_line' id='line_1_69' title="bbox 292 3263 1350 3304; baseline -0.003 -7"><span class='ocrx_word' id='word_1_577' title='bbox 292 3265 432 3297; x_wconf 79' lang='lat' dir='ltr'>divinam</span> <span class='ocrx_word' id='word_1_578' title='bbox 450 3266 667 3297; x_wconf 87' lang='lat' dir='ltr'>liberalitatem</span> <span class='ocrx_word' id='word_1_579' title='bbox 683 3265 805 3295; x_wconf 87' lang='lat' dir='ltr'>elevare</span> <span class='ocrx_word' id='word_1_580' title='bbox 821 3265 915 3294; x_wconf 87' lang='lat' dir='ltr'>etiam</span> <span class='ocrx_word' id='word_1_581' title='bbox 930 3265 964 3294; x_wconf 93' lang='lat' dir='ltr'>in</span> <span class='ocrx_word' id='word_1_582' title='bbox 979 3264 1043 3294; x_wconf 92' lang='lat' dir='ltr'>hoc</span> <span class='ocrx_word' id='word_1_583' title='bbox 1058 3263 1215 3304; x_wconf 90' lang='lat' dir='ltr'>quosdam</span> <span class='ocrx_word' id='word_1_584' title='bbox 1231 3266 1350 3295; x_wconf 89' lang='lat' dir='ltr'>amicos</span> 
     </span>
     <span class='ocr_line' id='line_1_70' title="bbox 292 3307 1350 3346; baseline -0.001 -6"><span class='ocrx_word' id='word_1_585' title='bbox 292 3319 382 3346; x_wconf 85' lang='lat' dir='ltr'>suos,</span> <span class='ocrx_word' id='word_1_586' title='bbox 405 3314 442 3340; x_wconf 93' lang='lat' dir='ltr'>ut</span> <span class='ocrx_word' id='word_1_587' title='bbox 464 3309 559 3340; x_wconf 91' lang='lat' dir='ltr'>etiam</span> <span class='ocrx_word' id='word_1_588' title='bbox 591 3308 796 3339; x_wconf 82' lang='lat' dir='ltr'>coeffectores</span> <span class='ocrx_word' id='word_1_589' title='bbox 826 3308 1053 3338; x_wconf 88' lang='lat' dir='ltr'>miraculorum</span> <span class='ocrx_word' id='word_1_590' title='bbox 1081 3307 1204 3343; x_wconf 85' lang='lat' dir='ltr'>efficiat,</span> <span class='ocrx_word' id='word_1_591' title='bbox 1229 3314 1261 3338; x_wconf 92' lang='lat' dir='ltr'>et</span> <span class='ocrx_word' id='word_1_592' title='bbox 1282 3318 1350 3339; x_wconf 92' lang='lat' dir='ltr'>non</span> 
     </span>
     <span class='ocr_line' id='line_1_71' title="bbox 293 3353 964 3384; baseline -0.004 0"><span class='ocrx_word' id='word_1_593' title='bbox 293 3353 399 3384; x_wconf 87' lang='lat' dir='ltr'>solum</span> <span class='ocrx_word' id='word_1_594' title='bbox 421 3353 633 3383; x_wconf 86' lang='lat' dir='ltr'>benemeritos</span> <span class='ocrx_word' id='word_1_595' title='bbox 656 3358 710 3382; x_wconf 90' lang='lat' dir='ltr'>aut</span> <span class='ocrx_word' id='word_1_596' title='bbox 733 3353 964 3382; x_wconf 86' lang='lat' dir='ltr'>intercessores.</span> 
     </span>
    </p>

    <p class='ocr_par' dir='ltr' id='par_1_10' title="bbox 293 3395 1350 3655">
     <span class='ocr_line' id='line_1_72' title="bbox 347 3395 1348 3437; baseline -0.002 -10"><span class='ocrx_word' id='word_1_597' title='bbox 347 3397 389 3427; x_wconf 89' lang='lat' dir='ltr'>Et</span> <span class='ocrx_word' id='word_1_598' title='bbox 403 3397 479 3437; x_wconf 91' lang='lat' dir='ltr'>quia</span> <span class='ocrx_word' id='word_1_599' title='bbox 494 3397 727 3436; x_wconf 89' lang='lat' dir='ltr'>omnipotentia</span> <span class='ocrx_word' id='word_1_600' title='bbox 742 3405 810 3426; x_wconf 90' lang='lat' dir='ltr'>non</span> <span class='ocrx_word' id='word_1_601' title='bbox 822 3401 868 3426; x_wconf 90' lang='lat' dir='ltr'>est</span> <span class='ocrx_word' id='word_1_602' title='bbox 884 3395 1007 3435; x_wconf 88' lang='lat' dir='ltr'>alligata</span> <span class='ocrx_word' id='word_1_603' title='bbox 1019 3395 1110 3425; x_wconf 87' lang='lat' dir='ltr'>certis</span> <span class='ocrx_word' id='word_1_604' title='bbox 1122 3395 1348 3431; x_wconf 87' lang='lat' dir='ltr'>instrumentis,</span> 
     </span>
     <span class='ocr_line' id='line_1_73' title="bbox 293 3438 1350 3480; baseline -0.001 -10"><span class='ocrx_word' id='word_1_605' title='bbox 293 3439 372 3470; x_wconf 89' lang='lat' dir='ltr'>locis</span> <span class='ocrx_word' id='word_1_606' title='bbox 395 3446 450 3471; x_wconf 92' lang='lat' dir='ltr'>aut</span> <span class='ocrx_word' id='word_1_607' title='bbox 469 3441 768 3480; x_wconf 89' lang='lat' dir='ltr'>propinquitatibus,</span> <span class='ocrx_word' id='word_1_608' title='bbox 789 3439 863 3470; x_wconf 82' lang='lat' dir='ltr'>ideo</span> <span class='ocrx_word' id='word_1_609' title='bbox 878 3449 945 3470; x_wconf 92' lang='lat' dir='ltr'>non</span> <span class='ocrx_word' id='word_1_610' title='bbox 961 3438 1055 3469; x_wconf 86' lang='lat' dir='ltr'>refert</span> <span class='ocrx_word' id='word_1_611' title='bbox 1071 3439 1180 3478; x_wconf 91' lang='lat' dir='ltr'>quavis</span> <span class='ocrx_word' id='word_1_612' title='bbox 1195 3449 1229 3469; x_wconf 87' lang='lat' dir='ltr'>re</span> <span class='ocrx_word' id='word_1_613' title='bbox 1244 3444 1350 3469; x_wconf 88' lang='lat' dir='ltr'>utatur</span> 
     </span>
     <span class='ocr_line' id='line_1_74' title="bbox 294 3483 1348 3524; baseline -0.002 -10"><span class='ocrx_word' id='word_1_614' title='bbox 294 3483 390 3518; x_wconf 67' lang='lat' dir='ltr'>Deus,</span> <span class='ocrx_word' id='word_1_615' title='bbox 403 3484 681 3514; x_wconf 86' lang='lat' dir='ltr'>instrumentaliter</span> <span class='ocrx_word' id='word_1_616' title='bbox 703 3483 743 3514; x_wconf 92' lang='lat' dir='ltr'>ad</span> <span class='ocrx_word' id='word_1_617' title='bbox 765 3483 996 3524; x_wconf 89' lang='lat' dir='ltr'>quodcumque</span> <span class='ocrx_word' id='word_1_618' title='bbox 1018 3483 1217 3513; x_wconf 68' lang='lat' dir='ltr'>miraculum.</span> <span class='ocrx_word' id='word_1_619' title='bbox 1249 3483 1348 3519; x_wconf 90' lang='lat' dir='ltr'>Nam,</span> 
     </span>
     <span class='ocr_line' id='line_1_75' title="bbox 294 3526 1349 3567; baseline 0 -11"><span class='ocrx_word' id='word_1_620' title='bbox 294 3526 376 3557; x_wconf 87' lang='lat' dir='ltr'>sicut</span> <span class='ocrx_word' id='word_1_621' title='bbox 396 3533 502 3567; x_wconf 85' lang='lat' dir='ltr'>potest</span> <span class='ocrx_word' id='word_1_622' title='bbox 524 3528 591 3558; x_wconf 88' lang='lat' dir='ltr'>sine</span> <span class='ocrx_word' id='word_1_623' title='bbox 613 3528 824 3558; x_wconf 88' lang='lat' dir='ltr'>instrumento</span> <span class='ocrx_word' id='word_1_624' title='bbox 849 3536 931 3566; x_wconf 92' lang='lat' dir='ltr'>opus</span> <span class='ocrx_word' id='word_1_625' title='bbox 954 3526 1033 3556; x_wconf 90' lang='lat' dir='ltr'>illud</span> <span class='ocrx_word' id='word_1_626' title='bbox 1053 3526 1213 3566; x_wconf 89' lang='lat' dir='ltr'>perficere,</span> <span class='ocrx_word' id='word_1_627' title='bbox 1233 3527 1275 3556; x_wconf 93' lang='lat' dir='ltr'>ita</span> <span class='ocrx_word' id='word_1_628' title='bbox 1290 3536 1349 3566; x_wconf 91' lang='lat' dir='ltr'>po-</span> 
     </span>
     <span class='ocr_line' id='line_1_76' title="bbox 293 3570 1349 3611; baseline 0 -11"><span class='ocrx_word' id='word_1_629' title='bbox 293 3575 355 3600; x_wconf 89' lang='lat' dir='ltr'>test</span> <span class='ocrx_word' id='word_1_630' title='bbox 375 3580 443 3601; x_wconf 89' lang='lat' dir='ltr'>non</span> <span class='ocrx_word' id='word_1_631' title='bbox 465 3571 570 3602; x_wconf 91' lang='lat' dir='ltr'>solum</span> <span class='ocrx_word' id='word_1_632' title='bbox 594 3571 717 3601; x_wconf 90' lang='lat' dir='ltr'>efficere</span> <span class='ocrx_word' id='word_1_633' title='bbox 740 3581 797 3611; x_wconf 89' lang='lat' dir='ltr'>per</span> <span class='ocrx_word' id='word_1_634' title='bbox 819 3571 1074 3606; x_wconf 87' lang='lat' dir='ltr'>instrumentum,</span> <span class='ocrx_word' id='word_1_635' title='bbox 1099 3570 1154 3600; x_wconf 91' lang='lat' dir='ltr'>sed</span> <span class='ocrx_word' id='word_1_636' title='bbox 1174 3580 1231 3610; x_wconf 87' lang='lat' dir='ltr'>per</span> <span class='ocrx_word' id='word_1_637' title='bbox 1246 3570 1349 3610; x_wconf 93' lang='lat' dir='ltr'>quod-</span> 
     </span>
     <span class='ocr_line' id='line_1_77' title="bbox 295 3614 1348 3655; baseline 0 -11"><span class='ocrx_word' id='word_1_638' title='bbox 295 3623 445 3654; x_wconf 89' lang='lat' dir='ltr'>cumque,</span> <span class='ocrx_word' id='word_1_639' title='bbox 470 3620 501 3645; x_wconf 89' lang='lat' dir='ltr'>et</span> <span class='ocrx_word' id='word_1_640' title='bbox 522 3615 719 3655; x_wconf 86' lang='lat' dir='ltr'>ubicumque</span> <span class='ocrx_word' id='word_1_641' title='bbox 743 3616 861 3650; x_wconf 88' lang='lat' dir='ltr'>existat,</span> <span class='ocrx_word' id='word_1_642' title='bbox 887 3620 917 3644; x_wconf 90' lang='lat' dir='ltr'>et</span> <span class='ocrx_word' id='word_1_643' title='bbox 934 3620 1230 3654; x_wconf 86' lang='lat' dir='ltr'>quantumcumque</span> <span class='ocrx_word' id='word_1_644' title='bbox 1247 3614 1348 3645; x_wconf 90' lang='lat' dir='ltr'>distet.</span> 
     </span>
    </p>
   </div>
   <div class='ocr_carea' id='block_1_8' title="bbox 1385 420 1393 1017">
    <p class='ocr_par' dir='ltr' id='par_1_11' title="bbox 1385 420 1393 1017">
     <span class='ocr_line' id='line_1_78' title="bbox 1385 420 1393 1017; baseline 0 0"><span class='ocrx_word' id='word_1_645' title='bbox 1385 420 1393 1017; x_wconf 95' lang='lat' dir='ltr'> </span> 
     </span>
    </p>
   </div>
   <div class='ocr_carea' id='block_1_9' title="bbox 1375 2665 1381 3315">
    <p class='ocr_par' dir='ltr' id='par_1_12' title="bbox 1375 2665 1381 3315">
     <span class='ocr_line' id='line_1_79' title="bbox 1375 2665 1381 3315; baseline 0 0"><span class='ocrx_word' id='word_1_646' title='bbox 1375 2665 1381 3315; x_wconf 95' lang='lat' dir='ltr'> </span> 
     </span>
    </p>
   </div>
   <div class='ocr_carea' id='block_1_10' title="bbox 1414 366 2480 893">
    <p class='ocr_par' dir='ltr' id='par_1_13' title="bbox 1416 366 2480 803">
     <span class='ocr_line' id='line_1_80' title="bbox 1419 366 2480 411; baseline 0.005 -13"><span class='ocrx_word' id='word_1_647' title='bbox 1419 366 1533 408; x_wconf 90' lang='lat' dir='ltr'>Neque</span> <span class='ocrx_word' id='word_1_648' title='bbox 1557 370 1643 399; x_wconf 92' lang='lat' dir='ltr'>enim</span> <span class='ocrx_word' id='word_1_649' title='bbox 1666 370 1820 400; x_wconf 90' lang='lat' dir='ltr'>minuitur</span> <span class='ocrx_word' id='word_1_650' title='bbox 1843 375 1896 400; x_wconf 91' lang='lat' dir='ltr'>aut</span> <span class='ocrx_word' id='word_1_651' title='bbox 1915 376 2050 400; x_wconf 86' lang='lat' dir='ltr'>arctatur</span> <span class='ocrx_word' id='word_1_652' title='bbox 2069 371 2302 411; x_wconf 89' lang='lat' dir='ltr'>omnipotentia</span> <span class='ocrx_word' id='word_1_653' title='bbox 2319 371 2424 402; x_wconf 91' lang='lat' dir='ltr'>divina</span> <span class='ocrx_word' id='word_1_654' title='bbox 2440 372 2480 403; x_wconf 91' lang='lat' dir='ltr'>ad</span> 
     </span>
     <span class='ocr_line' id='line_1_81' title="bbox 1419 411 2479 453; baseline 0.005 -12"><span class='ocrx_word' id='word_1_655' title='bbox 1419 411 1534 442; x_wconf 88' lang='lat' dir='ltr'>limites</span> <span class='ocrx_word' id='word_1_656' title='bbox 1557 413 1757 443; x_wconf 90' lang='lat' dir='ltr'>instrumenti</span> <span class='ocrx_word' id='word_1_657' title='bbox 1781 413 1870 453; x_wconf 92' lang='lat' dir='ltr'>quod</span> <span class='ocrx_word' id='word_1_658' title='bbox 1893 415 2038 444; x_wconf 88' lang='lat' dir='ltr'>assumit:</span> <span class='ocrx_word' id='word_1_659' title='bbox 2069 414 2123 445; x_wconf 91' lang='lat' dir='ltr'>sed</span> <span class='ocrx_word' id='word_1_660' title='bbox 2147 415 2392 446; x_wconf 89' lang='lat' dir='ltr'>instrumentum</span> <span class='ocrx_word' id='word_1_661' title='bbox 2415 416 2479 446; x_wconf 91' lang='lat' dir='ltr'>ele-</span> 
     </span>
     <span class='ocr_line' id='line_1_82' title="bbox 1419 456 2479 496; baseline 0.005 -12"><span class='ocrx_word' id='word_1_662' title='bbox 1419 461 1509 485; x_wconf 88' lang='lat' dir='ltr'>vatur</span> <span class='ocrx_word' id='word_1_663' title='bbox 1532 456 1571 486; x_wconf 88' lang='lat' dir='ltr'>ad</span> <span class='ocrx_word' id='word_1_664' title='bbox 1595 457 1846 496; x_wconf 89' lang='lat' dir='ltr'>omnipotentiae</span> <span class='ocrx_word' id='word_1_665' title='bbox 1871 459 2092 488; x_wconf 88' lang='lat' dir='ltr'>executionem</span> <span class='ocrx_word' id='word_1_666' title='bbox 2121 459 2154 488; x_wconf 91' lang='lat' dir='ltr'>in</span> <span class='ocrx_word' id='word_1_667' title='bbox 2178 459 2231 488; x_wconf 89' lang='lat' dir='ltr'>tali</span> <span class='ocrx_word' id='word_1_668' title='bbox 2254 460 2408 489; x_wconf 90' lang='lat' dir='ltr'>miraculo</span> <span class='ocrx_word' id='word_1_669' title='bbox 2439 459 2479 490; x_wconf 92' lang='lat' dir='ltr'>ad</span> 
     </span>
     <span class='ocr_line' id='line_1_83' title="bbox 1419 499 2477 542; baseline 0.004 -13"><span class='ocrx_word' id='word_1_670' title='bbox 1419 499 1508 538; x_wconf 92' lang='lat' dir='ltr'>quod</span> <span class='ocrx_word' id='word_1_671' title='bbox 1531 499 1734 531; x_wconf 90' lang='lat' dir='ltr'>efficiendum</span> <span class='ocrx_word' id='word_1_672' title='bbox 1757 501 1920 531; x_wconf 90' lang='lat' dir='ltr'>ordinatur</span> <span class='ocrx_word' id='word_1_673' title='bbox 1936 502 1974 531; x_wconf 89' lang='lat' dir='ltr'>ab</span> <span class='ocrx_word' id='word_1_674' title='bbox 1990 502 2067 541; x_wconf 89' lang='lat' dir='ltr'>ipsa.</span> <span class='ocrx_word' id='word_1_675' title='bbox 2092 502 2132 531; x_wconf 88' lang='lat' dir='ltr'>Et</span> <span class='ocrx_word' id='word_1_676' title='bbox 2154 508 2322 542; x_wconf 88' lang='lat' dir='ltr'>propterea</span> <span class='ocrx_word' id='word_1_677' title='bbox 2344 504 2477 539; x_wconf 89' lang='lat' dir='ltr'>Auctor,</span> 
     </span>
     <span class='ocr_line' id='line_1_84' title="bbox 1418 542 2477 585; baseline 0.005 -13"><span class='ocrx_word' id='word_1_678' title='bbox 1418 542 1451 572; x_wconf 90' lang='lat' dir='ltr'>in</span> <span class='ocrx_word' id='word_1_679' title='bbox 1475 543 1622 574; x_wconf 88' lang='lat' dir='ltr'>Secunda</span> <span class='ocrx_word' id='word_1_680' title='bbox 1646 544 1827 580; x_wconf 89' lang='lat' dir='ltr'>Secundae,</span> <span class='ocrx_word' id='word_1_681' title='bbox 1860 554 1913 585; x_wconf 90' lang='lat' dir='ltr'>qu.</span> <span class='ocrx_word' id='word_1_682' title='bbox 1936 555 2088 581; x_wconf 83' lang='lat' dir='ltr'>eLxxvm,</span> <span class='ocrx_word' id='word_1_683' title='bbox 2114 551 2168 575; x_wconf 90' lang='lat' dir='ltr'>art.</span> <span class='ocrx_word' id='word_1_684' title='bbox 2190 554 2216 581; x_wconf 90' lang='lat'>1,</span> <span class='ocrx_word' id='word_1_685' title='bbox 2241 546 2280 576; x_wconf 89' lang='lat' dir='ltr'>ad</span> <span class='ocrx_word' id='word_1_686' title='bbox 2302 555 2329 582; x_wconf 90' lang='lat'>1,</span> <span class='ocrx_word' id='word_1_687' title='bbox 2361 547 2399 577; x_wconf 94' lang='lat' dir='ltr'>de</span> <span class='ocrx_word' id='word_1_688' title='bbox 2430 548 2477 577; x_wconf 89' lang='lat' dir='ltr'>his</span> 
     </span>
     <span class='ocr_line' id='line_1_85' title="bbox 1417 586 2479 628; baseline 0.005 -13"><span class='ocrx_word' id='word_1_689' title='bbox 1417 586 1563 626; x_wconf 91' lang='lat' dir='ltr'>loquens,</span> <span class='ocrx_word' id='word_1_690' title='bbox 1588 587 1664 617; x_wconf 89' lang='lat' dir='ltr'>dicit</span> <span class='ocrx_word' id='word_1_691' title='bbox 1687 588 1775 628; x_wconf 90' lang='lat' dir='ltr'>quod</span> <span class='ocrx_word' id='word_1_692' title='bbox 1798 589 1887 619; x_wconf 84' lang='lat' dir='ltr'>Deus</span> <span class='ocrx_word' id='word_1_693' title='bbox 1911 590 2013 619; x_wconf 85' lang='lat' dir='ltr'>utitur</span> <span class='ocrx_word' id='word_1_694' title='bbox 2028 590 2314 620; x_wconf 83' lang='lat' dir='ltr'>instrumentaliter</span> <span class='ocrx_word' id='word_1_695' title='bbox 2329 591 2479 621; x_wconf 85' lang='lat' dir='ltr'>interiori</span> 
     </span>
     <span class='ocr_line' id='line_1_86' title="bbox 1417 631 2478 670; baseline 0.005 -10"><span class='ocrx_word' id='word_1_696' title='bbox 1417 635 1491 660; x_wconf 86' lang='lat' dir='ltr'>actu</span> <span class='ocrx_word' id='word_1_697' title='bbox 1513 631 1667 667; x_wconf 84' lang='lat' dir='ltr'>hominis,</span> <span class='ocrx_word' id='word_1_698' title='bbox 1691 633 1742 662; x_wconf 80' lang='lat' dir='ltr'>vel</span> <span class='ocrx_word' id='word_1_699' title='bbox 1764 633 1832 662; x_wconf 84' lang='lat' dir='ltr'>eius</span> <span class='ocrx_word' id='word_1_700' title='bbox 1856 633 2033 668; x_wconf 80' lang='lat' dir='ltr'>locutione,</span> <span class='ocrx_word' id='word_1_701' title='bbox 2062 635 2112 664; x_wconf 81' lang='lat' dir='ltr'>vel</span> <span class='ocrx_word' id='word_1_702' title='bbox 2134 639 2208 664; x_wconf 84' lang='lat' dir='ltr'>actu</span> <span class='ocrx_word' id='word_1_703' title='bbox 2232 634 2403 670; x_wconf 81' lang='lat' dir='ltr'>exteriori,</span> <span class='ocrx_word' id='word_1_704' title='bbox 2428 635 2478 665; x_wconf 76' lang='lat' dir='ltr'>vel</span> 
     </span>
     <span class='ocr_line' id='line_1_87' title="bbox 1416 676 2475 718; baseline 0.005 -15"><span class='ocrx_word' id='word_1_705' title='bbox 1416 679 1565 705; x_wconf 84' lang='lat' dir='ltr'>contactu</span> <span class='ocrx_word' id='word_1_706' title='bbox 1596 676 1734 706; x_wconf 83' lang='lat' dir='ltr'>alicuius</span> <span class='ocrx_word' id='word_1_707' title='bbox 1763 677 1927 716; x_wconf 81' lang='lat' dir='ltr'>corporis,</span> <span class='ocrx_word' id='word_1_708' title='bbox 1960 678 2056 707; x_wconf 85' lang='lat' dir='ltr'>etiam</span> <span class='ocrx_word' id='word_1_709' title='bbox 2080 679 2215 708; x_wconf 88' lang='lat' dir='ltr'>mortui:</span> <span class='ocrx_word' id='word_1_710' title='bbox 2249 679 2392 717; x_wconf 89' lang='lat' dir='ltr'>quamvis</span> <span class='ocrx_word' id='word_1_711' title='bbox 2416 688 2475 718; x_wconf 88' lang='lat' dir='ltr'>ego</span> 
     </span>
     <span class='ocr_line' id='line_1_88' title="bbox 1416 719 2476 762; baseline 0.006 -15"><span class='ocrx_word' id='word_1_712' title='bbox 1416 723 1492 748; x_wconf 89' lang='lat' dir='ltr'>tunc</span> <span class='ocrx_word' id='word_1_713' title='bbox 1515 719 1621 755; x_wconf 85' lang='lat' dir='ltr'>minus</span> <span class='ocrx_word' id='word_1_714' title='bbox 1644 720 1867 759; x_wconf 87' lang='lat' dir='ltr'>perspicaciter</span> <span class='ocrx_word' id='word_1_715' title='bbox 1887 726 2008 751; x_wconf 86' lang='lat' dir='ltr'>textum</span> <span class='ocrx_word' id='word_1_716' title='bbox 2024 722 2115 752; x_wconf 91' lang='lat' dir='ltr'>illum</span> <span class='ocrx_word' id='word_1_717' title='bbox 2138 723 2339 762; x_wconf 88' lang='lat' dir='ltr'>exposuerim</span> <span class='ocrx_word' id='word_1_718' title='bbox 2355 723 2385 758; x_wconf 49' lang='grc' dir='ltr'><strong>ἡ</strong></span> <span class='ocrx_word' id='word_1_719' title='bbox 2409 732 2476 752; x_wconf 90' lang='lat' dir='ltr'>non</span> 
     </span>
     <span class='ocr_line' id='line_1_89' title="bbox 1417 762 2128 803; baseline 0.007 -12"><span class='ocrx_word' id='word_1_720' title='bbox 1417 762 1502 791; x_wconf 91' lang='lat' dir='ltr'>enim</span> <span class='ocrx_word' id='word_1_721' title='bbox 1525 762 1670 793; x_wconf 87' lang='lat' dir='ltr'>illuxerat</span> <span class='ocrx_word' id='word_1_722' title='bbox 1691 764 1769 793; x_wconf 90' lang='lat' dir='ltr'>mihi</span> <span class='ocrx_word' id='word_1_723' title='bbox 1793 764 1883 803; x_wconf 93' lang='lat' dir='ltr'>quod</span> <span class='ocrx_word' id='word_1_724' title='bbox 1905 765 2004 795; x_wconf 91' lang='lat' dir='ltr'>modo</span> <span class='ocrx_word' id='word_1_725' title='bbox 2028 765 2128 796; x_wconf 84' lang='lat' dir='ltr'>trado.</span> 
     </span>
    </p>

    <p class='ocr_par' dir='ltr' id='par_1_14' title="bbox 1414 806 2476 893">
     <span class='ocr_line' id='line_1_90' title="bbox 1471 806 2475 849; baseline 0.005 -14"><span class='ocrx_word' id='word_1_726' title='bbox 1471 806 1510 835; x_wconf 91' lang='lat' dir='ltr'>Et</span> <span class='ocrx_word' id='word_1_727' title='bbox 1527 808 1681 846; x_wconf 89' lang='lat' dir='ltr'>quoniam</span> <span class='ocrx_word' id='word_1_728' title='bbox 1697 808 1796 838; x_wconf 87' lang='lat' dir='ltr'>homo</span> <span class='ocrx_word' id='word_1_729' title='bbox 1814 807 1958 839; x_wconf 89' lang='lat' dir='ltr'>Christus</span> <span class='ocrx_word' id='word_1_730' title='bbox 1975 809 2061 839; x_wconf 87' lang='lat' dir='ltr'>Iesus</span> <span class='ocrx_word' id='word_1_731' title='bbox 2080 810 2312 849; x_wconf 89' lang='lat' dir='ltr'>plenitudinem</span> <span class='ocrx_word' id='word_1_732' title='bbox 2329 811 2475 840; x_wconf 88' lang='lat' dir='ltr'>omnium</span> 
     </span>
     <span class='ocr_line' id='line_1_91' title="bbox 1414 850 2476 893; baseline 0.005 -14"><span class='ocrx_word' id='word_1_733' title='bbox 1414 850 1584 888; x_wconf 85' lang='lat' dir='ltr'>gratiarum</span> <span class='ocrx_word' id='word_1_734' title='bbox 1608 851 1726 886; x_wconf 89' lang='lat' dir='ltr'>habuit,</span> <span class='ocrx_word' id='word_1_735' title='bbox 1752 861 1953 891; x_wconf 89' lang='lat' dir='ltr'>consequens</span> <span class='ocrx_word' id='word_1_736' title='bbox 1973 859 2019 883; x_wconf 87' lang='lat' dir='ltr'>est</span> <span class='ocrx_word' id='word_1_737' title='bbox 2041 859 2077 883; x_wconf 91' lang='lat' dir='ltr'>ut</span> <span class='ocrx_word' id='word_1_738' title='bbox 2100 854 2205 884; x_wconf 91' lang='lat' dir='ltr'>anima</span> <span class='ocrx_word' id='word_1_739' title='bbox 2228 864 2294 889; x_wconf 90' lang='lat' dir='ltr'>sua,</span> <span class='ocrx_word' id='word_1_740' title='bbox 2319 859 2476 893; x_wconf 92' lang='lat' dir='ltr'>quatenus</span> 
     </span>
    </p>
   </div>
   <div class='ocr_carea' id='block_1_11' title="bbox 2504 722 2714 770">
    <p class='ocr_par' dir='ltr' id='par_1_15' title="bbox 2504 722 2714 770">
     <span class='ocr_line' id='line_1_92' title="bbox 2505 722 2714 746; baseline 0.01 -2"><span class='ocrx_word' id='word_1_741' title='bbox 2505 722 2714 746; x_wconf 60' lang='lat' dir='ltr'>’Commentnunm</span> 
     </span>
     <span class='ocr_line' id='line_1_93' title="bbox 2504 754 2530 770; baseline 0.038 -1"><span class='ocrx_word' id='word_1_742' title='bbox 2504 754 2530 770; x_wconf 89' lang='lat' dir='ltr'>n.</span> 
     </span>
    </p>
   </div>
   <div class='ocr_carea' id='block_1_12' title="bbox 1415 893 2533 937">
    <p class='ocr_par' dir='ltr' id='par_1_16' title="bbox 1415 893 2533 937">
     <span class='ocr_line' id='line_1_94' title="bbox 1415 893 2533 937; baseline 0.005 -15"><span class='ocrx_word' id='word_1_743' title='bbox 1415 893 1513 923; x_wconf 87' lang='lat' dir='ltr'>divini</span> <span class='ocrx_word' id='word_1_744' title='bbox 1536 894 1632 924; x_wconf 88' lang='lat' dir='ltr'>Verbi</span> <span class='ocrx_word' id='word_1_745' title='bbox 1654 895 1901 926; x_wconf 88' lang='lat' dir='ltr'>instrumentum</span> <span class='ocrx_word' id='word_1_746' title='bbox 1924 906 1990 926; x_wconf 94' lang='lat' dir='ltr'>non</span> <span class='ocrx_word' id='word_1_747' title='bbox 2007 898 2253 937; x_wconf 90' lang='lat' dir='ltr'>qualecumque,</span> <span class='ocrx_word' id='word_1_748' title='bbox 2270 898 2325 928; x_wconf 91' lang='lat' dir='ltr'>sed</span> <span class='ocrx_word' id='word_1_749' title='bbox 2341 898 2476 928; x_wconf 87' lang='lat' dir='ltr'>coniun-</span> <span class='ocrx_word' id='word_1_750' title='bbox 2530 929 2533 931; x_wconf 63' lang='grc'><strong>,</strong></span> 
     </span>
    </p>
   </div>
   <div class='ocr_carea' id='block_1_13' title="bbox 1403 939 2475 3654">
    <p class='ocr_par' dir='ltr' id='par_1_17' title="bbox 1413 939 2475 1196">
     <span class='ocr_line' id='line_1_95' title="bbox 1415 939 2475 981; baseline 0.005 -14"><span class='ocrx_word' id='word_1_751' title='bbox 1415 942 1519 972; x_wconf 87' lang='lat' dir='ltr'>ctum,</span> <span class='ocrx_word' id='word_1_752' title='bbox 1545 939 1653 968; x_wconf 91' lang='lat' dir='ltr'>omnia</span> <span class='ocrx_word' id='word_1_753' title='bbox 1676 940 1776 978; x_wconf 89' lang='lat' dir='ltr'>possit</span> <span class='ocrx_word' id='word_1_754' title='bbox 1798 940 1988 970; x_wconf 90' lang='lat' dir='ltr'>miraculosa</span> <span class='ocrx_word' id='word_1_755' title='bbox 2011 951 2108 980; x_wconf 88' lang='lat' dir='ltr'>opera</span> <span class='ocrx_word' id='word_1_756' title='bbox 2133 941 2265 971; x_wconf 87' lang='lat' dir='ltr'>efficere.</span> <span class='ocrx_word' id='word_1_757' title='bbox 2301 942 2368 971; x_wconf 90' lang='lat' dir='ltr'>Nec</span> <span class='ocrx_word' id='word_1_758' title='bbox 2392 951 2475 981; x_wconf 92' lang='lat' dir='ltr'>opus</span> 
     </span>
     <span class='ocr_line' id='line_1_96' title="bbox 1415 983 2475 1025; baseline 0.005 -15"><span class='ocrx_word' id='word_1_759' title='bbox 1415 987 1461 1010; x_wconf 92' lang='lat' dir='ltr'>est</span> <span class='ocrx_word' id='word_1_760' title='bbox 1484 991 1634 1020; x_wconf 87' lang='lat' dir='ltr'>quaerere</span> <span class='ocrx_word' id='word_1_761' title='bbox 1658 983 1757 1013; x_wconf 91' lang='lat' dir='ltr'>alium</span> <span class='ocrx_word' id='word_1_762' title='bbox 1775 983 1920 1019; x_wconf 90' lang='lat' dir='ltr'>modum,</span> <span class='ocrx_word' id='word_1_763' title='bbox 1934 990 1991 1020; x_wconf 77' lang='lat' dir='ltr'>,aut</span> <span class='ocrx_word' id='word_1_764' title='bbox 2008 985 2085 1024; x_wconf 92' lang='lat' dir='ltr'>quid</span> <span class='ocrx_word' id='word_1_765' title='bbox 2101 991 2132 1015; x_wconf 90' lang='lat' dir='ltr'>et</span> <span class='ocrx_word' id='word_1_766' title='bbox 2148 986 2292 1024; x_wconf 86' lang='lat' dir='ltr'>qualiter,</span> <span class='ocrx_word' id='word_1_767' title='bbox 2309 986 2369 1015; x_wconf 89' lang='lat' dir='ltr'>nisi</span> <span class='ocrx_word' id='word_1_768' title='bbox 2386 985 2475 1025; x_wconf 93' lang='lat' dir='ltr'>quod</span> 
     </span>
     <span class='ocr_line' id='line_1_97' title="bbox 1413 1024 2474 1059; baseline 0.005 -5"><span class='ocrx_word' id='word_1_769' title='bbox 1413 1024 1556 1055; x_wconf 89' lang='lat' dir='ltr'>Verbum</span> <span class='ocrx_word' id='word_1_770' title='bbox 1575 1031 1682 1056; x_wconf 90' lang='lat' dir='ltr'>utatur</span> <span class='ocrx_word' id='word_1_771' title='bbox 1696 1027 1975 1058; x_wconf 87' lang='lat' dir='ltr'>instrumentaliter</span> <span class='ocrx_word' id='word_1_772' title='bbox 1990 1029 2095 1058; x_wconf 87' lang='lat' dir='ltr'>anima</span> <span class='ocrx_word' id='word_1_773' title='bbox 2111 1038 2167 1059; x_wconf 92' lang='lat' dir='ltr'>seu</span> <span class='ocrx_word' id='word_1_774' title='bbox 2183 1030 2379 1059; x_wconf 89' lang='lat' dir='ltr'>humanitate</span> <span class='ocrx_word' id='word_1_775' title='bbox 2396 1039 2474 1059; x_wconf 93' lang='lat' dir='ltr'>con-</span> 
     </span>
     <span class='ocr_line' id='line_1_98' title="bbox 1413 1068 2474 1112; baseline 0.006 -15"><span class='ocrx_word' id='word_1_776' title='bbox 1413 1068 1521 1098; x_wconf 87' lang='lat' dir='ltr'>iuncta</span> <span class='ocrx_word' id='word_1_777' title='bbox 1544 1070 1603 1098; x_wconf 89' lang='lat' dir='ltr'>sibi</span> <span class='ocrx_word' id='word_1_778' title='bbox 1632 1069 1671 1099; x_wconf 93' lang='lat' dir='ltr'>ad</span> <span class='ocrx_word' id='word_1_779' title='bbox 1699 1079 1797 1109; x_wconf 87' lang='lat' dir='ltr'>opera</span> <span class='ocrx_word' id='word_1_780' title='bbox 1819 1072 2018 1102; x_wconf 88' lang='lat' dir='ltr'>miraculosa.</span> <span class='ocrx_word' id='word_1_781' title='bbox 2053 1073 2254 1112; x_wconf 90' lang='lat' dir='ltr'>Applicando</span> <span class='ocrx_word' id='word_1_782' title='bbox 2282 1074 2367 1103; x_wconf 91' lang='lat' dir='ltr'>enim</span> <span class='ocrx_word' id='word_1_783' title='bbox 2392 1073 2474 1103; x_wconf 89' lang='lat' dir='ltr'>dicta</span> 
     </span>
     <span class='ocr_line' id='line_1_99' title="bbox 1414 1111 2474 1156; baseline 0.006 -15"><span class='ocrx_word' id='word_1_784' title='bbox 1414 1111 1454 1142; x_wconf 91' lang='lat' dir='ltr'>ad</span> <span class='ocrx_word' id='word_1_785' title='bbox 1476 1113 1618 1143; x_wconf 87' lang='lat' dir='ltr'>Verbum</span> <span class='ocrx_word' id='word_1_786' title='bbox 1641 1119 1672 1143; x_wconf 91' lang='lat' dir='ltr'>et</span> <span class='ocrx_word' id='word_1_787' title='bbox 1694 1114 1923 1145; x_wconf 89' lang='lat' dir='ltr'>humanitatem</span> <span class='ocrx_word' id='word_1_788' title='bbox 1947 1115 2073 1151; x_wconf 89' lang='lat' dir='ltr'>Christi,</span> <span class='ocrx_word' id='word_1_789' title='bbox 2098 1117 2268 1156; x_wconf 88' lang='lat' dir='ltr'>perspicies</span> <span class='ocrx_word' id='word_1_790' title='bbox 2291 1126 2374 1156; x_wconf 90' lang='lat' dir='ltr'>quae</span> <span class='ocrx_word' id='word_1_791' title='bbox 2397 1116 2474 1147; x_wconf 91' lang='lat' dir='ltr'>dici-</span> 
     </span>
     <span class='ocr_line' id='line_1_100' title="bbox 1413 1158 2290 1196; baseline 0.006 -11"><span class='ocrx_word' id='word_1_792' title='bbox 1413 1165 1495 1190; x_wconf 91' lang='lat' dir='ltr'>mus,</span> <span class='ocrx_word' id='word_1_793' title='bbox 1520 1166 1602 1196; x_wconf 89' lang='lat' dir='ltr'>quae</span> <span class='ocrx_word' id='word_1_794' title='bbox 1625 1158 1658 1186; x_wconf 93' lang='lat' dir='ltr'>in</span> <span class='ocrx_word' id='word_1_795' title='bbox 1681 1158 1740 1187; x_wconf 92' lang='lat' dir='ltr'>hac</span> <span class='ocrx_word' id='word_1_796' title='bbox 1763 1158 1864 1188; x_wconf 89' lang='lat' dir='ltr'>littera</span> <span class='ocrx_word' id='word_1_797' title='bbox 1887 1160 1925 1188; x_wconf 92' lang='lat' dir='ltr'>ab</span> <span class='ocrx_word' id='word_1_798' title='bbox 1949 1160 2091 1190; x_wconf 90' lang='lat' dir='ltr'>Auctore</span> <span class='ocrx_word' id='word_1_799' title='bbox 2114 1160 2290 1190; x_wconf 88' lang='lat' dir='ltr'>traduntur.</span> 
     </span>
    </p>

    <p class='ocr_par' dir='ltr' id='par_1_18' title="bbox 1408 1200 2474 1946">
     <span class='ocr_line' id='line_1_101' title="bbox 1467 1200 2473 1243; baseline 0.005 -14"><span class='ocrx_word' id='word_1_800' title='bbox 1467 1200 1534 1230; x_wconf 92' lang='lat' dir='ltr'>VII.</span> <span class='ocrx_word' id='word_1_801' title='bbox 1560 1200 1740 1231; x_wconf 90' lang='lat' dir='ltr'>Dicendum</span> <span class='ocrx_word' id='word_1_802' title='bbox 1765 1208 1811 1231; x_wconf 89' lang='lat' dir='ltr'>est</span> <span class='ocrx_word' id='word_1_803' title='bbox 1834 1212 1909 1241; x_wconf 85' lang='lat' dir='ltr'>ergo</span> <span class='ocrx_word' id='word_1_804' title='bbox 1927 1203 1966 1232; x_wconf 91' lang='lat' dir='ltr'>ad</span> <span class='ocrx_word' id='word_1_805' title='bbox 1982 1204 2202 1242; x_wconf 86' lang='lat' dir='ltr'>quaestionem</span> <span class='ocrx_word' id='word_1_806' title='bbox 2218 1205 2234 1220; x_wconf 44' lang='grc' dir='ltr'><strong>ἥ</strong></span> <span class='ocrx_word' id='word_1_807' title='bbox 2259 1204 2347 1243; x_wconf 90' lang='lat' dir='ltr'>quod</span> <span class='ocrx_word' id='word_1_808' title='bbox 2370 1204 2409 1234; x_wconf 90' lang='lat' dir='ltr'>de</span> <span class='ocrx_word' id='word_1_809' title='bbox 2425 1205 2473 1234; x_wconf 93' lang='lat' dir='ltr'>in—</span> 
     </span>
     <span class='ocr_line' id='line_1_102' title="bbox 1412 1245 2474 1284; baseline 0.005 -11"><span class='ocrx_word' id='word_1_810' title='bbox 1412 1249 1589 1274; x_wconf 87' lang='lat' dir='ltr'>strumento</span> <span class='ocrx_word' id='word_1_811' title='bbox 1613 1245 1740 1284; x_wconf 90' lang='lat' dir='ltr'>proprie</span> <span class='ocrx_word' id='word_1_812' title='bbox 1764 1245 1906 1284; x_wconf 92' lang='lat' dir='ltr'>loquitur</span> <span class='ocrx_word' id='word_1_813' title='bbox 1924 1247 2061 1276; x_wconf 88' lang='lat' dir='ltr'>Auctor:</span> <span class='ocrx_word' id='word_1_814' title='bbox 2087 1252 2117 1277; x_wconf 92' lang='lat' dir='ltr'>et</span> <span class='ocrx_word' id='word_1_815' title='bbox 2140 1248 2201 1283; x_wconf 91' lang='lat' dir='ltr'>hic,</span> <span class='ocrx_word' id='word_1_816' title='bbox 2219 1253 2250 1277; x_wconf 92' lang='lat' dir='ltr'>et</span> <span class='ocrx_word' id='word_1_817' title='bbox 2272 1249 2305 1277; x_wconf 94' lang='lat' dir='ltr'>in</span> <span class='ocrx_word' id='word_1_818' title='bbox 2328 1247 2474 1278; x_wconf 85' lang='lat' dir='ltr'>Secunda</span> 
     </span>
     <span class='ocr_line' id='line_1_103' title="bbox 1413 1287 2474 1328; baseline 0.004 -11"><span class='ocrx_word' id='word_1_819' title='bbox 1413 1287 1588 1324; x_wconf 89' lang='lat' dir='ltr'>Secundae,</span> <span class='ocrx_word' id='word_1_820' title='bbox 1604 1288 1678 1318; x_wconf 93' lang='lat' dir='ltr'>loco</span> <span class='ocrx_word' id='word_1_821' title='bbox 1703 1289 1836 1328; x_wconf 88' lang='lat' dir='ltr'>allegato</span> <span class='ocrx_word' id='word_1_822' title='bbox 1853 1290 1879 1325; x_wconf 44' lang='grc' dir='ltr'>Ψ,</span> <span class='ocrx_word' id='word_1_823' title='bbox 1905 1295 1935 1319; x_wconf 90' lang='lat' dir='ltr'>et</span> <span class='ocrx_word' id='word_1_824' title='bbox 1957 1291 1990 1320; x_wconf 92' lang='lat' dir='ltr'>in</span> <span class='ocrx_word' id='word_1_825' title='bbox 2010 1290 2113 1320; x_wconf 88' lang='lat' dir='ltr'>Prima</span> <span class='ocrx_word' id='word_1_826' title='bbox 2135 1291 2235 1321; x_wconf 88' lang='lat' dir='ltr'>Parte.</span> <span class='ocrx_word' id='word_1_827' title='bbox 2260 1292 2300 1321; x_wconf 86' lang='lat' dir='ltr'>Et</span> <span class='ocrx_word' id='word_1_828' title='bbox 2323 1291 2362 1321; x_wconf 87' lang='lat' dir='ltr'>ad</span> <span class='ocrx_word' id='word_1_829' title='bbox 2386 1292 2474 1322; x_wconf 91' lang='lat' dir='ltr'>obie-</span> 
     </span>
     <span class='ocr_line' id='line_1_104' title="bbox 1413 1332 2474 1374; baseline 0.004 -13"><span class='ocrx_word' id='word_1_830' title='bbox 1413 1332 1553 1361; x_wconf 86' lang='lat' dir='ltr'>ctionem</span> <span class='ocrx_word' id='word_1_831' title='bbox 1583 1341 1620 1362; x_wconf 89' lang='lat' dir='ltr'>ex</span> <span class='ocrx_word' id='word_1_832' title='bbox 1643 1332 1787 1362; x_wconf 89' lang='lat' dir='ltr'>doctrina</span> <span class='ocrx_word' id='word_1_833' title='bbox 1810 1334 1932 1363; x_wconf 89' lang='lat' dir='ltr'>Primae</span> <span class='ocrx_word' id='word_1_834' title='bbox 1956 1335 2064 1370; x_wconf 88' lang='lat' dir='ltr'>Partis,</span> <span class='ocrx_word' id='word_1_835' title='bbox 2089 1334 2299 1374; x_wconf 90' lang='lat' dir='ltr'>respondetur</span> <span class='ocrx_word' id='word_1_836' title='bbox 2322 1334 2411 1374; x_wconf 94' lang='lat' dir='ltr'>quod</span> <span class='ocrx_word' id='word_1_837' title='bbox 2434 1335 2474 1365; x_wconf 95' lang='lat' dir='ltr'>ad</span> 
     </span>
     <span class='ocr_line' id='line_1_105' title="bbox 1412 1376 2472 1418; baseline 0.003 -13"><span class='ocrx_word' id='word_1_838' title='bbox 1412 1376 1659 1406; x_wconf 89' lang='lat' dir='ltr'>instrumentum</span> <span class='ocrx_word' id='word_1_839' title='bbox 1681 1377 1814 1416; x_wconf 88' lang='lat' dir='ltr'>exigitur</span> <span class='ocrx_word' id='word_1_840' title='bbox 1830 1377 1919 1417; x_wconf 91' lang='lat' dir='ltr'>quod</span> <span class='ocrx_word' id='word_1_841' title='bbox 1934 1378 2048 1408; x_wconf 87' lang='lat' dir='ltr'>habeat</span> <span class='ocrx_word' id='word_1_842' title='bbox 2063 1380 2225 1418; x_wconf 88' lang='lat' dir='ltr'>propriam</span> <span class='ocrx_word' id='word_1_843' title='bbox 2241 1379 2472 1418; x_wconf 88' lang='lat' dir='ltr'>operationem,</span> 
     </span>
     <span class='ocr_line' id='line_1_106' title="bbox 1412 1419 2473 1462; baseline 0.004 -13"><span class='ocrx_word' id='word_1_844' title='bbox 1412 1419 1494 1449; x_wconf 90' lang='lat' dir='ltr'>ultra</span> <span class='ocrx_word' id='word_1_845' title='bbox 1514 1420 1602 1450; x_wconf 88' lang='lat' dir='ltr'>illam</span> <span class='ocrx_word' id='word_1_846' title='bbox 1632 1430 1729 1460; x_wconf 89' lang='lat' dir='ltr'>quarn</span> <span class='ocrx_word' id='word_1_847' title='bbox 1753 1422 1918 1461; x_wconf 87' lang='lat' dir='ltr'>participat</span> <span class='ocrx_word' id='word_1_848' title='bbox 1941 1432 1959 1452; x_wconf 91' lang='lat' dir='ltr'>a</span> <span class='ocrx_word' id='word_1_849' title='bbox 1982 1423 2147 1462; x_wconf 88' lang='lat' dir='ltr'>principali</span> <span class='ocrx_word' id='word_1_850' title='bbox 2171 1428 2300 1462; x_wconf 90' lang='lat' dir='ltr'>agente;</span> <span class='ocrx_word' id='word_1_851' title='bbox 2330 1428 2361 1453; x_wconf 91' lang='lat' dir='ltr'>et</span> <span class='ocrx_word' id='word_1_852' title='bbox 2383 1422 2473 1462; x_wconf 90' lang='lat' dir='ltr'>quod</span> 
     </span>
     <span class='ocr_line' id='line_1_107' title="bbox 1412 1464 2471 1506; baseline 0.003 -13"><span class='ocrx_word' id='word_1_853' title='bbox 1412 1464 1555 1503; x_wconf 88' lang='lat' dir='ltr'>operatio</span> <span class='ocrx_word' id='word_1_854' title='bbox 1579 1465 1708 1504; x_wconf 90' lang='lat' dir='ltr'>propria</span> <span class='ocrx_word' id='word_1_855' title='bbox 1730 1465 1768 1494; x_wconf 90' lang='lat' dir='ltr'>sit</span> <span class='ocrx_word' id='word_1_856' title='bbox 1792 1466 2033 1506; x_wconf 87' lang='lat' dir='ltr'>praesupposita</span> <span class='ocrx_word' id='word_1_857' title='bbox 2057 1467 2235 1506; x_wconf 89' lang='lat' dir='ltr'>operationi</span> <span class='ocrx_word' id='word_1_858' title='bbox 2258 1467 2471 1506; x_wconf 89' lang='lat' dir='ltr'>participatae,</span> 
     </span>
     <span class='ocr_line' id='line_1_108' title="bbox 1411 1507 2472 1550; baseline 0.004 -14"><span class='ocrx_word' id='word_1_859' title='bbox 1411 1508 1453 1537; x_wconf 90' lang='lat' dir='ltr'>ita</span> <span class='ocrx_word' id='word_1_860' title='bbox 1477 1507 1565 1547; x_wconf 93' lang='lat' dir='ltr'>quod</span> <span class='ocrx_word' id='word_1_861' title='bbox 1595 1509 1682 1548; x_wconf 89' lang='lat' dir='ltr'>prius</span> <span class='ocrx_word' id='word_1_862' title='bbox 1705 1508 1898 1548; x_wconf 87' lang='lat' dir='ltr'>intelligatur</span> <span class='ocrx_word' id='word_1_863' title='bbox 1920 1511 2047 1550; x_wconf 89' lang='lat' dir='ltr'>propria</span> <span class='ocrx_word' id='word_1_864' title='bbox 2071 1511 2214 1550; x_wconf 90' lang='lat' dir='ltr'>operatio</span> <span class='ocrx_word' id='word_1_865' title='bbox 2242 1511 2402 1540; x_wconf 89' lang='lat' dir='ltr'>terminari</span> <span class='ocrx_word' id='word_1_866' title='bbox 2432 1510 2472 1541; x_wconf 92' lang='lat' dir='ltr'>ad</span> 
     </span>
     <span class='ocr_line' id='line_1_109' title="bbox 1410 1550 2471 1594; baseline 0.004 -14"><span class='ocrx_word' id='word_1_867' title='bbox 1410 1550 1489 1581; x_wconf 93' lang='lat' dir='ltr'>illud</span> <span class='ocrx_word' id='word_1_868' title='bbox 1513 1552 1545 1581; x_wconf 95' lang='lat' dir='ltr'>in</span> <span class='ocrx_word' id='word_1_869' title='bbox 1569 1551 1658 1591; x_wconf 92' lang='lat' dir='ltr'>quod</span> <span class='ocrx_word' id='word_1_870' title='bbox 1681 1552 1837 1588; x_wconf 89' lang='lat' dir='ltr'>tenditur,</span> <span class='ocrx_word' id='word_1_871' title='bbox 1870 1563 1967 1593; x_wconf 91' lang='lat' dir='ltr'>quam</span> <span class='ocrx_word' id='word_1_872' title='bbox 1991 1555 2133 1593; x_wconf 89' lang='lat' dir='ltr'>operatio</span> <span class='ocrx_word' id='word_1_873' title='bbox 2157 1555 2360 1594; x_wconf 86' lang='lat' dir='ltr'>participata,</span> <span class='ocrx_word' id='word_1_874' title='bbox 2389 1555 2471 1584; x_wconf 92' lang='lat' dir='ltr'>sicut</span> 
     </span>
     <span class='ocr_line' id='line_1_110' title="bbox 1411 1596 2470 1637; baseline 0.004 -13"><span class='ocrx_word' id='word_1_875' title='bbox 1411 1596 1690 1635; x_wconf 84' lang='lat' dir='ltr'>praesuppositum</span> <span class='ocrx_word' id='word_1_876' title='bbox 1720 1597 1807 1635; x_wconf 90' lang='lat' dir='ltr'>prius</span> <span class='ocrx_word' id='word_1_877' title='bbox 1830 1597 2014 1637; x_wconf 84' lang='lat' dir='ltr'>intelligitur</span> <span class='ocrx_word' id='word_1_878' title='bbox 2044 1607 2141 1637; x_wconf 90' lang='lat' dir='ltr'>quam</span> <span class='ocrx_word' id='word_1_879' title='bbox 2170 1599 2316 1628; x_wconf 90' lang='lat' dir='ltr'>iunctum</span> <span class='ocrx_word' id='word_1_880' title='bbox 2339 1598 2394 1628; x_wconf 90' lang='lat' dir='ltr'>illi.</span> <span class='ocrx_word' id='word_1_881' title='bbox 2430 1599 2470 1628; x_wconf 94' lang='lat' dir='ltr'>Et</span> 
     </span>
     <span class='ocr_line' id='line_1_111' title="bbox 1410 1639 2471 1682; baseline 0.003 -13"><span class='ocrx_word' id='word_1_882' title='bbox 1410 1639 1594 1670; x_wconf 88' lang='lat' dir='ltr'>huiusmodi</span> <span class='ocrx_word' id='word_1_883' title='bbox 1610 1641 1771 1679; x_wconf 88' lang='lat' dir='ltr'>praeviam</span> <span class='ocrx_word' id='word_1_884' title='bbox 1787 1642 2006 1680; x_wconf 88' lang='lat' dir='ltr'>operationem</span> <span class='ocrx_word' id='word_1_885' title='bbox 2022 1642 2190 1682; x_wconf 91' lang='lat' dir='ltr'>appellavit</span> <span class='ocrx_word' id='word_1_886' title='bbox 2202 1643 2325 1672; x_wconf 90' lang='lat' dir='ltr'>Auctor</span> <span class='ocrx_word' id='word_1_887' title='bbox 2340 1643 2471 1682; x_wconf 81' lang='lat' dir='ltr'>operari</span> 
     </span>
     <span class='ocr_line' id='line_1_112' title="bbox 1410 1683 2469 1726; baseline 0.003 -13"><span class='ocrx_word' id='word_1_888' title='bbox 1410 1683 1617 1723; x_wconf 82' lang='lat' dir='ltr'>dispositive:</span> <span class='ocrx_word' id='word_1_889' title='bbox 1640 1694 1707 1714; x_wconf 92' lang='lat' dir='ltr'>non</span> <span class='ocrx_word' id='word_1_890' title='bbox 1731 1685 1820 1724; x_wconf 90' lang='lat' dir='ltr'>quod</span> <span class='ocrx_word' id='word_1_891' title='bbox 1843 1691 1990 1725; x_wconf 86' lang='lat' dir='ltr'>oporteat</span> <span class='ocrx_word' id='word_1_892' title='bbox 2003 1686 2090 1715; x_wconf 89' lang='lat' dir='ltr'>illam</span> <span class='ocrx_word' id='word_1_893' title='bbox 2107 1687 2325 1726; x_wconf 88' lang='lat' dir='ltr'>operationem</span> <span class='ocrx_word' id='word_1_894' title='bbox 2342 1687 2469 1726; x_wconf 91' lang='lat' dir='ltr'>proprie</span> 
     </span>
     <span class='ocr_line' id='line_1_113' title="bbox 1411 1726 2468 1770; baseline 0.003 -14"><span class='ocrx_word' id='word_1_895' title='bbox 1411 1726 1589 1767; x_wconf 88' lang='lat' dir='ltr'>disponere.</span> <span class='ocrx_word' id='word_1_896' title='bbox 1613 1746 1636 1749; x_wconf 98' lang='lat'><strong>—</strong></span> <span class='ocrx_word' id='word_1_897' title='bbox 1658 1728 1726 1758; x_wconf 90' lang='lat' dir='ltr'>Nec</span> <span class='ocrx_word' id='word_1_898' title='bbox 1756 1728 1838 1758; x_wconf 91' lang='lat' dir='ltr'>hanc</span> <span class='ocrx_word' id='word_1_899' title='bbox 1869 1739 1929 1768; x_wconf 88' lang='lat' dir='ltr'>ego</span> <span class='ocrx_word' id='word_1_900' title='bbox 1960 1729 2047 1768; x_wconf 86' lang='lat' dir='ltr'>fingo</span> <span class='ocrx_word' id='word_1_901' title='bbox 2075 1730 2228 1769; x_wconf 88' lang='lat' dir='ltr'>glossam:</span> <span class='ocrx_word' id='word_1_902' title='bbox 2260 1730 2314 1759; x_wconf 88' lang='lat' dir='ltr'>sed</span> <span class='ocrx_word' id='word_1_903' title='bbox 2338 1740 2375 1759; x_wconf 83' lang='lat' dir='ltr'>ex</span> <span class='ocrx_word' id='word_1_904' title='bbox 2398 1731 2468 1770; x_wconf 92' lang='lat' dir='ltr'>ipso</span> 
     </span>
     <span class='ocr_line' id='line_1_114' title="bbox 1410 1770 2469 1813; baseline 0.002 -12"><span class='ocrx_word' id='word_1_905' title='bbox 1410 1771 1552 1801; x_wconf 89' lang='lat' dir='ltr'>Auctore</span> <span class='ocrx_word' id='word_1_906' title='bbox 1575 1770 1715 1806; x_wconf 82' lang='lat' dir='ltr'>inferius,</span> <span class='ocrx_word' id='word_1_907' title='bbox 1739 1772 1772 1801; x_wconf 91' lang='lat' dir='ltr'>in</span> <span class='ocrx_word' id='word_1_908' title='bbox 1796 1782 1850 1812; x_wconf 92' lang='lat' dir='ltr'>qu.</span> <span class='ocrx_word' id='word_1_909' title='bbox 1867 1782 1929 1802; x_wconf 84' lang='lat' dir='ltr'>an</span> <span class='ocrx_word' id='word_1_910' title='bbox 1944 1773 1970 1807; x_wconf 42' lang='grc' dir='ltr'>ὕ,</span> <span class='ocrx_word' id='word_1_911' title='bbox 1995 1774 2114 1813; x_wconf 90' lang='lat' dir='ltr'>accepi,</span> <span class='ocrx_word' id='word_1_912' title='bbox 2131 1774 2196 1809; x_wconf 90' lang='lat' dir='ltr'>ubi,</span> <span class='ocrx_word' id='word_1_913' title='bbox 2213 1773 2406 1813; x_wconf 90' lang='lat' dir='ltr'>baptismum</span> <span class='ocrx_word' id='word_1_914' title='bbox 2421 1774 2469 1804; x_wconf 90' lang='lat' dir='ltr'>in-</span> 
     </span>
     <span class='ocr_line' id='line_1_115' title="bbox 1409 1815 2471 1856; baseline 0.003 -12"><span class='ocrx_word' id='word_1_915' title='bbox 1409 1815 1649 1845; x_wconf 88' lang='lat' dir='ltr'>strumentalem</span> <span class='ocrx_word' id='word_1_916' title='bbox 1673 1825 1800 1845; x_wconf 87' lang='lat' dir='ltr'>causam</span> <span class='ocrx_word' id='word_1_917' title='bbox 1824 1825 1958 1855; x_wconf 79' lang='lat' dir='ltr'>ponenS,</span> <span class='ocrx_word' id='word_1_918' title='bbox 1984 1826 2128 1856; x_wconf 85' lang='lat' dir='ltr'>expresse</span> <span class='ocrx_word' id='word_1_919' title='bbox 2151 1817 2246 1847; x_wconf 90' lang='lat' dir='ltr'>docet</span> <span class='ocrx_word' id='word_1_920' title='bbox 2268 1817 2412 1847; x_wconf 87' lang='lat' dir='ltr'>sufficere</span> <span class='ocrx_word' id='word_1_921' title='bbox 2434 1822 2471 1847; x_wconf 94' lang='lat' dir='ltr'>ut</span> 
     </span>
     <span class='ocr_line' id='line_1_116' title="bbox 1409 1858 2471 1900; baseline 0.003 -12"><span class='ocrx_word' id='word_1_922' title='bbox 1409 1867 1493 1898; x_wconf 89' lang='lat' dir='ltr'>aqua</span> <span class='ocrx_word' id='word_1_923' title='bbox 1515 1858 1693 1888; x_wconf 92' lang='lat' dir='ltr'>secundum</span> <span class='ocrx_word' id='word_1_924' title='bbox 1717 1860 1879 1899; x_wconf 90' lang='lat' dir='ltr'>propriam</span> <span class='ocrx_word' id='word_1_925' title='bbox 1903 1861 2122 1899; x_wconf 84' lang='lat' dir='ltr'>operationem</span> <span class='ocrx_word' id='word_1_926' title='bbox 2154 1870 2270 1900; x_wconf 90' lang='lat' dir='ltr'>corpus</span> <span class='ocrx_word' id='word_1_927' title='bbox 2296 1866 2402 1900; x_wconf 87' lang='lat' dir='ltr'>tangat</span> <span class='ocrx_word' id='word_1_928' title='bbox 2425 1860 2471 1891; x_wconf 92' lang='lat' dir='ltr'>di-</span> 
     </span>
     <span class='ocr_line' id='line_1_117' title="bbox 1408 1902 2470 1946; baseline 0.003 -14"><span class='ocrx_word' id='word_1_929' title='bbox 1408 1902 1539 1938; x_wconf 92' lang='lat' dir='ltr'>luendo,</span> <span class='ocrx_word' id='word_1_930' title='bbox 1559 1902 1604 1938; x_wconf 35' lang='lat' dir='ltr'>,ad</span> <span class='ocrx_word' id='word_1_931' title='bbox 1626 1903 1688 1932; x_wconf 95' lang='lat' dir='ltr'>hoc</span> <span class='ocrx_word' id='word_1_932' title='bbox 1713 1908 1748 1932; x_wconf 93' lang='lat' dir='ltr'>ut</span> <span class='ocrx_word' id='word_1_933' title='bbox 1775 1904 1960 1943; x_wconf 89' lang='lat' dir='ltr'>participata</span> <span class='ocrx_word' id='word_1_934' title='bbox 1984 1905 2170 1946; x_wconf 76' lang='lat' dir='ltr'>operatione</span> <span class='ocrx_word' id='word_1_935' title='bbox 2193 1905 2331 1934; x_wconf 89' lang='lat' dir='ltr'>animam</span> <span class='ocrx_word' id='word_1_936' title='bbox 2355 1905 2470 1935; x_wconf 92' lang='lat' dir='ltr'>abluat.</span> 
     </span>
    </p>

    <p class='ocr_par' dir='ltr' id='par_1_19' title="bbox 1406 1946 2471 2418">
     <span class='ocr_line' id='line_1_118' title="bbox 1464 1946 2470 1987; baseline 0.003 -11"><span class='ocrx_word' id='word_1_937' title='bbox 1464 1946 1505 1976; x_wconf 91' lang='lat' dir='ltr'>Et</span> <span class='ocrx_word' id='word_1_938' title='bbox 1531 1947 1594 1976; x_wconf 91' lang='lat' dir='ltr'>hoc</span> <span class='ocrx_word' id='word_1_939' title='bbox 1620 1946 1735 1977; x_wconf 86' lang='lat' dir='ltr'>sufficit</span> <span class='ocrx_word' id='word_1_940' title='bbox 1761 1948 1948 1987; x_wconf 90' lang='lat' dir='ltr'>proposito,</span> <span class='ocrx_word' id='word_1_941' title='bbox 1977 1954 2008 1978; x_wconf 88' lang='lat' dir='ltr'>et</span> <span class='ocrx_word' id='word_1_942' title='bbox 2033 1949 2216 1978; x_wconf 89' lang='lat' dir='ltr'>intento-in</span> <span class='ocrx_word' id='word_1_943' title='bbox 2243 1949 2347 1978; x_wconf 88' lang='lat' dir='ltr'>Prima</span> <span class='ocrx_word' id='word_1_944' title='bbox 2369 1949 2470 1979; x_wconf 90' lang='lat' dir='ltr'>Parte.</span> 
     </span>
     <span class='ocr_line' id='line_1_119' title="bbox 1409 1990 2471 2032; baseline 0.002 -12"><span class='ocrx_word' id='word_1_945' title='bbox 1409 1990 1494 2028; x_wconf 91' lang='lat' dir='ltr'>Quia</span> <span class='ocrx_word' id='word_1_946' title='bbox 1516 2000 1573 2030; x_wconf 89' lang='lat' dir='ltr'>per</span> <span class='ocrx_word' id='word_1_947' title='bbox 1595 1991 1658 2021; x_wconf 91' lang='lat' dir='ltr'>hoc</span> <span class='ocrx_word' id='word_1_948' title='bbox 1682 1991 1883 2022; x_wconf 91' lang='lat' dir='ltr'>concluditur</span> <span class='ocrx_word' id='word_1_949' title='bbox 1907 1991 2074 2022; x_wconf 87' lang='lat' dir='ltr'>efficaciter</span> <span class='ocrx_word' id='word_1_950' title='bbox 2097 1992 2186 2032; x_wconf 90' lang='lat' dir='ltr'>quod</span> <span class='ocrx_word' id='word_1_951' title='bbox 2213 1993 2301 2022; x_wconf 87' lang='lat' dir='ltr'>nulla</span> <span class='ocrx_word' id='word_1_952' title='bbox 2332 1998 2471 2023; x_wconf 90' lang='lat' dir='ltr'>creatura</span> 
     </span>
     <span class='ocr_line' id='line_1_120' title="bbox 1408 2035 2470 2076; baseline 0.002 -12"><span class='ocrx_word' id='word_1_953' title='bbox 1408 2040 1514 2074; x_wconf 87' lang='lat' dir='ltr'>potest</span> <span class='ocrx_word' id='word_1_954' title='bbox 1536 2035 1815 2065; x_wconf 86' lang='lat' dir='ltr'>instrumentaliter</span> <span class='ocrx_word' id='word_1_955' title='bbox 1838 2045 1958 2066; x_wconf 85' lang='lat' dir='ltr'>creare:</span> <span class='ocrx_word' id='word_1_956' title='bbox 1983 2037 2058 2076; x_wconf 91' lang='lat' dir='ltr'>quia</span> <span class='ocrx_word' id='word_1_957' title='bbox 2080 2037 2167 2066; x_wconf 89' lang='lat' dir='ltr'>nulla</span> <span class='ocrx_word' id='word_1_958' title='bbox 2182 2042 2288 2076; x_wconf 88' lang='lat' dir='ltr'>potest</span> <span class='ocrx_word' id='word_1_959' title='bbox 2308 2037 2470 2076; x_wconf 89' lang='lat' dir='ltr'>propriam</span> 
     </span>
     <span class='ocr_line' id='line_1_121' title="bbox 1408 2078 2469 2120; baseline 0.003 -12"><span class='ocrx_word' id='word_1_960' title='bbox 1408 2078 1639 2118; x_wconf 90' lang='lat' dir='ltr'>operationem,</span> <span class='ocrx_word' id='word_1_961' title='bbox 1663 2079 1824 2119; x_wconf 87' lang='lat' dir='ltr'>praeviam</span> <span class='ocrx_word' id='word_1_962' title='bbox 1847 2080 2013 2116; x_wconf 89' lang='lat' dir='ltr'>creationi,</span> <span class='ocrx_word' id='word_1_963' title='bbox 2039 2081 2120 2110; x_wconf 89' lang='lat' dir='ltr'>circa</span> <span class='ocrx_word' id='word_1_964' title='bbox 2144 2080 2315 2111; x_wconf 91' lang='lat' dir='ltr'>creandum</span> <span class='ocrx_word' id='word_1_965' title='bbox 2338 2090 2469 2120; x_wconf 90' lang='lat' dir='ltr'>ponere,</span> 
     </span>
     <span class='ocr_line' id='line_1_122' title="bbox 1408 2123 2470 2164; baseline 0.003 -12"><span class='ocrx_word' id='word_1_966' title='bbox 1408 2132 1483 2157; x_wconf 86' lang='lat' dir='ltr'>cum</span> <span class='ocrx_word' id='word_1_967' title='bbox 1503 2123 1583 2153; x_wconf 92' lang='lat' dir='ltr'>nihil</span> <span class='ocrx_word' id='word_1_968' title='bbox 1598 2123 1646 2159; x_wconf 87' lang='lat' dir='ltr'>sit,</span> <span class='ocrx_word' id='word_1_969' title='bbox 1663 2129 1699 2153; x_wconf 91' lang='lat' dir='ltr'>ut</span> <span class='ocrx_word' id='word_1_970' title='bbox 1714 2123 1759 2155; x_wconf 89' lang='lat' dir='ltr'>ibi</span> <span class='ocrx_word' id='word_1_971' title='bbox 1775 2123 1898 2153; x_wconf 90' lang='lat' dir='ltr'>dicitur.</span> <span class='ocrx_word' id='word_1_972' title='bbox 1923 2124 1958 2154; x_wconf 94' lang='lat' dir='ltr'>In</span> <span class='ocrx_word' id='word_1_973' title='bbox 1974 2125 2141 2164; x_wconf 91' lang='lat' dir='ltr'>proposito</span> <span class='ocrx_word' id='word_1_974' title='bbox 2157 2130 2275 2160; x_wconf 92' lang='lat' dir='ltr'>autem,</span> <span class='ocrx_word' id='word_1_975' title='bbox 2293 2134 2367 2155; x_wconf 89' lang='lat' dir='ltr'>cum</span> <span class='ocrx_word' id='word_1_976' title='bbox 2383 2125 2470 2155; x_wconf 90' lang='lat' dir='ltr'>Deus</span> 
     </span>
     <span class='ocr_line' id='line_1_123' title="bbox 1407 2167 2469 2208; baseline 0.003 -12"><span class='ocrx_word' id='word_1_977' title='bbox 1407 2167 1506 2197; x_wconf 90' lang='lat' dir='ltr'>utitur</span> <span class='ocrx_word' id='word_1_978' title='bbox 1529 2172 1670 2197; x_wconf 88' lang='lat' dir='ltr'>creatura</span> <span class='ocrx_word' id='word_1_979' title='bbox 1693 2167 1799 2206; x_wconf 87' lang='lat' dir='ltr'>aliqua</span> <span class='ocrx_word' id='word_1_980' title='bbox 1821 2168 2101 2198; x_wconf 89' lang='lat' dir='ltr'>instrumentaliter</span> <span class='ocrx_word' id='word_1_981' title='bbox 2131 2168 2171 2198; x_wconf 90' lang='lat' dir='ltr'>ad</span> <span class='ocrx_word' id='word_1_982' title='bbox 2193 2178 2276 2208; x_wconf 91' lang='lat' dir='ltr'>opus</span> <span class='ocrx_word' id='word_1_983' title='bbox 2299 2169 2469 2199; x_wconf 90' lang='lat' dir='ltr'>miraculo-</span> 
     </span>
     <span class='ocr_line' id='line_1_124' title="bbox 1407 2211 2469 2252; baseline 0.002 -12"><span class='ocrx_word' id='word_1_984' title='bbox 1407 2220 1489 2246; x_wconf 90' lang='lat' dir='ltr'>sum,</span> <span class='ocrx_word' id='word_1_985' title='bbox 1515 2220 1597 2251; x_wconf 89' lang='lat' dir='ltr'>opus</span> <span class='ocrx_word' id='word_1_986' title='bbox 1620 2212 1787 2251; x_wconf 90' lang='lat' dir='ltr'>proprium</span> <span class='ocrx_word' id='word_1_987' title='bbox 1810 2211 1893 2242; x_wconf 89' lang='lat' dir='ltr'>illius</span> <span class='ocrx_word' id='word_1_988' title='bbox 1910 2217 2069 2242; x_wconf 89' lang='lat' dir='ltr'>creaturae</span> <span class='ocrx_word' id='word_1_989' title='bbox 2093 2221 2124 2241; x_wconf 90' lang='lat' dir='ltr'>se</span> <span class='ocrx_word' id='word_1_990' title='bbox 2141 2213 2235 2242; x_wconf 90' lang='lat' dir='ltr'>habet</span> <span class='ocrx_word' id='word_1_991' title='bbox 2250 2219 2286 2243; x_wconf 88' lang='lat' dir='ltr'>ut</span> <span class='ocrx_word' id='word_1_992' title='bbox 2304 2213 2469 2252; x_wconf 89' lang='lat' dir='ltr'>praevium</span> 
     </span>
     <span class='ocr_line' id='line_1_125' title="bbox 1408 2255 2469 2295; baseline 0.002 -11"><span class='ocrx_word' id='word_1_993' title='bbox 1408 2255 1498 2294; x_wconf 90' lang='lat' dir='ltr'>operi</span> <span class='ocrx_word' id='word_1_994' title='bbox 1521 2255 1730 2285; x_wconf 89' lang='lat' dir='ltr'>miraculoso:</span> <span class='ocrx_word' id='word_1_995' title='bbox 1756 2255 1831 2295; x_wconf 90' lang='lat' dir='ltr'>quia</span> <span class='ocrx_word' id='word_1_996' title='bbox 1853 2265 1886 2285; x_wconf 91' lang='lat' dir='ltr'>se</span> <span class='ocrx_word' id='word_1_997' title='bbox 1909 2256 2004 2286; x_wconf 90' lang='lat' dir='ltr'>habet</span> <span class='ocrx_word' id='word_1_998' title='bbox 2026 2261 2062 2285; x_wconf 89' lang='lat' dir='ltr'>ut</span> <span class='ocrx_word' id='word_1_999' title='bbox 2084 2261 2285 2295; x_wconf 88' lang='lat' dir='ltr'>praesentans</span> <span class='ocrx_word' id='word_1_1000' title='bbox 2310 2266 2366 2286; x_wconf 92' lang='lat' dir='ltr'>seu</span> <span class='ocrx_word' id='word_1_1001' title='bbox 2382 2256 2469 2287; x_wconf 91' lang='lat' dir='ltr'>defe-</span> 
     </span>
     <span class='ocr_line' id='line_1_126' title="bbox 1407 2298 2468 2340; baseline 0.001 -11"><span class='ocrx_word' id='word_1_1002' title='bbox 1407 2308 1479 2329; x_wconf 90' lang='lat' dir='ltr'>rens</span> <span class='ocrx_word' id='word_1_1003' title='bbox 1503 2298 1647 2329; x_wconf 91' lang='lat' dir='ltr'>divinum</span> <span class='ocrx_word' id='word_1_1004' title='bbox 1670 2300 1840 2339; x_wconf 91' lang='lat' dir='ltr'>imperium</span> <span class='ocrx_word' id='word_1_1005' title='bbox 1864 2298 1903 2329; x_wconf 89' lang='lat' dir='ltr'>ad</span> <span class='ocrx_word' id='word_1_1006' title='bbox 1922 2305 2096 2330; x_wconf 89' lang='lat' dir='ltr'>creaturam</span> <span class='ocrx_word' id='word_1_1007' title='bbox 2119 2300 2152 2329; x_wconf 90' lang='lat' dir='ltr'>in</span> <span class='ocrx_word' id='word_1_1008' title='bbox 2176 2309 2239 2340; x_wconf 93' lang='lat' dir='ltr'>qua</span> <span class='ocrx_word' id='word_1_1009' title='bbox 2254 2300 2290 2330; x_wconf 91' lang='lat' dir='ltr'>fit</span> <span class='ocrx_word' id='word_1_1010' title='bbox 2306 2310 2387 2340; x_wconf 90' lang='lat' dir='ltr'>opus</span> <span class='ocrx_word' id='word_1_1011' title='bbox 2408 2301 2468 2330; x_wconf 91' lang='lat' dir='ltr'>mi-</span> 
     </span>
     <span class='ocr_line' id='line_1_127' title="bbox 1407 2341 2469 2383; baseline 0.001 -10"><span class='ocrx_word' id='word_1_1012' title='bbox 1407 2343 1604 2379; x_wconf 89' lang='lat' dir='ltr'>raculosum,</span> <span class='ocrx_word' id='word_1_1013' title='bbox 1629 2348 1664 2373; x_wconf 92' lang='lat' dir='ltr'>ut</span> <span class='ocrx_word' id='word_1_1014' title='bbox 1686 2343 1809 2373; x_wconf 88' lang='lat' dir='ltr'>Auctor</span> <span class='ocrx_word' id='word_1_1015' title='bbox 1836 2341 1946 2373; x_wconf 88' lang='lat' dir='ltr'>docuit</span> <span class='ocrx_word' id='word_1_1016' title='bbox 1969 2344 2001 2373; x_wconf 94' lang='lat' dir='ltr'>in</span> <span class='ocrx_word' id='word_1_1017' title='bbox 2025 2343 2099 2373; x_wconf 91' lang='lat' dir='ltr'>loco</span> <span class='ocrx_word' id='word_1_1018' title='bbox 2129 2343 2262 2383; x_wconf 90' lang='lat' dir='ltr'>allegato</span> <span class='ocrx_word' id='word_1_1019' title='bbox 2286 2343 2319 2373; x_wconf 84' lang='lat' dir='ltr'>in</span> <span class='ocrx_word' id='word_1_1020' title='bbox 2342 2344 2406 2381; x_wconf 90' lang='lat' dir='ltr'>Qu.</span> <span class='ocrx_word' id='word_1_1021' title='bbox 2429 2344 2469 2375; x_wconf 83' lang='lat' dir='ltr'>de</span> 
     </span>
     <span class='ocr_line' id='line_1_128' title="bbox 1406 2387 2265 2418; baseline 0 -1"><span class='ocrx_word' id='word_1_1022' title='bbox 1406 2387 1564 2418; x_wconf 80' lang='lat' dir='ltr'>Potentia.</span> <span class='ocrx_word' id='word_1_1023' title='bbox 2262 2392 2265 2395; x_wconf 65' lang='lat'><strong>⁴</strong></span> 
     </span>
    </p>

    <p class='ocr_par' dir='ltr' id='par_1_20' title="bbox 1403 2431 2467 3338">
     <span class='ocr_line' id='line_1_129' title="bbox 1461 2431 2467 2471; baseline 0.001 -10"><span class='ocrx_word' id='word_1_1024' title='bbox 1461 2431 1542 2461; x_wconf 92' lang='lat' dir='ltr'>VIII.</span> <span class='ocrx_word' id='word_1_1025' title='bbox 1567 2431 1608 2461; x_wconf 92' lang='lat' dir='ltr'>Et</span> <span class='ocrx_word' id='word_1_1026' title='bbox 1631 2432 1693 2461; x_wconf 93' lang='lat' dir='ltr'>hoc</span> <span class='ocrx_word' id='word_1_1027' title='bbox 1722 2441 1789 2461; x_wconf 90' lang='lat' dir='ltr'>esse</span> <span class='ocrx_word' id='word_1_1028' title='bbox 1811 2441 1922 2461; x_wconf 85' lang='lat' dir='ltr'>verum</span> <span class='ocrx_word' id='word_1_1029' title='bbox 1947 2441 1984 2461; x_wconf 90' lang='lat' dir='ltr'>ex</span> <span class='ocrx_word' id='word_1_1030' title='bbox 2008 2441 2047 2461; x_wconf 91' lang='lat' dir='ltr'>eo</span> <span class='ocrx_word' id='word_1_1031' title='bbox 2072 2432 2230 2461; x_wconf 90' lang='lat' dir='ltr'>coniicere</span> <span class='ocrx_word' id='word_1_1032' title='bbox 2259 2437 2367 2471; x_wconf 84' lang='lat' dir='ltr'>potes,</span> <span class='ocrx_word' id='word_1_1033' title='bbox 2392 2432 2467 2471; x_wconf 91' lang='lat' dir='ltr'>quia</span> 
     </span>
     <span class='ocr_line' id='line_1_130' title="bbox 1406 2475 2466 2515; baseline 0.001 -10"><span class='ocrx_word' id='word_1_1034' title='bbox 1406 2475 1481 2505; x_wconf 89' lang='lat' dir='ltr'>hinc</span> <span class='ocrx_word' id='word_1_1035' title='bbox 1497 2476 1662 2515; x_wconf 89' lang='lat' dir='ltr'>utriusque</span> <span class='ocrx_word' id='word_1_1036' title='bbox 1679 2475 1868 2505; x_wconf 87' lang='lat' dir='ltr'>difficultatis</span> <span class='ocrx_word' id='word_1_1037' title='bbox 1879 2476 1895 2492; x_wconf 40' lang='grc' dir='ltr'><strong><em>ἅ</em></strong></span> <span class='ocrx_word' id='word_1_1038' title='bbox 1911 2475 2028 2505; x_wconf 91' lang='lat' dir='ltr'>solutio</span> <span class='ocrx_word' id='word_1_1039' title='bbox 2045 2476 2192 2506; x_wconf 90' lang='lat' dir='ltr'>habetur:</span> <span class='ocrx_word' id='word_1_1040' title='bbox 2216 2476 2279 2505; x_wconf 92' lang='lat' dir='ltr'>hoc</span> <span class='ocrx_word' id='word_1_1041' title='bbox 2296 2481 2351 2511; x_wconf 90' lang='lat' dir='ltr'>est,</span> <span class='ocrx_word' id='word_1_1042' title='bbox 2369 2485 2466 2515; x_wconf 87' lang='lat' dir='ltr'>quare</span> 
     </span>
     <span class='ocr_line' id='line_1_131' title="bbox 1407 2519 2467 2559; baseline 0 -10"><span class='ocrx_word' id='word_1_1043' title='bbox 1407 2520 1531 2559; x_wconf 90' lang='lat' dir='ltr'>operari</span> <span class='ocrx_word' id='word_1_1044' title='bbox 1554 2519 1706 2549; x_wconf 88' lang='lat' dir='ltr'>miracula</span> <span class='ocrx_word' id='word_1_1045' title='bbox 1728 2529 1784 2559; x_wconf 89' lang='lat' dir='ltr'>per</span> <span class='ocrx_word' id='word_1_1046' title='bbox 1807 2519 1941 2549; x_wconf 92' lang='lat' dir='ltr'>modum</span> <span class='ocrx_word' id='word_1_1047' title='bbox 1965 2519 2067 2549; x_wconf 88' lang='lat' dir='ltr'>meriti</span> <span class='ocrx_word' id='word_1_1048' title='bbox 2091 2528 2147 2549; x_wconf 89' lang='lat' dir='ltr'>seu</span> <span class='ocrx_word' id='word_1_1049' title='bbox 2162 2519 2410 2555; x_wconf 88' lang='lat' dir='ltr'>intercessionis,</span> <span class='ocrx_word' id='word_1_1050' title='bbox 2436 2525 2467 2549; x_wconf 90' lang='lat' dir='ltr'>et</span> 
     </span>
     <span class='ocr_line' id='line_1_132' title="bbox 1407 2563 2466 2603; baseline 0 -10"><span class='ocrx_word' id='word_1_1051' title='bbox 1407 2573 1445 2593; x_wconf 86' lang='lat' dir='ltr'>ex</span> <span class='ocrx_word' id='word_1_1052' title='bbox 1468 2569 1623 2603; x_wconf 90' lang='lat' dir='ltr'>potestate</span> <span class='ocrx_word' id='word_1_1053' title='bbox 1648 2573 1703 2593; x_wconf 90' lang='lat' dir='ltr'>seu</span> <span class='ocrx_word' id='word_1_1054' title='bbox 1728 2563 2022 2599; x_wconf 88' lang='lat' dir='ltr'>instrumentaliter,</span> <span class='ocrx_word' id='word_1_1055' title='bbox 2046 2563 2298 2602; x_wconf 87' lang='lat' dir='ltr'>distinguuntur,</span> <span class='ocrx_word' id='word_1_1056' title='bbox 2323 2563 2417 2593; x_wconf 90' lang='lat' dir='ltr'>etiam</span> <span class='ocrx_word' id='word_1_1057' title='bbox 2440 2564 2466 2593; x_wconf 92' lang='lat' dir='ltr'>si</span> 
     </span>
     <span class='ocr_line' id='line_1_133' title="bbox 1407 2607 2465 2646; baseline -0.001 -9"><span class='ocrx_word' id='word_1_1058' title='bbox 1407 2607 1494 2637; x_wconf 87' lang='lat' dir='ltr'>solus</span> <span class='ocrx_word' id='word_1_1059' title='bbox 1518 2613 1606 2637; x_wconf 90' lang='lat' dir='ltr'>actus</span> <span class='ocrx_word' id='word_1_1060' title='bbox 1629 2607 1760 2637; x_wconf 89' lang='lat' dir='ltr'>interior</span> <span class='ocrx_word' id='word_1_1061' title='bbox 1775 2608 2021 2637; x_wconf 86' lang='lat' dir='ltr'>instrumentum</span> <span class='ocrx_word' id='word_1_1062' title='bbox 2041 2613 2195 2646; x_wconf 89' lang='lat' dir='ltr'>ponatur;</span> <span class='ocrx_word' id='word_1_1063' title='bbox 2221 2613 2251 2636; x_wconf 90' lang='lat' dir='ltr'>et</span> <span class='ocrx_word' id='word_1_1064' title='bbox 2270 2616 2367 2646; x_wconf 90' lang='lat' dir='ltr'>quare</span> <span class='ocrx_word' id='word_1_1065' title='bbox 2383 2616 2465 2646; x_wconf 90' lang='lat' dir='ltr'>opus</span> 
     </span>
     <span class='ocr_line' id='line_1_134' title="bbox 1406 2649 2465 2690; baseline -0.001 -9"><span class='ocrx_word' id='word_1_1066' title='bbox 1406 2652 1574 2681; x_wconf 88' lang='lat' dir='ltr'>creationis</span> <span class='ocrx_word' id='word_1_1067' title='bbox 1597 2652 1678 2681; x_wconf 91' lang='lat' dir='ltr'>inter</span> <span class='ocrx_word' id='word_1_1068' title='bbox 1700 2651 1891 2681; x_wconf 88' lang='lat' dir='ltr'>miraculosa</span> <span class='ocrx_word' id='word_1_1069' title='bbox 1913 2661 1980 2681; x_wconf 93' lang='lat' dir='ltr'>non</span> <span class='ocrx_word' id='word_1_1070' title='bbox 2004 2656 2216 2690; x_wconf 89' lang='lat' dir='ltr'>computatur.</span> <span class='ocrx_word' id='word_1_1071' title='bbox 2241 2649 2345 2680; x_wconf 87' lang='lat' dir='ltr'>Prima</span> <span class='ocrx_word' id='word_1_1072' title='bbox 2367 2651 2465 2690; x_wconf 90' lang='lat' dir='ltr'>siqui-</span> 
     </span>
     <span class='ocr_line' id='line_1_135' title="bbox 1406 2695 2465 2735; baseline -0.001 -10"><span class='ocrx_word' id='word_1_1073' title='bbox 1406 2695 1480 2725; x_wconf 90' lang='lat' dir='ltr'>dem</span> <span class='ocrx_word' id='word_1_1074' title='bbox 1504 2696 1648 2735; x_wconf 91' lang='lat' dir='ltr'>quaestio</span> <span class='ocrx_word' id='word_1_1075' title='bbox 1672 2695 1805 2725; x_wconf 85' lang='lat' dir='ltr'>solvitur</span> <span class='ocrx_word' id='word_1_1076' title='bbox 1835 2705 1872 2725; x_wconf 88' lang='lat' dir='ltr'>ex</span> <span class='ocrx_word' id='word_1_1077' title='bbox 1895 2696 1958 2725; x_wconf 91' lang='lat' dir='ltr'>hoc</span> <span class='ocrx_word' id='word_1_1078' title='bbox 1990 2695 2078 2734; x_wconf 92' lang='lat' dir='ltr'>quod</span> <span class='ocrx_word' id='word_1_1079' title='bbox 2101 2700 2166 2724; x_wconf 92' lang='lat' dir='ltr'>tarn</span> <span class='ocrx_word' id='word_1_1080' title='bbox 2188 2695 2336 2724; x_wconf 90' lang='lat' dir='ltr'>meritum</span> <span class='ocrx_word' id='word_1_1081' title='bbox 2367 2703 2465 2734; x_wconf 88' lang='lat' dir='ltr'>quam</span> 
     </span>
     <span class='ocr_line' id='line_1_136' title="bbox 1406 2738 2463 2779; baseline -0.002 -9"><span class='ocrx_word' id='word_1_1082' title='bbox 1406 2740 1518 2774; x_wconf 83' lang='lat' dir='ltr'>oratio,</span> <span class='ocrx_word' id='word_1_1083' title='bbox 1544 2744 1579 2769; x_wconf 89' lang='lat' dir='ltr'>ut</span> <span class='ocrx_word' id='word_1_1084' title='bbox 1601 2740 1655 2775; x_wconf 91' lang='lat' dir='ltr'>sic,</span> <span class='ocrx_word' id='word_1_1085' title='bbox 1680 2738 1839 2779; x_wconf 88' lang='lat' dir='ltr'>praecedit</span> <span class='ocrx_word' id='word_1_1086' title='bbox 1862 2740 2020 2769; x_wconf 88' lang='lat' dir='ltr'>actionem</span> <span class='ocrx_word' id='word_1_1087' title='bbox 2044 2738 2182 2768; x_wconf 88' lang='lat' dir='ltr'>divinam</span> <span class='ocrx_word' id='word_1_1088' title='bbox 2204 2738 2243 2768; x_wconf 91' lang='lat' dir='ltr'>ad</span> <span class='ocrx_word' id='word_1_1089' title='bbox 2257 2739 2463 2768; x_wconf 90' lang='lat' dir='ltr'>miraculum:</span> 
     </span>
     <span class='ocr_line' id='line_1_137' title="bbox 1406 2782 2463 2827; baseline -0.002 -14"><span class='ocrx_word' id='word_1_1090' title='bbox 1406 2789 1494 2813; x_wconf 89' lang='lat' dir='ltr'>actus</span> <span class='ocrx_word' id='word_1_1091' title='bbox 1517 2793 1593 2813; x_wconf 83' lang='lat' dir='ltr'>vero</span> <span class='ocrx_word' id='word_1_1092' title='bbox 1618 2784 1832 2822; x_wconf 85' lang='lat' dir='ltr'>quicumque,</span> <span class='ocrx_word' id='word_1_1093' title='bbox 1857 2783 1951 2812; x_wconf 89' lang='lat' dir='ltr'>etiam</span> <span class='ocrx_word' id='word_1_1094' title='bbox 1975 2783 2120 2818; x_wconf 87' lang='lat' dir='ltr'>interior,</span> <span class='ocrx_word' id='word_1_1095' title='bbox 2145 2783 2238 2812; x_wconf 90' lang='lat' dir='ltr'>etiarn</span> <span class='ocrx_word' id='word_1_1096' title='bbox 2261 2782 2328 2827; x_wconf 85' lang='lat' dir='ltr'>ipsa</span> <span class='ocrx_word' id='word_1_1097' title='bbox 2351 2783 2463 2818; x_wconf 88' lang='lat' dir='ltr'>oratio,</span> 
     </span>
     <span class='ocr_line' id='line_1_138' title="bbox 1405 2825 2464 2865; baseline -0.001 -8"><span class='ocrx_word' id='word_1_1098' title='bbox 1405 2837 1472 2857; x_wconf 92' lang='lat' dir='ltr'>non</span> <span class='ocrx_word' id='word_1_1099' title='bbox 1496 2833 1532 2857; x_wconf 91' lang='lat' dir='ltr'>ut</span> <span class='ocrx_word' id='word_1_1100' title='bbox 1555 2827 1656 2857; x_wconf 87' lang='lat' dir='ltr'>oratio</span> <span class='ocrx_word' id='word_1_1101' title='bbox 1680 2826 1735 2856; x_wconf 89' lang='lat' dir='ltr'>sed</span> <span class='ocrx_word' id='word_1_1102' title='bbox 1753 2832 1790 2856; x_wconf 90' lang='lat' dir='ltr'>ut</span> <span class='ocrx_word' id='word_1_1103' title='bbox 1805 2827 2050 2856; x_wconf 89' lang='lat' dir='ltr'>instrumentum</span> <span class='ocrx_word' id='word_1_1104' title='bbox 2066 2826 2135 2861; x_wconf 89' lang='lat' dir='ltr'>Dei,</span> <span class='ocrx_word' id='word_1_1105' title='bbox 2160 2826 2302 2865; x_wconf 90' lang='lat' dir='ltr'>sequitur</span> <span class='ocrx_word' id='word_1_1106' title='bbox 2325 2825 2464 2856; x_wconf 89' lang='lat' dir='ltr'>divinam</span> 
     </span>
     <span class='ocr_line' id='line_1_139' title="bbox 1406 2869 2464 2910; baseline 0 -9"><span class='ocrx_word' id='word_1_1107' title='bbox 1406 2871 1566 2901; x_wconf 90' lang='lat' dir='ltr'>actionem</span> <span class='ocrx_word' id='word_1_1108' title='bbox 1588 2876 1624 2900; x_wconf 91' lang='lat' dir='ltr'>ut</span> <span class='ocrx_word' id='word_1_1109' title='bbox 1647 2870 1730 2900; x_wconf 87' lang='lat' dir='ltr'>illius</span> <span class='ocrx_word' id='word_1_1110' title='bbox 1754 2870 1916 2906; x_wconf 88' lang='lat' dir='ltr'>executio;</span> <span class='ocrx_word' id='word_1_1111' title='bbox 1941 2870 1984 2899; x_wconf 91' lang='lat' dir='ltr'>ita</span> <span class='ocrx_word' id='word_1_1112' title='bbox 2008 2869 2110 2909; x_wconf 89' lang='lat' dir='ltr'>quod,</span> <span class='ocrx_word' id='word_1_1113' title='bbox 2135 2879 2172 2899; x_wconf 83' lang='lat' dir='ltr'>ex</span> <span class='ocrx_word' id='word_1_1114' title='bbox 2194 2869 2257 2899; x_wconf 89' lang='lat' dir='ltr'>hoc</span> <span class='ocrx_word' id='word_1_1115' title='bbox 2281 2870 2350 2908; x_wconf 89' lang='lat' dir='ltr'>ipso</span> <span class='ocrx_word' id='word_1_1116' title='bbox 2375 2869 2464 2910; x_wconf 90' lang='lat' dir='ltr'>quod</span> 
     </span>
     <span class='ocr_line' id='line_1_140' title="bbox 1406 2913 2463 2953; baseline -0.002 -8"><span class='ocrx_word' id='word_1_1117' title='bbox 1406 2915 1493 2945; x_wconf 90' lang='lat' dir='ltr'>Deus</span> <span class='ocrx_word' id='word_1_1118' title='bbox 1517 2915 1618 2944; x_wconf 87' lang='lat' dir='ltr'>elevat</span> <span class='ocrx_word' id='word_1_1119' title='bbox 1641 2914 1730 2944; x_wconf 92' lang='lat' dir='ltr'>illum</span> <span class='ocrx_word' id='word_1_1120' title='bbox 1753 2915 1786 2943; x_wconf 91' lang='lat' dir='ltr'>in</span> <span class='ocrx_word' id='word_1_1121' title='bbox 1809 2923 1904 2944; x_wconf 90' lang='lat' dir='ltr'>suum</span> <span class='ocrx_word' id='word_1_1122' title='bbox 1926 2914 2173 2943; x_wconf 90' lang='lat' dir='ltr'>instrumentum</span> <span class='ocrx_word' id='word_1_1123' title='bbox 2203 2913 2241 2942; x_wconf 89' lang='lat' dir='ltr'>ad</span> <span class='ocrx_word' id='word_1_1124' title='bbox 2265 2922 2347 2953; x_wconf 92' lang='lat' dir='ltr'>opus</span> <span class='ocrx_word' id='word_1_1125' title='bbox 2370 2914 2463 2944; x_wconf 91' lang='lat' dir='ltr'>mira-</span> 
     </span>
     <span class='ocr_line' id='line_1_141' title="bbox 1405 2956 2461 2996; baseline -0.002 -7"><span class='ocrx_word' id='word_1_1126' title='bbox 1405 2959 1563 2993; x_wconf 89' lang='lat' dir='ltr'>culosum,</span> <span class='ocrx_word' id='word_1_1127' title='bbox 1588 2958 1624 2988; x_wconf 86' lang='lat' dir='ltr'>fit</span> <span class='ocrx_word' id='word_1_1128' title='bbox 1647 2958 1846 2988; x_wconf 84' lang='lat' dir='ltr'>executorius</span> <span class='ocrx_word' id='word_1_1129' title='bbox 1870 2957 1967 2987; x_wconf 91' lang='lat' dir='ltr'>divini</span> <span class='ocrx_word' id='word_1_1130' title='bbox 1982 2957 2116 2996; x_wconf 90' lang='lat' dir='ltr'>imperii,</span> <span class='ocrx_word' id='word_1_1131' title='bbox 2140 2962 2291 2996; x_wconf 90' lang='lat' dir='ltr'>tanquam</span> <span class='ocrx_word' id='word_1_1132' title='bbox 2308 2956 2461 2994; x_wconf 87' lang='lat' dir='ltr'>deferens,</span> 
     </span>
     <span class='ocr_line' id='line_1_142' title="bbox 1405 3001 2461 3039; baseline 0 -7"><span class='ocrx_word' id='word_1_1133' title='bbox 1405 3008 1441 3032; x_wconf 91' lang='lat' dir='ltr'>ut</span> <span class='ocrx_word' id='word_1_1134' title='bbox 1471 3002 1591 3032; x_wconf 90' lang='lat' dir='ltr'>dictum</span> <span class='ocrx_word' id='word_1_1135' title='bbox 1622 3007 1669 3031; x_wconf 90' lang='lat' dir='ltr'>est</span> <span class='ocrx_word' id='word_1_1136' title='bbox 1687 3002 1719 3036; x_wconf 39' lang='grc' dir='ltr'>ἥ,</span> <span class='ocrx_word' id='word_1_1137' title='bbox 1748 3001 1826 3031; x_wconf 87' lang='lat' dir='ltr'>illud</span> <span class='ocrx_word' id='word_1_1138' title='bbox 1857 3006 2016 3030; x_wconf 88' lang='lat' dir='ltr'>creaturae</span> <span class='ocrx_word' id='word_1_1139' title='bbox 2045 3001 2079 3030; x_wconf 91' lang='lat' dir='ltr'>in</span> <span class='ocrx_word' id='word_1_1140' title='bbox 2109 3009 2172 3039; x_wconf 90' lang='lat' dir='ltr'>qua</span> <span class='ocrx_word' id='word_1_1141' title='bbox 2200 3001 2390 3031; x_wconf 89' lang='lat' dir='ltr'>miraculum</span> <span class='ocrx_word' id='word_1_1142' title='bbox 2416 3001 2461 3032; x_wconf 86' lang='lat' dir='ltr'>fit.</span> 
     </span>
     <span class='ocr_line' id='line_1_143' title="bbox 1404 3044 2462 3085; baseline 0 -9"><span class='ocrx_word' id='word_1_1143' title='bbox 1404 3046 1543 3084; x_wconf 90' lang='lat' dir='ltr'>Quando</span> <span class='ocrx_word' id='word_1_1144' title='bbox 1566 3046 1661 3085; x_wconf 87' lang='lat' dir='ltr'>igitur</span> <span class='ocrx_word' id='word_1_1145' title='bbox 1683 3050 1865 3074; x_wconf 90' lang='lat' dir='ltr'>sanctorum</span> <span class='ocrx_word' id='word_1_1146' title='bbox 1889 3050 1976 3074; x_wconf 88' lang='lat' dir='ltr'>actus</span> <span class='ocrx_word' id='word_1_1147' title='bbox 2000 3049 2053 3074; x_wconf 91' lang='lat' dir='ltr'>aut</span> <span class='ocrx_word' id='word_1_1148' title='bbox 2069 3053 2166 3084; x_wconf 91' lang='lat' dir='ltr'>opera</span> <span class='ocrx_word' id='word_1_1149' title='bbox 2181 3044 2287 3074; x_wconf 89' lang='lat' dir='ltr'>solum</span> <span class='ocrx_word' id='word_1_1150' title='bbox 2302 3045 2462 3076; x_wconf 88' lang='lat' dir='ltr'>meritorie</span> 
     </span>
     <span class='ocr_line' id='line_1_144' title="bbox 1403 3087 2462 3123; baseline -0.001 -3"><span class='ocrx_word' id='word_1_1151' title='bbox 1403 3095 1457 3120; x_wconf 88' lang='lat' dir='ltr'>aut</span> <span class='ocrx_word' id='word_1_1152' title='bbox 1479 3089 1695 3119; x_wconf 87' lang='lat' dir='ltr'>intercessorie</span> <span class='ocrx_word' id='word_1_1153' title='bbox 1719 3097 1751 3118; x_wconf 89' lang='lat' dir='ltr'>se</span> <span class='ocrx_word' id='word_1_1154' title='bbox 1775 3088 1892 3118; x_wconf 86' lang='lat' dir='ltr'>habent</span> <span class='ocrx_word' id='word_1_1155' title='bbox 1915 3087 1954 3118; x_wconf 91' lang='lat' dir='ltr'>ad</span> <span class='ocrx_word' id='word_1_1156' title='bbox 1969 3088 2129 3123; x_wconf 89' lang='lat' dir='ltr'>miracula,</span> <span class='ocrx_word' id='word_1_1157' title='bbox 2154 3094 2230 3118; x_wconf 88' lang='lat' dir='ltr'>tunc</span> <span class='ocrx_word' id='word_1_1158' title='bbox 2247 3088 2395 3118; x_wconf 90' lang='lat' dir='ltr'>dicuntur</span> <span class='ocrx_word' id='word_1_1159' title='bbox 2417 3089 2462 3119; x_wconf 88' lang='lat' dir='ltr'>fa-</span> 
     </span>
     <span class='ocr_line' id='line_1_145' title="bbox 1404 3131 2460 3172; baseline -0.001 -8"><span class='ocrx_word' id='word_1_1160' title='bbox 1404 3143 1474 3164; x_wconf 86' lang='lat' dir='ltr'>cere</span> <span class='ocrx_word' id='word_1_1161' title='bbox 1499 3133 1650 3162; x_wconf 88' lang='lat' dir='ltr'>miracula</span> <span class='ocrx_word' id='word_1_1162' title='bbox 1673 3131 1889 3171; x_wconf 85' lang='lat' dir='ltr'>impetrando,</span> <span class='ocrx_word' id='word_1_1163' title='bbox 1915 3141 1997 3171; x_wconf 91' lang='lat' dir='ltr'>quae</span> <span class='ocrx_word' id='word_1_1164' title='bbox 2021 3131 2108 3162; x_wconf 89' lang='lat' dir='ltr'>Deus</span> <span class='ocrx_word' id='word_1_1165' title='bbox 2130 3141 2187 3172; x_wconf 88' lang='lat' dir='ltr'>per</span> <span class='ocrx_word' id='word_1_1166' title='bbox 2210 3132 2349 3171; x_wconf 90' lang='lat' dir='ltr'>seipsum</span> <span class='ocrx_word' id='word_1_1167' title='bbox 2377 3132 2460 3163; x_wconf 88' lang='lat' dir='ltr'>facit.</span> 
     </span>
     <span class='ocr_line' id='line_1_146' title="bbox 1404 3175 2462 3215; baseline 0.001 -9"><span class='ocrx_word' id='word_1_1168' title='bbox 1404 3177 1543 3214; x_wconf 89' lang='lat' dir='ltr'>Quando</span> <span class='ocrx_word' id='word_1_1169' title='bbox 1567 3186 1642 3206; x_wconf 86' lang='lat' dir='ltr'>vero</span> <span class='ocrx_word' id='word_1_1170' title='bbox 1666 3181 1754 3205; x_wconf 88' lang='lat' dir='ltr'>actus</span> <span class='ocrx_word' id='word_1_1171' title='bbox 1777 3175 1890 3215; x_wconf 89' lang='lat' dir='ltr'>aliquis</span> <span class='ocrx_word' id='word_1_1172' title='bbox 1913 3185 1945 3205; x_wconf 88' lang='lat' dir='ltr'>se</span> <span class='ocrx_word' id='word_1_1173' title='bbox 1969 3176 2063 3206; x_wconf 90' lang='lat' dir='ltr'>habet</span> <span class='ocrx_word' id='word_1_1174' title='bbox 2085 3181 2121 3205; x_wconf 89' lang='lat' dir='ltr'>ut</span> <span class='ocrx_word' id='word_1_1175' title='bbox 2140 3185 2299 3215; x_wconf 89' lang='lat' dir='ltr'>exequens</span> <span class='ocrx_word' id='word_1_1176' title='bbox 2318 3175 2462 3207; x_wconf 90' lang='lat' dir='ltr'>divinum</span> 
     </span>
     <span class='ocr_line' id='line_1_147' title="bbox 1404 3219 2461 3261; baseline 0 -10"><span class='ocrx_word' id='word_1_1177' title='bbox 1404 3221 1583 3261; x_wconf 88' lang='lat' dir='ltr'>imperium,</span> <span class='ocrx_word' id='word_1_1178' title='bbox 1608 3220 1661 3250; x_wconf 89' lang='lat' dir='ltr'>cui</span> <span class='ocrx_word' id='word_1_1179' title='bbox 1683 3219 1791 3250; x_wconf 91' lang='lat' dir='ltr'>omnia</span> <span class='ocrx_word' id='word_1_1180' title='bbox 1814 3219 1978 3255; x_wconf 90' lang='lat' dir='ltr'>obediunt,</span> <span class='ocrx_word' id='word_1_1181' title='bbox 2002 3225 2079 3250; x_wconf 88' lang='lat' dir='ltr'>tunc</span> <span class='ocrx_word' id='word_1_1182' title='bbox 2100 3219 2248 3250; x_wconf 89' lang='lat' dir='ltr'>dicuntur</span> <span class='ocrx_word' id='word_1_1183' title='bbox 2263 3220 2386 3260; x_wconf 90' lang='lat' dir='ltr'>operari</span> <span class='ocrx_word' id='word_1_1184' title='bbox 2401 3221 2461 3251; x_wconf 93' lang='lat' dir='ltr'>mi-</span> 
     </span>
     <span class='ocr_line' id='line_1_148' title="bbox 1404 3263 2462 3303; baseline 0 -9"><span class='ocrx_word' id='word_1_1185' title='bbox 1404 3265 1510 3294; x_wconf 89' lang='lat' dir='ltr'>racula</span> <span class='ocrx_word' id='word_1_1186' title='bbox 1533 3274 1570 3294; x_wconf 87' lang='lat' dir='ltr'>ex</span> <span class='ocrx_word' id='word_1_1187' title='bbox 1594 3269 1765 3303; x_wconf 88' lang='lat' dir='ltr'>potestate:</span> <span class='ocrx_word' id='word_1_1188' title='bbox 1796 3263 2027 3294; x_wconf 89' lang='lat' dir='ltr'>instrumentali</span> <span class='ocrx_word' id='word_1_1189' title='bbox 2053 3269 2176 3300; x_wconf 88' lang='lat' dir='ltr'>tamen,</span> <span class='ocrx_word' id='word_1_1190' title='bbox 2205 3269 2240 3294; x_wconf 90' lang='lat' dir='ltr'>ut</span> <span class='ocrx_word' id='word_1_1191' title='bbox 2262 3264 2384 3294; x_wconf 88' lang='lat' dir='ltr'>Auctor</span> <span class='ocrx_word' id='word_1_1192' title='bbox 2407 3264 2462 3295; x_wconf 90' lang='lat' dir='ltr'>de-</span> 
     </span>
     <span class='ocr_line' id='line_1_149' title="bbox 1405 3308 1573 3338; baseline -0.006 0"><span class='ocrx_word' id='word_1_1193' title='bbox 1405 3308 1532 3338; x_wconf 90' lang='lat' dir='ltr'>claravit</span> <span class='ocrx_word' id='word_1_1194' title='bbox 1547 3309 1573 3337; x_wconf 50' lang='grc' dir='ltr'>’ἃ</span> 
     </span>
    </p>

    <p class='ocr_par' dir='ltr' id='par_1_21' title="bbox 1403 3351 2461 3523">
     <span class='ocr_line' id='line_1_150' title="bbox 1459 3351 2459 3391; baseline 0 -10"><span class='ocrx_word' id='word_1_1195' title='bbox 1459 3351 1624 3382; x_wconf 87' lang='lat' dir='ltr'>Secundae</span> <span class='ocrx_word' id='word_1_1196' title='bbox 1647 3356 1754 3381; x_wconf 89' lang='lat' dir='ltr'>autem</span> <span class='ocrx_word' id='word_1_1197' title='bbox 1784 3352 1978 3391; x_wconf 88' lang='lat' dir='ltr'>quaestionis</span> <span class='ocrx_word' id='word_1_1198' title='bbox 2002 3352 2119 3382; x_wconf 91' lang='lat' dir='ltr'>solutio</span> <span class='ocrx_word' id='word_1_1199' title='bbox 2152 3361 2189 3381; x_wconf 84' lang='lat' dir='ltr'>ex</span> <span class='ocrx_word' id='word_1_1200' title='bbox 2219 3352 2281 3382; x_wconf 91' lang='lat' dir='ltr'>hoc</span> <span class='ocrx_word' id='word_1_1201' title='bbox 2311 3351 2459 3388; x_wconf 90' lang='lat' dir='ltr'>habetur,</span> 
     </span>
     <span class='ocr_line' id='line_1_151' title="bbox 1405 3395 2461 3435; baseline 0.001 -10"><span class='ocrx_word' id='word_1_1202' title='bbox 1405 3396 1479 3435; x_wconf 89' lang='lat' dir='ltr'>quia</span> <span class='ocrx_word' id='word_1_1203' title='bbox 1499 3395 1614 3425; x_wconf 87' lang='lat' dir='ltr'>delatio</span> <span class='ocrx_word' id='word_1_1204' title='bbox 1630 3395 1755 3435; x_wconf 88' lang='lat' dir='ltr'>imperii</span> <span class='ocrx_word' id='word_1_1205' title='bbox 1770 3405 1837 3425; x_wconf 92' lang='lat' dir='ltr'>non</span> <span class='ocrx_word' id='word_1_1206' title='bbox 1853 3399 1958 3435; x_wconf 85' lang='lat' dir='ltr'>potest</span> <span class='ocrx_word' id='word_1_1207' title='bbox 1974 3395 2041 3425; x_wconf 90' lang='lat' dir='ltr'>fieri</span> <span class='ocrx_word' id='word_1_1208' title='bbox 2057 3395 2096 3425; x_wconf 92' lang='lat' dir='ltr'>ad</span> <span class='ocrx_word' id='word_1_1209' title='bbox 2111 3395 2198 3425; x_wconf 91' lang='lat' dir='ltr'>nihil.</span> <span class='ocrx_word' id='word_1_1210' title='bbox 2224 3395 2359 3435; x_wconf 91' lang='lat' dir='ltr'>Oportet</span> <span class='ocrx_word' id='word_1_1211' title='bbox 2375 3396 2461 3426; x_wconf 86' lang='lat' dir='ltr'>enim</span> 
     </span>
     <span class='ocr_line' id='line_1_152' title="bbox 1404 3437 2461 3479; baseline 0.001 -10"><span class='ocrx_word' id='word_1_1212' title='bbox 1404 3449 1459 3469; x_wconf 90' lang='lat' dir='ltr'>ens</span> <span class='ocrx_word' id='word_1_1213' title='bbox 1483 3449 1550 3469; x_wconf 87' lang='lat' dir='ltr'>esse</span> <span class='ocrx_word' id='word_1_1214' title='bbox 1578 3438 1618 3468; x_wconf 92' lang='lat' dir='ltr'>ad</span> <span class='ocrx_word' id='word_1_1215' title='bbox 1641 3437 1730 3478; x_wconf 90' lang='lat' dir='ltr'>quod</span> <span class='ocrx_word' id='word_1_1216' title='bbox 1757 3439 1920 3469; x_wconf 89' lang='lat' dir='ltr'>executive</span> <span class='ocrx_word' id='word_1_1217' title='bbox 1947 3439 2062 3469; x_wconf 89' lang='lat' dir='ltr'>delatio</span> <span class='ocrx_word' id='word_1_1218' title='bbox 2090 3439 2214 3479; x_wconf 90' lang='lat' dir='ltr'>imperii</span> <span class='ocrx_word' id='word_1_1219' title='bbox 2237 3438 2289 3469; x_wconf 89' lang='lat' dir='ltr'>fit:</span> <span class='ocrx_word' id='word_1_1220' title='bbox 2321 3438 2359 3470; x_wconf 91' lang='lat' dir='ltr'>ad</span> <span class='ocrx_word' id='word_1_1221' title='bbox 2382 3440 2461 3470; x_wconf 91' lang='lat' dir='ltr'>nihil</span> 
     </span>
     <span class='ocr_line' id='line_1_153' title="bbox 1403 3482 1962 3523; baseline 0 -11"><span class='ocrx_word' id='word_1_1222' title='bbox 1403 3492 1543 3523; x_wconf 90' lang='lat' dir='ltr'>namque</span> <span class='ocrx_word' id='word_1_1223' title='bbox 1566 3483 1644 3513; x_wconf 90' lang='lat' dir='ltr'>nihil</span> <span class='ocrx_word' id='word_1_1224' title='bbox 1666 3488 1772 3522; x_wconf 90' lang='lat' dir='ltr'>potest</span> <span class='ocrx_word' id='word_1_1225' title='bbox 1794 3482 1962 3523; x_wconf 87' lang='lat' dir='ltr'>deportari.</span> 
     </span>
    </p>

    <p class='ocr_par' dir='ltr' id='par_1_22' title="bbox 1403 3526 2460 3654">
     <span class='ocr_line' id='line_1_154' title="bbox 1458 3526 2460 3566; baseline 0.001 -10"><span class='ocrx_word' id='word_1_1226' title='bbox 1458 3526 1509 3557; x_wconf 92' lang='lat' dir='ltr'>Ad</span> <span class='ocrx_word' id='word_1_1227' title='bbox 1531 3526 1564 3557; x_wconf 90' lang='lat' dir='ltr'>id</span> <span class='ocrx_word' id='word_1_1228' title='bbox 1586 3535 1662 3556; x_wconf 91' lang='lat' dir='ltr'>vero</span> <span class='ocrx_word' id='word_1_1229' title='bbox 1686 3526 1775 3566; x_wconf 91' lang='lat' dir='ltr'>quod</span> <span class='ocrx_word' id='word_1_1230' title='bbox 1798 3536 1836 3557; x_wconf 85' lang='lat' dir='ltr'>ex</span> <span class='ocrx_word' id='word_1_1231' title='bbox 1859 3527 1900 3556; x_wconf 93' lang='lat' dir='ltr'>III</span> <span class='ocrx_word' id='word_1_1232' title='bbox 1916 3527 2001 3557; x_wconf 88' lang='lat' dir='ltr'>Sent.</span> <span class='ocrx_word' id='word_1_1233' title='bbox 2018 3526 2144 3556; x_wconf 86' lang='lat' dir='ltr'>affertur</span> <span class='ocrx_word' id='word_1_1234' title='bbox 2159 3528 2185 3562; x_wconf 71' lang='lat'>*‚</span> <span class='ocrx_word' id='word_1_1235' title='bbox 2210 3526 2271 3557; x_wconf 92' lang='lat' dir='ltr'>dici</span> <span class='ocrx_word' id='word_1_1236' title='bbox 2289 3532 2395 3566; x_wconf 87' lang='lat' dir='ltr'>potest</span> <span class='ocrx_word' id='word_1_1237' title='bbox 2409 3527 2460 3557; x_wconf 89' lang='lat' dir='ltr'>vel</span> 
     </span>
     <span class='ocr_line' id='line_1_155' title="bbox 1404 3570 2460 3610; baseline 0 -10"><span class='ocrx_word' id='word_1_1238' title='bbox 1404 3570 1493 3610; x_wconf 93' lang='lat' dir='ltr'>quod</span> <span class='ocrx_word' id='word_1_1239' title='bbox 1516 3570 1654 3606; x_wconf 93' lang='lat' dir='ltr'>Auctor,</span> <span class='ocrx_word' id='word_1_1240' title='bbox 1680 3570 1804 3600; x_wconf 91' lang='lat' dir='ltr'>doctior</span> <span class='ocrx_word' id='word_1_1241' title='bbox 1827 3571 1947 3610; x_wconf 90' lang='lat' dir='ltr'>seipso,</span> <span class='ocrx_word' id='word_1_1242' title='bbox 1973 3571 2107 3600; x_wconf 87' lang='lat' dir='ltr'>correxit</span> <span class='ocrx_word' id='word_1_1243' title='bbox 2129 3570 2217 3600; x_wconf 90' lang='lat' dir='ltr'>illud.</span> <span class='ocrx_word' id='word_1_1244' title='bbox 2241 3588 2262 3593; x_wconf 95' lang='lat'>—</span> <span class='ocrx_word' id='word_1_1245' title='bbox 2284 3571 2343 3601; x_wconf 90' lang='lat' dir='ltr'>Vel</span> <span class='ocrx_word' id='word_1_1246' title='bbox 2371 3570 2460 3610; x_wconf 92' lang='lat' dir='ltr'>quod</span> 
     </span>
     <span class='ocr_line' id='line_1_156' title="bbox 1403 3613 2459 3654; baseline 0 -10"><span class='ocrx_word' id='word_1_1247' title='bbox 1403 3615 1461 3645; x_wconf 91' lang='lat' dir='ltr'>sub</span> <span class='ocrx_word' id='word_1_1248' title='bbox 1485 3613 1584 3644; x_wconf 90' lang='lat' dir='ltr'>modo</span> <span class='ocrx_word' id='word_1_1249' title='bbox 1608 3615 1839 3645; x_wconf 91' lang='lat' dir='ltr'>intercessionis</span> <span class='ocrx_word' id='word_1_1250' title='bbox 1863 3614 1913 3644; x_wconf 84' lang='lat' dir='ltr'>vel</span> <span class='ocrx_word' id='word_1_1251' title='bbox 1936 3615 2086 3644; x_wconf 89' lang='lat' dir='ltr'>orationis</span> <span class='ocrx_word' id='word_1_1252' title='bbox 2106 3614 2347 3654; x_wconf 89' lang='lat' dir='ltr'>comprehendit</span> <span class='ocrx_word' id='word_1_1253' title='bbox 2366 3615 2459 3644; x_wconf 89' lang='lat' dir='ltr'>etiam</span> 
     </span>
    </p>
   </div>
   <div class='ocr_carea' id='block_1_14' title="bbox 2501 1206 2641 1228">
    <p class='ocr_par' dir='ltr' id='par_1_23' title="bbox 2501 1206 2641 1228">
     <span class='ocr_line' id='line_1_157' title="bbox 2501 1206 2641 1228; baseline 0.007 -1"><span class='ocrx_word' id='word_1_1254' title='bbox 2501 1206 2512 1216; x_wconf 73' lang='lat'>¹⁹</span> <span class='ocrx_word' id='word_1_1255' title='bbox 2525 1206 2595 1228; x_wconf 81' lang='lat' dir='ltr'>Num.</span> <span class='ocrx_word' id='word_1_1256' title='bbox 2611 1213 2641 1228; x_wconf 79' lang='lat' dir='ltr'>iv.</span> 
     </span>
    </p>
   </div>
   <div class='ocr_carea' id='block_1_15' title="bbox 2500 1293 2641 1315">
    <p class='ocr_par' dir='ltr' id='par_1_24' title="bbox 2500 1293 2641 1315">
     <span class='ocr_line' id='line_1_158' title="bbox 2500 1293 2641 1315; baseline 0.007 -1"><span class='ocrx_word' id='word_1_1257' title='bbox 2500 1293 2511 1304; x_wconf 76' lang='lat'>⁸</span> <span class='ocrx_word' id='word_1_1258' title='bbox 2525 1293 2595 1315; x_wconf 86' lang='lat' dir='ltr'>Num.</span> <span class='ocrx_word' id='word_1_1259' title='bbox 2611 1300 2641 1315; x_wconf 85' lang='lat' dir='ltr'>vi.</span> 
     </span>
    </p>
   </div>
   <div class='ocr_carea' id='block_1_16' title="bbox 2498 1773 2681 1800">
    <p class='ocr_par' dir='ltr' id='par_1_25' title="bbox 2498 1773 2681 1800">
     <span class='ocr_line' id='line_1_159' title="bbox 2498 1773 2681 1800; baseline 0.005 -6"><span class='ocrx_word' id='word_1_1260' title='bbox 2498 1773 2506 1783; x_wconf 76' lang='lat'>⁸</span> <span class='ocrx_word' id='word_1_1261' title='bbox 2522 1773 2571 1794; x_wconf 82' lang='lat' dir='ltr'>Art.</span> <span class='ocrx_word' id='word_1_1262' title='bbox 2584 1780 2603 1800; x_wconf 78' lang='grc' dir='ltr'>ι,</span> <span class='ocrx_word' id='word_1_1263' title='bbox 2618 1773 2646 1794; x_wconf 85' lang='lat' dir='ltr'>ad</span> <span class='ocrx_word' id='word_1_1264' title='bbox 2661 1780 2681 1795; x_wconf 83' lang='lat'>2.</span> 
     </span>
    </p>
   </div>
   <div class='ocr_carea' id='block_1_17' title="bbox 2494 2476 2704 2504">
    <p class='ocr_par' dir='ltr' id='par_1_26' title="bbox 2494 2476 2704 2504">
     <span class='ocr_line' id='line_1_160' title="bbox 2494 2476 2704 2504; baseline 0.005 -6"><span class='ocrx_word' id='word_1_1265' title='bbox 2494 2476 2636 2504; x_wconf 60' lang='lat' dir='ltr'>’NummSi</span> <span class='ocrx_word' id='word_1_1266' title='bbox 2640 2483 2704 2499; x_wconf 72' lang='lat' dir='ltr'>vero.</span> 
     </span>
    </p>
   </div>
   <div class='ocr_carea' id='block_1_18' title="bbox 2491 3003 2641 3025">
    <p class='ocr_par' dir='ltr' id='par_1_27' title="bbox 2491 3003 2641 3025">
     <span class='ocr_line' id='line_1_161' title="bbox 2491 3003 2641 3025; baseline 0.007 -1"><span class='ocrx_word' id='word_1_1267' title='bbox 2491 3004 2500 3013; x_wconf 84' lang='grc'><em>·</em></span> <span class='ocrx_word' id='word_1_1268' title='bbox 2514 3003 2584 3025; x_wconf 90' lang='lat' dir='ltr'>Num.</span> <span class='ocrx_word' id='word_1_1269' title='bbox 2601 3010 2641 3025; x_wconf 84' lang='lat' dir='ltr'>vn.</span> 
     </span>
    </p>
   </div>
   <div class='ocr_carea' id='block_1_19' title="bbox 2489 3307 2698 3334">
    <p class='ocr_par' dir='ltr' id='par_1_28' title="bbox 2489 3307 2698 3334">
     <span class='ocr_line' id='line_1_162' title="bbox 2489 3307 2698 3334; baseline 0.01 -6"><span class='ocrx_word' id='word_1_1270' title='bbox 2489 3308 2498 3317; x_wconf 77' lang='lat'>⁸</span> <span class='ocrx_word' id='word_1_1271' title='bbox 2503 3307 2539 3328; x_wconf 84' lang='lat' dir='ltr'>De</span> <span class='ocrx_word' id='word_1_1272' title='bbox 2544 3307 2601 3334; x_wconf 71' lang='lat' dir='ltr'>Pol„</span> <span class='ocrx_word' id='word_1_1273' title='bbox 2609 3308 2653 3330; x_wconf 85' lang='lat' dir='ltr'>loc.</span> <span class='ocrx_word' id='word_1_1274' title='bbox 2660 3308 2698 3330; x_wconf 82' lang='lat' dir='ltr'>cit.</span> 
     </span>
    </p>
   </div>
   <div class='ocr_carea' id='block_1_20' title="bbox 2487 3527 2696 3581">
    <p class='ocr_par' dir='ltr' id='par_1_29' title="bbox 2487 3527 2696 3581">
     <span class='ocr_line' id='line_1_163' title="bbox 2488 3527 2696 3553; baseline 0.005 -5"><span class='ocrx_word' id='word_1_1275' title='bbox 2488 3529 2496 3537; x_wconf 85' lang='lat'><strong>·</strong></span> <span class='ocrx_word' id='word_1_1276' title='bbox 2505 3527 2574 3549; x_wconf 83' lang='lat' dir='ltr'>Num.</span> <span class='ocrx_word' id='word_1_1277' title='bbox 2584 3533 2613 3553; x_wconf 76' lang='lat' dir='ltr'>iv,</span> <span class='ocrx_word' id='word_1_1278' title='bbox 2623 3528 2645 3548; x_wconf 86' lang='lat' dir='ltr'>in</span> <span class='ocrx_word' id='word_1_1279' title='bbox 2656 3527 2696 3549; x_wconf 84' lang='lat' dir='ltr'>fin.</span> 
     </span>
     <span class='ocr_line' id='line_1_164' title="bbox 2487 3554 2649 3581; baseline 0 -6"><span class='ocrx_word' id='word_1_1280' title='bbox 2487 3554 2554 3580; x_wconf 79' lang='lat' dir='ltr'>primi</span> <span class='ocrx_word' id='word_1_1281' title='bbox 2571 3559 2649 3581; x_wconf 76' lang='lat' dir='ltr'>parag.</span> 
     </span>
    </p>
   </div>
  </div>
 </body>
</html>
