2872 3970
944 294 1206 341 QUAESTIO
1236 295 1354 338 XVII,
1389 295 1679 332 ARTICULUS
1707 296 1737 332 II

256 388 353 427 que,
382 377 458 412 hoc
484 382 609 412 totum
645 373 905 424 compositum
933 386 979 410 ex
1007 373 1135 411 anima
1167 382 1203 411 et
1230 386 1311 411 cor-

2345 294 2420 331 223

1367 375 1540 412 cundum
1567 375 1674 424 quod
1702 375 1815 412 habet
1843 375 2106 412 habitudinem
2134 376 2182 412 ad
2210 377 2323 412 talem
2354 387 2420 412 na-

255 440 361 479 pore,
381 435 496 477 prout
523 427 755 476 significatur
780 426 938 463 nomine
966 428 1211 473 humanitatis,
1232 439 1312 464 non
1366 434 1506 464 turam:
1546 426 1654 464 cuius
1690 427 1920 464 habitudinis
1953 439 2067 464 causa
2103 435 2157 464 est
2189 428 2334 474 anima,
2364 427 2420 464 in-

255 480 487 530 significatur
514 487 556 516 ut
582 480 689 529 quod
718 487 782 526 est,
813 479 879 515 sed
907 486 949 515 ut
977 491 1055 528 quo
1084 479 1227 527 aliquid
1246 487 1310 516 est.

1367 487 1555 528 quantum
1575 479 1721 529 perficit
1740 481 1952 517 humanam
1980 487 2155 517 naturam
2176 480 2419 518 informando

255 534 304 571 Et
329 533 417 571 ideo
444 532 574 582 ipsum
593 544 674 568 esse
694 539 749 568 est
776 543 963 581 personae
990 531 1236 579 subsistentis,
1257 544 1313 568 se·
1368 544 1518 581 corpus.

925 618 1257 650 Commentario·
1278 618 1529 651 cardinalis
1552 619 1751 652 Caietam

314 697 420 719 rrums
438 692 475 718 ut
497 693 588 718 sonat
607 687 781 718 sumendus
797 692 853 723 est,
870 686 909 718 de
929 697 996 718 esse
1012 687 1195 727 simpliciter
1211 693 1242 718 et
1257 688 1310 717 ab-

256 699 427 763 Tsolute.
443 732 583 762 Vertitur
605 732 691 761 enim
711 732 745 762 in
764 732 985 771 quaestionem
1007 741 1057 767 an,
1074 732 1155 762 sicut
1176 731 1310 762 dicimus

253 777 288 807 in
310 775 437 806 Christo
461 775 645 815 simpliciter
668 780 699 805 et
721 775 866 805 absolute
889 774 966 805 duas
981 781 1117 810 naturas,
1140 776 1183 805 ita
1206 775 1309 806 dicere

252 828 424 860 possumus
446 819 480 849 in
503 818 630 850 Christo
654 818 720 849 duo
743 828 811 849 esse
833 819 1016 859 simpliciter
1039 824 1070 849 et
1085 819 1244 849 absolute:
1270 829 1310 849 an

253 872 340 899 vero,
363 863 445 894 sicut
466 863 500 893 in
523 862 651 893 Christo
674 872 742 893 non
759 868 805 893 est
822 863 882 893 nisi
897 873 1000 893 unum
1017 864 1229 903 suppositum,
1246 873 1310 893 una

251 916 405 948 persona,
435 907 479 937 ita
500 916 567 937 non
592 912 639 936 est
667 907 728 937 nisi
754 916 857 937 unum
881 916 958 937 esse.
993 907 1034 937 Et
1059 906 1237 937 notandum
1264 912 1310 936 est

253 949 343 991 quod
364 960 432 981 non
455 950 616 990 quaeritur
639 950 679 981 de
693 951 925 991 propositione,
943 950 998 981 sed
1014 950 1053 980 de
1068 960 1115 980 re:
1140 960 1207 980 non
1223 951 1309 980 enim

253 995 413 1035 quaeritur
442 1004 483 1024 an
505 994 558 1024 illa
581 995 759 1034 propositio
783 995 822 1025 sit
844 1004 935 1030 vera,
963 994 1108 1024 Christus
1130 994 1224 1024 habet
1244 994 1308 1025 duo

253 1047 335 1074 esse,
359 1037 424 1074 sed,
448 1047 489 1068 an
511 1038 545 1068 in
568 1038 695 1068 Christo
719 1039 782 1068 sint
805 1038 870 1068 duo
893 1048 969 1068 esse.
994 1038 1035 1068 Et
1050 1038 1124 1068 licet
1139 1039 1197 1068 ista
1213 1047 1309 1078 quae-

253 1082 313 1112 stio
334 1082 479 1112 videatur
507 1082 611 1121 prima
634 1081 713 1112 facie
744 1082 879 1112 locanda
907 1083 990 1112 inter
1012 1082 1213 1122 quaestiones
1237 1083 1310 1112 sub-

252 1126 410 1157 stantiales
426 1125 466 1156 de
480 1125 707 1162 incarnatione,
725 1131 756 1156 et
770 1135 838 1156 non
860 1127 941 1156 inter
960 1131 1203 1166 consequentes,
1219 1131 1255 1156 ut
1271 1126 1309 1155 ab

219 1187 226 1199 ,
251 1170 394 1200 Auctore
415 1169 520 1199 locata
539 1174 586 1199 est
600 1171 627 1206 ³,
644 1170 669 1200 si
686 1170 757 1210 quis
779 1175 886 1200 tamen
909 1169 1100 1210 profundius
1123 1169 1309 1206 consideret,

252 1223 312 1244 suo
334 1213 409 1244 loco
431 1213 536 1254 posita
559 1219 614 1244 est.
647 1213 811 1251 Quoniam
842 1223 944 1244 unum
972 1214 1114 1254 sequitur
1141 1223 1212 1250 ens;
1244 1218 1311 1243 tota

252 1262 360 1288 autem
381 1256 516 1287 latitudo
535 1262 740 1288 tractatorum
763 1263 835 1288 ante
850 1257 937 1288 illam
954 1257 1174 1298 quaestionem
1190 1262 1310 1297 spectat

252 1301 292 1332 ad
315 1310 382 1332 esse
404 1301 455 1331 vel
477 1300 546 1331 fieri
568 1301 793 1332 incarnationis
808 1302 841 1331 in
857 1311 900 1338 se,
916 1302 968 1332 vel
984 1301 1199 1337 enuntiatum3
1223 1301 1310 1331 unde

251 1346 369 1376 merito,
388 1345 488 1376 modo
512 1344 551 1375 de
574 1355 640 1375 uno
664 1345 715 1376 vel
737 1345 845 1376 multis
868 1350 1026 1375 tractatur.
1050 1345 1119 1375 Nec
1142 1350 1310 1385 propterea

252 1399 271 1420 a
285 1389 541 1420 substantialibus
555 1389 730 1420 receditur:
755 1389 830 1429 quia
846 1399 944 1419 unum
960 1390 1012 1420 vel
1025 1390 1126 1419 multa
1141 1399 1208 1419 non
1225 1388 1310 1419 addit

251 1438 396 1464 naturam
419 1433 559 1473 aliquam
582 1443 677 1474 supra
700 1443 774 1470 ens,
805 1433 869 1464 hoc
893 1438 956 1469 est,
987 1433 1066 1463 illud
1093 1432 1182 1473 quod
1207 1443 1309 1463 unum

250 1477 302 1508 vel
324 1477 425 1508 multa
447 1477 578 1514 dicitur,
609 1477 788 1508 secundum
809 1486 917 1508 veram
943 1477 1202 1517 metaphysicam.
1238 1477 1310 1507 Una

251 1521 338 1553 enim
361 1520 513 1551 albedinis
535 1527 647 1552 natura
669 1522 791 1552 nullam
814 1521 977 1552 entitatem
1000 1520 1086 1551 addit
1107 1530 1202 1561 supra
1224 1521 1309 1551 albe-

251 1563 333 1596 dinis
355 1570 518 1596 naturam:
543 1571 574 1596 et
596 1566 641 1596 sic
665 1565 704 1596 de
727 1566 804 1596 aliis.

306 1609 343 1639 11.
366 1609 403 1640 In
426 1618 561 1649 corpore
584 1609 649 1640 duo
672 1609 887 1650 principaliter
901 1609 998 1639 fiunt:
1022 1609 1138 1649 primo,
1161 1609 1309 1648 praemit—

250 1657 361 1684 tuntur
383 1653 441 1683 isia
462 1652 711 1684 manuducentia
739 1653 778 1684 ad
800 1653 982 1689 veritatem;
1014 1652 1173 1688 secundo,
1198 1662 1310 1692 proce-

251 1696 335 1727 ditur
358 1706 396 1727 ex
419 1696 542 1727 duabus
565 1697 843 1733 conditionalibus,
868 1703 899 1727 et
921 1696 1053 1727 infertur
1073 1696 1238 1726 conclusio
1261 1706 1309 1726 re-

250 1741 400 1782 sponsiva
426 1741 589 1781 quaesito,
619 1741 708 1782 quod
731 1742 763 1772 in
793 1741 920 1772 Christo
948 1746 995 1771 est
1020 1750 1119 1771 unum
1146 1749 1213 1770 esse
1239 1745 1310 1770 tan-

251 1789 318 1816 tum
333 1786 360 1815 *-

305 1828 424 1867 Quoad
438 1829 589 1869 primum,
605 1829 850 1869 praemittuntur
863 1829 936 1859 tria:
961 1837 1063 1859 unum
1080 1837 1117 1858 ex
1133 1833 1220 1867 parte
1236 1828 1310 1858 sub-

249 1873 334 1909 iecti,
358 1873 448 1912 quod
471 1878 517 1903 est
541 1872 704 1909 Christus;
730 1878 761 1903 et
777 1872 842 1903 duo
867 1882 904 1903 ex
920 1877 1008 1912 parte
1023 1871 1203 1911 praedicati,
1221 1871 1310 1911 quod

251 1922 298 1947 est
319 1917 435 1947 habere
458 1926 526 1947 esse
549 1926 652 1947 unum
674 1917 725 1947 vel
747 1917 849 1957 plura.
873 1917 920 1946 Ex
944 1921 1032 1956 parte
1055 1915 1212 1955 siquidem
1236 1915 1310 1945 sub-

249 1961 333 1997 iecti,
355 1961 565 2001 praemittitur
579 1961 732 2001 generalis
747 1960 856 2001 regula
872 1959 961 2000 quod
976 1968 1058 2000 quae
1072 1964 1148 1989 sunt
1162 1963 1308 1995 naturae,

249 2004 506 2045 multiplicantur
523 2004 555 2034 in
575 2004 725 2041 Christo;
748 2013 830 2045 quae
847 2009 924 2035 sunt
936 2003 1128 2044 hypostasis,
1146 2012 1210 2033 non
1227 2003 1309 2033 mul-

250 2049 446 2090 tiplicantur.
475 2048 516 2078 Et
538 2049 618 2079 ratio
641 2048 793 2080 redditur:
825 2048 900 2089 quia
922 2048 956 2078 in
980 2047 1107 2078 Christo
1131 2052 1204 2077 sunt
1227 2046 1309 2077 duae

249 2098 380 2124 naturae
403 2098 435 2123 et
456 2102 522 2123 una
543 2101 689 2132 persona.

304 2136 354 2167 Ex
375 2142 463 2177 parte
485 2145 562 2166 vero
584 2136 764 2176 praedicati,
788 2136 998 2177 praemittitur
1019 2136 1106 2175 prius
1130 2134 1218 2174 quod
1242 2143 1309 2164 esse

251 2185 298 2211 est
320 2179 360 2211 de
380 2189 516 2211 numero
532 2180 744 2220 spectantium
760 2185 791 2210 et
806 2179 846 2210 ad
860 2185 1005 2210 naturam
1022 2184 1052 2209 et
1068 2179 1106 2209 ad
1122 2187 1307 2218 personam:

251 2223 463 2255 diversimode
485 2229 609 2260 tamen,
634 2224 709 2264 quia
731 2233 886 2264 personae
908 2229 944 2254 ut
966 2223 1119 2258 habentis,
1144 2232 1200 2252 seu
1223 2221 1310 2262 quod

251 2273 298 2299 est
303 2275 317 2306 ;
338 2274 469 2298 naturae
492 2273 599 2298 autem
628 2273 664 2298 ut
685 2268 849 2308 principii,
872 2277 929 2298 seu
951 2276 1014 2307 quo
1038 2266 1161 2307 aliquid
1183 2271 1237 2296 est.
1269 2266 1310 2296 Et

250 2312 315 2342 hoc
336 2313 490 2352 probatur
512 2321 530 2341 a
548 2312 654 2351 signo:
679 2312 754 2352 quia
768 2317 880 2342 natura
895 2310 1088 2351 significatur
1102 2320 1159 2350 per
1174 2309 1309 2340 modum

251 2355 384 2392 formae,
409 2365 473 2396 qua
495 2355 616 2396 aliquid
638 2361 685 2386 est
708 2365 763 2386 ens
785 2355 836 2386 vel
859 2355 930 2391 tale,
954 2360 990 2385 ut
1007 2359 1094 2395 patet
1109 2353 1148 2384 de
1164 2353 1308 2384 albedine

252 2405 284 2430 et
305 2400 512 2430 humanitate.

306 2443 430 2474 Deinde
457 2444 668 2484 praemittitur
696 2442 782 2474 aliud
805 2452 843 2473 ex
865 2448 953 2483 parte
975 2441 1161 2482 praedicati,
1190 2441 1309 2472 scilicet

253 2486 342 2528 quod
364 2497 432 2518 esse
456 2493 502 2518 est
525 2487 655 2527 duplex:
681 2486 844 2527 quoddam
867 2496 885 2516 a
907 2486 1010 2516 forma
1031 2486 1082 2516 vel
1104 2491 1216 2516 natura
1238 2495 1309 2525 perf

251 2531 373 2562 tinente
402 2531 442 2562 ad
465 2541 532 2562 esse
553 2531 737 2572 persona1e;
769 2530 932 2571 quoddam
960 2540 978 2560 a
1001 2529 1103 2560 forma
1124 2530 1175 2560 vel
1197 2535 1309 2560 natura

251 2585 320 2606 non
349 2575 527 2615 pertinente
557 2574 597 2606 ad
627 2584 694 2606 esse
725 2574 901 2615 personale.
936 2574 1128 2614 Exemplum
1155 2574 1250 2613 primi
1274 2574 1309 2604 in

252 2620 384 2650 homine
407 2624 454 2650 est
477 2629 544 2650 esse
567 2618 779 2659 quodhomo
802 2619 898 2648 habet
920 2618 958 2648 ab
983 2618 1101 2653 anima;
1126 2617 1308 2657 exemplum

252 2663 384 2694 secundi
407 2668 454 2694 est
476 2672 544 2694 esse
567 2662 657 2703 quod
678 2663 774 2693 habet
797 2663 835 2692 ab
859 2661 1013 2697 albedine,
1038 2667 1069 2692 et
1091 2661 1309 2692 universaliter

253 2707 292 2738 ab
315 2707 500 2738 accidentali
522 2706 641 2738 forma:
668 2716 744 2737 nam
766 2707 872 2736 anima
894 2710 1014 2746 spectat
1043 2705 1083 2735 ad
1104 2705 1309 2745 personalita-

252 2756 318 2782 tem
341 2751 487 2787 Socratis,
512 2750 626 2784 albedo
649 2760 727 2781 non.

306 2795 440 2826 Ponitur
462 2799 569 2825 autem
598 2795 632 2825 in
654 2794 756 2825 littera
786 2793 904 2834 duplex
933 2794 1015 2824 inter
1039 2794 1118 2823 haec
1146 2793 1211 2824 duo
1242 2803 1309 2823 esse

253 2837 435 2870 differentia.
455 2839 560 2869 Prima
576 2844 623 2869 est
637 2847 735 2878 penes
749 2838 944 2878 simpliciter,
960 2838 1011 2868 vel
1026 2837 1198 2868 secundum
1215 2837 1312 2877 quid:

253 2883 328 2924 quia
350 2883 490 2923 primum
513 2892 580 2913 esse
596 2887 643 2912 est
658 2892 725 2912 esse
740 2882 877 2912 Socratis
900 2881 1083 2921 simpliciter
1099 2887 1130 2911 et
1145 2881 1288 2911 absolute
1302 2891 1309 2917 ;

253 2926 430 2958 secundum
453 2931 560 2957 autem
583 2931 630 2956 est
652 2935 720 2956 esse
743 2925 890 2961 Socratis,
905 2935 973 2955 non
996 2925 1188 2964 simpliciter,
1205 2924 1260 2955 sed
1275 2930 1312 2955 ut

254 2976 302 3002 est
321 2970 405 3007 talis,
428 2975 506 3010 puta
527 2970 719 3010 inquantum
735 2969 834 2999 albus.
857 2987 881 2991 -
903 2968 1049 2999 Secunda
1065 2974 1111 2999 est
1126 2978 1224 3008 penes
1239 2970 1310 2999 uni-

253 3019 351 3045 tatem
371 3014 424 3045 vel
445 3014 673 3054 pluralitatem:
705 3014 780 3053 quia
803 3012 981 3043 secundum
1003 3017 1109 3052 potest
1137 3013 1171 3042 in
1193 3022 1258 3042 una
1281 3018 1312 3043 et

255 3057 366 3089 eadem
386 3067 524 3098 persona
545 3057 758 3097 multiplicari,
781 3062 818 3087 ut
839 3061 941 3096 patet3
966 3057 1106 3096 primum
1129 3061 1236 3086 autem
1251 3057 1311 3086 im-

254 3101 405 3142 possibile
428 3107 475 3132 est
496 3102 530 3132 in
551 3111 617 3131 una
640 3105 671 3130 et
693 3099 804 3130 eadem
826 3109 963 3139 persona
985 3099 1205 3139 multiplicari,
1237 3101 1311 3140 quia

254 3145 449 3187 impossibile
473 3151 519 3175 est
542 3143 631 3185 quod
653 3145 748 3174 unius
770 3143 816 3174 rei
838 3152 905 3173 non
929 3143 968 3173 sit
990 3152 1092 3173 unum
1115 3153 1192 3173 esse.

309 3189 361 3220 111.
390 3189 508 3228 Quoad
541 3187 718 3219 secundum
741 3188 767 3223 *,
795 3187 897 3226 prima
929 3185 1151 3216 conditionalis
1182 3192 1246 3217 est:
1278 3187 1311 3217 Si

254 3238 367 3264 natura
387 3233 528 3264 humana
550 3231 726 3263 advenisset
747 3230 829 3260 Filio
853 3230 913 3260 Dei
935 3239 1003 3260 non
1024 3230 1232 3270 hypostatice,
1256 3230 1311 3260 sed

257 3275 498 3313 accidentaliter,
522 3281 684 3317 oporteret
703 3276 737 3305 in
753 3274 880 3305 Christo
895 3283 1017 3313 ponere
1033 3273 1098 3304 duo
1115 3283 1192 3309 esse,
1209 3283 1311 3304 unum

257 3319 434 3352 secundum
465 3319 554 3361 quod
584 3325 630 3350 est
652 3319 756 3354 Deus,
788 3323 819 3348 et
842 3316 927 3347 aliud
953 3316 1130 3347 secundum
1154 3316 1243 3356 quod
1266 3322 1312 3347 est

257 3364 367 3395 homo.
401 3364 490 3395 Haec
513 3363 735 3395 conditionalis
764 3371 831 3392 non
858 3361 946 3391 aliter
972 3361 1124 3401 probatur
1155 3361 1188 3390 in
1211 3361 1312 3390 littera

257 3406 318 3438 nisi
340 3406 429 3448 quod
451 3406 618 3438 deducitur
641 3416 678 3437 ex
701 3405 888 3446 praemissis,
906 3404 1087 3444 exemplum
1104 3403 1263 3435 afferendo
1279 3404 1312 3434 in

258 3450 386 3482 Socrate
417 3451 456 3482 de
486 3460 552 3482 esse
574 3451 673 3491 ipsius
696 3449 872 3480 secundum
903 3447 991 3488 quod
1014 3453 1060 3478 est
1081 3448 1181 3478 homo
1211 3453 1242 3478 et
1264 3457 1312 3477 se-

259 3494 401 3526 cundum
423 3494 513 3537 quod
535 3500 582 3526 est
604 3494 702 3530 albus,
720 3499 751 3524 et
766 3493 920 3523 rationem
936 3491 1135 3532 applicando,
1153 3492 1228 3532 quia
1243 3501 1310 3521 esse

259 3536 367 3568 album
387 3548 456 3570 non
478 3543 599 3579 spectat
621 3537 660 3568 ad
683 3546 750 3568 esse
773 3536 939 3577 personale
962 3535 1107 3566 Socratis.

314 3580 459 3612 Secunda
481 3581 702 3614 conditionalis
725 3586 788 3611 est:
820 3580 853 3611 Si
879 3585 990 3610 natura
1011 3580 1151 3609 humana
1177 3579 1310 3610 coniun-

1364 689 1448 728 gitur
1470 689 1552 719 Filio
1575 689 1635 719 Dei
1659 689 1873 729 personaliter,
1895 688 2071 719 secundum
2087 694 2230 719 naturam
2246 689 2419 719 humanam

1364 742 1431 762 non
1455 732 1580 769 advenit
1603 733 1661 762 sibi
1683 742 1806 763 novum
1830 742 1896 762 esse
1919 733 2101 772 personale,
2130 732 2185 763 sed
2208 733 2312 763 solum
2335 743 2420 763 nova

1364 775 1516 806 habitudo
1540 777 1775 816 praeexistentis
1799 786 1866 806 esse
1882 777 2055 816 personalis
2078 777 2117 807 ad
2139 782 2283 806 naturam
2306 777 2419 807 hurna—

1363 829 1447 850 nam.
1483 820 1576 850 Circa
1602 830 1699 860 quam
1723 820 1970 850 conditionalem
2001 826 2138 860 quatuor
2161 821 2301 860 apponit.
2336 820 2419 850 Nam

1363 864 1484 903 primo,
1508 870 1611 894 narrat
1635 864 1740 904 quod,
1766 870 1986 904 quotcumque
2016 865 2077 894 sint
2102 865 2287 904 integrantia
2310 873 2419 904 perso-

1363 916 1447 943 nam,
1472 918 1539 938 non
1561 909 1622 938 nisi
1643 918 1746 938 unum
1765 918 1832 938 esse
1856 909 2062 938 constituunt.
2086 909 2127 938 Et
2150 909 2212 938 hoc
2232 907 2367 938 declarat
2385 909 2419 938 in

1362 952 1502 990 partibus
1525 952 1742 992 integralibus,
1766 961 1823 992 per
1844 951 1877 992 ly
1900 961 1966 982 esse
1989 957 2093 982 autem
2117 952 2311 992 capitatum,·
2333 957 2364 982 et
2385 953 2418 982 in

1363 995 1502 1034 partibus
1527 996 1742 1026 essentialibus
1765 996 1992 1032 materialibus,
2024 1005 2080 1035 per
2103 996 2135 1036 ly
2162 1001 2193 1026 et
2215 1005 2281 1026 esse
2304 1006 2418 1036 corpo-

1364 1046 1474 1075 reum‚·
1497 1044 1527 1069 et
1549 1040 1582 1069 in
1605 1040 1744 1079 partibus
1768 1039 1982 1069 essentialibus
2001 1039 2195 1075 formalibus,
2218 1049 2275 1079 per
2297 1040 2330 1080 ly
2352 1049 2419 1071 esse

1363 1083 1550 1113 animatum.

1418 1126 1577 1162 Secundo,
1602 1127 1737 1157 declarat
1761 1126 1858 1166 quod,
1883 1128 1908 1157 si
1931 1136 2001 1166 pars
2018 1127 2122 1167 aliqua
2137 1128 2309 1166 personalis
2325 1127 2419 1158 adve-

1363 1171 1444 1200 niret
1466 1171 1686 1211 praeexistenti
1709 1180 1880 1210 personae,
1912 1170 1997 1200 idem
2028 1176 2108 1200 esset
2134 1171 2287 1201 iudicium
2311 1171 2418 1211 quoad

1363 1215 1518 1244 unitatem
1541 1215 1639 1254 ipsius
1663 1224 1748 1244 esse:
1779 1215 1822 1244 ita
1844 1214 1932 1254 quod
1956 1224 1993 1244 ex
2017 1214 2201 1244 adveniente
2225 1225 2308 1244 nova
2330 1221 2418 1255 parte

1363 1267 1431 1288 non
1454 1258 1615 1289 adveniret
1643 1268 1765 1288 novum
1789 1267 1865 1288 esse.
1901 1258 1945 1287 Ita
1973 1257 2060 1297 quod
2090 1258 2299 1288 manifestavit
2330 1258 2419 1298 quod

1363 1303 1537 1341 spectantia
1560 1312 1783 1342 quaecumque
1806 1301 1845 1332 ad
1864 1302 2129 1341 personalitatem,
2154 1302 2218 1332 sive
2234 1302 2328 1332 simul
2344 1312 2419 1333 cum

1363 1355 1499 1385 persona
1522 1356 1639 1376 coaeva
1662 1346 1732 1382 sint,
1756 1351 1792 1376 ut
1808 1355 1881 1376 cum
1898 1345 2041 1376 Socrates
2056 1345 2176 1385 integer
2191 1346 2337 1381 nascitur,
2354 1347 2419 1377 sive

1364 1390 1483 1429 aliquid
1514 1400 1626 1420 eorum
1656 1390 1695 1420 de
1717 1399 1804 1420 novo
1832 1389 1976 1419 adveniat
2005 1390 2223 1429 praeexistenti
2253 1399 2417 1430 personae,

1363 1444 1465 1464 unum
1488 1439 1612 1464 tantum
1636 1443 1702 1464 esse
1725 1443 1850 1473 semper
1873 1439 1928 1463 est.
1959 1434 2000 1463 Et
2022 1433 2101 1463 ratio
2126 1439 2171 1463 est
2193 1434 2226 1463 in
2249 1440 2417 1474 promptu:

1364 1478 1438 1517 quia
1460 1487 1527 1508 non
1550 1478 1689 1508 melioris
1705 1483 1779 1508 sunt
1795 1477 1985 1510 conditionis
2001 1478 2178 1517 personalia
2198 1487 2235 1507 ex
2250 1478 2313 1508 hoc
2330 1477 2419 1518 quod

1363 1521 1536 1552 adveniunt
1558 1527 1640 1562 post,
1665 1531 1762 1561 quam
1784 1522 1810 1551 si
1834 1527 1937 1551 essent
1960 1521 2127 1560 congenita
2143 1531 2199 1551 seu
2215 1531 2332 1552 coaeva
2347 1531 2418 1562 per-

1363 1575 1474 1602 sonae3
1499 1565 1563 1601 sed,
1581 1566 1606 1595 si
1623 1571 1726 1595 essent
1748 1566 1916 1605 congenita
1939 1574 1995 1595 seu
2016 1574 2142 1601 coaeva,
2158 1575 2226 1595 non
2241 1566 2300 1595 nisi
2316 1575 2418 1596 unum

1364 1619 1430 1639 esse
1454 1610 1713 1646 constitueretur;
1738 1619 1823 1649 ergo,
1847 1610 1873 1639 si
1896 1608 2078 1644 adveniunt,
2102 1619 2168 1639 non
2193 1609 2337 1640 deferunt
2358 1619 2419 1640 no-

1362 1663 1440 1683 vum
1463 1663 1540 1683 esse.

1417 1697 1542 1733 Tertio,
1567 1696 1740 1727 declaratur
1763 1696 1841 1736 quid
1862 1697 1939 1726 novi
1961 1706 2115 1736 personae
2139 1696 2283 1727 adveniat
2305 1707 2342 1727 ex
2366 1707 2419 1728 su-

1363 1740 1558 1780 peradventu
1580 1740 1806 1780 personalium.
1841 1741 1882 1770 Et
1912 1740 2025 1770 dicitur
2055 1740 2144 1780 quod
2171 1746 2217 1770 est
2239 1741 2348 1770 relatio
2379 1741 2419 1771 ad

1362 1794 1481 1814 novam
1503 1790 1625 1824 partem
1648 1784 1858 1824 personalem,
1883 1784 1923 1813 Et
1944 1784 2039 1814 huius
2063 1793 2194 1824 quoque
2217 1785 2250 1814 in
2266 1790 2419 1824 promptu

1363 1838 1457 1858 causa
1480 1834 1535 1858 est.
1560 1828 1654 1865 Quia,
1671 1829 1752 1858 sicut
1770 1828 1948 1867 personalia
1971 1828 2139 1867 congenita
2161 1837 2228 1857 non
2251 1827 2326 1858 dant
2348 1838 2419 1868 per-

1363 1881 1460 1902 sonae
1483 1872 1606 1911 singula
1628 1872 1756 1911 propria
1779 1881 1855 1907 esse,
1880 1871 1935 1901 sed
1958 1881 2094 1910 persona
2117 1881 2219 1901 unum
2235 1881 2302 1902 esse
2325 1873 2420 1903 habet

1362 1915 1496 1946 relatum
1526 1915 1566 1946 ad
1590 1915 1698 1945 omnia
1720 1915 1914 1955 personalia:
1950 1915 2093 1945 Socrates
2121 1916 2206 1945 enirn
2235 1925 2303 1945 non
2325 1917 2420 1947 habet

1363 1969 1465 1990 unum
1489 1969 1555 1990 esse
1578 1959 1707 1999 partiale
1731 1969 1748 1989 a
1770 1969 1878 1994 manu,
1903 1964 1934 1989 et
1956 1968 2059 1988 unum
2082 1969 2100 1988 a
2123 1959 2239 1998 capite,
2265 1965 2295 1989 et
2317 1970 2419 1990 unum

1362 2004 1401 2033 ab
1424 2004 1548 2043 hepate,
1574 2008 1604 2033 et
1626 2013 1729 2033 unum
1753 2003 1791 2032 ab
1816 2002 1926 2038 oculis,
1944 2008 2014 2038 etc.‚
2041 2003 2131 2042 quasi
2147 2013 2184 2033 ex
2199 2003 2248 2033 his
2264 2003 2421 2034 confletur

1362 2057 1465 2077 unum
1481 2057 1548 2078 esse
1563 2047 1676 2083 totale3
1701 2046 1757 2077 sed
1779 2046 1923 2077 Socrates
1938 2046 2033 2076 habet
2048 2057 2142 2077 suum
2159 2047 2324 2087 proprium
2341 2057 2419 2084 esse,

1363 2090 1452 2131 quod
1481 2097 1528 2121 est
1553 2091 1657 2130 primo
1682 2100 1748 2120 esse
1778 2090 1876 2130 ipsius
1900 2090 2053 2127 Socratis,
2085 2096 2116 2120 et
2137 2091 2192 2121 illo
2222 2090 2355 2121 refertur
2380 2091 2420 2122 ad

1363 2135 1471 2170 omnia
1493 2134 1680 2174 personalia,
1705 2144 1780 2164 cum
1803 2134 1858 2164 illo
1883 2133 1996 2164 dicitur
2019 2144 2086 2164 esse
2107 2135 2230 2174 etipse,
2255 2140 2286 2165 et
2306 2135 2420 2166 dicitur

1363 2188 1430 2208 esse
1453 2178 1630 2208 secundum
1650 2183 1758 2217 caput,
1782 2187 1914 2213 manuS‚
1938 2177 2052 2217 pedes,
2070 2183 2146 2208 etc.:
2170 2197 2193 2200 —
2214 2179 2273 2215 ita,
2298 2179 2323 2209 si
2346 2185 2420 2210 sunt

1362 2222 1541 2258 adventitia,
1565 2222 1633 2252 sola
1654 2222 1764 2252 relatio
1787 2222 2007 2261 praeexistenti
2023 2231 2089 2251 esse
2113 2222 2285 2262 acquiritur
2301 2222 2340 2253 ad
2355 2223 2418 2253 illa.

1417 2267 1567 2301 Demum,
1591 2266 1694 2306 posita
1717 2266 1784 2305 ipsa
1804 2265 2019 2300 conditionali,
2045 2265 2218 2295 declaratur
2234 2276 2343 2296 sensus
2358 2267 2419 2297 hu-

1362 2310 1501 2340 iusmodi
1523 2310 1683 2340 relationis
1705 2309 1739 2339 in
1762 2308 1905 2339 Christo:
1938 2314 1974 2338 ut
1997 2309 2116 2339 scilicet
2138 2319 2274 2349 persona
2296 2310 2349 2340 illa
2372 2310 2418 2340 di-

1363 2359 1452 2384 catur
1474 2355 1640 2384 subsistere
1663 2363 1731 2383 non
1754 2353 1860 2383 solum
1882 2351 2060 2383 secundum
2083 2352 2231 2390 divinam,
2248 2353 2303 2383 sed
2323 2354 2418 2384 etiam

1362 2397 1540 2428 secundum
1563 2398 1736 2427 humanam
1758 2402 1913 2427 naturam.

1418 2442 1469 2472 IV.
1494 2442 1582 2472 Haec
1609 2446 1683 2471 sunt
1711 2441 1744 2470 in
1768 2450 1901 2480 corpore
1925 2440 2055 2470 articuli.
2091 2440 2126 2470 In
2157 2440 2272 2479 quibus
2298 2440 2417 2471 multae

1362 2491 1436 2517 sunt
1459 2486 1670 2526 quaestiones.
1704 2485 1808 2514 Prima
1835 2484 2008 2514 domestica
2032 2489 2094 2520 est,
2126 2483 2164 2514 de
2186 2484 2363 2514 intentione
2386 2490 2418 2515 et

1362 2540 1457 2560 sensu
1480 2530 1644 2560 Auctoris:
1676 2538 1716 2558 an
1739 2528 1857 2558 scilicet
1879 2529 2001 2558 Auctor
2023 2527 2164 2558 intendat
2187 2527 2301 2558 docere
2328 2528 2416 2568 quod

1362 2575 1395 2604 in
1419 2574 1545 2604 Christo
1575 2573 1701 2603 nullum
1725 2578 1771 2602 est
1794 2582 1860 2602 esse
1884 2572 2012 2602 actualis
2036 2572 2216 2602 existentiae
2240 2571 2278 2601 de
2301 2581 2416 2611 genere

1362 2618 1553 2649 substantiae
1570 2622 1720 2652 creatum,
1740 2615 1795 2646 sed
1810 2616 1877 2646 sola
1893 2616 2055 2646 existentia
2069 2616 2216 2645 increata.
2231 2633 2254 2637 -
2270 2615 2416 2646 Secunda

1363 2662 1524 2702 quaestio:
1549 2671 1589 2691 an
1611 2661 1654 2691 ita
1676 2661 1715 2690 sit
1737 2661 1769 2690 in
1785 2660 1923 2696 veritate,
1949 2658 2037 2699 quod
2060 2659 2092 2689 in
2109 2659 2234 2689 Christo
2250 2659 2337 2689 nulla
2353 2660 2416 2689 exi-

1362 2707 1475 2736 stentia
1497 2705 1707 2735 substantialis
1730 2705 1769 2734 sit
1791 2704 1851 2734 nisi
1875 2703 1979 2734 divina
1998 2704 2023 2733 ff.

1417 2749 1621 2787 Quaestionis
1651 2749 1770 2788 primae
1801 2748 1879 2777 ratio
1903 2752 1949 2777 est
1971 2748 2102 2777 varietas
2124 2747 2294 2777 verborum
2317 2747 2416 2786 ipsius

1363 2794 1511 2824 Auctoris
1527 2793 1553 2823 ’ἦ
1585 2792 1668 2822 Nam
1694 2792 1727 2821 in
1754 2791 2000 2829 Quaestionibus
2030 2791 2211 2830 Disputatis‚
2228 2790 2418 2821 de.Unione

1369 2838 1460 2868 Verbi
1475 2836 1643 2867 Incarnati
1654 2837 1680 2872 ὓ,
1693 2836 1815 2865 Auctor
1830 2835 1911 2865 clare
1927 2834 2002 2864 dicit
2016 2835 2049 2864 in
2062 2834 2187 2864 Christo
2203 2834 2335 2864 inveniri
2351 2834 2416 2864 duo

1365 2891 1448 2912 esse:
1473 2890 1575 2911 unum
1599 2885 1772 2914 aeternum,
1790 2878 1878 2918 quod
1897 2883 1943 2908 est
1959 2887 2024 2907 esse
2047 2877 2219 2917 principale
2242 2878 2416 2918 suppositi;

1366 2931 1396 2956 et
1411 2934 1513 2955 unum
1536 2923 1719 2963 temporale,
1736 2923 1926 2962 inquantum
1941 2922 2082 2951 Verbum
2103 2926 2148 2951 est
2164 2920 2282 2951 factum
2305 2922 2416 2958 homo,

1365 2974 1396 2999 et
1418 2969 1482 2998 hoc
1506 2977 1572 2998 esse
1596 2972 1642 2997 est
1666 2975 1732 2996 esse
1756 2965 1978 2995 secundarium
2000 2965 2084 2995 illius
2108 2965 2273 3004 suppositi.

1419 3012 1454 3042 In
1477 3012 1536 3042 hac
1556 3011 1649 3041 etiam
1665 3009 1765 3039 littera
1787 3018 1854 3038 non
1871 3007 2032 3038 concludit
2046 3008 2170 3038 Auctor
2185 3008 2273 3048 quod
2290 3008 2416 3039 Christo

1365 3055 1541 3086 secundum
1564 3055 1736 3084 humanam
1759 3058 1903 3082 naturam
1930 3062 1996 3082 non
2020 3051 2164 3082 adveniat
2186 3061 2308 3082 novum
2332 3062 2416 3090 esse,

1364 3099 1419 3129 sed
1442 3098 1591 3138 apposuit
1612 3097 1645 3137 ly
1662 3096 1845 3136 personale,
1870 3101 1905 3125 ut
1927 3101 2012 3135 patet
2036 3105 2109 3126 cum
2132 3095 2263 3126 infertur
2286 3096 2417 3126 conclu-

1364 3144 1422 3177 sio,
1446 3143 1527 3172 circa
1551 3141 1669 3171 calcem
1693 3140 1834 3179 corporis
1858 3139 1997 3169 articuli:
2022 3140 2112 3179 quasi
2127 3141 2369 3179 praeservaverit
2384 3150 2417 3171 se

1363 3187 1486 3216 Auctor
1508 3185 1546 3215 ab
1570 3184 1731 3214 existentia
1748 3183 1862 3213 actuali
1884 3188 1920 3213 ut
1942 3189 1989 3213 est
2010 3188 2139 3213 naturae
2162 3184 2330 3220 humanae,
2349 3193 2417 3214 non

1364 3235 1400 3260 ut
1423 3235 1469 3259 est
1492 3237 1655 3268 personae.

1418 3273 1454 3302 In
1477 3272 1685 3312 responsione
1708 3280 1840 3311 quoque
1863 3270 1903 3301 ad
1924 3271 2074 3311 primum,
2098 3280 2165 3301 non
2183 3276 2314 3311 negatur
2336 3276 2418 3301 tota-

1364 3317 1433 3347 liter
1463 3315 1594 3346 dualitas
1618 3324 1702 3345 esse:
1734 3314 1789 3344 sed
1823 3324 1897 3345 curn
1927 3315 2141 3355 comparativo
2173 3315 2277 3356 magis
2305 3314 2419 3345 dicitur

1364 3359 1453 3400 quod
1475 3369 1542 3390 esse
1565 3359 1670 3400 magis
1693 3359 1807 3393 retinet
1829 3359 1981 3389 unitatem
2003 3359 2174 3389 secundum
2191 3359 2342 3389 unitatem
2358 3359 2418 3399 137-

1359 3403 1508 3444 postasis,
1533 3412 1627 3443 quam
1642 3402 1756 3432 habeat
1771 3402 1956 3433 dualitatem
1971 3402 2143 3433 secundum
2159 3401 2344 3433 dualitatem
2361 3412 2419 3432 na-

1365 3453 1466 3478 turae.
1491 3447 1526 3476 In
1551 3447 1666 3486 quibus
1689 3446 1790 3476 verbis
1814 3446 1946 3476 dualitas
1970 3456 2036 3476 esse
2059 3446 2164 3476 minus
2186 3445 2316 3486 quidem
2337 3446 2418 3476 affir-

1365 3496 1478 3527 matur,
1501 3500 1569 3520 non
1592 3495 1698 3520 autem
1721 3495 1853 3530 negatur
1875 3490 2025 3520 totaliter:
2052 3490 2150 3530 quasi,
2173 3495 2325 3530 tanquam
2341 3489 2419 3530 quid

1366 3534 1597 3570 secundarium,
1620 3543 1688 3564 non
1709 3534 1770 3564 nisi
1792 3534 1968 3564 secundum
1992 3533 2068 3573 quid
2091 3533 2320 3564 affirmandum.

1422 3579 1458 3608 In
1480 3578 1688 3618 responsione
1712 3587 1843 3618 quoque
1866 3577 1906 3615 ad
1928 3578 2055 3608 tertium
2071 3578 2097 3614 *‚
2111 3577 2227 3618 duplex
2255 3587 2322 3608 esse
2344 3577 2420 3607 insi-

2442 2701 2452 2712 *
2467 2700 2502 2722 Cf.
2524 2707 2588 2723 num.
2602 2707 2653 2723 vm.

2444 2793 2453 2803 ⁸
2467 2792 2503 2814 ef.
2518 2798 2582 2815 num.
2597 2799 2627 2815 vn.

2443 2836 2453 2846 ⁸
2467 2837 2518 2858 Art.
2531 2843 2555 2863 4.

2447 3581 2456 3591 ·
2470 3580 2506 3601 Cf.
2521 3585 2583 3600 num.
2599 3584 2641 3600 vn.
