2872 3970
63 1412 141 1466 {vl-ib.
155 1412 207 1440 vn,
224 1418 275 1440 cup.

66 2551 79 2561 ¹·
91 2550 161 2572 Num.
178 2556 209 2572 ix.

1022 238 1285 284 QUAESTIO
1315 239 1378 285 ΙΙΙ,

300 326 359 357 per
382 327 415 348 se
438 318 543 357 primo
567 317 720 347 terminus
743 317 968 356 assumptionis
991 317 1025 346 in
1047 318 1199 357 mysterio
1222 317 1364 346 incarna—

300 361 398 398 tionis
421 367 469 392 est
490 371 628 401 persona
650 361 746 391 Verbi
769 366 805 390 ut
828 361 882 395 sic,
906 366 942 390 ut
965 360 1168 400 distinguitur
1184 366 1294 390 contra
1309 370 1365 390 na·

301 410 416 440 turam,
440 410 472 435 et
492 404 695 435 individuum
717 409 858 439 naturae,
875 410 906 434 et
929 404 1003 434 alias
1026 414 1187 444 personas.
1211 405 1285 434 Hoc
1302 409 1363 434 est:

301 449 359 480 Est
380 449 524 479 Verbum
546 454 582 479 ut
605 447 806 487 distinguitur
828 458 846 477 a
861 447 976 478 deitate
995 448 1064 483 hac,
1089 454 1119 478 et
1143 449 1205 478 hoc
1229 449 1310 483 Deo,
1334 453 1366 477 et

301 492 393 522 Patre
416 498 447 522 et
469 492 590 532 Spiritu
613 492 740 522 Sancto.

357 536 396 566 V.
420 536 573 574 Quaestio
589 545 657 566 non
673 534 899 567 dissimulanda
917 545 955 565 ex
972 535 1135 571 Durando,
1159 536 1193 566 in
1209 535 1250 566 III
1267 535 1363 570 Sent„

303 579 373 610 dist.
390 590 415 615 1,
440 589 494 619 qu.
511 590 550 615 11,
574 579 727 615 occurrit,
758 580 914 619 probante
943 579 1032 618 quod
1059 589 1213 618 personae
1242 579 1365 609 divinae

303 624 453 660 convenit
475 623 580 663 primo
602 622 726 653 ratione
750 623 903 652 essentiae
928 622 1053 653 divinae
1076 632 1236 653 assumere
1259 623 1366 653 termi—

301 667 416 702 native,
440 667 483 696 ita
499 666 588 706 quod
607 666 647 696 ad
665 667 820 696 unionem
836 667 1037 706 personalem
1052 667 1149 697 Verbi
1165 676 1240 697 cum
1255 673 1366 697 natura

301 710 442 741 humana
463 720 532 741 non
554 711 778 750 consequitur,
810 710 865 740 sed
893 711 1104 750 praeexigitur
1134 711 1212 741 unio
1235 716 1366 741 naturae

302 753 429 784 divinae
451 763 527 784 cum
549 759 662 784 natura
684 754 834 784 humana.

303 824 305 826 .
356 797 532 828 Praemittit
554 803 662 829 autem
685 799 942 838 suppositionem
965 808 1074 835 unam,
1098 798 1234 829 scilicet:
1259 798 1367 828 Subsi-

302 846 384 872 stete
397 842 432 872 in
446 841 560 874 divinis
577 847 623 872 est
638 842 771 872 unicum
787 848 818 872 et
833 842 1034 873 absolutum:
1059 852 1095 872 ac
1115 852 1172 882 per
1187 843 1260 878 hoc,
1277 851 1367 872 com·

301 885 383 925 petit
396 885 546 916 omnibus
561 885 706 925 personis
722 885 835 916 divinis
850 887 972 916 ratione
988 887 1150 922 essentiae,
1167 887 1248 916 sicut
1265 891 1367 916 cetera

302 929 488 960 essentialia.
519 929 612 960 Hanc
638 935 746 960 autem
770 930 1026 970 suppositionem
1052 931 1166 970 probat
1189 930 1366 970 dupliciter.

301 972 421 1008 Primo,
444 973 576 1004 ratione.
604 973 689 1011 Quia
711 983 847 1013 persona
877 973 982 1004 divina
1005 983 1062 1013 per
1084 973 1171 1005 aliud
1192 973 1368 1004 formaliter

302 1021 351 1047 est
363 1017 546 1053 subsistens,
570 1022 602 1048 et
619 1027 676 1057 per
691 1017 777 1048 aliud
796 1017 969 1048 formaliter
985 1023 1032 1047 est
1045 1018 1267 1058 suppositum:
1292 1018 1367 1057 quia

301 1069 359 1100 per
380 1061 558 1097 essentiam,
582 1067 614 1091 et
635 1071 703 1091 non
725 1071 782 1101 per
797 1062 1024 1101 proprietatem
1038 1061 1201 1092 relativam
1224 1066 1271 1092 est
1293 1062 1367 1091 sub-

302 1105 432 1140 sistens;
448 1110 480 1135 et
494 1113 552 1145 per
566 1105 793 1145 proprietatem
809 1105 971 1135 relativam
987 1111 1034 1135 est
1049 1106 1262 1145 suppositum.
1283 1105 1368 1142 Quia

302 1148 473 1179 subsistere
494 1148 570 1180 dicit
592 1158 660 1179 esse
683 1149 863 1180 secundum
885 1149 1152 1188 perfectissimum
1167 1148 1303 1179 modum
1320 1158 1368 1178 es-

302 1192 403 1223 sendi.
430 1192 682 1223 Perfectissimus
704 1198 812 1223 autem
833 1192 951 1223 modus
973 1192 1098 1223 essendi
1122 1198 1168 1222 est
1190 1194 1224 1222 in
1247 1202 1280 1223 se
1304 1193 1368 1223 exi-

302 1241 400 1266 stere:
422 1245 491 1266 non
515 1236 554 1266 ad
577 1235 663 1267 aliud
687 1246 764 1266 esse.
799 1236 945 1267 Essentia
967 1242 1075 1266 autem
1098 1235 1172 1266 facit
1194 1236 1368 1266 formaliter

302 1280 336 1310 in
363 1289 397 1310 se
425 1280 572 1310 existere:
603 1281 779 1320 proprietas
810 1285 917 1310 autem
947 1280 1075 1310 relativa
1105 1280 1144 1309 ad
1174 1280 1259 1310 aliud
1289 1290 1366 1310 esse.

302 1323 400 1363 Igitur
423 1324 591 1357 subsistere
613 1324 648 1354 in
671 1323 785 1355 divinis
808 1328 855 1354 est
877 1333 934 1363 per
957 1324 1143 1359 essentiam,
1168 1329 1199 1354 et
1221 1333 1288 1354 non
1311 1333 1368 1363 per

301 1367 528 1407 proprietatem
551 1367 722 1399 relativam.
747 1385 770 1390 -
793 1367 952 1403 Secundo,
969 1368 1156 1398 auctoritate
1178 1368 1367 1408 Augustini,

302 1412 336 1442 in
350 1411 380 1442 V
395 1411 434 1442 de
453 1411 541 1442 Trtn.
554 1412 585 1442 ἰ
620 1411 732 1442 Omnis
755 1420 807 1442 res
834 1410 878 1442 ad
898 1411 1035 1451 seipsam
1057 1411 1217 1442 subsistit:
1246 1417 1367 1452 quanto

302 1455 408 1496 magis
430 1454 540 1486 Deus!
560 1473 584 1478 —
606 1455 735 1486 Probari
752 1463 884 1495 quoque
905 1460 1011 1494 potest
1026 1456 1118 1486 tertio
1135 1455 1174 1485 ad
1190 1456 1366 1492 hominem,

302 1499 423 1530 scilicet
445 1499 486 1529 ad
508 1505 654 1530 sanctum
677 1499 850 1529 Thomam.
881 1499 967 1536 Quia
989 1499 1075 1538 apud
1104 1500 1221 1539 ipsum,
1245 1501 1279 1530 in
1302 1500 1366 1537 Qu.

302 1543 342 1574 de
355 1543 514 1579 Potentia,
530 1553 585 1583 qu.
602 1552 643 1579 rx,
660 1549 715 1573 art.
734 1543 763 1578 5,
780 1543 819 1573 ad
840 1543 888 1578 13,
905 1544 1039 1573 essentia
1055 1543 1162 1574 divina
1182 1553 1250 1574 non
1274 1545 1368 1574 habet

302 1588 471 1618 subsistere
494 1597 511 1617 a
534 1587 1038 1627 proprietatibus·personalibus:
1071 1587 1127 1617 sed
1151 1593 1276 1623 contra,
1293 1598 1367 1627 pro-

302 1632 450 1671 prietates
479 1631 662 1671 personales
693 1631 812 1660 habent
844 1630 933 1670 quod
962 1631 1132 1661 subsistant
1164 1632 1202 1662 ab
1233 1633 1367 1662 essentia

304 1674 420 1706 divina.

357 1719 428 1749 Hac
450 1719 545 1758 igitur
567 1719 790 1758 suppositione
812 1724 924 1754 stante,
948 1719 1062 1758 probat
1078 1718 1248 1749 Durandus
1263 1720 1367 1750 inten-

303 1768 373 1793 tum
405 1763 460 1792 sic.
495 1763 634 1793 Persona
665 1762 772 1793 divina
793 1772 850 1802 per
872 1762 952 1793 illud
984 1772 1050 1802 quo
1082 1763 1237 1798 subsistit,
1262 1764 1366 1802 primo

302 1807 451 1837 terminat
474 1805 720 1846 dependentiam
749 1811 877 1836 naturae
908 1812 1098 1845 assumptae.
1133 1806 1218 1845 Ergo
1245 1807 1367 1836 ratione

304 1850 458 1881 essentiae
481 1849 606 1880 divinae
628 1851 733 1890 primo
757 1850 913 1880 terminat.
937 1867 960 1872 -—
983 1849 1184 1880 antecedens
1202 1856 1247 1880 est
1262 1859 1319 1890 per
1335 1860 1366 1880 se

302 1899 428 1925 notum.
455 1911 480 1916 -—
507 1893 748 1933 Consequentia
777 1899 884 1924 autem
915 1903 953 1924 ex
983 1893 1206 1933 suppositione
1234 1895 1367 1933 probata

303 1943 406 1978 patet:
426 1938 501 1978 quia
516 1947 573 1977 per
589 1938 757 1968 essentiam
773 1936 923 1973 divinam,
940 1943 971 1967 et
986 1947 1053 1968 non
1068 1947 1126 1977 per
1141 1938 1368 1977 proprietatem

303 1982 505 2022 personalem
529 1982 677 2012 subsistit.

360 2026 401 2056 Et
423 2026 468 2056 sic
490 2031 578 2065 patet
600 2025 689 2065 quod
712 2025 880 2055 terminare
897 2025 1149 2065 assumptionem
1166 2031 1197 2055 et
1211 2026 1368 2056 unionem

303 2070 409 2110 primo
426 2070 576 2100 convenit
591 2074 721 2100 naturae
733 2069 868 2099 divinae.
885 2070 925 2099 Et
941 2069 1058 2100 directe
1074 2075 1148 2099 sunt
1163 2069 1242 2099 haec
1258 2076 1368 2099 contra

304 2113 482 2144 doctrinam
511 2113 684 2153 praesentis
714 2113 854 2148 articuli,
883 2114 939 2143 ubi
970 2122 1114 2152 expresse
1138 2112 1251 2143 dicitur
1279 2113 1368 2153 quod

298 2166 372 2189 esse
394 2157 565 2188 terminum
587 2157 814 2197 assumptionis
838 2167 902 2187 non
921 2157 1070 2188 convenit
1087 2162 1225 2187 naturae
1240 2157 1369 2187 divinae

304 2201 478 2232 secundum
501 2210 544 2236 se,
567 2201 624 2231 sed
646 2201 774 2231 ratione
790 2210 962 2240 personae.

358 2245 412 2275 VI.
436 2244 487 2275 Ad
509 2245 591 2274 hanc
615 2245 835 2284 quaestionem
866 2245 910 2275 sic
938 2244 1178 2285 procedendum
1202 2250 1248 2274 est
1278 2245 1368 2285 quod

304 2289 410 2329 primo
434 2288 669 2318 ostendendum
693 2294 739 2318 est
763 2287 851 2328 quod
867 2289 1042 2318 vsubsistere
1066 2289 1099 2318 in
1118 2288 1230 2318 divinis
1255 2294 1301 2318 est
1320 2299 1367 2319 es-

304 2332 434 2363 sentiale
451 2338 482 2362 et
499 2332 676 2372 personale,
694 2333 775 2362 sicut
791 2342 855 2362 res:
880 2333 923 2362 ita
939 2332 1038 2372 quod,
1055 2332 1137 2362 sicut
1152 2337 1216 2362 tam
1234 2333 1367 2363 essentia

305 2385 403 2417 quam
425 2385 562 2416 persona
585 2376 745 2415 quaelibet
768 2382 814 2406 est
837 2376 1014 2406 secundum
1036 2377 1171 2415 seipsam
1195 2375 1368 2407 formaliter

304 2429 364 2456 res,
382 2425 413 2450 et
435 2420 530 2450 simul
552 2429 620 2450 non
644 2425 797 2459 quatuor,
809 2419 864 2450 sed
887 2426 948 2450 tres
971 2425 1061 2456 sunt;
1085 2421 1128 2449 ita
1150 2425 1215 2450 tam
1233 2421 1368 2451 essentia

305 2473 403 2504 quam
426 2473 562 2503 persona
585 2463 745 2503 quaelibet
770 2470 816 2493 est
834 2463 1011 2494 secundum
1036 2463 1171 2503 seipsam
1194 2463 1368 2494 formaliter

305 2508 488 2543 subsistens,
508 2513 539 2537 et
561 2507 656 2538 simul
678 2517 746 2538 non
769 2513 842 2537 sunt
865 2513 1013 2547 quatuor,
1033 2507 1173 2537 sed.tres
1197 2508 1368 2538 subsisten-

304 2553 376 2582 tiae.
400 2569 424 2573 —
445 2550 569 2581 Deinde
592 2550 631 2581 ad
654 2552 832 2591 quaesitum
857 2551 1091 2581 deveniendum
1114 2557 1160 2581 est
1175 2552 1202 2581 ’ἦ

360 2594 412 2625 Ad
435 2594 624 2625 evidentiam
648 2600 754 2625 autem
767 2596 880 2635 primi,
904 2605 972 2625 non
996 2601 1042 2625 est
1065 2595 1306 2635 procedendum
1329 2606 1367 2626 ex

305 2638 536 2679 significatione
570 2639 788 2669 subsistentiae
823 2649 919 2679 quam
954 2640 1011 2669 iste
1042 2639 1091 2669 vel
1125 2639 1177 2669 ille
1212 2641 1365 2680 assignat:

305 2682 362 2714 sed
392 2692 430 2712 ex
451 2682 500 2712 his
518 2691 613 2722 ⁴quae
642 2683 680 2712 ab
705 2683 855 2713 omnibus
881 2688 1094 2722 acceptantur.
1130 2683 1171 2713 Et
1199 2689 1367 2723 propterea

304 2727 380 2757 hinc
403 2725 621 2756 inchoandum
642 2735 725 2762 reor,
750 2726 848 2766 quod,
869 2727 950 2757 infra
964 2727 1164 2757 latitudinem
1180 2728 1368 2758 substantia-

305 2780 378 2801 rum
401 2779 527 2809 semper
550 2779 731 2800 sermonem
752 2771 839 2802 hunc
862 2770 1080 2811 intelligendo,
1104 2770 1278 2801 differentia
1301 2781 1368 2802 ma-

304 2814 419 2845 nifesta
441 2814 602 2843 invenitur
623 2814 705 2844 inter
727 2819 882 2850 naturam,
907 2815 1001 2844 etiam
1022 2815 1223 2854 singularem,
1248 2821 1279 2845 et
1294 2817 1368 2846 sub—

305 2859 417 2889 sistens
439 2858 473 2887 in
496 2862 617 2893 natura,
640 2857 673 2887 in
694 2858 757 2888 hoc
781 2857 869 2897 quod
884 2859 963 2888 ratio
979 2863 1119 2894 naturae,
1143 2859 1238 2889 etiam
1261 2860 1366 2896 huius,

306 2907 353 2933 est
375 2911 454 2941 pura
477 2901 556 2931 ratio
579 2906 709 2931 naturae
733 2901 912 2941 singularis:
935 2902 1015 2932 ratio
1030 2911 1107 2932 vero
1123 2903 1318 2933 subsistentis
1334 2904 1367 2934 in

305 2951 417 2977 natura
447 2950 493 2975 est
523 2946 602 2975 ratio
630 2945 773 2975 habentis
798 2951 944 2975 naturam
965 2945 1062 2976 illam.
1097 2946 1196 2983 Quod
1218 2948 1276 2977 sub
1300 2947 1367 2978 aliis

305 2990 410 3021 verbis
433 2989 561 3020 dicitur:
586 2989 706 3019 Natura
721 2994 768 3019 est
783 2994 818 3019 ut
839 2998 913 3029 quo,
938 2990 1109 3020 subsistens
1125 2995 1171 3020 est
1186 2996 1222 3020 ut
1237 2991 1332 3031 quod.
1345 3010 1367 3013 —

307 3033 526 3065 Manifestatur
549 3033 723 3064 differentia
744 3033 822 3063 haec
845 3032 1006 3063 inductive
1033 3034 1067 3064 in
1089 3034 1148 3064 hac
1171 3035 1367 3067 humanitate

308 3082 340 3109 et
359 3078 423 3120 hoc
446 3077 587 3113 homine,
604 3078 663 3106 hac
679 3076 792 3107 deitate
810 3082 840 3106 et
854 3076 917 3106 hoc
937 3076 1018 3113 Deo,
1035 3083 1094 3107 etc.
1110 3096 1133 3099 -
1147 3077 1366 3118 Probaturque

307 3122 352 3152 sic
375 3131 442 3152 esse
465 3122 498 3151 in
521 3131 554 3151 re
579 3130 615 3151 ex
638 3122 709 3160 ipso
731 3121 955 3150 incarnationis
978 3121 1146 3161 mysterio,
1175 3122 1208 3151 in
1232 3131 1298 3162 quo
1322 3122 1367 3152 fa-

306 3168 412 3196 temur
427 3165 562 3195 inveniri
577 3165 659 3195 hanc
674 3165 904 3194 humanitatem
927 3164 994 3194 sine
1009 3164 1072 3194 hoc
1088 3164 1219 3195 homine
1235 3164 1366 3206 proprio

306 3209 358 3240 illi
375 3209 579 3240 hmanitati:
605 3209 757 3248 quoniam
781 3217 848 3238 non
864 3213 911 3238 est
925 3207 970 3237 ibi
984 3208 1036 3238 hic
1051 3208 1163 3244 homo,
1186 3209 1246 3239 nisi
1269 3209 1367 3239 Filius

307 3253 377 3283 Dei.
410 3253 458 3282 Ex
481 3253 544 3283 hoc
568 3253 654 3283 enim
678 3251 766 3292 quod
788 3252 863 3281 huic
886 3251 1074 3282 humanitati
1095 3251 1175 3282 nihil
1197 3252 1285 3283 deest
1306 3254 1367 3283 nisi

306 3297 436 3337 propria
464 3297 663 3327 subsistentia
696 3301 727 3326 et
757 3296 817 3325 nisi
847 3296 1013 3335 proprium
1042 3295 1213 3326 subsistens
1244 3297 1278 3326 in
1307 3297 1366 3326 hac

307 3339 518 3376 humanitate;
543 3345 574 3370 et
597 3345 720 3370 constat
744 3339 832 3380 quod
847 3349 913 3369 non
930 3338 1016 3369 deest
1039 3339 1099 3368 nisi
1121 3340 1288 3379 proprium
1311 3340 1366 3370 ha-

307 3383 386 3414 bens
407 3380 495 3414 illam
517 3384 762 3414 humanitatem:
787 3382 952 3413 manifeste
970 3387 1056 3422 patet
1079 3382 1167 3422 quod
1190 3383 1268 3413 ratio
1293 3384 1366 3414 sub-

307 3428 443 3458 sistentis
463 3428 499 3458 in
522 3433 650 3464 natura,
675 3433 706 3458 et
728 3427 807 3457 ratio
830 3427 973 3457 habentis
996 3432 1149 3462 naturam,
1174 3436 1238 3457 una
1261 3433 1292 3457 et
1315 3437 1365 3457 ea-

310 3470 383 3501 dem
407 3476 463 3501 est.

363 3515 446 3545 Inter
469 3515 674 3545 substantiam
697 3520 804 3545 autern
828 3514 966 3545 divinam
991 3519 1020 3545 et
1037 3520 1153 3544 creatas
1176 3515 1254 3545 haec
1271 3521 1317 3546 est
1332 3516 1365 3546 in

307 3559 474 3598 proposito
491 3557 673 3595 differentia,
699 3559 787 3599 quod
802 3559 835 3588 in
852 3559 960 3588 creatis
984 3559 1078 3588 unica
1093 3563 1216 3588 tantum
1232 3560 1363 3596 ratione,

449 3619 558 3643 Strumae
577 3619 677 3644 Tutor..
693 3619 724 3645 D.
742 3619 856 3644 Tamus
875 3619 907 3644 T.
922 3606 994 3644 vul(

1408 238 1699 276 ARTICULUS
1727 240 1756 275 ΙΙ
2430 240 2476 286 57

1418 318 1516 347 unico
1539 322 1663 347 tantum
1686 317 1786 347 modo
1810 318 1969 348 invenitur
1991 317 2110 347 habens
2126 323 2280 353 naturam,
2305 317 2424 347 scilicet
2443 322 2478 347 ut

1419 361 1607 401 hypostasis,
1631 371 1688 390 seu
1711 366 1747 391 ut
1768 361 1870 400 prima
1893 362 2080 391 substantia:
2106 362 2259 401 quoniam
2281 362 2313 391 in
2331 361 2478 391 creaturis

1418 414 1486 434 non
1511 410 1557 434 est
1583 404 1758 434 differentia
1785 405 1867 434 inter
1895 404 2096 435 individuum
2127 410 2256 435 naturae
2286 410 2317 435 et
2343 406 2478 445 primam

1419 449 1626 478 substantiam
1650 458 1706 478 seu
1729 449 1935 488 hypostasim.
1961 448 1995 478 In
2019 449 2090 478 Deo
2114 454 2220 478 autem
2243 449 2402 478 invenitur
2421 448 2480 479 du-

1419 492 1494 531 plici
1517 493 1639 522 ratione
1663 498 1694 522 et
1714 492 1814 522 modo
1837 493 1957 522 habens
1972 497 2133 522 naturam:
2158 493 2276 522 scilicet
2291 493 2408 522 habens
2424 502 2479 522 na-

1419 541 1523 566 turam
1547 537 1777 571 communiter,
1802 542 1837 566 ut
1859 537 1910 566 hic
1934 536 2038 571 Deus;
2070 541 2101 566 et
2123 536 2242 566 habens
2265 542 2409 566 naturam
2432 537 2480 566 in-

1420 580 1737 615 communicabiliter,
1761 585 1797 610 ut
1819 580 1920 610 Pater.
1952 580 2000 610 Ac
2023 589 2080 619 per
2102 580 2175 615 hoc,
2199 580 2358 610 invenitur
2380 581 2480 610 subsi-

1420 629 1504 654 stens
1518 624 1560 653 >in
1581 629 1693 653 natura
1715 624 1939 659 communiter,
1963 629 1999 653 ut
2019 624 2070 653 hic
2087 623 2188 653 Deus:
2214 629 2245 653 et
2260 624 2431 653 subsistens
2446 624 2480 653 in

1419 673 1531 697 natura
1560 668 1918 703 incommunicabiliter,
1949 672 1985 697 ut
2015 667 2174 706 quaelibet
2204 667 2308 696 divina
2334 677 2479 706 persona.

1421 711 1555 741 Constat
1579 712 1665 741 enirn
1689 711 1778 750 quod
1800 711 1852 741 hic
1868 711 1965 746 Deus,
1982 717 2017 741 ut
2033 711 2087 746 sic,
2105 711 2244 740 subsistit
2260 711 2479 741 essentialiter:

1419 760 1484 784 tam
1507 755 1599 785 Pater
1622 761 1729 785 autem
1752 764 1849 794 quam
1879 755 1976 784 Filius
1998 764 2095 794 quam
2123 754 2256 794 Spiritus
2279 754 2422 790 Sanctus,
2446 760 2482 785 ut

1420 799 1474 834 sic,
1492 799 1631 828 subsistit
1653 799 1868 838 personaliter.
1893 799 1955 828 Hic
1971 799 2058 828 Deus
2074 799 2213 828 subsistit
2228 798 2401 828 formaliter
2416 798 2481 829 dei-

1420 848 1499 872 tate:
1532 843 1630 872 Filius
1662 848 1770 872 autem
1793 843 1933 872 subsistit
1965 841 2137 872 formaliter
2160 852 2216 872 sua
2248 843 2480 882 personalitate,

1421 896 1503 925 quae
1528 892 1574 916 est
1596 887 1664 926 ipsa
1687 886 1808 916 filiatio.
1833 887 1903 916 Alia
1923 896 1998 925 ergo
2023 891 2069 916 est
2091 886 2170 915 ratio
2194 886 2383 916 subsistendi
2406 887 2480 916 huic

1421 930 1502 966 Deo,
1520 936 1551 960 et
1574 931 1633 960 alia
1655 930 1754 960 Filio:
1780 931 1860 960 sicut
1883 931 1943 960 alia
1967 935 2013 959 est
2035 930 2114 959 ratio
2135 929 2266 966 deitatis,
2284 936 2314 960 et
2331 939 2481 970 persona-

1420 974 1523 1003 litatis.
1559 975 1600 1003 Et
1623 974 1764 1004 similiter
1794 974 1872 1004 alius
1896 979 1942 1004 est
1972 974 2088 1004 modus
2115 974 2304 1004 subsistendi
2334 983 2400 1013 quo
2430 975 2481 1004 hic

1421 1018 1508 1048 Deus
1532 1019 1687 1052 subsistit,
1716 1019 1870 1057 quoniam
1894 1019 2032 1047 subsistit
2055 1017 2259 1047 essentialiter
2283 1023 2313 1048 et
2336 1027 2482 1048 commu-

1420 1062 1516 1091 niter:
1543 1067 1573 1091 et
1589 1071 1655 1101 quo
1672 1062 1771 1092 Filius
1787 1062 1935 1097 subsistit,
1953 1063 2106 1101 quoniam
2122 1062 2262 1091 subsistit
2276 1062 2483 1101 personaliter

1421 1110 1452 1134 et
1474 1106 1827 1135 incommunicabiliter.

1476 1149 1543 1178 VII.
1568 1149 1609 1178 Et
1630 1158 1671 1178 ne
1689 1150 1759 1188 quis
1778 1154 1869 1188 putet
1884 1159 1935 1178 me
1952 1159 2036 1178 nova
2052 1149 2177 1184 cudere,
2194 1150 2346 1188 probatur
2361 1151 2482 1180 ratione

1421 1198 1452 1222 et
1475 1193 1662 1222 auctoritate
1686 1193 1853 1223 subsistere
1885 1202 1951 1222 esse
1980 1194 2074 1222 etiam
2101 1193 2267 1232 personale
2296 1194 2329 1222 in
2354 1193 2483 1229 divinis;

1421 1236 1455 1265 et'
1469 1246 1536 1266 esse
1552 1235 1726 1266 formaliter
1741 1237 1840 1275 magis
1856 1236 2022 1275 personale
2039 1246 2135 1275 quam
2153 1237 2316 1266 essentiale
2328 1238 2354 1272 ἡ
2373 1247 2483 1276 quarn-

1420 1280 1467 1309 vis
1490 1280 1666 1310 radicaliter
1688 1281 1727 1309 sit
1751 1280 1914 1310 essentiale
1930 1281 1957 1310 ἦ
1982 1280 2159 1310 Probantur
2182 1280 2314 1319 singula.

1477 1323 1576 1361 Quod
1606 1324 1774 1354 subsistere
1804 1324 1843 1354 sit
1869 1323 2052 1363 personale,
2077 1329 2163 1363 patet
2186 1325 2240 1353 sic.
2275 1324 2484 1354 Personalitas

1421 1367 1527 1397 divina
1551 1373 1598 1398 est
1613 1367 1786 1398 formaliter
1801 1368 1978 1407 personale.
2002 1367 2087 1407 Ergo
2103 1368 2312 1397 subsistentia.
2335 1386 2358 1390 —
2382 1369 2485 1398 Tenet

1420 1411 1566 1451 sequela:
1592 1412 1751 1451 alioquin,
1769 1411 1975 1451 personalitas
1998 1421 2065 1441 non
2082 1412 2288 1441 constitueret
2303 1421 2483 1451 personam,

1421 1455 1477 1486 sed
1500 1456 1666 1486 relativum
1690 1461 1824 1485 tantum.
1860 1455 1893 1485 Si
1920 1456 2005 1485 enim
2032 1456 2201 1494 paternitas
2230 1465 2297 1485 non
2322 1457 2485 1486 constituit

1420 1500 1527 1539 ipsum
1551 1500 1642 1539 quasi
1664 1500 1844 1529 subiectum
1866 1499 2026 1529 relationis
2049 1505 2213 1538 paternae,
2246 1505 2369 1529 constat
2396 1500 2484 1539 quod

1420 1553 1488 1573 non
1512 1544 1676 1573 constituit
1698 1553 1868 1582 personam
1884 1543 1999 1580 Patris:
2025 1548 2056 1572 et
2079 1544 2104 1572 si
2128 1544 2291 1573 constituit
2314 1553 2483 1583 personam

1420 1588 1528 1623 Patris,
1546 1588 1709 1618 constituit
1725 1588 1814 1626 quasi
1830 1587 2009 1617 subiectum
2025 1592 2173 1626 paternae
2189 1587 2358 1617 relationis.
2376 1588 2484 1627 Ipsum

1421 1637 1529 1662 autem
1548 1632 1638 1671 quasi
1654 1631 1832 1661 subiectum
1849 1637 1996 1670 paternae
2012 1631 2171 1660 relationis
2189 1637 2311 1660 constat
2328 1641 2394 1661 esse
2411 1633 2484 1662 sub-

1421 1677 1567 1706 stantiam
1591 1674 1796 1710 individuam,
1821 1675 2065 1710 subsistentiam,
2090 1675 2295 1714 hypostasim.
2328 1675 2415 1705 Idem
2439 1682 2485 1706 est

1421 1729 1497 1759 ergo
1521 1719 1626 1749 dicere
1650 1719 1740 1758 quod
1762 1719 1963 1748 subsistentia
1978 1728 2045 1748 non
2062 1723 2108 1748 est
2123 1719 2308 1758 personalis,
2334 1725 2364 1748 et
2381 1719 2484 1749 dicere

1422 1763 1511 1802 quod
1526 1763 1733 1802 personalitas
1748 1772 1816 1792 non
1833 1768 1879 1792 est
1894 1762 2081 1801 personalis:
2101 1771 2175 1791 cum
2191 1762 2395 1802 personalitas
2411 1764 2485 1793 sub-

1421 1807 1561 1836 sistentia
1583 1807 1631 1842 sit,
1657 1807 1731 1845 quia
1748 1807 1939 1835 constituere
1956 1815 2125 1845 personam
2143 1811 2188 1835 est
2205 1807 2395 1836 constituere
2412 1808 2485 1837 sub-

1421 1851 1569 1880 stantiam
1592 1849 1789 1880 individuam
1813 1850 1846 1879 in
1869 1855 1980 1879 natura
2002 1850 2216 1879 intellectuali.

1476 1894 1518 1924 Et
1540 1893 1757 1924 confirmatur.
1781 1893 1876 1931 Quia,
1901 1894 1996 1924 etiam
2020 1893 2161 1933 fingendi
2184 1893 2255 1923 data
2274 1894 2409 1930 licentia,
2427 1895 2486 1924 im-

1420 1938 1572 1977 possibile
1596 1943 1643 1967 est
1665 1937 1840 1977 intelligere
1871 1938 2078 1968 substantiam
2101 1937 2296 1967 individuam
2319 1939 2352 1967 in
2375 1943 2486 1968 natura

1421 1982 1644 2017 intellectuali,
1669 1987 1699 2012 et
1721 1991 1788 2011 non
1810 1982 1986 2021 intelligere
2010 1982 2182 2012 subsistens
2205 1982 2238 2011 in
2261 1987 2372 2012 natura
2394 1983 2486 2012 intel-

1421 2026 1558 2056 lectuali.
1583 2025 1718 2056 Constat
1733 2031 1840 2055 autem
1864 2026 1936 2056 luce
1952 2026 2065 2056 clarius
2089 2026 2177 2065 quod
2197 2025 2229 2066 ly
2244 2026 2420 2056 substantia
2438 2027 2485 2056 in-

1421 2070 1569 2105 dividua,
1593 2069 1667 2099 loco
1691 2070 1782 2099 cuius
1805 2070 1956 2109 ponimus
1979 2070 2168 2105 subsistens,
2197 2070 2347 2109 importat
2370 2070 2486 2100 forma-

1420 2114 1491 2143 liter
1513 2113 1781 2153 personalitatem.
1806 2113 1934 2143 Claudit
1950 2123 2026 2153 ergo
2050 2114 2255 2153 personalitas
2271 2114 2304 2143 in
2320 2124 2353 2144 se
2369 2114 2486 2144 forma-

1420 2158 1491 2187 liter
1514 2158 1765 2187 subsistentiam:
1789 2167 1850 2187 nec
1874 2158 2060 2197 oppositum
2085 2163 2131 2187 est
2153 2158 2359 2197 intelligibile.

1476 2202 1516 2231 Et
1540 2201 1756 2231 confirmatur.
1792 2201 1877 2238 Quia
1899 2201 1959 2231 nisi
1983 2207 2064 2231 esset
2086 2202 2206 2231 trinitas
2229 2202 2484 2238 subsistentium,

1420 2255 1487 2275 non
1512 2251 1593 2275 esset
1615 2245 1736 2274 trinitas
1759 2254 1985 2284 personarum;
2018 2245 2072 2275 sed
2097 2251 2178 2276 esset
2205 2246 2272 2275 sola
2295 2246 2414 2276 trinitas
2438 2256 2486 2276 re-

1421 2290 1577 2319 lationum
1606 2294 1641 2318 ut
1664 2289 1725 2324 sic,
1749 2289 1811 2318 hoc
1837 2294 1896 2323 est,
1921 2289 2098 2319 secundum
2131 2299 2197 2319 esse
2222 2295 2252 2319 et
2274 2299 2342 2319 non
2373 2299 2485 2320 secun-

1421 2333 1498 2363 dum
1529 2333 1777 2372 personalitates.
1806 2332 1904 2370 Quod
1934 2343 1951 2362 a
1979 2332 2053 2363 fidei
2084 2333 2228 2363 doctrina
2258 2333 2397 2363 alienum
2421 2340 2482 2370 est,

1420 2377 1592 2408 confitente
1609 2378 1624 2392 ἢ*
1649 2376 1737 2416 quod
1760 2376 1826 2406 alia
1850 2381 1896 2406 est
1912 2386 2056 2416 persona
2079 2377 2195 2412 Patris,
2220 2377 2286 2407 alia
2309 2377 2395 2413 Filii,
2417 2378 2484 2408 alia

1420 2421 1560 2461 Spiritus
1582 2421 1702 2451 Sancti.

1475 2466 1656 2495 Auctoritas
1680 2463 1719 2494 ad
1741 2465 1804 2494 hoc
1827 2465 1976 2494 Auctoris
2000 2469 2046 2494 est
2069 2465 2101 2494 in
2120 2464 2223 2494 Prima
2239 2465 2340 2500 Parte,
2365 2474 2418 2504 qu.
2432 2475 2481 2501 XL,

1419 2509 1475 2539 ubi
1498 2509 1582 2545 dicit,
1608 2514 1662 2538 art.
1682 2508 1710 2543 3,
1735 2509 1767 2538 in
1792 2517 1943 2547 corpore:
1968 2508 2185 2548 Proprietates
2202 2509 2393 2548 personales
2416 2519 2480 2539 non

1420 2553 1648 2595 intelliguntur
1670 2552 1822 2582 advenire
1843 2553 2068 2592 hypostasibus
2091 2552 2207 2582 divinis
2236 2553 2329 2593 quasi
2346 2553 2483 2593 formae

1419 2597 1558 2627 subiecto
1569 2596 1821 2637 praeexistenti:
1836 2597 1891 2626 sed
1897 2597 2018 2637 ferunt
2031 2606 2136 2626 secum
2154 2597 2238 2636 ipsas
2253 2597 2450 2637 hypostases.
2460 2615 2483 2618 —

1420 2642 1461 2671 Et
1484 2642 1516 2671 in
1540 2650 1621 2680 resp.
1646 2640 1685 2670 ad
1711 2650 1727 2670 2
1753 2640 1843 2670 dicit:
1868 2641 2065 2670 Paternitate
2089 2650 2152 2670 non
2180 2641 2283 2670 solum
2308 2645 2354 2670 est
2375 2641 2481 2676 Pater,

1420 2685 1476 2715 sed
1498 2685 1578 2725 quis,
1603 2694 1659 2715 seu
1682 2685 1875 2724 hypostasis.
1900 2684 1986 2721 Quid
2010 2684 2143 2714 clarius?
2164 2699 2187 2705 fl
2210 2684 2249 2713 Et
2272 2685 2303 2713 in
2321 2684 2384 2721 Qu.
2397 2694 2428 2714 nr
2443 2684 2482 2714 de

1420 2729 1568 2759 Potentia
1590 2729 1661 2764 Dei,
1682 2734 1737 2758 art.
1754 2737 1785 2766 4,
1803 2728 1893 2758 dicit:
1918 2729 2061 2758 Persona
2091 2728 2200 2758 divina
2214 2728 2359 2768 formali
2379 2728 2481 2769 signi-

1410 2771 1569 2814 ficatione
1591 2772 1755 2813 significat
1775 2772 1957 2802 distinctum
1976 2772 2146 2802 subsistens
2167 2772 2199 2801 in
2216 2776 2335 2801 natura
2361 2771 2480 2802 divina.

1474 2817 1556 2847 VIII.
1581 2816 1679 2854 Quod
1703 2821 1809 2846 autem
1826 2816 2024 2845 subsistentia
2047 2816 2145 2854 magis
2162 2815 2199 2844 sit
2215 2815 2388 2845 formaliter
2410 2825 2481 2855 per-

1420 2861 1530 2891 sonale
1551 2870 1647 2900 quam
1665 2859 1837 2894 essentiale,
1863 2869 1899 2889 ex
1916 2859 2041 2889 duobus
2064 2864 2159 2898 patet.
2186 2858 2303 2894 Primo,
2321 2859 2395 2898 quia
2410 2869 2481 2899 per-

1421 2914 1498 2934 sona
1522 2905 1555 2934 in
1578 2903 1744 2934 communi
1766 2904 1799 2932 in
1822 2902 1947 2932 formali
1970 2912 2029 2932 suo
2053 2902 2228 2942 significato
2251 2903 2384 2933 includit
2408 2904 2480 2933 sub-

1421 2949 1548 2983 sistens,
1579 2953 1615 2977 ut
1637 2948 1760 2977 Auctor
1783 2956 1926 2986 expresse
1950 2946 2025 2976 dicit
2053 2947 2086 2975 in
2110 2946 2195 2976 dicto
2219 2947 2351 2987 arficulo
2379 2947 2480 2977 dictae

1421 2992 1615 3032 quaestionis
1630 2991 1670 3020 de
1684 2990 1830 3020 Potentia
1846 2990 1916 3025 Dei,
1934 2995 1965 3019 et
1980 2995 2066 3030 patet
2083 3000 2120 3020 ex
2136 2990 2320 3020 definitione
2334 2991 2438 3021 Boetii
2448 2993 2479 3021 ἥς

1421 3036 1496 3076 quia
1521 3036 1555 3065 in
1582 3040 1668 3064 recto
1700 3033 1854 3073 significat
1877 3034 2082 3064 substantiam
2105 3033 2316 3069 individuam,
2348 3035 2410 3065 hoc
2434 3041 2480 3066 est

1421 3079 1626 3110 substantiam
1646 3078 1791 3117 primam,
1808 3087 1905 3117 quam
1922 3083 2044 3107 constat
2060 3087 2126 3108 esse
2143 3078 2313 3108 subsistens
2328 3079 2478 3118 primum.

1421 3123 1539 3153 Natura
1562 3127 1669 3152 autem
1692 3121 1725 3150 in
1749 3122 1914 3151 communi
1937 3131 2004 3151 non
2027 3121 2182 3161 significat
2204 3122 2385 3152 subsistens,

1476 3165 1642 3200 Secundo,
1675 3175 1712 3194 ex
1736 3174 1774 3195 eo
1799 3165 1888 3204 quod
1911 3166 2081 3195 subsistens
2105 3166 2137 3195 in
2161 3171 2271 3195 natura
2295 3166 2416 3201 divina,
2444 3172 2480 3196 ut

1421 3210 1601 3244 subsistens,
1625 3209 1719 3238 habet
1740 3209 1895 3239 rationem
1918 3218 2083 3248 personae,
2108 3210 2251 3249 quamvis
2273 3209 2478 3249 incomplete.

1421 3254 1468 3284 Ex
1491 3263 1530 3283 eo
1558 3262 1698 3292 namque
1729 3252 1818 3292 quod
1848 3253 1942 3283 etiam
1971 3253 2004 3283 in
2034 3258 2146 3283 natura
2174 3253 2279 3283 divina
2308 3254 2479 3284 subsistens

1421 3297 1566 3338 quamvis
1589 3297 1812 3332 communiter,
1835 3297 1938 3327 induit
1961 3297 2120 3336 quandam
2143 3298 2298 3327 rationem
2313 3307 2478 3336 personae,

1420 3339 1708 3380 appropinquando
1732 3340 1772 3371 ad
1794 3341 1949 3371 rationem
1972 3350 2137 3380 personae,
2161 3347 2192 3371 et
2214 3341 2360 3371 habendo
2384 3342 2478 3372 ratio-

1419 3394 1494 3415 nem
1510 3393 1665 3425 personae
1680 3384 1891 3424 incomplete;
1909 3385 2034 3424 signum
2050 3385 2181 3414 habetur
2198 3384 2285 3424 quod
2301 3385 2477 3421 subsistere,

1421 3428 1510 3468 quod
1531 3428 1645 3458 habere
1669 3428 1823 3458 rationem
1844 3429 2048 3464 subsistentis,
2072 3429 2170 3468 magis
2190 3429 2339 3458 convenit
2362 3429 2477 3460 forma—

1418 3473 1488 3502 liter
1515 3482 1670 3512 personae
1701 3482 1798 3512 quam
1821 3478 1959 3502 naturae.
1996 3473 2095 3512 Magis
2126 3482 2199 3512 ergo
2231 3478 2277 3502 est
2306 3472 2478 3503 formaliter

1419 3517 1586 3557 personale
1609 3525 1706 3556 quarn
1730 3517 1902 3546 essentiale.

1472 3560 1627 3590 Notanter
1643 3565 1749 3590 autem
1766 3559 1837 3596 dixi,
1846 3560 2047 3601 formaliter.
2066 3560 2148 3597 Quia
2164 3559 2338 3590 radicaliter
2354 3566 2477 3591 constat

2318 3619 2334 3644 8

2510 1242 2520 1253 '⁸
2534 1241 2603 1263 Num.
2619 1248 2668 1269 seq.

2511 1287 2519 1297 ⁸
2526 1285 2721 1313 lbid.,Notanter.

2508 2993 2559 3014 'De
2567 2993 2642 3014 Duab.
2651 2993 2716 3020 Nat„

2507 3025 2556 3046 cap.
2572 3025 2605 3041 ni.
