2872 3970
269 695 280 706 ⁸
299 695 385 717 Homil.
402 695 432 717 Vl
455 695 479 717 in

269 721 353 743 Malth.

268 1057 479 1105 iaqziinlffissssfui'f

268 1110 329 1157 {2³:15
337 1100 399 1138 ὅρι’·
407 1109 478 1137 Ε”ἰ-

327 2790 380 2811 anh.
396 2795 444 2817 cap.
460 2795 487 2815 ιι;

314 2822 326 2837 c
342 2822 367 2837 ca
401 2822 414 2837 ιι
430 2822 467 2837 ver

291 2823 334 2837 „u.
417 2833 422 2843 ,
469 2823 487 2838 s.

280 2843 293 2864 8
308 2849 367 2870 ⁵qu
394 2849 405 2870 5
419 2849 470 2870 sqq·
506 2863 509 2866 Α

286 3346 361 3392 ᾆῖῗιῖἕ·
371 3344 494 3397 ᾗῗῗέηἳῖ
522 3352 653 3400 Magis.

409 3403 450 3447 qis,
467 3402 495 3443 2¹11

320 3423 496 3496 ⁷J‘1'fp·(i¹¹¹''
525 3456 674 3493 Christo
697 3456 972 3494 crediturarum
987 3456 1016 3493 *.
1048 3457 1123 3493 Sed
1143 3457 1268 3506 primo
1282 3459 1470 3507 plenitudo
1488 3472 1577 3510 gen-

288 3396 351 3419 XXX
361 3413 366 3421 .

287 3425 361 3445 Sei-m.
383 3423 401 3444 C

509 295 582 342 370

505 376 670 409 severent
684 375 717 406 ηε
739 369 834 405 sicut
853 367 988 404 accidit
1007 366 1105 404 circa
1119 367 1263 403 stellam
1283 376 1382 413 quae
1403 364 1562 400 demon-

506 423 635 460 stravit
662 421 895 458 nativitatem
924 419 1072 456 Christi.
1102 419 1150 455 Et
1177 418 1264 454 ideo
1291 429 1360 466 per
1380 417 1456 453 hoc
1482 427 1562 452 non

506 475 756 513 confirmatur
783 485 889 510 error
915 484 1052 509 eorum
1080 471 1147 520 qui
1173 475 1307 507 sortem
1337 469 1562 505 nascentium

505 529 696 565 hominum
730 532 914 564 astrorum
954 524 1078 562 ordini
1110 523 1284 572 colligari
1316 523 1563 566 arbitrantur,

506 593 579 617 non
608 585 730 617 autem
758 578 911 615 credunt
938 583 1122 614 astrorum
1144 575 1311 612 ordinem
1339 573 1390 610 ad
1406 574 1564 610 hominis

506 634 730 670 nativitatem
753 643 862 681 posse
888 630 1036 666 mutari.

560 683 738 723 Similiter
765 682 891 729 etiam,
920 689 962 718 ut
991 682 1290 730 Chrysostomus
1319 677 1406 715 dicit
1429 677 1460 725 ³¹⁸,
1489 689 1563 714 non

505 743 555 775 est
573 739 643 775 hoc
661 736 910 774 astronomiae
928 746 1030 783 opus,
1050 746 1074 770 a
1100 733 1210 769 stellis
1227 733 1322 768 scire
1340 743 1402 767 eos
1421 731 1484 780 qui
1502 742 1564 767 na-

504 796 674 828 scuntur.-
698 789 764 825 sed
784 789 831 824 ab
850 788 945 823 hora
965 786 1158 823 nativitatis
1175 785 1312 832 futura
1333 783 1563 833 praedicere.

504 844 621 892 Magi
645 847 766 878 autem
798 845 938 888 tempus
966 839 1160 876 nativitatis
1189 849 1262 873 non
1291 841 1564 885 cognoverunt,

505 901 554 941 ut,
583 896 668 931 hinc
687 897 868 930 sumentes
886 892 1041 936 initium,
1061 890 1291 940 a-stellarum
1311 894 1411 925 motu
1428 888 1566 936 futura

505 951 789 996 cognoscerent:
814 944 880 981 sed
899 945 1022 993 potius
1050 954 1070 978 e
1097 953 1285 979 converso.

558 1000 615 1035 AD
635 1009 805 1040 QUARTUM
824 1007 1005 1033 DICENDUM
1020 994 1138 1044 quod,
1154 994 1251 1031 sicut
1266 994 1567 1043 Chrysostomus

505 1052 614 1088 refert
631 1050 662 1098 ³¹⁶,
692 1050 730 1086 in
759 1048 992 1098 quibusdam
1012 1046 1156 1096 scriptis
1176 1045 1407 1095 apocryphis
1434 1045 1568 1094 legitur

505 1103 612 1153 quod
646 1102 839 1152 quaedam
866 1113 958 1149 gens
985 1100 1025 1137 in
1060 1107 1230 1136 extremo
1259 1098 1434 1146 orientis,
1463 1099 1567 1136 iuxta

506 1158 720 1202 Oceanum,
746 1154 943 1204 quandam
971 1152 1197 1201 scripturam
1225 1151 1400 1199 habebat,
1425 1163 1472 1188 ex
1499 1163 1567 1189 no-

505 1209 609 1246 mine
637 1209 721 1246 Seth
740 1205 774 1254 ⁰,
804 1207 852 1244 de
880 1207 953 1243 hac
981 1206 1086 1242 stella
1118 1212 1154 1241 et
1182 1203 1409 1241 muneribus
1437 1203 1569 1242 huius·
1615 1205 1760 1254 phania
1778 1201 1816 1249 ¹¹²,
1839 1206 1993 1250 praeter
2019 1199 2122 1237 illam
2148 1202 2306 1250 speciem
2338 1213 2434 1251 quae
2459 1205 2683 1253 carpenum
2719 1201 2750 1251 3!

505 1261 613 1299 modi
637 1259 854 1298 offerendis.
885 1259 996 1305 Quae
1015 1270 1107 1306 gens
1126 1256 1324 1305 diligenter
1342 1257 1571 1294 observabat
1621 1257 1783 1294 incitavit
1809 1255 1984 1299 obtutum,
1996 1252 2209 1303 fidgentior
2225 1255 2386 1292 veritatis
2408 1255 2684 1306 radiusg'eam
2840 1294 2844 1307 .

505 1314 622 1351 huius
641 1315 766 1350 stellae
787 1319 974 1358 exortum,
995 1310 1127 1360 positis
1151 1308 1454 1359 exploratoribus
1473 1309 1570 1347 duo·
1622 1309 1737 1347 corda
1759 1307 1953 1358 perdocuit
1972 1305 2071 1355 quod
2086 1305 2138 1343 ad
2158 1306 2464 1344 illuminationem
2476 1306 2578 1356 fidei*
2593 1312 2683 1364 pets
2697 1312 2700 1314 ’

2549 1371 2566 1387 ψ’
2603 1364 2656 1390 ”ῑ*’
2674 1369 2682 1389 l
2741 1367 2751 1375 '⁴

1159 286 1420 334 QUAESTIO
1449 285 1627 331 XXXVI,
1655 283 1947 322 ARTICULUS
1975 283 2025 320 VI

1617 363 1657 400 in
1693 369 1879 399 montem.
1915 363 1958 398 In
1985 373 2065 410 quo
2100 361 2352 409 postmodum
2386 361 2564 401 viderunt
2591 377 2678 404 earn

1618 415 1825 452 habentem
1852 413 1892 451 in
1911 426 1951 450 se
1980 413 2089 462 quasi
2117 413 2267 462 parvuli
2294 414 2472 462 formam,
2501 423 2537 454 et
2563 428 2680 467 super
2744 443 2746 445 -

1618 479 1658 504 se
1686 465 1974 504 similitudinem
2002 465 2135 502 crucis.

1669 520 1741 556 Vel
1767 517 1982 556 dicendum
2003 517 2128 567 quod,
2157 517 2254 555 sicut
2280 517 2418 556 dicitur
2442 519 2483 557 in
2509 520 2606 559 libro
2633 522 2680 559 de

1624 573 1770 614 Quaest.
1785 577 1801 593 ²
1819 571 1919 609 Nov.
1935 577 1968 607 et
1986 571 2062 608 Vet.
2083 572 2119 607 T
2115 576 2175 607 est.
2192 570 2223 618 ²¹³,
2243 572 2360 621 Magi
2376 571 2431 608 illi
2446 573 2678 612 traditionem

1617 624 1780 662 Balaam
1802 625 2060 673 sequebantur,
2081 622 2148 671 qui
2167 622 2271 670 dixit,
2301 638 2320 657 «
2346 623 2494 662 Orietur
2510 625 2613 663 stella
2630 638 2681 664 ex
2705 611 2763 635 ’

1618 678 1734 714 Iacob
1752 675 1772 698 '⁸‘
1794 691 1827 712 ».
1869 675 1991 721 Unde,
2019 675 2180 713 videntes
2206 675 2348 713 stellam
2374 682 2483 714 extra
2509 677 2679 717 ordinem
2704 684 2715 698 ·
2732 697 2744 727 y
2760 675 2782 696 ³·
2835 713 2838 716 ,

1618 729 1758 774 mundi,
1783 729 1881 766 hanc
1908 739 1984 764 esse
2010 727 2268 765 intellexerunt
2295 740 2406 777 quam
2432 726 2679 780 Balaamfi.
2728 744 2731 745 ν
2770 727 2775 731 ”

1619 788 1742 820 turam
1779 781 1937 818 indicem
1973 781 2091 830 Regis
2122 779 2352 817 Iudaeorum
2380 772 2679 840 prophetwffffi·
2706 796 2712 802 ,
2735 771 2755 806 j

1673 835 1744 884 Vel
1771 833 1993 879 dicendum,
2022 831 2119 869 sicut
2145 832 2381 880 Augustinus
2408 833 2508 881 dicit,
2534 834 2576 873 in
2593 834 2755 881 S&'J.J'‹.
2768 850 2770 852 v

1620 898 1738 925 mone
1774 886 1820 923 de
1845 885 2057 935 Epiphania
2075 884 2114 932 *,
2152 885 2260 933 quod
2276 926 2278 928 ‚
2295 887 2344 923 ab
2375 887 2520 936 angelis
2555 888 2682 939 aliq&
2703 883 2722 917 -'

1619 941 1821 978 monitione
1839 937 2070 976 revelationis
2088 937 2284 975 audierunt
2301 939 2419 988 Magi
2443 939 2550 989 quod
2577 940 2693 980 εἴσω·
2715 941 2739 978 -Ῑί

1623 992 1819 1031 Christum
1837 997 1973 1027 natum
1991 988 2228 1037 significaret.
2250 990 2299 1027 Et
2315 991 2512 1040 probabile
2530 993 2683 1032 videtu

1621 1045 1729 1096 quod
1757 1057 1781 1081 a
1808 1044 1932 1080 bonis.-
1959 1042 2108 1092 quando
2135 1043 2172 1079 in
2196 1043 2340 1080 Christo
2362 1043 2684 1084 adorandorum

1621 1109 1751 1136 eorum
1779 1098 1855 1134 iam
1883 1096 2138 1145 quaerebatur.
2535 1104 2539 1113 ¹
2596 1113 2612 1131 μ

1673 1151 1757 1197 Vel,
1786 1148 1883 1186 sicut
1909 1148 1991 1184 Leo
2011 1148 2118 1196 Papa
2143 1147 2244 1194 dicit,
2263 1147 2303 1185 in
2323 1149 2511 1187 Sermone
2533 1150 2683 1207 άεΕμ
2718 1146 2770 1199 33¹³·

506 1366 643 1414 decim,
664 1365 729 1415 qui
750 1365 859 1402 certis
878 1363 1118 1413 temporibus
1137 1363 1295 1399 devote‘
1314 1362 1572 1400 ascendebant
1622 1363 1769 1400 tinebat.
2364 1375 2373 1384 ¹

556 1480 583 1513 η)
602 1483 762 1505 asseverent.
779 1493 798 1498 -
815 1481 966 1503 assererent
984 1478 1022 1502 Fa
1041 1482 1066 1502 et
1083 1477 1156 1502 tertia
1175 1481 1277 1509 praeter
1295 1476 1314 1501 l.

557 1514 582 1550 0)
602 1515 674 1540 Seth.
691 1529 711 1534 —
729 1514 783 1544 PF;
803 1514 886 1546 Sepht
905 1514 922 1543 1,
942 1513 995 1545 Sep
1014 1513 1055 1538 ed.
1073 1520 1098 1542 a,
1119 1512 1192 1544 Sept.
1212 1511 1298 1538 ceteri.

1675 1476 1696 1510 ι)
1715 1477 1817 1503 devote.
1834 1491 1854 1497 -
1871 1478 1904 1503 de
1922 1481 1998 1504 nocte
2017 1477 2121 1503 PFGsC
2139 1482 2164 1501 et
2181 1482 2208 1502 a.

1676 1512 1702 1546 κ)
1723 1513 1755 1538 de
1775 1512 1884 1543 Quaest.
1901 1527 1921 1532 -
1937 1513 1978 1538 Fa
1995 1518 2021 1538 et
2038 1513 2124 1543 tertia;
2143 1519 2197 1537 om.

1181 1591 1518 1624 Commentariis
1540 1591 1792 1625 Cardinalis
1814 1592 2013 1626 Caietam

567 1674 702 1703 nurus*
721 1673 828 1702 minus
848 1671 993 1712 explicat,
1010 1671 1171 1702 brevitatis
1192 1681 1296 1707 causa,
1314 1680 1412 1711 quam
1435 1671 1567 1711 quaerit.
1594 1678 1599 1731 Ι

509 1685 659 1752 TNam,
683 1721 719 1746 ut
741 1721 828 1756 patet
844 1716 877 1746 in
898 1715 1100 1746 distinctione
1123 1715 1330 1745 articulorum
1353 1715 1387 1745 in
1409 1715 1568 1755 principio

507 1762 603 1791 huius
625 1760 819 1800 quaestionis
842 1759 924 1789 facta
939 1759 972 1789 in
988 1759 1099 1795 littera,
1117 1759 1246 1799 quintus
1263 1759 1412 1789 articulus
1427 1759 1569 1798 inquirit,

503 1815 566 1846 per
587 1813 670 1845 quae
692 1804 759 1834 alia
781 1803 926 1834 debuerit
947 1803 1172 1844 manifestari:
1194 1803 1249 1832 ubi
1271 1807 1358 1842 patet
1380 1811 1448 1832 non
1463 1802 1570 1833 solum

509 1849 548 1879 de
572 1848 700 1888 angelis,
723 1853 760 1877 ut
781 1847 834 1877 hic
850 1846 1032 1886 explicatur,
1055 1846 1110 1876 sed
1133 1846 1349 1876 universaliter
1365 1845 1404 1876 de
1420 1846 1570 1876 omnibus

510 1893 675 1927 creaturis,
699 1900 756 1931 per
779 1900 858 1930 quas
887 1890 1031 1920 debuerit
1060 1889 1253 1920 manifestari
1276 1889 1393 1920 Christi
1415 1890 1569 1926 nativitas,

509 1946 543 1966 1n
568 1945 638 1966 um.

545 1945 653 2010 qldem
669 1987 801 2019 quoque
818 1977 979 2008 evidenter
995 1982 1125 2018 apparet
1139 1977 1172 2007 in
1188 1986 1340 2016 processu
1355 1977 1494 2007 articuli:
1515 1977 1571 2007 ubi

510 2033 577 2054 non
590 2023 695 2054 solum
712 2031 809 2062 quare
824 2031 881 2062 per
893 2021 1022 2061 angelos
1037 2021 1228 2056 Pastoribus,
1242 2020 1297 2051 sed
1313 2019 1426 2051 diffuse
1438 2030 1571 2061 quoque

511 2077 608 2107 quare
631 2076 688 2107 per
710 2066 832 2096 stellam
855 2065 965 2105 Magis,
990 2070 1021 2094 et
1044 2074 1101 2104 per
1123 2065 1364 2104 inspirationem
1387 2065 1571 2095 interiorem

511 2111 654 2142 Simeoni
677 2116 710 2140 et
729 2110 843 2140 Annae
869 2108 1067 2140 manifestata
1090 2113 1137 2138 est
1160 2108 1277 2139 Christi
1299 2109 1466 2144 nativitas,
1491 2109 1571 2139 ratio

511 2155 661 2186 redditur.

566 2199 603 2228 ΙΙ.
620 2198 655 2228 In
672 2207 806 2237 corpore
821 2197 944 2227 articuli
959 2206 1023 2226 una
1035 2201 1081 2226 est
1093 2196 1259 2226 conclusio
1274 2196 1458 2236 responsiva
1474 2205 1571 2236 quae-

510 2243 588 2273 sito:
615 2241 735 2272 Christi
751 2241 902 2271 nativitas
917 2240 1143 2270 convenienter
1158 2239 1365 2281 manifestata
1381 2245 1428 2270 est
1436 2250 1500 2281 per
1514 2249 1572 2270 an-

509 2287 611 2328 gelos,
634 2285 759 2316 stellam
775 2289 806 2315 et
821 2284 1073 2325 inspirationem,
1090 2283 1277 2314 Pastoribus
1292 2283 1432 2319 Iudaeis,
1450 2284 1571 2325 Magis,

511 2335 542 2361 et
564 2330 655 2360 iustis
677 2329 819 2359 Simeoni
842 2333 873 2359 et
894 2329 1018 2358 Annae.

1677 1671 1843 1708 Probatur,
1866 1672 1982 1713 primo.
2007 1671 2221 1703 Manifestatio
2243 1681 2301 1711 per
2317 1671 2407 1712 signa
2429 1647 2688 1712 debetfimizper

1622 1714 1787 1746 familiaria
1817 1715 1878 1746 illis
1907 1716 2024 1756 quibus
2055 1714 2269 1746 manifestatio
2298 1714 2344 1746 fit.
2374 1715 2461 1755 Ergo
2492 1715 2687 1757 conveniens
2710 1758 2713 1759 ⁷
2734 1732 2769 1759 t
2841 1708 2844 1723 ¹

1622 1764 1684 1795 ter,
1711 1765 1771 1790 etc.
1794 1777 1818 1782 -
1839 1759 2042 1790 Antecedens
2073 1760 2226 1800 probatur
2256 1769 2294 1790 ex
2315 1758 2411 1790 simili
2437 1758 2476 1790 de
2505 1753 2687 1804 ωψίέὀςςεή
2719 1762 2734 1788 k
2749 1763 2779 1794 ‘⁸⁴2
2836 1758 2843 1772 ⁷¹

1621 1803 1711 1833 tione
1741 1803 1943 1844 syllogistica.
1959 1822 1983 1825 —
2008 1803 2250 1843 Consequentia
2274 1808 2382 1834 autem
2405 1802 2573 1844 probam'n‘
2594 1802 2688 1849 Quia

1622 1847 1728 1882 iustis,
1753 1847 1873 1878 scilicet
1895 1846 2061 1887 perfectis,
2085 1846 2240 1877 familiare
2267 1851 2315 1877 est
2343 1855 2401 1887 per
2427 1842 2686 1888 ἰῃῳίηῑῖοἰιωις

1622 1890 1707 1926 aliis,
1732 1891 1951 1931 corporalibus
1981 1890 2111 1926 deditis.
2138 1899 2196 1930 per
2218 1890 2369 1927 visibilia;
2400 1895 2432 1922 et
2457 1898 2583 1928 rum,
2603 1887 2688 1923 hu}

1621 1934 1700 1964 istos
1715 1934 1804 1971 alios,
1828 1934 1952 1965 Iudaeis
1974 1943 2032 1974 per
2045 1933 2234 1974 angelorum
2249 1934 2419 1971 visionem,
2436 1934 2688 1976 genfflssmmw

1623 1983 1781 2008 astrorum
1804 1978 1892 2018 signa
1914 1978 2036 2008 insuui.
2600 2016 2601 2021 1
2619 2004 2621 2006 .

1679 2021 1912 2058 Confirmatur,
1937 2021 2097 2057 secundo,
2122 2021 2231 2062 quoad
2256 2022 2320 2053 hoc
2347 2020 2436 2062 quod
2467 2020 2577 2062 omnia
2598 2021 2689 2064 sigxa

1622 2064 1741 2096 fuerint
1757 2066 1911 2102 caelestia,
1936 2075 1974 2096 ex
1996 2066 2060 2096 hoc
2084 2065 2174 2105 quod
2197 2065 2366 2096 caelestem
2380 2066 2578 2097 nativitatem
2597 2066 2688 2106 enar·

1623 2110 1744 2139 rabant.
1808 2129 1815 2137 .

1678 2153 1719 2182 Et
1741 2152 1894 2189 firmatur,
1917 2154 2022 2189 tertio,
2046 2152 2156 2193 quoad
2178 2152 2388 2184 differentiam
2409 2154 2492 2184 inter
2511 2153 2691 2195 ungamur

1623 2196 1747 2227 stellam
1776 2202 1923 2237 respectu
1952 2197 2121 2227 Pastorum
2150 2202 2182 2227 et
2204 2197 2385 2237 Magorum.
2419 2197 2462 2228 Et
2482 2197 2548 2229 hoc
2572 2197 2691 2239 triplici

1623 2241 1756 2276 ratione,
1780 2246 1817 2271 ut
1839 2246 1926 2281 patet
1948 2241 1982 2271 in
2003 2241 2117 2271 littera.
2648 2262 2649 2265 =

1680 2283 1907 2321 Confirmatur,
1925 2290 2048 2325 quarte,
2070 2283 2178 2325 quoad
2201 2285 2334 2322 stellam,
2351 2295 2389 2316 ex
2404 2282 2559 2326 spirituali
2572 2278 2690 2330 genere
2756 2269 2783 2299 'A'

1624 2328 1771 2358 Abrahae
1794 2329 1876 2359 sicut
1899 2329 2061 2359 stellarum
2083 2337 2248 2359 numerus.

1323 2480 1641 2522 ARTICULUS
1671 2480 1880 2523 SEXTUS

776 2575 934 2606 UTRUM
958 2574 1258 2606 CONVENIENTI
1282 2573 1446 2604 ORDINE
1470 2573 1643 2605 efflusrl
1667 2574 1902 2606 NATIVITAS
1925 2575 2085 2606 FUERIT
2109 2573 2422 2615 MANIFESTATA

531 2781 568 2834 δ’
588 2792 610 2809 “
664 2767 682 2790 s

569 2804 665 2863 ἐΰν)
680 2820 711 2862 Κ
725 2828 955 2866 manifestari
975 2828 1114 2865 Christi
1133 2828 1308 2865 nativitas
1331 2827 1398 2877 qui
1424 2827 1575 2865 Christo

515 2880 811 2931 propinquiores
847 2882 1018 2928 fuerunt,
1049 2889 1084 2918 et
1119 2881 1186 2930 qui
1222 2880 1343 2929 magis
1379 2880 1575 2918 Christum

516 2933 800 2971 desiderabant:
831 2934 1047 2971 secundum
1074 2934 1167 2971 illud
1191 2935 1276 2983 Sap.
1297 2946 1331 2971 VI
1349 2933 1389 2970 *t
1418 2935 1575 2971 Prueoc-

516 2992 624 3036 cupat
652 2999 712 3023 eos
740 2988 803 3036 qui
827 2999 866 3023 se
892 2988 1163 3036 concupiscunt,
1194 2993 1231 3023 ut
1257 2999 1297 3024 se
1317 2988 1488 3036 priorem
1507 2986 1577 3023 illis

517 3039 689 3076 ostendat.
729 3039 805 3076 Sed
832 3039 919 3076 iusti
946 3038 1261 3089 propinquissimi
1289 3046 1396 3076 erant
1425 3038 1575 3076 Christo

517 3103 586 3140 per
612 3090 750 3138 fidem,
780 3099 815 3128 et
842 3091 1009 3128 maxime
1038 3092 1120 3129 eius
1148 3092 1359 3129 adventum
1387 3091 1576 3129 desidera-

518 3144 627 3180 bant:
657 3143 761 3180 unde
796 3143 933 3181 dicitur
959 3146 1053 3182 Luc.
1082 3157 1102 3182 11
1127 3144 1148 3166 ³¹⁸
1175 3145 1222 3182 de
1256 3144 1437 3182 Simeone
1469 3145 1578 3194 quod

519 3202 597 3233 erat
624 3197 734 3233 homo
762 3197 873 3232 iustus
908 3203 940 3233 et
966 3199 1175 3243 timoratus,
1205 3203 1403 3247 expectans
1435 3197 1577 3234 redem—

514 3250 679 3297 ptionem
707 3248 837 3285 Israel.
867 3249 967 3296 Ergo
995 3249 1100 3298 prius
1128 3249 1321 3287 debuisset
1348 3249 1579 3287 manifestari

522 3299 659 3337 Christi
700 3299 873 3337 nativitas
916 3300 1086 3338 Simeoni
1127 3314 1246 3350 quam
1282 3301 1502 3340 Pastoribus
1543 3310 1579 3340 et

577 3416 610 3440 2.
632 3406 862 3449 PRAETEREA,
883 3404 985 3452 Magi
1002 3410 1018 3425 ²
1037 3405 1189 3442 fuerunt
1207 3408 1395 3455 primitiae
1411 3409 1577 3457 gentium

578 3566 605 3599 α)
625 3567 709 3600 Magi.
727 3582 745 3588 -
763 3569 904 3594 secundum
924 3569 1100 3603 Augustinum
1120 3569 1198 3603 Magi
1215 3571 1295 3596 tertia.

2656 2634 2670 2658 „l

659 2694 677 2705 s
722 2684 744 2709 D
773 2683 915 2708 sexi-um
943 2683 995 2707 sm
1023 2683 1258 2708 paoeamrua.
1288 2669 1449 2707 Videtur
1468 2670 1575 2718 quod
1626 2672 1716 2707 tium
1740 2673 1851 2708 intrat
1870 2671 1919 2708 ad
1937 2670 2069 2718 fidem,
2099 2679 2135 2708 et
2162 2671 2415 2720 postmodum
2434 2673 2554 2710 omnis
2570 2673 2692 2721 lsrael

724 2723 1007 2760 inconvenienti
1049 2723 1183 2760 ordine
1223 2722 1362 2760 Christi
1400 2722 1576 2759 nativitas
1625 2724 1749 2761 salvus
1765 2726 1848 2772 fiet,
1877 2731 1920 2761 ut
1947 2723 2084 2761 dicitur
2100 2725 2212 2761 Rom.
2230 2736 2266 2761 xl
2284 2723 2316 2761 ²³².
2344 2724 2447 2772 Ergo
2473 2723 2600 2775 primo
2624 2725 2691 2764 de-
2717 2723 2778 2763 ⁸1*
2840 2724 2843 2772 f

614 2793 649 2822 νς
670 2781 697 2820 ἦ,
724 2776 791 2813 fuit
805 2776 1041 2813 manifestata
1050 2776 1080 2812 *.
1097 2775 1169 2813 Illis
1184 2775 1288 2812 enim
1303 2775 1435 2812 debuit
1448 2775 1574 2824 primo
1626 2776 1709 2813 buit
1732 2776 1963 2814 manifestari
1988 2776 2127 2814 Christi
2146 2776 2320 2814 nativitas
2338 2775 2462 2825 Magis
2480 2789 2601 2827 quam
2617 2778 2691 2816 Pa·
2839 2804 2843 2817 ι

1628 2828 1804 2866 storibus.
2675 2845 2691 2852 ·’
2744 2828 2777 2861 ’Ῑ-
2841 2826 2843 2838 ²

1683 2881 1716 2918 3.
1738 2883 1971 2928 PRAETEREA,
1990 2882 2126 2919 Matth.
2143 2894 2163 2919 11
2182 2882 2202 2904 *
2223 2881 2360 2921 dicitur
2384 2882 2492 2933 quod
2514 2883 2692 2924 Herodes

1627 2934 1758 2971 occidit
1785 2947 1912 2972 omnes
1933 2947 2073 2984 pueros
2100 2936 2165 2984 qui
2181 2941 2287 2972 erant
2305 2937 2342 2974 in
2360 2936 2574 2974 Bethlehem
2594 2942 2630 2974 et
2646 2937 2690 2975 iu
2831 2958 2835 2966 ι

1628 2989 1798 3024 omnibus
1813 2989 1959 3036 finibus
1986 2989 2063 3025 eius
2089 3000 2113 3025 a
2131 2989 2270 3026 bimatu
2295 2995 2329 3026 et
2356 2989 2470 3038 infra,
2487 2989 2695 3033 secundun»-
2831 3020 2840 3041 <-

1627 3045 1769 3089 tempus
1797 3041 1896 3090 quod
1920 3041 2143 3090 exquisierat
2169 3052 2194 3078 a
2220 3042 2372 3092 Magis.-
2397 3049 2435 3079 et
2461 3039 2514 3078 sic
2537 3041 2691 3081 videtur
2733 3035 2767 3087 -ἶ,
2831 3052 2835 3060 *

1629 3093 1736 3141 quod
1772 3105 1842 3142 per
1869 3093 1969 3130 duos
2000 3105 2123 3130 annos
2159 3100 2246 3142 post
2281 3093 2421 3132 Christi
2454 3092 2693 3133 nativitatem

1628 3145 1733 3193 Magi
1761 3146 1810 3182 ad
1839 3145 2035 3183 Christum
2061 3155 2332 3195 pervenerunt.
2374 3146 2698 3187 lnconveniemoe
2715 3145 2746 3180 ί

1629 3197 1740 3246 igitur
1767 3206 1853 3247 post
1879 3206 2029 3236 tantum
2056 3206 2210 3248 tempus
2235 3197 2305 3236 fuit
2331 3198 2532 3248 gentilibus
2550 3197 2691 3240 Christi
2715 3195 2731 3226 ³:

1630 3249 1805 3288 nativitas
1832 3250 2079 3288 manifestata.
2736 3253 2754 3258 ”

1683 3304 1757 3341 Si-:n
1785 3315 1930 3341 CONTRA
1958 3315 2023 3341 Εετ
2059 3303 2167 3353 quod
2201 3302 2339 3342 dicitur
2369 3305 2468 3343 Dan.
2488 3316 2509 3342 ιι
2528 3303 2566 3342 ¹⁸¹:
2603 3305 2692 3355 Ipse
2836 3291 2841 3298 “

1630 3362 1745 3393 mutat
1771 3362 1939 3406 tempora
1967 3362 2000 3393 et
2027 3362 2171 3394 aetates.
2200 3356 2248 3394 Et
2274 3356 2326 3394 ita
2351 3364 2504 3406 tempus
2531 3355 2689 3394 manife-
2742 3363 2758 3392 ζ’τ·

1630 3407 1798 3446 stationis
1819 3408 2018 3446 nativitatis
2038 3408 2177 3446 Christi
2195 3407 2346 3450 videtur
2364 3421 2535 3458 congruo
2554 3408 2688 3447 ordine

1631 3473 1712 3498 esse
1741 3460 1979 3510 dispositum.
