2872 3970
209 399 339 431 materia
359 397 503 433 naturali,
528 406 626 436 quam
649 395 816 435 explicavit
839 394 1022 430 subdendo,
1046 399 1077 424 et
1099 404 1140 424 ex
1156 394 1267 434 puris-

209 443 297 475 simis
317 441 538 492 sanguinibus
545 445 604 471 etc.
628 439 691 470 Ubi
713 443 800 479 patet
821 438 943 468 nullam
958 418 1096 468 incidere
1113 438 1267 477 suspicio-

202 486 285 542 ‘nem
305 484 468 527 petitionis
490 483 649 525 principii.

263 524 316 561 ΠΙ.
339 527 376 559 In
397 527 606 568 responsione
629 525 668 557 ad
690 526 829 561 tertium,
854 525 980 556 adverte
1003 524 1042 555 ad
1063 525 1204 555 crebram
1219 534 1267 554 re-

291 573 398 604 'onem
418 581 486 602 non
500 570 668 601 necessarii
691 579 865 600 concursus
888 569 1016 599 seminis
1038 569 1201 599 muliebris
1228 568 1267 598 ad

203 613 457 658 μἰιειετίοιιειιι.
491 615 532 645 Et
559 614 699 653 intellige
722 613 899 643 Auctorem
928 622 996 643 non
1019 613 1151 643 sensisse
1178 611 1268 652 quod

344 1205 351 1212 ν
395 1208 407 1221 ς
422 1188 602 1238 mysteria
633 1187 704 1224 nisi
732 1135 839 1246 quod
867 1199 914 1224 ex
941 1199 1047 1224 sacra
1076 1186 1271 1235 Scriptura

212 1213 384 1280 habetur.
416 1241 492 1278 Sed
515 1252 719 1290 nunquam
742 1240 782 1276 in
801 1252 907 1277 sacra
926 1240 1120 1288 Scriptura
1138 1238 1272 1287 legitur

161 1293 320 1344 {quod
347 1293 392 1330 sit
419 1301 541 1330 mater
577 1300 642 1330 aut
673 1292 831 1341 genitrix
858 1292 948 1329 Dei:
987 1293 1054 1328 sed
1086 1291 1194 1341 quod
1227 1291 1272 1328 sit

181 1351 332 1386 mater
361 1347 506 1392 Christi,
535 1354 601 1383 aut
619 1351 738 1382 mater
750 1347 873 1395 pueri,
894 1353 935 1381 ut
953 1352 1056 1394 patet
1074 1344 1269 1381 Matth.1*.

161 1393 315 1447 Ergo
346 1411 426 1435 non
459 1406 514 1435 est
547 1398 757 1435 dicendum
794 1398 902 1447 quod
930 1399 1046 1434 Beata
1073 1397 1189 1445 Virgo
1227 1396 1273 1433 sit

208 1459 335 1528 mater
360 1451 444 1488 Dei.

143 1499 148 1510 ‘
232 1514 302 1541 2.
323 1504 552 1550 mamam,
583 1502 757 1540 Christus
776 1502 913 1540 dicitur
930 1503 1037 1540 Deus
1056 1503 1272 1539 secundum

207 1554 384 1595 divinam
411 1563 600 1593 naturam.
632 1556 708 1593 Sed
727 1555 858 1592 divina
876 1563 1011 1593 natura
1030 1567 1110 1592 non
1129 1554 1274 1604 accepit

135 1567 175 1657 ,ξῖ
208 1607 364 1647 initium
399 1608 548 1645 essendi
586 1620 633 1645 ex
666 1607 831 1656 Virgine.
869 1609 971 1656 Ergo
1009 1610 1125 1645 Beata
1156 1607 1272 1655 Virgo

207 1666 295 1701 uon
321 1669 377 1698 est
403 1661 566 1698 dicenda
593 1668 715 1698 mater
741 1660 825 1698 Dei.

230 1713 303 1751 3
332 1715 570 1760 PRAETEREA,
604 1714 680 1750 hoc
706 1725 852 1750 nornen
879 1713 989 1750 Deus
1016 1713 1274 1750 communiter

163 1764 453 1827 praedicatur
479 1767 527 1803 de
556 1767 666 1803 Patre
695 1774 731 1803 et
758 1766 854 1803 Filio
883 1773 919 1802 et
948 1765 1090 1815 Spiritu
1119 1766 1271 1803 Sancto.

167 1817 269 1859 tSi
283 1830 374 1868 ergo
402 1820 518 1856 Beata
537 1818 652 1867 Virgo
678 1827 734 1855 est
751 1826 874 1855 mater
891 1818 974 1864 Dei,
994 1819 1147 1855 videtur
1165 1818 1274 1867 sequi

134 1827 169 1915 ζ’
208 1872 322 1923 th'tod
349 1873 466 1909 Beata
486 1871 602 1919 Virgo
631 1871 677 1908 sit
695 1879 818 1908 mater
836 1870 955 1907 Patris
975 1879 1011 1908 et
1030 1871 1113 1916 Filii
1133 1878 1170 1907 et
1190 1870 1273 1920 Spi-

174 1924 308 1963 'i‘lnls
336 1924 483 1962 Sancti:
518 1924 625 1973 quod
653 1931 708 1960 est
735 1923 1022 1961 inconveniens.
1063 1925 1156 1960 Non
1185 1935 1274 1972 ergo

166 2018 170 2024 ‚
207 1977 332 2017 menta
357 1977 474 2025 Virgo
502 1976 616 2014 debet
642 1976 716 2013 dici
744 1983 866 2013 mater
892 1976 976 2013 Dei.

132 1986 172 2082 ,Ξ
245 2030 342 2067 ''Sizn
358 2041 502 2067 coNTRA
515 2041 581 2066 EST
595 2029 726 2079 quod
717 2041 756 2066 ιιι
771 2029 943 2078 capitulis
955 2028 1123 2078 Cyrilli*‚
1140 2041 1275 2089 appro-

210 2081 310 2120 eutis
337 2082 377 2119 in
404 2082 599 2131 Ephesina
627 2082 832 2131 Synodo‚
802 2081 822 2103 *
853 2081 1005 2130 legitur:
1036 2083 1077 2118 Si
1102 2083 1181 2130 quis
1201 2094 1274 2118 non

160 2132 165 2136 “
163 2137 407 2192 »confitetur
429 2136 552 2172 Deum
579 2147 655 2171 esse
680 2134 881 2172 secundum
908 2136 1097 2172 veritatem
1124 2135 1276 2171 Emma-

162 2183 312 2234 ·Ξῗήέΰεὶ,
339 2194 372 2225 et
395 2193 550 2237 propter
573 2189 644 2224 hoc
670 2189 744 2224 Dei
765 2188 982 2237 genitricem
1007 2193 1173 2223 sanctam
1201 2188 1276 2224 Vi-r

182 2279 183 2282 ,
159 2241 354 2293 &inem
373 2242 502 2290 genuit
528 2242 627 2277 enim
655 2241 856 2277 carnaliter
877 2252 1030 2277 carnem
1047 2240 1196 2287 factam
1230 2251 1279 2276 ex

211 2291 299 2331 meo
332 2295 513 2331 Verbum:
539 2294 738 2330 anathema
764 2294 819 2330 sit.

243 2352 245 2361 ’
270 2346 493 2384 ΒεεΡοΝιιιῐο
511 2358 692 2383 DICENDUM
711 2345 829 2394 quod,
850 2344 947 2382 sicut
965 2357 1081 2394 supra
1094 2344 1114 2366 ²¹²
1132 2344 1277 2381 dictum

144 2438 158 2443 7
180 2419 182 2422 -
211 2402 291 2445 w,
324 2410 440 2436 omne
473 2411 619 2436 nomen
651 2398 866 2447 significans
894 2398 934 2434 in
961 2405 1140 2434 concreto
1169 2405 1277 2434 natu-

142 2458 170 2478 *⁴³
210 2454 303 2489 ffim
329 2451 510 2501 aliquam,
538 2459 663 2500 potest
681 2463 900 2501 supponere
928 2463 999 2500 pro
1020 2450 1189 2499 qualibet
1208 2451 1277 2500 hy-

211 2503 360 2554 postasi
387 2504 484 2541 illius
512 2512 682 2554 naturae.
713 2505 816 2541 Cum
835 2511 966 2540 autem
992 2503 1087 2541 unio
1106 2503 1277 2540 incarna-

162 2562 196 2594 ⁸·
212 2555 331 2595 tionis
358 2556 404 2594 sit
429 2557 526 2594 facta
553 2557 592 2594 in
615 2557 822 2606 hypostasi,
851 2556 947 2593 sicut
965 2568 1081 2606 supra
1094 2556 1114 2577 ’¹‘
1133 2555 1278 2592 dictum

133 2616 167 2659 ’ᾗ
215 2615 286 2656 ent,
313 2609 560 2647 manifestum
588 2617 643 2647 est
670 2610 777 2659 quod
805 2610 880 2646 hoc
907 2621 1054 2646 nornen
1081 2609 1182 2645 Deus
1208 2621 1278 2658 po-

131 2662 167 2700 ,ἶΖΙᾼ
216 2668 290 2699 test
315 2674 535 2712 supponere
561 2674 633 2712 pro
653 2662 848 2713 hypostasi
876 2662 1040 2699 habente
1064 2662 1279 2698 humanam

137 2712 168 2768 {j
218 2718 397 2753 naturam
424 2723 460 2752 et
487 2715 669 2752 divinam.
699 2717 747 2752 Et
774 2715 861 2752 ideo
890 2714 1080 2764 quidquid
1099 2714 1279 2751 convenit

142 2777 156 2808 εἰ·
217 2766 372 2807 divinae
399 2776 556 2806 naturae
584 2775 621 2805 et
640 2774 657 2790 ‘²
683 2769 887 2814 humanae,
908 2775 1032 2817 potest
1059 2766 1210 2804 attribui
1229 2767 1279 2804 illi

159 2824 161 2826 ’
216 2826 426 2870 personae:
457 2820 536 2858 sive
565 2821 780 2858 secundum
808 2820 916 2869 quod
941 2832 1013 2869 pro
1033 2832 1078 2857 ea
1097 2819 1280 2868 supponit

159 2878 165 2921 ᾗ
217 2884 366 2911 nomen
393 2873 608 2922 significans
627 2873 796 2911 divinam
817 2881 1012 2918 naturam;
1042 2872 1121 2909 sive
1145 2884 1279 2909 secun-

219 2925 318 2963 dum
350 2927 456 2975 quod
492 2937 564 2975 pro
593 2938 638 2964 ea
672 2925 854 2975 supponit
885 2937 1029 2962 nomen
1064 2924 1279 2973 significans

164 3014 171 3027 ,
217 2978 435 3017 humanam
462 2986 650 3016 naturam.
681 2978 842 3027 Concipi
861 2985 990 3014 autem
1009 2985 1046 3014 et
1064 2977 1168 3014 nasci
1195 2989 1279 3026 per-

218 3029 341 3069 sonae
368 3031 582 3069 attribuitur
601 3038 638 3068 et
655 3030 851 3090 hypostasi
870 3030 1085 3067 secundum
1104 3037 1280 3066 naturam

219 3082 326 3123 fflm
353 3083 393 3121 in
421 3096 499 3133 qua
531 3083 743 3142 concipitur
769 3091 806 3120 et
833 3082 1010 3120 nascitur.
1041 3082 1144 3119 Cum
1171 3081 1282 3130 igitur

219 3134 281 3175 m*
290 3134 374 3186 ipso
401 3135 588 3185 principio
617 3135 877 3184 conceptionis
895 3133 1005 3173 fuerit
1024 3135 1196 3171 humana
1214 3146 1280 3171 na-

218 3190 309 3226 'Hira
332 3195 528 3238 assumpta
547 3201 569 3225 a
588 3187 716 3224 divina
734 3199 909 3236 persona,
930 3186 1025 3224 sicut
1043 3186 1281 3236 praedictum

222 3241 324 3289 *stt
344 3253 585 3290 consequens
605 3248 660 3277 est
679 3240 785 3289 quod
803 3251 893 3276 vere
912 3246 1041 3288 posset
1060 3238 1133 3275 dici
1152 3239 1278 3275 Deum

220 3293 311 3331 ‘esse
338 3301 566 3343 conceptum
607 3300 642 3329 et
669 3300 803 3330 natum
838 3292 885 3328 de
913 3291 1078 3340 Virgine.
1116 3291 1175 3327 Ex
1206 3291 1282 3327 hoc

222 3343 354 3386 {sstem
379 3345 516 3383 dicitur
542 3345 669 3394 aliqua
687 3344 825 3382 mulier
846 3343 1003 3381 alicuius
1022 3351 1154 3390 mater,
1174 3343 1280 3391 quod

221 3396 518 3448 &istinzconcepit
551 3405 587 3434 et
618 3397 757 3446 genuit.
800 3397 912 3434 Unde
949 3407 1188 3444 consequens
1226 3403 1280 3432 est

219 3450 333 3499 >quod
360 3451 476 3488 Beata
493 3451 609 3499 Virgo
637 3462 727 3487 vere
755 3449 902 3486 dicatur
920 3456 1041 3485 mater
1059 3448 1130 3484 Dei
1149 3448 1179 3484 ²¹⁴.
1211 3448 1280 3485 So-

280 3560 308 3596 α)
325 3565 358 3589 et.
373 3577 393 3582 -
411 3564 452 3590 vel
469 3565 549 3590 tertia.

877 271 1139 319 QUAESTIO
1169 272 1329 319 XXXV,
1364 270 1654 308 ARTICULUS
1682 271 1732 307 IV

210 355 429 397 operationem
458 353 635 383 naturalem
663 351 804 382 mulieris
827 351 866 381 ad
890 352 1150 391 conceptionem,
1175 356 1206 380 et
1229 359 1266 380 ex
1291 348 1295 387 l
1321 359 1430 380 semen
1452 350 1593 380 mulieris
1617 350 1655 379 sit
1678 350 1888 379 excrescentia
1907 350 1997 384 uteri,
2021 355 2057 380 ut
2079 350 2262 380 Aristoteles
2285 355 2376 390 puta-

2299 271 2371 308 355

1320 394 1365 424 vit
1380 395 1412 423 ⁸¹:
1437 393 1493 423 sed
1516 392 1605 432 quod
1629 399 1795 423 concurrat
1818 393 1857 422 ad
1873 394 2119 432 generationem,
2143 403 2211 424 non
2233 403 2376 424 necessa·
2404 398 2512 419 ‘irDeAn
2513 398 2560 419 71.al
2570 397 2614 419 Ge-

1320 438 1368 467 rio
1384 443 1501 467 tamen.
1526 437 1566 467 Et
1581 442 1749 477 propterea
1765 436 1850 476 apud
1865 437 2050 472 Auctorem,
2072 447 2108 467 ex
2124 438 2209 467 hoc'
2202 447 2271 477 ipso
2289 437 2377 477 quod
2403 426 2507 478 gpf’txfx
2522 425 2573 478 ¹¹35..
2588 424 2615 450 1,

1321 490 1431 511 semen
1454 481 1608 511 muliebre
1632 480 1813 510 ordinatum
1829 486 1876 510 est
1896 479 1935 510 ad
1954 481 2201 530 generationem,
2217 481 2291 511 licet
2310 491 2377 511 non

1321 525 1509 560 necessario,
1533 525 1666 554 habetur
1689 524 1767 554 ratio
1791 525 1914 564 peccati
1937 524 2082 554 mollitiei
2104 525 2137 554 in
2165 525 2298 555 muliere
2321 535 2377 555 vo-

1320 568 1455 598 luntarie
1478 568 1654 598 seminante
1680 567 1763 598 sola:
1789 567 1927 597 abutitur
1943 567 2028 597 enim
2045 569 2164 598 semine
2188 567 2227 598 ad
2249 578 2378 607 genera-

1320 613 1442 642 tionem
1465 611 1621 642 ordinato.

979 746 1297 789 ARTICULUS
1338 746 1610 798 QUARTUS

763 839 920 870 UTRUM
943 838 1090 869 BEATA
1112 838 1247 869 VIRGO
1272 838 1446 869 DEBEAT
1470 838 1558 869 DICI
1582 838 1735 869 MATER
1757 839 1830 869 DEI

402 918 434 943 111
453 918 536 946 Sent„
555 917 614 943 dist.
633 924 667 948 tv,
686 924 730 949 qu.
750 924 776 948 ιι,
796 922 844 942 art.
863 924 893 948 23
912 917 947 941 IV
967 917 1043 942 Cont.
1064 917 1157 947 Geni„
1176 923 1230 948 cap.
1249 924 1331 945 xxx1V.
1349 923 1412 946 va;
1434 917 1576 948 Compend.
1600 916 1697 946 Theol„
1717 925 1772 950 cap.
1791 924 1889 947 ccxxm
1911 918 1940 942 In
1959 918 2070 948 Matth.,
2091 926 2145 951 cap.
2164 926 2186 949 ις

1085 952 1129 976 Ad
1150 952 1249 981 Galat„
1269 959 1324 983 cap.
1343 959 1377 982 iv,
1397 952 1454 976 lect.
1473 959 1500 976 ιι.

276 1051 305 1108 7⁵
391 1055 395 1062 ι
421 1044 443 1068 D
463 1043 635 1089 QUARTuM
654 1042 706 1067 s1c
727 1042 962 1067 PROCEDITUR
982 1029 1144 1066 Videtur
1161 1029 1268 1078 quod
1322 1030 1404 1066 lum
1424 1029 1528 1066 enirn
1547 1030 1599 1067 sic
1618 1031 1747 1079 negari
1765 1040 1893 1080 posset
1913 1034 2069 1069 Beatam
2083 1033 2278 1081 Virginem
2298 1047 2379 1071 esse

1323 1089 1486 1118 matrem
1514 1083 1596 1129 Dei,
1626 1083 1656 1119 si
1683 1085 1745 1120 vel
1773 1084 1989 1121 humanitas
2017 1085 2122 1134 prius
2144 1086 2272 1123 fuisset
2291 1087 2380 1123 sub-

1323 1134 1418 1170 iecta
1453 1135 1694 1183 conceptioni
1730 1144 1766 1172 et
1797 1137 1979 1174 nativitati
2014 1150 2131 1186 quam
2168 1140 2288 1176 homo
2321 1139 2379 1176 ille

1323 1186 1452 1223 fuisset
1480 1187 1597 1224 Filius
1616 1188 1699 1234 Dei,
1729 1188 1824 1225 sicut
1843 1190 2030 1226 Photinus
2049 1191 2190 1238 posuit:
2220 1194 2281 1228 vel
2310 1193 2380 1228 hu-

1324 1239 1486 1276 manitas
1521 1251 1601 1277 non
1628 1240 1758 1277 fuisset
1785 1250 1980 1290 assumpta
2016 1243 2054 1278 in
2083 1243 2267 1280 unitatem
2298 1256 2381 1293 per-

1324 1303 1443 1328 sonae
1470 1293 1532 1328 vel
1560 1293 1774 1341 hypostasis
1794 1294 1909 1330 Verbi
1928 1294 2010 1334 Dei
2041 1295 2134 1332 sicut
2160 1296 2287 1344 posuit
2306 1297 2382 1332 Ne-

1325 1343 1473 1381 storius.
1508 1345 1724 1394 Utrumque
1753 1354 1882 1383 autem
1911 1335 2053 1383 horum
2082 1356 2136 1384 est
2164 1360 2381 1385 erroneum.

1325 1397 1436 1434 Unde
1471 1397 1705 1435 haereticum
1741 1407 1795 1435 est
1829 1411 1966 1447 negare
1998 1401 2156 1437 Beatam
2189 1401 2384 1449 Virginem

1325 1461 1407 1485 esse
1436 1457 1599 1487 matrem
1627 1451 1710 1487 Dei.

1378 1503 1435 1538 AD
1465 1513 1598 1540 PRIMUM
1627 1515 1724 1540 ERGO
1752 1516 1932 1541 DICENDUM
1965 1505 2071 1554 quod
2100 1506 2195 1543 haec
2221 1506 2290 1543 fuit
2317 1506 2384 1543 ob·

1325 1554 1435 1591 iectio
1464 1555 1631 1592 Nestorii
1648 1555 1679 1592 ²¹⁵.
1720 1557 1831 1616 Quae
1860 1557 2018 1606 quidem
2051 1558 2210 1595 solvitur
2236 1571 2282 1596 ex
2310 1560 2422 1596 hoc
2436 1566 2623 1588 ef.Act.C01-

1326 1607 1444 1656 quod,
1474 1607 1558 1644 licet
1585 1620 1665 1645 non
1693 1608 1909 1646 inveniatur
1936 1622 2111 1659 expresse
2133 1610 2172 1647 in
2192 1611 2385 1670 Scriptura
2412 1592 2499 1646 if'kafff
2501 1593 2541 1645 hxf
2546 1598 2605 1646 Ἐ’ἷνῗτ
2594 1596 2623 1639 t?

2413 1645 2447 1666 Ne
2448 1647 2506 1666 s.tor
2530 1635 2562 1666 ad
2578 1645 2625 1672 Cy-

1326 1659 1472 1696 dictum
1501 1661 1607 1708 quod
1635 1661 1751 1698 Beata
1778 1662 1894 1710 Virgo
1930 1662 1975 1699 sit
2003 1670 2124 1700 mater
2150 1663 2241 1709 Dei,
2280 1663 2384 1700 inve·
2413 1672 2459 1693 ris!

1326 1712 1430 1748 nitur
1462 1720 1592 1753 tamen
1629 1725 1804 1762 expresse
1840 1714 1879 1751 in
1913 1715 2106 1764 Scriptura
2141 1692 2248 1764 quod
2284 1718 2386 1753 Iesus

1330 1766 1494 1801 Christus
1521 1771 1572 1802 est
1597 1778 1705 1803 verus
1732 1768 1843 1813 Deus,
1873 1774 1915 1803 ut
1941 1775 2043 1816 patet
2061 1769 2075 1804 Ι
2094 1769 2197 1804 Ioan.
2213 1770 2278 1804 ult.
2294 1769 2328 1790 ³¹²·
2321 1776 2423 1814 ,et·
2438 1775 2502 1796 Vers-
2519 1780 2555 1795 ²0·

1327 1817 1435 1866 quod
1462 1818 1579 1854 Beata
1597 1817 1713 1866 Virgo
1733 1826 1788 1855 est
1807 1825 1926 1856 mater
1943 1822 2028 1856 Iesu
2052 1821 2196 1866 Christi,
2226 1828 2267 1856 ut
2285 1829 2387 1870 patet

1327 1870 1462 1905 Matth.
1483 1882 1492 1906 1
1511 1869 1541 1906 *.
1571 1871 1683 1907 Unde
1703 1871 1875 1930 sequitur
1893 1884 1939 1908 ex
1958 1872 2177 1909 necessitate
2197 1885 2243 1909 ex
2261 1873 2423 1910 verbis·
2439 1881 2505 1902 Vers-
2522 1881 2556 1903 ¹8

1329 1921 1544 1970 Scripturae
1573 1923 1679 1982 quod
1708 1923 1753 1960 sit
1781 1932 1902 1960 mater
1929 1924 2011 1961 Dei.

1381 1974 1528 2011 Dicitur
1555 1975 1669 2012 etiam
1696 1977 1807 2013 Rom.
1828 1989 1862 2013 1x
1885 1977 1924 2023 ³¹⁸,
1954 1977 2061 2026 quod
2089 1990 2139 2014 ex
2164 1979 2312 2015 Iudaeis
2339 1985 2389 2014 est
2417 1990 2425 1999 ·
2441 1988 2506 2010 Vers-
2522 1996 2542 2017 s·

1327 2028 1528 2064 secundum
1555 2030 1923 2075 carnemchristus,
1954 2032 2017 2079 qui
2042 2036 2092 2066 est
2118 2042 2229 2079 super
2262 2033 2389 2068 omnia

1328 2081 1430 2116 Deus
1463 2081 1670 2117 benedictus
1697 2083 1734 2117 in
1762 2082 1920 2119 saecula.
1958 2083 2051 2119 Non
2087 2090 2217 2119 autem
2252 2091 2307 2120 est
2343 2096 2389 2120 ex

1329 2132 1478 2179 Iudaeis
1514 2132 1586 2169 nisi
1622 2133 1814 2170 mediante
1842 2135 1959 2171 Beata
1983 2135 2147 2182 Virgine.
2189 2135 2300 2173 Unde
2329 2135 2388 2172 ille

1330 2185 1397 2233 qui
1425 2193 1480 2221 est
1506 2197 1617 2234 super
1643 2188 1770 2223 omnia
1796 2188 1898 2223 Deus
1924 2188 2130 2224 benedictus
2158 2189 2195 2224 in
2226 2189 2387 2234 saecula,
2408 2186 2415 2193 ”

1331 2245 1386 2274 est
1419 2249 1509 2274 vere
1545 2245 1656 2274 natus
1693 2251 1740 2276 ex
1775 2239 1892 2276 Beata
1918 2239 2072 2287 Virgine
2107 2240 2203 2277 sicut
2237 2253 2283 2277 ex
2320 2253 2389 2277 sua

1330 2298 1462 2327 matre.

1383 2344 1440 2379 An
1469 2355 1656 2380 SECUNDUM
1684 2355 1863 2381 DICENDUM
1900 2345 2007 2393 quod
2042 2344 2103 2382 illa
2137 2353 2192 2381 est
2226 2343 2407 2382 obiectio'

1331 2395 1508 2432 Nestorii.
1530 2395 1607 2432 Sed
1627 2396 1801 2445 Cyrillus,
1822 2395 1861 2433 in
1880 2397 2050 2445 quadam
2069 2397 2240 2446 Epistola
2258 2406 2390 2435 contra

1331 2448 1599 2495 Nestorium*,
1616 2461 1700 2485 eam
1723 2448 1833 2485 solvit
1858 2449 1911 2486 sic
1934 2449 2080 2486 dicens:
2111 2452 2210 2487 Sicut
2232 2451 2391 2488 hominis
2416 2455 2558 2510 ξίῖῑῖὲξῇξξῑυ
2566 2456 2629 2509 ggng

1332 2502 1459 2538 anima
1487 2513 1571 2537 cum
1593 2503 1750 2550 proprio
1778 2514 1935 2551 corpore
1962 2504 2134 2548 nascitur,
2159 2509 2192 2539 et
2214 2508 2390 2564 tanquam
2417 2509 2434 2536 Ι»
2450 2514 2501 2536 0³¹³
2517 2514 2540 2535 ”
2556 2514 2578 2530 ¹¹·
2596 2514 2628 2529 ¹2·

1332 2566 1447 2590 unum
1467 2560 1674 2603 reputatum
1695 2560 1727 2590 et
1744 2556 1778 2590 si
1792 2555 1947 2592 voluerit
1965 2555 2086 2592 dicere
2105 2557 2283 2604 quispiam
2305 2557 2390 2605 quia

1332 2612 1383 2643 est
1408 2608 1574 2656 genitrix
1594 2609 1728 2652 carnis,
1750 2619 1824 2644 non
1844 2613 1965 2644 tamen
1986 2614 2019 2644 et
2046 2610 2194 2645 ammae
2211 2610 2387 2658 genitrix,

1333 2661 1441 2696 nimis
1467 2661 1652 2709 superflue
1678 2660 1856 2709 loquitur:
1882 2661 1954 2697 tale
1980 2661 2119 2710 aliiquid
2136 2667 2279 2710 gestum
2301 2673 2388 2710 per-

1332 2713 1486 2762 cipimus
1504 2711 1519 2741 β
1547 2714 1584 2748 in
1611 2714 1852 2762 generatione
1882 2714 2024 2750 Christi.
2053 2714 2195 2750 Natum
2215 2719 2265 2750 est
2292 2715 2389 2750 enim
2515 2717 2529 2751 β

1333 2777 1382 2802 ex
1407 2766 1481 2802 Dei
1505 2766 1626 2802 Patris
1656 2767 1854 2802 substantia
1881 2767 1955 2802 Dei
1978 2767 2156 2803 Verbum:
2189 2767 2274 2815 quia
2301 2778 2389 2803 vero

1332 2830 1484 2855 carnem
1504 2820 1706 2867 assumpsit,
1728 2830 1871 2854 necesse
1890 2824 1939 2854 est
1966 2820 2134 2866 confiteri
2159 2820 2244 2867 quia
2263 2814 2390 2855 natum

1333 2877 1383 2907 est
1409 2870 1609 2907 secundum
1637 2882 1789 2907 carnem
1817 2883 1866 2907 ex
1891 2871 2055 2907 muliere.
2089 2870 2307 2907 Dicendum
2336 2879 2390 2908 est

1334 2935 1422 2971 ergo
1459 2923 1566 2972 quod
1594 2923 1709 2959 Beata
1734 2922 1849 2970 Virgo
1878 2922 2013 2959 dicitur
2039 2930 2161 2959 mater
2191 2923 2280 2970 Dei,
2310 2935 2390 2960 non

1334 2976 1424 3025 quia
1443 2975 1488 3012 sit
1515 2982 1637 3011 mater
1655 2974 1874 3011 divinitatis:
1905 2975 1971 3011 sed
1999 2975 2089 3024 quia
2110 2987 2297 3024 personae
2323 2977 2389 3013 ha-

1333 3027 1455 3065 bentis
1483 3027 1717 3064 divinitatem
1745 3035 1781 3063 et
1808 3027 2085 3064 humanitatem
2113 3035 2168 3064 est
2194 3036 2316 3065 mater
2335 3041 2390 3066 se-

1334 3081 1505 3117 cundum
1536 3079 1823 3116 humanitatem.

1387 3133 1443 3169 AD
1471 3143 1628 3169 TER‘rluM
1655 3143 1835 3168 morannum
1868 3133 1975 3181 quod
2002 3133 2077 3170 hoc
2105 3145 2248 3170 nomen
2277 3135 2388 3180 Deus,

1335 3183 1512 3234 quamvis
1550 3184 1595 3220 sit
1631 3196 1840 3221 commune
1877 3184 1996 3222 tribus
2031 3185 2225 3234 personis,
2261 3193 2390 3223 tamen

1336 3237 1570 3286 quandoque
1608 3236 1789 3286 supponit
1825 3249 1895 3286 pro
1932 3239 2012 3275 sola
2048 3250 2213 3287 persona
2249 3239 2388 3286 Patris,

1336 3289 1570 3339 quandoque
1604 3301 1675 3338 pro
1705 3290 1784 3326 sola
1819 3301 1983 3339 persona
2019 3290 2102 3327 Filii
2134 3292 2195 3327 vel
2230 3290 2390 3340 Spiritus

1337 3341 1475 3388 Sancti,
1496 3349 1537 3378 ut
1565 3354 1680 3390 supra
1698 3341 1718 3364 ²¹²
1746 3342 1919 3379 habitum
1948 3351 2012 3380 est.
2052 3344 2099 3380 Et
2127 3343 2187 3390 ita,
2217 3355 2307 3380 cum
2336 3344 2389 3381 di·
2418 3346 2603 3399 }3„¹¹1¹¹„¹¹,1,¹{„³¹¹-,
2605 3352 2630 3397 2}

1336 3394 1442 3441 citur,
1457 3396 1575 3431 Beata
1599 3396 1714 3444 Virgo
1733 3401 1784 3431 est
1801 3402 1919 3432 mater
1936 3397 2017 3442 Dei,
2034 3397 2109 3432 hoc
2128 3407 2271 3433 nornen
2290 3397 2391 3434 Deus
2417 3403 2459 3420 ³¹st
2473 3405 2496 3424 4

1337 3447 1517 3496 supponit
1543 3459 1614 3496 pro
1643 3448 1722 3484 sola
1749 3460 1913 3496 persona
1941 3448 2023 3485 Filii
2051 3449 2252 3486 incarnata.

1389 3561 1414 3596 β)
1430 3561 1600 3593 percipimus.
1617 3576 1635 3581 -
1654 3562 1739 3587 Tertia
1758 3567 1858 3594 praeter
1877 3562 1913 3593 G;
1929 3562 2103 3594 percepimus.
