2872 3970
122 899 129 903 ,
149 874 240 906 min-
349 875 455 901 Emnrs:
473 862 797 900 considerandum
816 871 871 900 est
887 864 935 900 de
955 863 1126 901 oratione
1143 863 1282 901 Christi
1291 864 1321 901 ²¹⁶.

269 874 399 957 DEt
424 915 524 953 circa
550 916 626 953 hoc
653 923 891 965 quaeruntur
918 924 1093 965 quatuor.

84 980 106 1001 2
321 969 472 1006 Primo:
502 975 634 1005 utrum
663 968 815 1006 Christo
843 969 1047 1006 conveniat
1074 981 1194 1006 orare.

321 1021 518 1059 Secundo:
534 1028 666 1058 utrum
681 1021 884 1058 conveniat
897 1021 968 1059 sibi
983 1022 1199 1059 secundum
1213 1034 1324 1059 suam

373 1073 667 1111 sensualitatem.

470 1387 512 1418 1v,
532 1388 591 1414 dist.
609 1396 649 1419 xv,
668 1397 714 1422 qu.
732 1396 766 1419 w,
786 1394 832 1415 art.

390 1497 457 1538 ff<
480 1489 504 1514 D
532 1482 667 1514 PR1MUM
695 1489 747 1514 510
775 1489 1010 1515 PROCEDlTUR.
1039 1477 1200 1514 Videtur
1222 1478 1328 1526 quod

296 1518 471 1588 '5539
483 1529 635 1566 Christo
654 1541 735 1566 non
749 1538 942 1579 competat
959 1542 1080 1567 orare.
1101 1531 1217 1576 Nam,
1234 1530 1330 1567 sicut

229 1602 245 1614 υ
288 1580 324 1637 '25‘
367 1597 403 1636 '4-
424 1586 451 1628 ‘ss
482 1581 571 1619 dicit
592 1583 856 1619 Damascenus
869 1582 901 1628 ²⁸,
922 1585 1042 1620 oratio
1061 1589 1112 1619 est
1123 1584 1250 1632 petitio
1269 1583 1329 1619 de-

371 1611 425 1667 ᾗ)
440 1625 641 1671 Kcentium
656 1647 680 1672 a
690 1636 783 1672 Deo.
801 1635 889 1681 Sed,
901 1647 991 1672 cum
1006 1635 1179 1672 Christus
1199 1635 1331 1672 omnia

271 1688 394 1725 facere
422 1695 562 1736 posset,
583 1699 663 1724 non
681 1687 834 1724 videtur
852 1687 887 1724 ei
905 1688 1112 1725 convenire
1140 1688 1246 1736 quod
1267 1687 1331 1724 ali-

273 1740 367 1789 quid
395 1740 443 1776 ab
471 1739 600 1788 aliquo
619 1748 774 1789 peteret.
805 1741 906 1788 Ergo
926 1741 1078 1777 videtur
1096 1741 1203 1789 quod
1224 1740 1332 1777 Chri-

274 1801 331 1830 sto
359 1804 440 1829 non
468 1800 672 1829 convemat
699 1805 819 1829 orare.

328 1857 362 1881 2.
393 1846 625 1891 PRAETEREA,
645 1857 725 1882 non
749 1852 899 1894 oportet
917 1845 1064 1882 orando
1092 1852 1220 1894 petere
1240 1844 1333 1881 illud

273 1898 381 1947 quod
408 1897 544 1946 aliquis
572 1897 640 1934 scit
666 1910 737 1946 pro
766 1905 868 1933 certo
898 1909 979 1933 esse
1007 1898 1198 1933 futurum:
1238 1897 1334 1933 sicut

273 1962 353 1988 non
381 1961 538 1986 oramus
557 1950 664 1998 quod
692 1951 749 1986 sol
767 1949 910 1986 oriatur
929 1961 1021 1986 cras.
1051 1950 1190 1998 Neque
1219 1949 1334 1986 etiam

273 2010 330 2051 est
356 2002 590 2040 conveniens
622 2002 729 2051 quod
757 2002 894 2051 aliquis
922 2002 1069 2038 orando
1097 2009 1200 2051 petat
1226 2002 1334 2051 quod

274 2055 342 2093 scit
359 2055 466 2092 nullo
485 2055 605 2091 modo
634 2067 716 2091 esse
734 2054 919 2091 futurum.
950 2055 1027 2091 Sed
1047 2054 1220 2091 Christus
1241 2054 1333 2091 scie-

273 2107 339 2146 bat
364 2107 464 2144 circa
490 2107 623 2144 omnia
650 2107 744 2156 quid
779 2115 876 2144 esset
903 2107 1087 2144 futurum.
1123 2108 1225 2155 Ergo
1253 2119 1333 2144 non

274 2159 528 2198 conveniebat
555 2159 590 2196 ei
617 2159 761 2209 aliquid
789 2160 937 2197 orando
965 2167 1105 2209 petere.

330 2213 364 2250 3.
393 2213 626 2259 PRAETEREA,
646 2213 910 2249 Damascenus
938 2212 1038 2258 dicit,
1059 2212 1098 2249 in
1119 2213 1164 2248 III
1186 2211 1282 2248 libro
1301 2211 1332 2257 ³¹⁵,

275 2265 384 2315 quod
410 2267 530 2302 oratio
549 2271 600 2302 est
617 2277 790 2302 ascensus
817 2265 1015 2302 intellectus
1035 2267 1072 2301 in
1092 2266 1226 2301 Deum.
1257 2264 1334 2301 Sed

274 2317 485 2356 intellectus
522 2317 661 2355 Christi
697 2330 778 2355 non
809 2317 1002 2366 indigebat
1035 2317 1258 2354 ascensione
1294 2316 1334 2353 in

274 2371 424 2408 Deum:
463 2369 556 2419 quia
591 2382 744 2419 semper
779 2369 989 2407 intellectus
1027 2369 1108 2406 eius
1143 2377 1222 2406 erat
1249 2370 1333 2406 Deo

275 2423 515 2469 coniunctus,
544 2435 624 2460 non
652 2424 779 2460 solum
807 2423 1023 2460 secundum
1050 2422 1238 2459 unionem
1265 2423 1334 2471 hy-

275 2475 437 2526 postasis
450 2505 459 2522 ,
488 2475 556 2512 sed
583 2475 698 2512 etiam
726 2475 943 2513 secundum
971 2475 1191 2512 fruitionem
1219 2474 1334 2511 beati-

275 2528 429 2566 tudinis,
459 2529 561 2576 Ergo
590 2528 742 2565 Christo
770 2540 850 2565 non
878 2527 1131 2564 conveniebat
1159 2539 1279 2564 orare.

329 2582 404 2619 SED
423 2592 567 2618 CONTRA
585 2592 650 2618 Es‘r
669 2581 775 2630 quod
795 2580 932 2618 dicitur
948 2581 1043 2617 Luc.
1063 2593 1098 2617 vl
1112 2580 1148 2617 *ε
1177 2582 1334 2617 Factum

276 2639 327 2671 est
353 2635 391 2671 in
419 2633 489 2670 illis
509 2633 644 2680 diebus,
665 2635 754 2671 exiit
780 2635 818 2670 in
846 2639 1008 2670 montem
1034 2645 1166 2679 orare,
1195 2639 1229 2669 et
1256 2639 1336 2670 erat

270 2692 496 2736 pernoctans
523 2687 562 2722 in
590 2688 759 2724 oratione
784 2687 867 2723 Dei.

123 2782 125 2786 ¹
328 2739 552 2777 RESPONDEO
580 2750 762 2776 DICENDUM
785 2739 904 2788 quod,
925 2738 1021 2775 sicut
1048 2738 1193 2775 dictum
1213 2744 1268 2774 est
1294 2737 1335 2774 in

161 2833 163 2839 .
184 2798 253 2846 2¹3
277 2790 456 2829 Secunda
483 2791 592 2828 Parte
611 2791 649 2837 ²⁸,
679 2791 799 2828 oratio
828 2799 883 2828 est
911 2791 1103 2840 quaedam
1136 2790 1334 2839 explicatio

140 2845 141 2850 ’
211 2839 219 2851 ’
275 2843 453 2894 propriae
481 2843 686 2880 voluntatis
705 2844 810 2892 apud
837 2844 979 2889 Deum,
999 2851 1042 2880 ut
1060 2855 1147 2880 eam
1166 2843 1331 2891 impleat.

277 2896 318 2934 Si
345 2896 456 2945 igitur
482 2896 523 2933 in
551 2895 702 2933 Christo
732 2903 829 2933 esset
855 2908 935 2932 una
968 2903 1117 2932 tantum
1144 2897 1332 2941 voluntas,

276 2947 415 2987 scilicet
433 2948 575 2995 divina,
595 2949 701 2985 nullo
721 2949 840 2985 modo
861 2948 932 2985 sibi
951 2955 1185 2996 competeret
1205 2960 1332 2984 orare:

148 3043 151 3046 ,
222 3014 228 3015 ’
267 3001 368 3051 91113
384 3002 562 3039 voluntas
581 3001 712 3038 divina
729 3013 799 3050 per
817 3000 983 3049 seipsam
1003 3008 1058 3036 est
1078 2999 1252 3036 effectiva
1270 3012 1333 3037 eo-

125 3062 128 3064 ’
152 3063 161 3077 ’-
182 3067 248 3090 ‚ven-
266 3065 365 3094 *rum
390 3065 489 3104 quae
514 3054 608 3098 vult,
629 3053 844 3090 secundum
863 3053 956 3089 illud
975 3052 1117 3090 Psalmi
1135 3052 1172 3089 *ε
1199 3053 1334 3090 Omnia

266 3118 527 3157 ⁸quaecumque
561 3106 674 3143 voluit
704 3107 889 3143 Dominus
921 3106 1019 3151 fecit.
1059 3105 1136 3142 Sed
1172 3105 1263 3153 quia
1294 3105 1333 3141 in

267 3158 428 3206 ,Christo
456 3165 511 3195 est
538 3157 610 3195 alia
636 3159 814 3194 voluntas
842 3157 973 3193 divina
991 3165 1027 3193 et
1045 3156 1117 3194 alia
1144 3157 1331 3202 humana;

266 3218 313 3258 -et
330 3212 508 3249 voluntas
536 3211 709 3247 humana
735 3221 815 3247 non
836 3217 892 3246 est
909 3221 980 3258 per
1006 3209 1171 3257 seipsam
1199 3209 1333 3246 efficax

266 3263 327 3311 ,ad
352 3263 594 3312 implendum
623 3274 668 3299 ea
695 3274 795 3310 quae
823 3263 924 3307 vult,
953 3260 1025 3298 m'si
1057 3273 1128 3310 per
1153 3261 1332 3298 virtutem

270 3313 468 3363 divinam:
497 3315 587 3354 inde
607 3322 662 3352 est
681 3314 788 3363 quod
808 3313 970 3360 Christo,
991 3313 1206 3350 secundum
1226 3313 1332 3361 quod

329 3445 357 3481 α)
375 3445 452 3479 quasi
470 3445 525 3478 ipse
543 3448 610 3470 esset
633 3445 769 3477 impotens.
786 3458 806 3463 —-
823 3445 844 3468 F
863 3449 888 3468 et
907 3444 994 3474 tertia;
1016 3444 1093 3476 quasi
1111 3442 1184 3477 (quin
1205 3441 1253 3477 sA)
1276 3442 1332 3474 ipse

276 3482 344 3506 esset
361 3480 424 3511 (non
444 3484 512 3506 esset
529 3480 578 3515 sD)
597 3481 770 3512 omnipotens.

325 3514 356 3550 β)
374 3516 457 3541 nobis.
468 3529 488 3535 -
501 3523 556 3548 pm
575 3516 648 3541 nobis
667 3516 718 3541 PF.
735 3529 755 3534 ·-
778 3515 952 3548 ignoraretur
969 3514 1012 3539 EF
1031 3519 1056 3538 et
1075 3514 1162 3544 εει-ᾔεις
1182 3513 1330 3546 ignoretur.

328 3552 356 3585 γ)
375 3551 572 3583 exemplum>-
590 3551 688 3576 orandi
706 3551 802 3576 addunt
820 3550 840 3574 F
861 3554 885 3574 et
904 3549 983 3574 tertia.

966 293 1228 340 QUAESTIO
1257 295 1362 340 XXI,
1391 294 1682 332 ARTICULUS
1710 296 1725 332 Ι

2352 299 2422 334 251

1735 354 1745 374 Χ

793 524 1200 612 QUAESTIO
1244 537 1905 593 VIGESIMAPRIMA

1001 653 1085 694 DE
1119 655 1432 696 ORATIONE
1466 655 1704 697 CHRISTI

1055 771 1091 796 IN
1119 770 1290 801 QUATUOR
1315 770 1514 796 ARTICULOS
1540 771 1653 796 DIVISA

1431 865 1583 902 Tertio:
1613 872 1744 902 utrum
1763 865 1965 903 conveniat
1983 866 2054 903 sibi
2073 879 2181 904 orare
2204 879 2275 917 pro
2294 869 2432 918 seipso,

1484 947 1534 972 an
1560 942 1710 972 tantum
1737 948 1808 985 pro
1836 936 1926 973 aliis.

1431 1006 1599 1052 Quarto:
1638 1013 1770 1042 utrum
1807 1006 1932 1044 omnis
1969 1007 2088 1045 oratio
2124 1008 2205 1045 eius
2238 1009 2283 1046 sit
2317 1022 2432 1048 exau-

1484 1073 1571 1110 dita.

1077 1183 1393 1226 ARTICULUS
1425 1182 1628 1224 PRIMUS

950 1275 1108 1306 UTRUM
1132 1274 1322 1306 011111510
1348 1274 1589 1305 COMPETAT
1613 1274 1758 1305 ORARE

636 1353 728 1386 Supra,
747 1361 792 1386 qu.
809 1361 864 1385 xm,
882 1358 929 1379 art.
947 1362 973 1386 4.
991 1354 1024 1378 ad
1044 1353 1073 1383 33
1092 1354 1166 1384 infra,
1185 1361 1229 1386 qu.
1247 1361 1318 1383 mu,
1336 1358 1383 1379 art.
1403 1361 1427 1385 2,
1446 1354 1478 1379 ad
1499 1361 1528 1384 23
1552 1353 1584 1378 111
1602 1354 1689 1383 Sent.‚
1710 1354 1767 1380 dist.
1786 1362 1846 1386 xvu,
1865 1359 1911 1381 art.
1932 1355 1955 1382 3,
1974 1356 2023 1388 qu¹
2044 1363 2055 1381 1
2066 1363 2074 1387 ;

852 1388 877 1420 6,
896 1388 945 1421 qu·
967 1396 990 1420 1,
1009 1389 1041 1414 ad
1062 1396 1090 1420 25
1109 1389 1158 1421 qu·
1179 1395 1203 1420 2,
1223 1389 1255 1414 ad
1275 1395 1303 1420 1;
1323 1389 1354 1413 In
1374 1389 1457 1419 Ioan„
1476 1397 1531 1422 cap.
1549 1396 1583 1418 xx.
1603 1390 1660 1415 lect.
1677 1396 1718 1420 v1;
1738 1390 1767 1414 In
1787 1390 1863 1416 Boet.
1881 1391 1914 1416 de
1936 1390 2018 1423 Trin„
2036 1399 2080 1424 qu.
2098 1399 2136 1423 m,
2155 1397 2200 1418 art.
2218 1400 2244 1424 4.

1384 1485 1438 1515 est
1450 1479 1586 1537 ‘homo
1606 1486 1642 1515 et
1660 1479 1874 1516 humanam
1900 1481 2136 1517 voluntatem
2155 1481 2312 1528 habens,
2332 1494 2437 1520 com-

1383 1538 1475 1579 petit
1502 1543 1622 1567 orare.

1437 1584 1494 1619 AD
1514 1595 1648 1620 PmMUM
1667 1596 1764 1621 ERGO
1783 1597 1964 1622 DICENDUM
1981 1586 2087 1634 quod
2102 1586 2273 1623 Christus
2291 1594 2438 1636 poterat

1384 1635 1567 1685 perficere
1601 1635 1732 1673 omnia
1769 1649 1867 1685 quae
1895 1637 2047 1674 volebat
2084 1639 2298 1676 secundum
2331 1641 2437 1689 quod

1384 1689 1503 1734 Deus,
1532 1700 1612 1724 non
1640 1696 1770 1726 autem
1798 1690 2013 1727 secundum
2041 1691 2147 1739 quod
2166 1692 2306 1729 110111οε
2335 1693 2437 1741 quia,

1385 1741 1601 1777 secundum
1629 1742 1735 1789 quod
1763 1742 1901 1787 homo,
1930 1754 2010 1778 non
2038 1743 2171 1779 habuit
2198 1744 2439 1793 omnipoten-

1384 1792 1489 1838 tiam,
1509 1800 1551 1829 ut
1570 1805 1686 1841 supra
1699 1793 1719 1814 *
1739 1794 1914 1830 habitum
1933 1802 1998 1831 est.
2019 1795 2280 1833 Nihilominus
2298 1804 2438 1844 tamen,

1385 1844 1490 1882 idem
1517 1844 1598 1894 ipse
1626 1846 1732 1882 Deus
1751 1845 1913 1882 existens
1941 1854 1977 1883 et
1994 1847 2127 1894 homo,
2147 1849 2268 1885 voluit
2295 1850 2343 1886 ad
2371 1851 2440 1886 Pa-

1386 1905 1484 1934 trem
1513 1897 1727 1934 orationem
1754 1898 1964 1947 porrigere,
1993 1911 2072 1936 non
2101 1901 2209 1949 quasi
2236 1901 2316 1950 ipse
2345 1911 2441 1939 esset

1387 1949 1578 1998 impotens
1599 1955 1634 1995 ²,
1664 1950 1731 1986 sed
1757 1958 1914 1999 propter
1940 1959 2110 1988 nostram
2141 1952 2439 1991 instructionem.
2565 1972 2581 1988 α

1387 2002 1518 2039 Ρ111110
1546 2002 1723 2051 quidem,
1752 2010 1795 2039 ut
1829 2005 2044 2041 ostenderet
2075 2017 2115 2041 se
2149 2018 2230 2042 esse
2265 2019 2287 2043 a
2319 2008 2439 2044 Patre.

1386 2055 1498 2092 Unde
1526 2054 1608 2103 ipse
1636 2055 1737 2101 dicit,
1757 2057 1860 2092 Ioan.
1880 2069 1914 2093 xl
1933 2057 1970 2093 *z
1998 2058 2157 2107 Propter
2172 2059 2353 2108 populum
2381 2062 2444 2109 qui
2469 2068 2609 2095 *Vm-⁴2-

1387 2109 1598 2144 circumstat
1625 2108 1723 2154 dixi,
1753 2108 1891 2145 scilicet
1922 2110 2040 2146 verba
2076 2110 2273 2157 orationis,
2302 2118 2341 2149 ut
2366 2125 2441 2149 cre-

1388 2160 1476 2196 dant
1498 2161 1584 2208 quia
1611 2165 1648 2196 tu
1675 2172 1736 2196 me
1762 2162 1898 2198 misisti.
1933 2162 2044 2199 Unde
2072 2162 2251 2210 Hilarius,
2271 2163 2311 2201 in
2335 2165 2371 2201 X
2398 2166 2443 2202 de

1391 2214 1428 2249 T
1424 2214 1495 2248 rin.
1520 2212 1558 2257 ²⁸⁶,
1587 2211 1694 2250 dicit:
1732 2213 1822 2250 Non
1845 2225 1961 2262 prece
1988 2216 2109 2264 eguit:
2143 2218 2248 2253 nobis
2265 2215 2280 2246 β
2307 2219 2440 2264 oravit,

1388 2277 1435 2301 ne
1452 2265 1568 2301 Filius
1586 2267 1836 2314 ignoraretur.
1851 2287 1877 2292 -
1897 2266 2088 2312 Secundo,
2109 2275 2151 2303 ut
2177 2268 2288 2305 nobis
2315 2281 2442 2307 exem-

1387 2318 1495 2366 plum
1511 2322 1527 2345 Υ
1546 2317 1661 2353 (13101.
1689 2317 1800 2354 Unde
1819 2318 2046 2356 Ambrosius
2064 2319 2162 2365 dicit,
2177 2333 2288 2370 super
2301 2323 2390 2359 Luc.
2405 2322 2440 2359 *ε

1387 2370 1480 2407 Noli
1507 2370 1745 2406 insidiatrices
1771 2372 1918 2419 aperire
1950 2383 2077 2417 aures,
2115 2378 2153 2408 ut
2173 2379 2279 2421 putes
2304 2375 2441 2411 Filium

1387 2423 1462 2459 Dei
1487 2423 1592 2471 quasi
1617 2424 1808 2470 infirmum
1832 2435 1982 2472 rogare,
2002 2430 2040 2460 ut
2064 2425 2230 2473 impetret
2254 2426 2353 2474 quod
2376 2428 2437 2463 im-

1382 2475 1489 2524 plere
1514 2487 1588 2511 non
1613 2476 1738 2524 possit.
1767 2476 1954 2512 Potestatis
1981 2477 2078 2512 enim
2110 2482 2249 2523 auctor,
2277 2479 2439 2515 obedien-

1387 2529 1460 2564 tiae
1477 2525 1490 2549 δ
1518 2530 1712 2576 magister,
1740 2528 1790 2564 ad
1809 2534 2009 2577 praecepta
2040 2530 2180 2566 virtutis
2203 2542 2269 2566 suo
2294 2542 2362 2567 nos
2386 2533 2440 2568 in·
2563 2540 2577 2564 δ

1377 2581 1527 2628 format
1544 2580 1725 2629 exemplo.
1752 2580 1861 2617 Unde
1890 2588 1926 2617 et
1952 2580 2185 2629 Augustinus
2213 2581 2311 2628 dicit,
2330 2595 2441 2632 super

1386 2634 1494 2670 Ioan.
1515 2632 1551 2669 *ε
1586 2634 1736 2669 Poterat
1760 2634 1944 2670 Dominus
1971 2635 2008 2670 in
2026 2635 2161 2681 forma
2186 2637 2294 2680 servi,
2313 2637 2346 2671 si
2369 2637 2440 2673 hoc

1387 2697 1479 2734 opus
1506 2691 1605 2730 esset,
1631 2697 1743 2722 orare
1768 2685 1920 2722 silentio.
1962 2686 2035 2722 Sed
2060 2688 2109 2723 ita
2135 2699 2174 2723 se
2198 2688 2304 2724 Patri
2327 2688 2440 2725 voluit

1387 2739 1562 2775 exhibere
1579 2743 1591 2758 ⁵
1613 2743 1868 2787 precatorem,
1897 2744 1935 2774 ut
1960 2740 2180 2775 meminisset
2211 2745 2373 2776 nostrum
2399 2752 2439 2777 se
2562 2755 2574 2772 e

1386 2802 1462 2827 esse
1489 2790 1685 2827 doctorem.
2276 2816 2279 2821 ·

1440 2844 1497 2879 AD
1525 2855 1713 2879 SECUNDUM
1740 2854 1919 2880 DICENDUM
1956 2843 2083 2891 quod,
2111 2843 2207 2880 inter
2233 2843 2305 2880 alia
2337 2856 2436 2893 quae

1389 2895 1561 2932 Christus
1580 2894 1686 2931 scivit
1704 2895 1840 2940 futura,
1861 2894 1967 2931 scivit
1994 2895 2184 2943 quaedam
2204 2907 2284 2933 esse
2308 2896 2438 2934 fienda

1387 2954 1544 2996 propter
1571 2959 1681 2983 suam
1709 2946 1932 2983 orationem.
1963 2948 2010 2984 Et
2033 2947 2257 2985 huiusmodi
2274 2961 2355 2986 non
2381 2950 2437 2986 in-

1388 2999 1660 3036 convenienter
1686 3011 1709 3035 a
1735 2999 1819 3035 Deo
1847 2998 1961 3047 petiit.

1441 3053 1497 3088 AD
1524 3063 1681 3088 TERTlUM
1708 3063 1888 3088 DICENDUM
1916 3052 2021 3099 quod
2060 3053 2230 3090 ascensio
2262 3054 2356 3091 nihil
2382 3063 2438 3092 est

2467 1809 2478 1820 ⁸
2488 1809 2535 1836 Qu.
2545 1814 2596 1836 ¹1¹1,
2605 1812 2647 1831 att.
2657 1816 2677 1832 ι.

2470 2224 2481 2235 ·
2493 2223 2564 2245 Num.
2578 2229 2615 2251 7¹.

2568 2250 2583 2284 β

2470 2349 2480 2360 ”
2493 2323 2583 2376 Εκρωγ.
2595 2349 2634 2370 lib.
2649 2349 2681 2376 V,

2469 2374 2500 2422 ff,
2513 2380 2562 2402 cap.
2573 2381 2605 2402 vi,
2620 2382 2680 2397 vers.

2466 2646 2476 2657 ⁸
2489 2645 2565 2668 Tract.
2581 2646 2642 2668 CIV.

1388 3103 1490 3140 aliud
1509 3115 1626 3152 quam
1652 3110 1780 3139 motus
1799 3103 1837 3139 in
1856 3103 1895 3140 id
1914 3104 2020 3152 quod
2040 3113 2095 3142 est
2113 3118 2277 3142 sursum.
2305 3107 2437 3144 Motus

1387 3163 1528 3199 autem,
1549 3163 1591 3192 ut
1609 3155 1745 3192 dicitur
1767 3155 1806 3192 in
1825 3157 1870 3192 111
1889 3156 1934 3192 de
1945 3158 2084 3194 Anima
2097 3157 2128 3203 ²¹³,
2157 3158 2356 3207 dupliciter
2381 3159 2436 3197 di-
2463 3162 2679 3212 ὲέςιζῇῗζισξ-,ζὺζ

1371 3208 1492 3244 ‚eitun
1521 3209 1608 3244 Uno
1636 3207 1767 3253 modo,
1796 3208 1961 3256 proprie,
1990 3210 2204 3247 secundum
2231 3212 2337 3260 quod
2366 3211 2436 3249 im-

1386 3267 1510 3309 portat
1545 3260 1688 3296 exitum
1724 3260 1772 3297 de
1799 3261 1967 3309 potentia
1993 3261 2033 3298 in
2060 3270 2207 3309 actum,
2235 3272 2350 3312 prout
2381 3273 2436 3302 est

1386 3318 1486 3349 actus
1522 3313 1734 3362 imperfecti.
1774 3313 1822 3350 Et
1857 3313 1910 3350 sic
1945 3315 2148 3352 ascendere
2185 3316 2365 3365 competit
2400 3318 2434 3355 ei

1435 3441 1460 3476 ὃ)
1479 3446 1581 3472 auctor,
1596 3443 1766 3469 obedientiae.
1778 3457 1798 3462 —-
1810 3444 1843 3475 Ρ;
1863 3447 1957 3470 auctor
1975 3445 2122 3470 obedientia
2141 3446 2202 3477 Gbc,
2217 3450 2311 3472 auctor
2329 3448 2434 3473 obedire

1382 3477 1401 3509 1,
1420 3481 1460 3503 est
1477 3481 1571 3503 auctor
1589 3478 1752 3503 obedientiae
1770 3479 1837 3510 FsA‚
1856 3483 1895 3504 est
1912 3483 2006 3505 auctor
2024 3481 2171 3506 obedientia
2190 3483 2273 3508 ceteri.

1436 3512 1458 3547 ε)
1478 3514 1561 3538 voluit
1585 3514 1717 3539 exhibere.
1735 3528 1755 3533 -
1772 3514 1806 3545 F;
1831 3515 1914 3539 voluit
1939 3516 2055 3540 existere
2078 3517 2147 3544 ΑΒα,
2173 3516 2257 3542 voluit
2280 3524 2335 3543 esse
2358 3518 2432 3549 CDE,

1382 3548 1498 3573 existere
1516 3549 1600 3574 voluit
1618 3549 1679 3581 Gbc,
1699 3549 1825 3575 exhibere
1844 3550 1926 3575 voluit
1944 3550 1982 3575 ΡΙ.
1999 3564 2018 3569 -
2035 3551 2085 3575 Pro
2099 3555 2275 3583 precatorem,
2289 3552 2432 3585 petitorem

1383 3584 1412 3615 E,
1426 3587 1594 3616 peccatorem
1612 3584 1671 3610 Fbc.
