<?xml version="1.0" encoding="UTF-8"?>
<!DOCTYPE html PUBLIC "-//W3C//DTD XHTML 1.0 Transitional//EN"
    "http://www.w3.org/TR/xhtml1/DTD/xhtml1-transitional.dtd">
<html xmlns="http://www.w3.org/1999/xhtml" xml:lang="en" lang="en">
 <head>
  <title>
</title>
<meta http-equiv="Content-Type" content="text/html;charset=utf-8" />
  <meta name='ocr-system' content='tesseract 3.04.00' />
  <meta name='ocr-capabilities' content='ocr_page ocr_carea ocr_par ocr_line ocrx_word'/>
</head>
<body>
  <div class='ocr_page' id='page_1' title='image "./operaomniaiussui11thom_0544.png"; bbox 0 0 2872 3970; ppageno 0'>
   <div class='ocr_carea' id='block_1_1' title="bbox 247 777 394 796">
    <p class='ocr_par' dir='ltr' id='par_1_1' title="bbox 247 777 394 796">
     <span class='ocr_line' id='line_1_1' title="bbox 247 777 394 796; baseline -0.007 -2"><span class='ocrx_word' id='word_1_1' title='bbox 247 777 394 796; x_wconf 62' lang='lat' dir='ltr'>xxxxxxxxxx</span> 
     </span>
    </p>
   </div>
   <div class='ocr_carea' id='block_1_2' title="bbox 262 1945 400 1973">
    <p class='ocr_par' dir='ltr' id='par_1_2' title="bbox 262 1945 400 1973">
     <span class='ocr_line' id='line_1_2' title="bbox 262 1945 400 1973; baseline 0 -7"><span class='ocrx_word' id='word_1_2' title='bbox 262 1946 272 1955; x_wconf 78' lang='lat'>⁸</span> <span class='ocrx_word' id='word_1_3' title='bbox 285 1945 350 1966; x_wconf 86' lang='lat' dir='ltr'>Vers.</span> <span class='ocrx_word' id='word_1_4' title='bbox 365 1951 400 1973; x_wconf 88' lang='lat'>59.</span> 
     </span>
    </p>
   </div>
   <div class='ocr_carea' id='block_1_3' title="bbox 260 2002 470 2025">
    <p class='ocr_par' dir='ltr' id='par_1_3' title="bbox 260 2002 470 2025">
     <span class='ocr_line' id='line_1_3' title="bbox 260 2002 470 2025; baseline -0.01 0"><span class='ocrx_word' id='word_1_5' title='bbox 260 2004 270 2014; x_wconf 79' lang='lat'>⁸</span> <span class='ocrx_word' id='word_1_6' title='bbox 285 2003 416 2025; x_wconf 85' lang='lat' dir='ltr'>Comment.</span> <span class='ocrx_word' id='word_1_7' title='bbox 432 2002 470 2023; x_wconf 89' lang='lat' dir='ltr'>lib.</span> 
     </span>
    </p>
   </div>
   <div class='ocr_carea' id='block_1_4' title="bbox 1244 389 1896 435">
    <p class='ocr_par' dir='ltr' id='par_1_4' title="bbox 1244 389 1896 435">
     <span class='ocr_line' id='line_1_4' title="bbox 1244 389 1896 435; baseline -0.008 0"><span class='ocrx_word' id='word_1_8' title='bbox 1244 391 1562 435; x_wconf 88' lang='lat' dir='ltr'>ARTICULUS</span> <span class='ocrx_word' id='word_1_9' title='bbox 1596 389 1896 432; x_wconf 88' lang='lat' dir='ltr'>SECUNDUS</span> 
     </span>
    </p>
   </div>
   <div class='ocr_carea' id='block_1_5' title="bbox 903 481 2214 587">
    <p class='ocr_par' dir='ltr' id='par_1_5' title="bbox 903 481 2214 587">
     <span class='ocr_line' id='line_1_5' title="bbox 903 481 2214 531; baseline -0.006 -12"><span class='ocrx_word' id='word_1_10' title='bbox 903 487 1077 526; x_wconf 32' lang='lat' dir='ltr'>,UTRUM</span> <span class='ocrx_word' id='word_1_11' title='bbox 1101 484 1399 518; x_wconf 78' lang='lat' dir='ltr'>CONVENIENTI</span> <span class='ocrx_word' id='word_1_12' title='bbox 1423 481 1551 513; x_wconf 90' lang='lat' dir='ltr'>MODO</span> <span class='ocrx_word' id='word_1_13' title='bbox 1576 481 1790 531; x_wconf 75' lang='lat' dir='ltr'>CHRISTUS</span> <span class='ocrx_word' id='word_1_14' title='bbox 1811 481 1971 521; x_wconf 82' lang='lat' dir='ltr'>FUERIT</span> <span class='ocrx_word' id='word_1_15' title='bbox 1994 481 2214 518; x_wconf 82' lang='lat' dir='ltr'>SEPULTUS</span> 
     </span>
     <span class='ocr_line' id='line_1_6' title="bbox 960 537 2012 587; baseline -0.004 -8"><span class='ocrx_word' id='word_1_16' title='bbox 960 554 963 557; x_wconf 81' lang='lat'><em>&#39;</em></span> <span class='ocrx_word' id='word_1_17' title='bbox 1189 553 1218 578; x_wconf 80' lang='lat' dir='ltr'>In</span> <span class='ocrx_word' id='word_1_18' title='bbox 1237 551 1344 580; x_wconf 66' lang='lat' dir='ltr'>Matth.,</span> <span class='ocrx_word' id='word_1_19' title='bbox 1364 559 1420 584; x_wconf 71' lang='lat' dir='ltr'>cap.</span> <span class='ocrx_word' id='word_1_20' title='bbox 1437 554 1516 581; x_wconf 56' lang='lat' dir='ltr'>xum</span> <span class='ocrx_word' id='word_1_21' title='bbox 1537 549 1566 576; x_wconf 65' lang='lat' dir='ltr'>a·</span> <span class='ocrx_word' id='word_1_22' title='bbox 1587 550 1672 580; x_wconf 71' lang='lat' dir='ltr'>loun„</span> <span class='ocrx_word' id='word_1_23' title='bbox 1691 555 1748 583; x_wconf 75' lang='lat' dir='ltr'>cap.</span> <span class='ocrx_word' id='word_1_24' title='bbox 1765 554 1816 587; x_wconf 60' lang='grc' dir='ltr'>ῳ,</span> <span class='ocrx_word' id='word_1_25' title='bbox 1834 541 1894 576; x_wconf 61' lang='lat' dir='ltr'>leet.</span> <span class='ocrx_word' id='word_1_26' title='bbox 1907 556 1951 575; x_wconf 59' lang='lat' dir='ltr'>via</span> <span class='ocrx_word' id='word_1_27' title='bbox 2003 537 2012 542; x_wconf 35' lang='grc' dir='ltr'>Η</span> 
     </span>
    </p>
   </div>
   <div class='ocr_carea' id='block_1_6' title="bbox 502 620 1545 781">
    <p class='ocr_par' dir='ltr' id='par_1_6' title="bbox 502 620 1545 781">
     <span class='ocr_line' id='line_1_7' title="bbox 521 620 1544 686; baseline -0.009 -21"><span class='ocrx_word' id='word_1_28' title='bbox 521 648 579 686; x_wconf 44' lang='grc' dir='ltr'>χαίᾇ</span> <span class='ocrx_word' id='word_1_29' title='bbox 613 658 638 669; x_wconf 57' lang='lat' dir='ltr'><strong><em>s</em></strong></span> <span class='ocrx_word' id='word_1_30' title='bbox 695 639 718 664; x_wconf 85' lang='lat' dir='ltr'>D</span> <span class='ocrx_word' id='word_1_31' title='bbox 737 637 925 663; x_wconf 75' lang='lat' dir='ltr'>SECUNDUM</span> <span class='ocrx_word' id='word_1_32' title='bbox 945 636 996 662; x_wconf 77' lang='lat' dir='ltr'>sm</span> <span class='ocrx_word' id='word_1_33' title='bbox 1022 633 1256 660; x_wconf 63' lang='lat' dir='ltr'>moeson-un.</span> <span class='ocrx_word' id='word_1_34' title='bbox 1283 620 1444 658; x_wconf 89' lang='lat' dir='ltr'>Videtur</span> <span class='ocrx_word' id='word_1_35' title='bbox 1462 630 1544 657; x_wconf 90' lang='lat' dir='ltr'>non</span> 
     </span>
     <span class='ocr_line' id='line_1_8' title="bbox 510 672 1543 739; baseline -0.009 -22"><span class='ocrx_word' id='word_1_36' title='bbox 510 675 670 739; x_wconf 55' lang='lat' dir='ltr'>‘sgivA{-³²*</span> <span class='ocrx_word' id='word_1_37' title='bbox 697 677 938 716; x_wconf 88' lang='lat' dir='ltr'>convenienti</span> <span class='ocrx_word' id='word_1_38' title='bbox 966 676 1086 713; x_wconf 91' lang='lat' dir='ltr'>modo</span> <span class='ocrx_word' id='word_1_39' title='bbox 1116 674 1312 712; x_wconf 87' lang='lat' dir='ltr'><strong>Christum</strong></span> <span class='ocrx_word' id='word_1_40' title='bbox 1339 672 1454 710; x_wconf 89' lang='lat' dir='ltr'>fuisse</span> <span class='ocrx_word' id='word_1_41' title='bbox 1487 683 1543 708; x_wconf 91' lang='lat' dir='ltr'>se-</span> 
     </span>
     <span class='ocr_line' id='line_1_9' title="bbox 502 719 1545 781; baseline -0.008 -12"><span class='ocrx_word' id='word_1_42' title='bbox 502 740 504 743; x_wconf 81' lang='grc'>’</span> <span class='ocrx_word' id='word_1_43' title='bbox 519 726 550 778; x_wconf 50' lang='lat' dir='ltr'>y*</span> <span class='ocrx_word' id='word_1_44' title='bbox 587 751 610 767; x_wconf 70' lang='lat' dir='ltr'><em>r</em></span> <span class='ocrx_word' id='word_1_45' title='bbox 632 719 663 773; x_wconf 58' lang='lat' dir='ltr'>&#39;sa</span> <span class='ocrx_word' id='word_1_46' title='bbox 678 731 682 734; x_wconf 53' lang='lat'><strong>⁴</strong></span> <span class='ocrx_word' id='word_1_47' title='bbox 697 732 849 781; x_wconf 89' lang='lat' dir='ltr'>pultum</span> <span class='ocrx_word' id='word_1_48' title='bbox 862 730 893 766; x_wconf 74' lang='lat'>²¹⁸.</span> <span class='ocrx_word' id='word_1_49' title='bbox 905 729 1110 778; x_wconf 87' lang='lat' dir='ltr'>Sepultura</span> <span class='ocrx_word' id='word_1_50' title='bbox 1123 727 1227 764; x_wconf 89' lang='lat' dir='ltr'>enirn</span> <span class='ocrx_word' id='word_1_51' title='bbox 1242 725 1324 764; x_wconf 90' lang='lat' dir='ltr'>eius</span> <span class='ocrx_word' id='word_1_52' title='bbox 1339 724 1545 775; x_wconf 86' lang='lat' dir='ltr'>respondet</span> 
     </span>
    </p>
   </div>
   <div class='ocr_carea' id='block_1_7' title="bbox 504 764 621 787">
    <p class='ocr_par' dir='ltr' id='par_1_7' title="bbox 504 764 621 787">
     <span class='ocr_line' id='line_1_10' title="bbox 504 764 621 787; baseline -0.009 -8"><span class='ocrx_word' id='word_1_53' title='bbox 504 764 621 787; x_wconf 49' lang='lat' dir='ltr'>tif?</span> 
     </span>
    </p>
   </div>
   <div class='ocr_carea' id='block_1_8' title="bbox 507 777 1545 831">
    <p class='ocr_par' dir='ltr' id='par_1_8' title="bbox 507 777 1545 831">
     <span class='ocr_line' id='line_1_11' title="bbox 507 777 1545 831; baseline 0 -18"><span class='ocrx_word' id='word_1_54' title='bbox 507 779 516 788; x_wconf 65' lang='grc'><em>”</em></span> <span class='ocrx_word' id='word_1_55' title='bbox 540 782 638 816; x_wconf 58' lang='lat' dir='ltr'>htx—3³³¹)</span> <span class='ocrx_word' id='word_1_56' title='bbox 654 778 685 819; x_wconf 40' lang='lat' dir='ltr'>k</span> <span class='ocrx_word' id='word_1_57' title='bbox 698 782 811 820; x_wconf 91' lang='lat' dir='ltr'>morti</span> <span class='ocrx_word' id='word_1_58' title='bbox 839 781 968 831; x_wconf 93' lang='lat' dir='ltr'>ipsius.</span> <span class='ocrx_word' id='word_1_59' title='bbox 1008 781 1084 818; x_wconf 86' lang='lat' dir='ltr'>Sed</span> <span class='ocrx_word' id='word_1_60' title='bbox 1115 778 1287 816; x_wconf 89' lang='lat' dir='ltr'>Christus</span> <span class='ocrx_word' id='word_1_61' title='bbox 1314 777 1383 814; x_wconf 82' lang='lat' dir='ltr'>fuit</span> <span class='ocrx_word' id='word_1_62' title='bbox 1410 789 1545 826; x_wconf 88' lang='lat' dir='ltr'>passus</span> 
     </span>
    </p>
   </div>
   <div class='ocr_carea' id='block_1_9' title="bbox 517 647 525 664">
    <p class='ocr_par' dir='ltr' id='par_1_9' title="bbox 517 647 525 664">
     <span class='ocr_line' id='line_1_12' title="bbox 517 647 525 664; baseline 0 0"><span class='ocrx_word' id='word_1_63' title='bbox 517 647 525 664; x_wconf 56' lang='lat' dir='ltr'>l</span> 
     </span>
    </p>
   </div>
   <div class='ocr_carea' id='block_1_10' title="bbox 485 637 694 832">
    <p class='ocr_par' dir='ltr' id='par_1_10' title="bbox 485 637 694 832">
     <span class='ocr_line' id='line_1_13' title="bbox 485 637 694 832; baseline 0 -124"><span class='ocrx_word' id='word_1_64' title='bbox 485 637 694 832; x_wconf 95' lang='lat' dir='ltr'>    </span> 
     </span>
    </p>
   </div>
   <div class='ocr_carea' id='block_1_11' title="bbox 418 829 1546 938">
    <p class='ocr_par' dir='ltr' id='par_1_11' title="bbox 418 829 1546 938">
     <span class='ocr_line' id='line_1_14' title="bbox 418 829 1543 897; baseline -0.008 -22"><span class='ocrx_word' id='word_1_65' title='bbox 418 866 433 897; x_wconf 65' lang='grc' dir='ltr'>ο.</span> <span class='ocrx_word' id='word_1_66' title='bbox 488 845 654 875; x_wconf 88' lang='lat' dir='ltr'>mortem</span> <span class='ocrx_word' id='word_1_67' title='bbox 681 834 992 876; x_wconf 85' lang='lat' dir='ltr'>abiectissimam:</span> <span class='ocrx_word' id='word_1_68' title='bbox 1024 832 1239 870; x_wconf 84' lang='lat' dir='ltr'>secundum</span> <span class='ocrx_word' id='word_1_69' title='bbox 1259 831 1353 869; x_wconf 92' lang='lat' dir='ltr'>illud</span> <span class='ocrx_word' id='word_1_70' title='bbox 1371 831 1458 888; x_wconf 71' lang='lat' dir='ltr'>Sap.</span> <span class='ocrx_word' id='word_1_71' title='bbox 1478 842 1499 868; x_wconf 87' lang='lat'>11</span> <span class='ocrx_word' id='word_1_72' title='bbox 1513 829 1543 866; x_wconf 78' lang='lat' dir='ltr'>*z</span> 
     </span>
     <span class='ocr_line' id='line_1_15' title="bbox 428 883 1546 938; baseline -0.009 -10"><span class='ocrx_word' id='word_1_73' title='bbox 428 917 433 922; x_wconf 87' lang='lat'>-</span> <span class='ocrx_word' id='word_1_74' title='bbox 487 892 615 928; x_wconf 84' lang='lat' dir='ltr'>Morte</span> <span class='ocrx_word' id='word_1_75' title='bbox 633 889 841 938; x_wconf 85' lang='lat' dir='ltr'>turpissima</span> <span class='ocrx_word' id='word_1_76' title='bbox 859 886 1146 923; x_wconf 82' lang='lat' dir='ltr'><strong><em>condemnemus</em></strong></span> <span class='ocrx_word' id='word_1_77' title='bbox 1169 896 1264 921; x_wconf 90' lang='lat' dir='ltr'>eum.</span> <span class='ocrx_word' id='word_1_78' title='bbox 1294 883 1395 931; x_wconf 87' lang='lat' dir='ltr'>Ergo</span> <span class='ocrx_word' id='word_1_79' title='bbox 1415 893 1546 920; x_wconf 87' lang='lat' dir='ltr'>meon-</span> 
     </span>
    </p>
   </div>
   <div class='ocr_carea' id='block_1_12' title="bbox 488 933 1558 2092">
    <p class='ocr_par' dir='ltr' id='par_1_12' title="bbox 488 933 1551 1240">
     <span class='ocr_line' id='line_1_16' title="bbox 488 933 1548 987; baseline -0.008 -8"><span class='ocrx_word' id='word_1_80' title='bbox 488 941 647 979; x_wconf 84' lang='lat' dir='ltr'>veniens</span> <span class='ocrx_word' id='word_1_81' title='bbox 674 940 826 977; x_wconf 89' lang='lat' dir='ltr'>videtur</span> <span class='ocrx_word' id='word_1_82' title='bbox 853 938 966 975; x_wconf 87' lang='lat' dir='ltr'>fuisse</span> <span class='ocrx_word' id='word_1_83' title='bbox 986 937 1094 987; x_wconf 92' lang='lat' dir='ltr'>quod</span> <span class='ocrx_word' id='word_1_84' title='bbox 1113 935 1266 974; x_wconf 89' lang='lat' dir='ltr'>Christo</span> <span class='ocrx_word' id='word_1_85' title='bbox 1294 933 1462 973; x_wconf 84' lang='lat' dir='ltr'>exhibita</span> <span class='ocrx_word' id='word_1_86' title='bbox 1479 935 1548 972; x_wconf 79' lang='lat' dir='ltr'>fuit</span> 
     </span>
     <span class='ocr_line' id='line_1_17' title="bbox 489 987 1548 1041; baseline -0.007 -10"><span class='ocrx_word' id='word_1_87' title='bbox 489 992 723 1031; x_wconf 86' lang='lat' dir='ltr'>honorabilis</span> <span class='ocrx_word' id='word_1_88' title='bbox 752 992 966 1041; x_wconf 89' lang='lat' dir='ltr'>sepultura,</span> <span class='ocrx_word' id='word_1_89' title='bbox 995 990 1226 1039; x_wconf 87' lang='lat' dir='ltr'>inquantum</span> <span class='ocrx_word' id='word_1_90' title='bbox 1257 1000 1281 1026; x_wconf 86' lang='lat' dir='ltr'>a</span> <span class='ocrx_word' id='word_1_91' title='bbox 1307 987 1548 1036; x_wconf 78' lang='lat' dir='ltr'>magnatibus</span> 
     </span>
     <span class='ocr_line' id='line_1_18' title="bbox 488 1039 1547 1092; baseline -0.008 -7"><span class='ocrx_word' id='word_1_92' title='bbox 488 1046 557 1085; x_wconf 86' lang='lat' dir='ltr'>fuit</span> <span class='ocrx_word' id='word_1_93' title='bbox 584 1047 811 1091; x_wconf 85' lang='lat' dir='ltr'>tumulatus,</span> <span class='ocrx_word' id='word_1_94' title='bbox 841 1043 980 1082; x_wconf 88' lang='lat' dir='ltr'>scilicet</span> <span class='ocrx_word' id='word_1_95' title='bbox 1002 1055 1024 1080; x_wconf 91' lang='lat' dir='ltr'>a</span> <span class='ocrx_word' id='word_1_96' title='bbox 1047 1042 1186 1092; x_wconf 86' lang='lat' dir='ltr'>Ioseph</span> <span class='ocrx_word' id='word_1_97' title='bbox 1214 1040 1263 1080; x_wconf 85' lang='lat' dir='ltr'>ab</span> <span class='ocrx_word' id='word_1_98' title='bbox 1291 1039 1547 1087; x_wconf 79' lang='lat' dir='ltr'>Arimathaea,</span> 
     </span>
     <span class='ocr_line' id='line_1_19' title="bbox 490 1093 1547 1147; baseline -0.006 -12"><span class='ocrx_word' id='word_1_99' title='bbox 490 1098 556 1147; x_wconf 88' lang='lat' dir='ltr'>qui</span> <span class='ocrx_word' id='word_1_100' title='bbox 584 1105 663 1135; x_wconf 89' lang='lat' dir='ltr'>erat</span> <span class='ocrx_word' id='word_1_101' title='bbox 691 1097 821 1134; x_wconf 86' lang='lat' dir='ltr'>nobilis</span> <span class='ocrx_word' id='word_1_102' title='bbox 848 1096 1014 1142; x_wconf 86' lang='lat' dir='ltr'>decurio,</span> <span class='ocrx_word' id='word_1_103' title='bbox 1043 1102 1085 1132; x_wconf 92' lang='lat' dir='ltr'>ut</span> <span class='ocrx_word' id='word_1_104' title='bbox 1112 1093 1276 1131; x_wconf 86' lang='lat' dir='ltr'>habetur</span> <span class='ocrx_word' id='word_1_105' title='bbox 1311 1093 1433 1131; x_wconf 90' lang='lat' dir='ltr'>Marci</span> <span class='ocrx_word' id='word_1_106' title='bbox 1450 1104 1499 1138; x_wconf 82' lang='lat' dir='ltr'>xy</span> <span class='ocrx_word' id='word_1_107' title='bbox 1516 1093 1547 1140; x_wconf 83' lang='lat'>*,</span> 
     </span>
     <span class='ocr_line' id='line_1_20' title="bbox 491 1146 1551 1197; baseline -0.006 -9"><span class='ocrx_word' id='word_1_108' title='bbox 491 1159 526 1188; x_wconf 90' lang='lat' dir='ltr'>et</span> <span class='ocrx_word' id='word_1_109' title='bbox 553 1163 575 1187; x_wconf 92' lang='lat' dir='ltr'>a</span> <span class='ocrx_word' id='word_1_110' title='bbox 603 1150 833 1195; x_wconf 90' lang='lat' dir='ltr'>Nicodemo,</span> <span class='ocrx_word' id='word_1_111' title='bbox 854 1148 921 1197; x_wconf 89' lang='lat' dir='ltr'>qui</span> <span class='ocrx_word' id='word_1_112' title='bbox 948 1155 1027 1185; x_wconf 88' lang='lat' dir='ltr'>erat</span> <span class='ocrx_word' id='word_1_113' title='bbox 1049 1148 1226 1197; x_wconf 83' lang='lat' dir='ltr'>princeps</span> <span class='ocrx_word' id='word_1_114' title='bbox 1247 1146 1488 1192; x_wconf 88' lang='lat' dir='ltr'>Iudaeorum,</span> <span class='ocrx_word' id='word_1_115' title='bbox 1508 1153 1551 1183; x_wconf 91' lang='lat' dir='ltr'>ut</span> 
     </span>
     <span class='ocr_line' id='line_1_21' title="bbox 491 1200 881 1240; baseline -0.008 0"><span class='ocrx_word' id='word_1_116' title='bbox 491 1203 654 1240; x_wconf 91' lang='lat' dir='ltr'>habetur</span> <span class='ocrx_word' id='word_1_117' title='bbox 681 1204 784 1239; x_wconf 89' lang='lat' dir='ltr'>Ioan.</span> <span class='ocrx_word' id='word_1_118' title='bbox 801 1213 832 1238; x_wconf 86' lang='lat'>111</span> <span class='ocrx_word' id='word_1_119' title='bbox 851 1200 881 1237; x_wconf 68' lang='lat'>²¹³.</span> 
     </span>
    </p>

    <p class='ocr_par' dir='ltr' id='par_1_13' title="bbox 491 1250 1556 1713">
     <span class='ocr_line' id='line_1_22' title="bbox 546 1250 1551 1299; baseline -0.004 -7"><span class='ocrx_word' id='word_1_120' title='bbox 546 1267 579 1292; x_wconf 86' lang='lat'>2.</span> <span class='ocrx_word' id='word_1_121' title='bbox 610 1256 841 1299; x_wconf 74' lang='lat' dir='ltr'>PRAETEREA,</span> <span class='ocrx_word' id='word_1_122' title='bbox 868 1253 967 1290; x_wconf 86' lang='lat' dir='ltr'>circa</span> <span class='ocrx_word' id='word_1_123' title='bbox 995 1251 1193 1293; x_wconf 85' lang='lat' dir='ltr'>Christum</span> <span class='ocrx_word' id='word_1_124' title='bbox 1220 1262 1300 1289; x_wconf 90' lang='lat' dir='ltr'>non</span> <span class='ocrx_word' id='word_1_125' title='bbox 1327 1250 1460 1289; x_wconf 87' lang='lat' dir='ltr'>debuit</span> <span class='ocrx_word' id='word_1_126' title='bbox 1486 1251 1551 1289; x_wconf 77' lang='lat' dir='ltr'>ali-</span> 
     </span>
     <span class='ocr_line' id='line_1_23' title="bbox 492 1303 1550 1358; baseline -0.006 -12"><span class='ocrx_word' id='word_1_127' title='bbox 492 1308 586 1358; x_wconf 92' lang='lat' dir='ltr'>quid</span> <span class='ocrx_word' id='word_1_128' title='bbox 613 1308 696 1345; x_wconf 89' lang='lat' dir='ltr'>fieri</span> <span class='ocrx_word' id='word_1_129' title='bbox 733 1306 840 1356; x_wconf 90' lang='lat' dir='ltr'>quod</span> <span class='ocrx_word' id='word_1_130' title='bbox 877 1313 974 1342; x_wconf 89' lang='lat' dir='ltr'>esset</span> <span class='ocrx_word' id='word_1_131' title='bbox 1009 1303 1280 1354; x_wconf 89' lang='lat' dir='ltr'>superfluitatis</span> <span class='ocrx_word' id='word_1_132' title='bbox 1317 1305 1550 1353; x_wconf 85' lang='lat' dir='ltr'>exemplum.</span> 
     </span>
     <span class='ocr_line' id='line_1_24' title="bbox 491 1356 1552 1408; baseline -0.005 -10"><span class='ocrx_word' id='word_1_133' title='bbox 491 1359 652 1398; x_wconf 90' lang='lat' dir='ltr'>Videtur</span> <span class='ocrx_word' id='word_1_134' title='bbox 679 1368 808 1398; x_wconf 90' lang='lat' dir='ltr'>autem</span> <span class='ocrx_word' id='word_1_135' title='bbox 837 1357 1108 1408; x_wconf 85' lang='lat' dir='ltr'>superfluitatis</span> <span class='ocrx_word' id='word_1_136' title='bbox 1135 1357 1250 1394; x_wconf 81' lang='lat' dir='ltr'>fuisse</span> <span class='ocrx_word' id='word_1_137' title='bbox 1269 1356 1386 1406; x_wconf 10' lang='lat' dir='ltr'>,quod</span> <span class='ocrx_word' id='word_1_138' title='bbox 1414 1357 1463 1394; x_wconf 86' lang='lat' dir='ltr'>ad</span> <span class='ocrx_word' id='word_1_139' title='bbox 1495 1368 1552 1394; x_wconf 87' lang='lat' dir='ltr'>se-</span> 
     </span>
     <span class='ocr_line' id='line_1_25' title="bbox 492 1410 1552 1463; baseline -0.005 -12"><span class='ocrx_word' id='word_1_140' title='bbox 492 1414 712 1463; x_wconf 89' lang='lat' dir='ltr'>peliendum</span> <span class='ocrx_word' id='word_1_141' title='bbox 735 1412 931 1450; x_wconf 88' lang='lat' dir='ltr'>Christum</span> <span class='ocrx_word' id='word_1_142' title='bbox 949 1410 1178 1448; x_wconf 75' lang='lat' dir='ltr'>Nicodamus</span> <span class='ocrx_word' id='word_1_143' title='bbox 1196 1410 1294 1447; x_wconf 81' lang='lat' dir='ltr'>venit</span> <span class='ocrx_word' id='word_1_144' title='bbox 1300 1410 1435 1457; x_wconf 86' lang='lat' dir='ltr'>serens</span> <span class='ocrx_word' id='word_1_145' title='bbox 1455 1411 1552 1447; x_wconf 86' lang='lat' dir='ltr'>mix-</span> 
     </span>
     <span class='ocr_line' id='line_1_26' title="bbox 491 1461 1555 1514; baseline -0.005 -11"><span class='ocrx_word' id='word_1_146' title='bbox 491 1472 614 1503; x_wconf 85' lang='lat' dir='ltr'>turam</span> <span class='ocrx_word' id='word_1_147' title='bbox 649 1466 830 1514; x_wconf 83' lang='lat' dir='ltr'>myrrhae</span> <span class='ocrx_word' id='word_1_148' title='bbox 857 1470 890 1501; x_wconf 88' lang='lat' dir='ltr'>et</span> <span class='ocrx_word' id='word_1_149' title='bbox 917 1463 1017 1500; x_wconf 90' lang='lat' dir='ltr'>aloes</span> <span class='ocrx_word' id='word_1_150' title='bbox 1049 1464 1155 1513; x_wconf 80' lang='lat' dir='ltr'>quasi</span> <span class='ocrx_word' id='word_1_151' title='bbox 1186 1461 1300 1499; x_wconf 89' lang='lat' dir='ltr'>libras</span> <span class='ocrx_word' id='word_1_152' title='bbox 1327 1467 1485 1508; x_wconf 79' lang='lat' dir='ltr'>centum,</span> <span class='ocrx_word' id='word_1_153' title='bbox 1511 1469 1555 1499; x_wconf 91' lang='lat' dir='ltr'>ut</span> 
     </span>
     <span class='ocr_line' id='line_1_27' title="bbox 493 1513 1553 1565; baseline -0.004 -10"><span class='ocrx_word' id='word_1_154' title='bbox 493 1518 629 1555; x_wconf 90' lang='lat' dir='ltr'>dicitur</span> <span class='ocrx_word' id='word_1_155' title='bbox 656 1519 758 1555; x_wconf 90' lang='lat' dir='ltr'>Ioan.</span> <span class='ocrx_word' id='word_1_156' title='bbox 780 1529 837 1554; x_wconf 78' lang='lat' dir='ltr'>xtx</span> <span class='ocrx_word' id='word_1_157' title='bbox 851 1517 891 1553; x_wconf 76' lang='grc' dir='ltr'>*ι</span> <span class='ocrx_word' id='word_1_158' title='bbox 921 1515 1143 1565; x_wconf 88' lang='lat' dir='ltr'>praesertim</span> <span class='ocrx_word' id='word_1_159' title='bbox 1171 1525 1263 1551; x_wconf 90' lang='lat' dir='ltr'>curn</span> <span class='ocrx_word' id='word_1_160' title='bbox 1290 1513 1429 1552; x_wconf 81' lang='lat' dir='ltr'>mulier</span> <span class='ocrx_word' id='word_1_161' title='bbox 1441 1526 1553 1565; x_wconf 88' lang='lat' dir='ltr'>prae-</span> 
     </span>
     <span class='ocr_line' id='line_1_28' title="bbox 492 1565 1554 1620; baseline -0.005 -11"><span class='ocrx_word' id='word_1_162' title='bbox 492 1573 632 1609; x_wconf 80' lang='lat' dir='ltr'>venerit</span> <span class='ocrx_word' id='word_1_163' title='bbox 660 1582 794 1620; x_wconf 85' lang='lat' dir='ltr'>corpus</span> <span class='ocrx_word' id='word_1_164' title='bbox 821 1571 898 1606; x_wconf 90' lang='lat' dir='ltr'>eius</span> <span class='ocrx_word' id='word_1_165' title='bbox 925 1575 1070 1620; x_wconf 81' lang='lat' dir='ltr'>ungere</span> <span class='ocrx_word' id='word_1_166' title='bbox 1095 1569 1134 1605; x_wconf 88' lang='lat' dir='ltr'>in</span> <span class='ocrx_word' id='word_1_167' title='bbox 1161 1567 1400 1618; x_wconf 83' lang='lat' dir='ltr'>sepulturam,</span> <span class='ocrx_word' id='word_1_168' title='bbox 1429 1574 1472 1604; x_wconf 90' lang='lat' dir='ltr'>ut</span> <span class='ocrx_word' id='word_1_169' title='bbox 1498 1565 1554 1605; x_wconf 91' lang='lat' dir='ltr'>di-</span> 
     </span>
     <span class='ocr_line' id='line_1_29' title="bbox 494 1618 1556 1670; baseline -0.006 -9"><span class='ocrx_word' id='word_1_170' title='bbox 494 1623 590 1660; x_wconf 89' lang='lat' dir='ltr'>citur</span> <span class='ocrx_word' id='word_1_171' title='bbox 608 1621 729 1661; x_wconf 85' lang='lat' dir='ltr'>Marci</span> <span class='ocrx_word' id='word_1_172' title='bbox 747 1635 806 1660; x_wconf 77' lang='lat' dir='ltr'>xxv</span> <span class='ocrx_word' id='word_1_173' title='bbox 820 1622 850 1659; x_wconf 66' lang='lat'>²³.</span> <span class='ocrx_word' id='word_1_174' title='bbox 879 1621 972 1658; x_wconf 91' lang='lat' dir='ltr'>Non</span> <span class='ocrx_word' id='word_1_175' title='bbox 991 1631 1081 1670; x_wconf 89' lang='lat' dir='ltr'>ergo</span> <span class='ocrx_word' id='word_1_176' title='bbox 1100 1618 1170 1657; x_wconf 83' lang='lat' dir='ltr'>fuit</span> <span class='ocrx_word' id='word_1_177' title='bbox 1188 1620 1264 1656; x_wconf 92' lang='lat' dir='ltr'>hoc</span> <span class='ocrx_word' id='word_1_178' title='bbox 1283 1618 1556 1657; x_wconf 85' lang='lat' dir='ltr'>convenienter</span> 
     </span>
     <span class='ocr_line' id='line_1_30' title="bbox 495 1675 1000 1713; baseline -0.006 0"><span class='ocrx_word' id='word_1_179' title='bbox 495 1675 594 1713; x_wconf 90' lang='lat' dir='ltr'>circa</span> <span class='ocrx_word' id='word_1_180' title='bbox 623 1675 820 1713; x_wconf 88' lang='lat' dir='ltr'>Christum</span> <span class='ocrx_word' id='word_1_181' title='bbox 847 1675 1000 1712; x_wconf 82' lang='lat' dir='ltr'>factum.</span> 
     </span>
    </p>

    <p class='ocr_par' dir='ltr' id='par_1_14' title="bbox 495 1722 1558 2092">
     <span class='ocr_line' id='line_1_31' title="bbox 551 1722 1556 1775; baseline -0.007 -9"><span class='ocrx_word' id='word_1_182' title='bbox 551 1729 584 1765; x_wconf 83' lang='grc'>3.</span> <span class='ocrx_word' id='word_1_183' title='bbox 615 1729 847 1775; x_wconf 75' lang='lat' dir='ltr'>PRAETEREA,</span> <span class='ocrx_word' id='word_1_184' title='bbox 877 1739 957 1764; x_wconf 90' lang='lat' dir='ltr'>non</span> <span class='ocrx_word' id='word_1_185' title='bbox 985 1733 1040 1762; x_wconf 79' lang='lat' dir='ltr'>est</span> <span class='ocrx_word' id='word_1_186' title='bbox 1067 1723 1302 1762; x_wconf 88' lang='lat' dir='ltr'>conveniens</span> <span class='ocrx_word' id='word_1_187' title='bbox 1329 1722 1372 1759; x_wconf 90' lang='lat' dir='ltr'>ut</span> <span class='ocrx_word' id='word_1_188' title='bbox 1399 1723 1447 1760; x_wconf 89' lang='lat' dir='ltr'>ali</span> <span class='ocrx_word' id='word_1_189' title='bbox 1475 1723 1556 1760; x_wconf 91' lang='lat' dir='ltr'>uod</span> 
     </span>
     <span class='ocr_line' id='line_1_32' title="bbox 495 1775 1556 1829; baseline -0.007 -10"><span class='ocrx_word' id='word_1_190' title='bbox 495 1782 638 1819; x_wconf 87' lang='lat' dir='ltr'>factum</span> <span class='ocrx_word' id='word_1_191' title='bbox 658 1780 727 1818; x_wconf 89' lang='lat' dir='ltr'>sibi</span> <span class='ocrx_word' id='word_1_192' title='bbox 747 1779 818 1829; x_wconf 88' lang='lat' dir='ltr'>ipsi</span> <span class='ocrx_word' id='word_1_193' title='bbox 838 1779 1038 1816; x_wconf 86' lang='lat' dir='ltr'>dissonum</span> <span class='ocrx_word' id='word_1_194' title='bbox 1058 1777 1113 1814; x_wconf 90' lang='lat' dir='ltr'>sit.</span> <span class='ocrx_word' id='word_1_195' title='bbox 1135 1776 1213 1816; x_wconf 89' lang='lat' dir='ltr'>Sed</span> <span class='ocrx_word' id='word_1_196' title='bbox 1232 1777 1427 1826; x_wconf 85' lang='lat' dir='ltr'>sepultura</span> <span class='ocrx_word' id='word_1_197' title='bbox 1481 1775 1556 1813; x_wconf 88' lang='lat' dir='ltr'>hri-</span> 
     </span>
     <span class='ocr_line' id='line_1_33' title="bbox 497 1828 1556 1882; baseline -0.004 -12"><span class='ocrx_word' id='word_1_198' title='bbox 497 1834 542 1870; x_wconf 89' lang='lat' dir='ltr'>sti</span> <span class='ocrx_word' id='word_1_199' title='bbox 569 1833 638 1870; x_wconf 89' lang='lat' dir='ltr'>fuit</span> <span class='ocrx_word' id='word_1_200' title='bbox 656 1833 822 1882; x_wconf 81' lang='lat' dir='ltr'>simplex&#39;</span> <span class='ocrx_word' id='word_1_201' title='bbox 837 1844 884 1869; x_wconf 86' lang='lat' dir='ltr'>ex</span> <span class='ocrx_word' id='word_1_202' title='bbox 901 1843 982 1869; x_wconf 90' lang='lat' dir='ltr'>una</span> <span class='ocrx_word' id='word_1_203' title='bbox 1008 1838 1126 1880; x_wconf 87' lang='lat' dir='ltr'>parte,</span> <span class='ocrx_word' id='word_1_204' title='bbox 1147 1829 1239 1879; x_wconf 91' lang='lat' dir='ltr'>quia</span> <span class='ocrx_word' id='word_1_205' title='bbox 1265 1828 1405 1866; x_wconf 87' lang='lat' dir='ltr'>scilicet</span> <span class='ocrx_word' id='word_1_206' title='bbox 1422 1829 1556 1879; x_wconf 81' lang='lat' dir='ltr'>Ioseph</span> 
     </span>
     <span class='ocr_line' id='line_1_34' title="bbox 498 1880 1558 1935; baseline -0.002 -13"><span class='ocrx_word' id='word_1_207' title='bbox 498 1886 647 1924; x_wconf 81' lang='lat' dir='ltr'>involvit</span> <span class='ocrx_word' id='word_1_208' title='bbox 675 1897 809 1935; x_wconf 81' lang='lat' dir='ltr'>corpus</span> <span class='ocrx_word' id='word_1_209' title='bbox 836 1886 913 1921; x_wconf 87' lang='lat' dir='ltr'>eius</span> <span class='ocrx_word' id='word_1_210' title='bbox 940 1886 977 1920; x_wconf 87' lang='lat' dir='ltr'>in</span> <span class='ocrx_word' id='word_1_211' title='bbox 1005 1883 1160 1920; x_wconf 83' lang='lat' dir='ltr'>sindone</span> <span class='ocrx_word' id='word_1_212' title='bbox 1185 1880 1338 1928; x_wconf 85' lang='lat' dir='ltr'>munda,</span> <span class='ocrx_word' id='word_1_213' title='bbox 1358 1888 1402 1918; x_wconf 93' lang='lat' dir='ltr'>ut</span> <span class='ocrx_word' id='word_1_214' title='bbox 1419 1880 1558 1920; x_wconf 86' lang='lat' dir='ltr'>dicitur</span> 
     </span>
     <span class='ocr_line' id='line_1_35' title="bbox 497 1935 1558 1984; baseline -0.006 -9"><span class='ocrx_word' id='word_1_215' title='bbox 497 1939 632 1975; x_wconf 90' lang='lat' dir='ltr'>Matth.</span> <span class='ocrx_word' id='word_1_216' title='bbox 653 1949 747 1974; x_wconf 79' lang='lat' dir='ltr'>xxvii</span> <span class='ocrx_word' id='word_1_217' title='bbox 764 1937 804 1984; x_wconf 71' lang='lat'>¹⁸,</span> <span class='ocrx_word' id='word_1_218' title='bbox 834 1949 909 1974; x_wconf 87' lang='lat' dir='ltr'>non</span> <span class='ocrx_word' id='word_1_219' title='bbox 939 1943 1068 1973; x_wconf 88' lang='lat' dir='ltr'>autem</span> <span class='ocrx_word' id='word_1_220' title='bbox 1096 1945 1191 1972; x_wconf 90' lang='lat' dir='ltr'>auro</span> <span class='ocrx_word' id='word_1_221' title='bbox 1218 1939 1282 1970; x_wconf 83' lang='lat' dir='ltr'>aut</span> <span class='ocrx_word' id='word_1_222' title='bbox 1307 1935 1468 1984; x_wconf 83' lang='lat' dir='ltr'>gemmis</span> <span class='ocrx_word' id='word_1_223' title='bbox 1494 1939 1558 1970; x_wconf 88' lang='lat' dir='ltr'>aut</span> 
     </span>
     <span class='ocr_line' id='line_1_36' title="bbox 498 1985 1556 2038; baseline -0.006 -10"><span class='ocrx_word' id='word_1_224' title='bbox 498 1992 627 2037; x_wconf 83' lang='lat' dir='ltr'>serico,</span> <span class='ocrx_word' id='word_1_225' title='bbox 647 1998 690 2026; x_wconf 92' lang='lat' dir='ltr'>ut</span> <span class='ocrx_word' id='word_1_226' title='bbox 708 1989 970 2038; x_wconf 85' lang='lat' dir='ltr'>Hieronymus</span> <span class='ocrx_word' id='word_1_227' title='bbox 983 1988 1004 2010; x_wconf 75' lang='lat'>²*</span> <span class='ocrx_word' id='word_1_228' title='bbox 1020 1987 1166 2024; x_wconf 86' lang='lat' dir='ltr'>ibidem</span> <span class='ocrx_word' id='word_1_229' title='bbox 1185 1985 1290 2023; x_wconf 88' lang='lat' dir='ltr'>dicit:</span> <span class='ocrx_word' id='word_1_230' title='bbox 1312 1997 1358 2022; x_wconf 86' lang='lat' dir='ltr'>ex</span> <span class='ocrx_word' id='word_1_231' title='bbox 1377 1985 1450 2022; x_wconf 90' lang='lat' dir='ltr'>alia</span> <span class='ocrx_word' id='word_1_232' title='bbox 1462 1997 1556 2023; x_wconf 89' lang='lat' dir='ltr'>vero</span> 
     </span>
     <span class='ocr_line' id='line_1_37' title="bbox 499 2038 1557 2092; baseline -0.005 -13"><span class='ocrx_word' id='word_1_233' title='bbox 499 2050 604 2092; x_wconf 86' lang='lat' dir='ltr'>parte</span> <span class='ocrx_word' id='word_1_234' title='bbox 632 2042 784 2079; x_wconf 89' lang='lat' dir='ltr'>videtur</span> <span class='ocrx_word' id='word_1_235' title='bbox 808 2040 923 2078; x_wconf 87' lang='lat' dir='ltr'>fuisse</span> <span class='ocrx_word' id='word_1_236' title='bbox 951 2039 1171 2086; x_wconf 83' lang='lat' dir='ltr'>ambitiosa,</span> <span class='ocrx_word' id='word_1_237' title='bbox 1200 2038 1431 2089; x_wconf 83' lang='lat' dir='ltr'>inquantum</span> <span class='ocrx_word' id='word_1_238' title='bbox 1466 2050 1557 2076; x_wconf 91' lang='lat' dir='ltr'>eum</span> 
     </span>
    </p>
   </div>
   <div class='ocr_carea' id='block_1_13' title="bbox 426 2090 1558 2143">
    <p class='ocr_par' dir='ltr' id='par_1_15' title="bbox 426 2090 1558 2143">
     <span class='ocr_line' id='line_1_38' title="bbox 426 2090 1558 2143; baseline -0.004 -10"><span class='ocrx_word' id='word_1_239' title='bbox 426 2109 472 2129; x_wconf 70' lang='lat'>¹1¹,</span> <span class='ocrx_word' id='word_1_240' title='bbox 499 2107 584 2132; x_wconf 88' lang='lat' dir='ltr'>cum</span> <span class='ocrx_word' id='word_1_241' title='bbox 612 2095 839 2132; x_wconf 81' lang='lat' dir='ltr'>aromatibus</span> <span class='ocrx_word' id='word_1_242' title='bbox 865 2093 1096 2143; x_wconf 88' lang='lat' dir='ltr'>sepelierunt</span> <span class='ocrx_word' id='word_1_243' title='bbox 1113 2092 1144 2128; x_wconf 76' lang='lat'>³¹².</span> <span class='ocrx_word' id='word_1_244' title='bbox 1174 2091 1276 2139; x_wconf 86' lang='lat' dir='ltr'>Ergo</span> <span class='ocrx_word' id='word_1_245' title='bbox 1298 2090 1451 2128; x_wconf 88' lang='lat' dir='ltr'>videtur</span> <span class='ocrx_word' id='word_1_246' title='bbox 1477 2103 1558 2129; x_wconf 89' lang='lat' dir='ltr'>non</span> 
     </span>
    </p>
   </div>
   <div class='ocr_carea' id='block_1_14' title="bbox 499 2142 1565 3300">
    <p class='ocr_par' dir='ltr' id='par_1_16' title="bbox 499 2142 1468 2195">
     <span class='ocr_line' id='line_1_39' title="bbox 499 2142 1468 2195; baseline -0.005 -10"><span class='ocrx_word' id='word_1_247' title='bbox 499 2148 614 2185; x_wconf 90' lang='lat' dir='ltr'>fuisse</span> <span class='ocrx_word' id='word_1_248' title='bbox 642 2146 875 2184; x_wconf 89' lang='lat' dir='ltr'>conveniens</span> <span class='ocrx_word' id='word_1_249' title='bbox 902 2145 1045 2183; x_wconf 89' lang='lat' dir='ltr'>modus</span> <span class='ocrx_word' id='word_1_250' title='bbox 1072 2144 1289 2195; x_wconf 87' lang='lat' dir='ltr'>sepulturae</span> <span class='ocrx_word' id='word_1_251' title='bbox 1319 2142 1468 2181; x_wconf 89' lang='lat' dir='ltr'>Christi.</span> 
     </span>
    </p>

    <p class='ocr_par' dir='ltr' id='par_1_17' title="bbox 499 2198 1560 2615">
     <span class='ocr_line' id='line_1_40' title="bbox 554 2198 1558 2249; baseline -0.005 -12"><span class='ocrx_word' id='word_1_252' title='bbox 554 2213 589 2247; x_wconf 87' lang='lat'>4.</span> <span class='ocrx_word' id='word_1_253' title='bbox 610 2201 840 2246; x_wconf 69' lang='lat' dir='ltr'>PRAETEREA,</span> <span class='ocrx_word' id='word_1_254' title='bbox 862 2209 1113 2249; x_wconf 80' lang='lat' dir='ltr'>quaecumque</span> <span class='ocrx_word' id='word_1_255' title='bbox 1129 2198 1266 2246; x_wconf 87' lang='lat' dir='ltr'>scripta</span> <span class='ocrx_word' id='word_1_256' title='bbox 1283 2202 1378 2242; x_wconf 86' lang='lat' dir='ltr'>sunt,</span> <span class='ocrx_word' id='word_1_257' title='bbox 1399 2203 1436 2233; x_wconf 91' lang='lat' dir='ltr'>et</span> <span class='ocrx_word' id='word_1_258' title='bbox 1452 2207 1558 2247; x_wconf 87' lang='lat' dir='ltr'>prae-</span> 
     </span>
     <span class='ocr_line' id='line_1_41' title="bbox 500 2249 1559 2302; baseline -0.004 -12"><span class='ocrx_word' id='word_1_259' title='bbox 500 2253 612 2302; x_wconf 90' lang='lat' dir='ltr'>cipue</span> <span class='ocrx_word' id='word_1_260' title='bbox 647 2252 695 2289; x_wconf 93' lang='lat' dir='ltr'>de</span> <span class='ocrx_word' id='word_1_261' title='bbox 722 2251 891 2298; x_wconf 84' lang='lat' dir='ltr'>Christo,</span> <span class='ocrx_word' id='word_1_262' title='bbox 921 2251 972 2288; x_wconf 88' lang='lat' dir='ltr'>ad</span> <span class='ocrx_word' id='word_1_263' title='bbox 997 2257 1161 2288; x_wconf 86' lang='lat' dir='ltr'>nostram</span> <span class='ocrx_word' id='word_1_264' title='bbox 1189 2249 1397 2286; x_wconf 85' lang='lat' dir='ltr'>doctrinam</span> <span class='ocrx_word' id='word_1_265' title='bbox 1423 2251 1559 2300; x_wconf 77' lang='lat' dir='ltr'>scripta</span> 
     </span>
     <span class='ocr_line' id='line_1_42' title="bbox 500 2301 1559 2352; baseline -0.004 -10"><span class='ocrx_word' id='word_1_266' title='bbox 500 2311 602 2351; x_wconf 87' lang='lat' dir='ltr'>sunt,</span> <span class='ocrx_word' id='word_1_267' title='bbox 632 2313 674 2341; x_wconf 91' lang='lat' dir='ltr'>ut</span> <span class='ocrx_word' id='word_1_268' title='bbox 702 2303 838 2341; x_wconf 91' lang='lat' dir='ltr'>dicitur</span> <span class='ocrx_word' id='word_1_269' title='bbox 864 2302 974 2341; x_wconf 81' lang='lat' dir='ltr'>Rom.</span> <span class='ocrx_word' id='word_1_270' title='bbox 995 2315 1043 2340; x_wconf 87' lang='lat' dir='ltr'>xv</span> <span class='ocrx_word' id='word_1_271' title='bbox 1060 2302 1091 2340; x_wconf 68' lang='lat'>³².</span> <span class='ocrx_word' id='word_1_272' title='bbox 1127 2301 1204 2342; x_wconf 90' lang='lat' dir='ltr'>Sed</span> <span class='ocrx_word' id='word_1_273' title='bbox 1240 2301 1434 2352; x_wconf 81' lang='lat' dir='ltr'>quaedam</span> <span class='ocrx_word' id='word_1_274' title='bbox 1471 2301 1559 2339; x_wconf 87' lang='lat' dir='ltr'>scri-</span> 
     </span>
     <span class='ocr_line' id='line_1_43' title="bbox 499 2354 1559 2405; baseline -0.003 -10"><span class='ocrx_word' id='word_1_275' title='bbox 499 2359 646 2395; x_wconf 90' lang='lat' dir='ltr'>buntur</span> <span class='ocrx_word' id='word_1_276' title='bbox 679 2356 718 2393; x_wconf 92' lang='lat' dir='ltr'>in</span> <span class='ocrx_word' id='word_1_277' title='bbox 746 2355 960 2405; x_wconf 87' lang='lat' dir='ltr'>Evangeliis</span> <span class='ocrx_word' id='word_1_278' title='bbox 998 2356 1096 2393; x_wconf 91' lang='lat' dir='ltr'>circa</span> <span class='ocrx_word' id='word_1_279' title='bbox 1123 2355 1363 2405; x_wconf 66' lang='lat' dir='ltr'>sepulcrmn</span> <span class='ocrx_word' id='word_1_280' title='bbox 1381 2365 1482 2404; x_wconf 88' lang='lat' dir='ltr'>quae</span> <span class='ocrx_word' id='word_1_281' title='bbox 1520 2354 1559 2392; x_wconf 90' lang='lat' dir='ltr'>in</span> 
     </span>
     <span class='ocr_line' id='line_1_44' title="bbox 502 2406 1558 2458; baseline -0.003 -11"><span class='ocrx_word' id='word_1_282' title='bbox 502 2411 607 2447; x_wconf 90' lang='lat' dir='ltr'>nullo</span> <span class='ocrx_word' id='word_1_283' title='bbox 635 2409 815 2446; x_wconf 89' lang='lat' dir='ltr'>videntur</span> <span class='ocrx_word' id='word_1_284' title='bbox 841 2409 890 2447; x_wconf 87' lang='lat' dir='ltr'>ad</span> <span class='ocrx_word' id='word_1_285' title='bbox 917 2416 1088 2446; x_wconf 89' lang='lat' dir='ltr'>nostram</span> <span class='ocrx_word' id='word_1_286' title='bbox 1116 2407 1330 2451; x_wconf 85' lang='lat' dir='ltr'>doctrinam</span> <span class='ocrx_word' id='word_1_287' title='bbox 1351 2406 1558 2458; x_wconf 91' lang='lat' dir='ltr'>pertinere:</span> 
     </span>
     <span class='ocr_line' id='line_1_45' title="bbox 502 2460 1560 2511; baseline -0.002 -11"><span class='ocrx_word' id='word_1_288' title='bbox 502 2463 598 2500; x_wconf 87' lang='lat' dir='ltr'>sicut</span> <span class='ocrx_word' id='word_1_289' title='bbox 625 2462 744 2511; x_wconf 57' lang='lat' dir='ltr'>quod*</span> <span class='ocrx_word' id='word_1_290' title='bbox 759 2462 828 2499; x_wconf 87' lang='lat' dir='ltr'>fuit</span> <span class='ocrx_word' id='word_1_291' title='bbox 855 2463 1025 2511; x_wconf 90' lang='lat' dir='ltr'>sepultus</span> <span class='ocrx_word' id='word_1_292' title='bbox 1053 2463 1090 2498; x_wconf 87' lang='lat' dir='ltr'>in</span> <span class='ocrx_word' id='word_1_293' title='bbox 1119 2462 1246 2509; x_wconf 78' lang='lat' dir='ltr'>horto,</span> <span class='ocrx_word' id='word_1_294' title='bbox 1276 2460 1383 2511; x_wconf 90' lang='lat' dir='ltr'>quod</span> <span class='ocrx_word' id='word_1_295' title='bbox 1411 2461 1448 2497; x_wconf 84' lang='lat' dir='ltr'>in</span> <span class='ocrx_word' id='word_1_296' title='bbox 1481 2473 1560 2499; x_wconf 92' lang='lat' dir='ltr'>mo-</span> 
     </span>
     <span class='ocr_line' id='line_1_46' title="bbox 504 2514 1560 2563; baseline 0 -11"><span class='ocrx_word' id='word_1_297' title='bbox 504 2521 677 2552; x_wconf 88' lang='lat' dir='ltr'>numento</span> <span class='ocrx_word' id='word_1_298' title='bbox 705 2516 838 2561; x_wconf 85' lang='lat' dir='ltr'>alieno,</span> <span class='ocrx_word' id='word_1_299' title='bbox 865 2522 901 2551; x_wconf 90' lang='lat' dir='ltr'>et</span> <span class='ocrx_word' id='word_1_300' title='bbox 929 2526 1037 2560; x_wconf 81' lang='lat' dir='ltr'>novo,</span> <span class='ocrx_word' id='word_1_301' title='bbox 1065 2521 1101 2550; x_wconf 90' lang='lat' dir='ltr'>et</span> <span class='ocrx_word' id='word_1_302' title='bbox 1135 2515 1259 2551; x_wconf 87' lang='lat' dir='ltr'>exciso</span> <span class='ocrx_word' id='word_1_303' title='bbox 1287 2515 1324 2549; x_wconf 87' lang='lat' dir='ltr'>in</span> <span class='ocrx_word' id='word_1_304' title='bbox 1347 2518 1468 2563; x_wconf 82' lang='lat' dir='ltr'>petra.</span> <span class='ocrx_word' id='word_1_305' title='bbox 1503 2514 1560 2552; x_wconf 89' lang='lat' dir='ltr'>In-</span> 
     </span>
     <span class='ocr_line' id='line_1_47' title="bbox 503 2565 1559 2615; baseline -0.003 -10"><span class='ocrx_word' id='word_1_306' title='bbox 503 2568 738 2605; x_wconf 89' lang='lat' dir='ltr'>conveniens</span> <span class='ocrx_word' id='word_1_307' title='bbox 764 2566 875 2615; x_wconf 84' lang='lat' dir='ltr'>igitur</span> <span class='ocrx_word' id='word_1_308' title='bbox 900 2567 970 2604; x_wconf 87' lang='lat' dir='ltr'>fuit</span> <span class='ocrx_word' id='word_1_309' title='bbox 996 2566 1138 2603; x_wconf 89' lang='lat' dir='ltr'>modus</span> <span class='ocrx_word' id='word_1_310' title='bbox 1165 2567 1382 2615; x_wconf 87' lang='lat' dir='ltr'>sepulturae</span> <span class='ocrx_word' id='word_1_311' title='bbox 1409 2565 1559 2603; x_wconf 88' lang='lat' dir='ltr'>Christi.</span> 
     </span>
    </p>

    <p class='ocr_par' dir='ltr' id='par_1_18' title="bbox 503 2617 1563 2723">
     <span class='ocr_line' id='line_1_48' title="bbox 558 2617 1563 2669; baseline -0.002 -11"><span class='ocrx_word' id='word_1_312' title='bbox 558 2622 631 2658; x_wconf 79' lang='lat' dir='ltr'>SED</span> <span class='ocrx_word' id='word_1_313' title='bbox 652 2632 796 2658; x_wconf 78' lang='lat' dir='ltr'>CONTRA</span> <span class='ocrx_word' id='word_1_314' title='bbox 814 2632 879 2657; x_wconf 85' lang='lat' dir='ltr'>EST</span> <span class='ocrx_word' id='word_1_315' title='bbox 899 2620 1005 2669; x_wconf 92' lang='lat' dir='ltr'>quod</span> <span class='ocrx_word' id='word_1_316' title='bbox 1025 2619 1161 2656; x_wconf 92' lang='lat' dir='ltr'>dicitur</span> <span class='ocrx_word' id='word_1_317' title='bbox 1179 2619 1295 2656; x_wconf 90' lang='lat' dir='ltr'>Isaiae</span> <span class='ocrx_word' id='word_1_318' title='bbox 1309 2630 1344 2655; x_wconf 82' lang='lat' dir='ltr'>XI</span> <span class='ocrx_word' id='word_1_319' title='bbox 1357 2617 1392 2655; x_wconf 75' lang='lat' dir='ltr'>*z</span> <span class='ocrx_word' id='word_1_320' title='bbox 1422 2619 1470 2655; x_wconf 87' lang='lat' dir='ltr'>Et</span> <span class='ocrx_word' id='word_1_321' title='bbox 1495 2621 1563 2656; x_wconf 89' lang='lat' dir='ltr'>erit</span> 
     </span>
     <span class='ocr_line' id='line_1_49' title="bbox 503 2673 1059 2723; baseline -0.004 -13"><span class='ocrx_word' id='word_1_322' title='bbox 503 2674 712 2723; x_wconf 79' lang='lat' dir='ltr'>sepulcrum</span> <span class='ocrx_word' id='word_1_323' title='bbox 741 2674 816 2709; x_wconf 88' lang='lat' dir='ltr'>eius</span> <span class='ocrx_word' id='word_1_324' title='bbox 842 2673 1059 2722; x_wconf 80' lang='lat' dir='ltr'>gloriosum.</span> 
     </span>
    </p>

    <p class='ocr_par' dir='ltr' id='par_1_19' title="bbox 504 2724 1565 3300">
     <span class='ocr_line' id='line_1_50' title="bbox 556 2724 1561 2774; baseline 0 -12"><span class='ocrx_word' id='word_1_325' title='bbox 556 2727 780 2763; x_wconf 70' lang='lat' dir='ltr'>Rrsmunao</span> <span class='ocrx_word' id='word_1_326' title='bbox 809 2736 990 2762; x_wconf 68' lang='lat' dir='ltr'>mei-:unum</span> <span class='ocrx_word' id='word_1_327' title='bbox 1027 2725 1134 2774; x_wconf 90' lang='lat' dir='ltr'>quod</span> <span class='ocrx_word' id='word_1_328' title='bbox 1169 2724 1311 2761; x_wconf 89' lang='lat' dir='ltr'>modus</span> <span class='ocrx_word' id='word_1_329' title='bbox 1343 2725 1561 2774; x_wconf 87' lang='lat' dir='ltr'>sepulturae</span> 
     </span>
     <span class='ocr_line' id='line_1_51' title="bbox 505 2777 1563 2827; baseline -0.001 -12"><span class='ocrx_word' id='word_1_330' title='bbox 505 2778 643 2815; x_wconf 88' lang='lat' dir='ltr'>Christi</span> <span class='ocrx_word' id='word_1_331' title='bbox 672 2777 883 2815; x_wconf 88' lang='lat' dir='ltr'>ostenditur</span> <span class='ocrx_word' id='word_1_332' title='bbox 909 2790 990 2814; x_wconf 90' lang='lat' dir='ltr'>esse</span> <span class='ocrx_word' id='word_1_333' title='bbox 1028 2777 1262 2814; x_wconf 89' lang='lat' dir='ltr'>conveniens</span> <span class='ocrx_word' id='word_1_334' title='bbox 1296 2783 1485 2827; x_wconf 88' lang='lat' dir='ltr'>quantum</span> <span class='ocrx_word' id='word_1_335' title='bbox 1514 2777 1563 2814; x_wconf 92' lang='lat' dir='ltr'>ad</span> 
     </span>
     <span class='ocr_line' id='line_1_52' title="bbox 504 2828 1563 2880; baseline 0.001 -13"><span class='ocrx_word' id='word_1_336' title='bbox 504 2831 584 2868; x_wconf 88' lang='lat' dir='ltr'>tria.</span> <span class='ocrx_word' id='word_1_337' title='bbox 615 2830 744 2868; x_wconf 88' lang='lat' dir='ltr'>Primo</span> <span class='ocrx_word' id='word_1_338' title='bbox 774 2830 943 2880; x_wconf 89' lang='lat' dir='ltr'>quidem,</span> <span class='ocrx_word' id='word_1_339' title='bbox 964 2838 1153 2880; x_wconf 89' lang='lat' dir='ltr'>quantum</span> <span class='ocrx_word' id='word_1_340' title='bbox 1181 2830 1230 2867; x_wconf 92' lang='lat' dir='ltr'>ad</span> <span class='ocrx_word' id='word_1_341' title='bbox 1253 2828 1563 2868; x_wconf 85' lang='lat' dir='ltr'>confirmandam</span> 
     </span>
     <span class='ocr_line' id='line_1_53' title="bbox 505 2881 1562 2933; baseline 0 -13"><span class='ocrx_word' id='word_1_342' title='bbox 505 2883 624 2920; x_wconf 87' lang='lat' dir='ltr'>fidem</span> <span class='ocrx_word' id='word_1_343' title='bbox 647 2883 780 2920; x_wconf 88' lang='lat' dir='ltr'>mortis</span> <span class='ocrx_word' id='word_1_344' title='bbox 799 2891 836 2920; x_wconf 89' lang='lat' dir='ltr'>et</span> <span class='ocrx_word' id='word_1_345' title='bbox 854 2883 1137 2920; x_wconf 89' lang='lat' dir='ltr'>resurrectionis</span> <span class='ocrx_word' id='word_1_346' title='bbox 1156 2881 1286 2933; x_wconf 90' lang='lat' dir='ltr'>ipsius.</span> <span class='ocrx_word' id='word_1_347' title='bbox 1315 2903 1339 2908; x_wconf 93' lang='lat'>—</span> <span class='ocrx_word' id='word_1_348' title='bbox 1370 2882 1562 2928; x_wconf 84' lang='lat' dir='ltr'>Secundo,</span> 
     </span>
     <span class='ocr_line' id='line_1_54' title="bbox 506 2933 1563 2985; baseline 0.001 -13"><span class='ocrx_word' id='word_1_349' title='bbox 506 2936 554 2972; x_wconf 89' lang='lat' dir='ltr'>ad</span> <span class='ocrx_word' id='word_1_350' title='bbox 591 2936 943 2981; x_wconf 87' lang='lat' dir='ltr'>commendandam</span> <span class='ocrx_word' id='word_1_351' title='bbox 979 2935 1159 2985; x_wconf 88' lang='lat' dir='ltr'>pietatem</span> <span class='ocrx_word' id='word_1_352' title='bbox 1196 2937 1334 2972; x_wconf 82' lang='lat' dir='ltr'>eorum</span> <span class='ocrx_word' id='word_1_353' title='bbox 1370 2933 1437 2985; x_wconf 90' lang='lat' dir='ltr'>qui</span> <span class='ocrx_word' id='word_1_354' title='bbox 1472 2947 1563 2973; x_wconf 89' lang='lat' dir='ltr'>eum</span> 
     </span>
     <span class='ocr_line' id='line_1_55' title="bbox 506 2987 1561 3038; baseline -0.001 -13"><span class='ocrx_word' id='word_1_355' title='bbox 506 2988 745 3038; x_wconf 84' lang='lat' dir='ltr'>sepelierunt.</span> <span class='ocrx_word' id='word_1_356' title='bbox 775 2989 886 3026; x_wconf 91' lang='lat' dir='ltr'>Unde</span> <span class='ocrx_word' id='word_1_357' title='bbox 914 2988 1149 3037; x_wconf 88' lang='lat' dir='ltr'>Augustinus</span> <span class='ocrx_word' id='word_1_358' title='bbox 1177 2987 1277 3035; x_wconf 82' lang='lat' dir='ltr'>dicit,</span> <span class='ocrx_word' id='word_1_359' title='bbox 1307 2987 1347 3023; x_wconf 91' lang='lat' dir='ltr'>in</span> <span class='ocrx_word' id='word_1_360' title='bbox 1373 2987 1388 3024; x_wconf 95' lang='lat' dir='ltr'>I</span> <span class='ocrx_word' id='word_1_361' title='bbox 1417 2987 1462 3024; x_wconf 88' lang='lat' dir='ltr'>de</span> <span class='ocrx_word' id='word_1_362' title='bbox 1483 2987 1561 3027; x_wconf 77' lang='lat' dir='ltr'>civ.</span> 
     </span>
     <span class='ocr_line' id='line_1_56' title="bbox 506 3040 1564 3091; baseline 0 -14"><span class='ocrx_word' id='word_1_363' title='bbox 506 3042 579 3077; x_wconf 90' lang='lat' dir='ltr'>Dei</span> <span class='ocrx_word' id='word_1_364' title='bbox 593 3041 635 3077; x_wconf 77' lang='lat' dir='ltr'>*s</span> <span class='ocrx_word' id='word_1_365' title='bbox 663 3040 914 3078; x_wconf 84' lang='lat' dir='ltr'>Laudabiliter</span> <span class='ocrx_word' id='word_1_366' title='bbox 940 3046 1282 3078; x_wconf 86' lang='lat' dir='ltr'>commemorantur</span> <span class='ocrx_word' id='word_1_367' title='bbox 1299 3042 1337 3077; x_wconf 90' lang='lat' dir='ltr'>in</span> <span class='ocrx_word' id='word_1_368' title='bbox 1356 3041 1564 3091; x_wconf 81' lang='lat' dir='ltr'>Evangelio</span> 
     </span>
     <span class='ocr_line' id='line_1_57' title="bbox 509 3094 1564 3143; baseline 0.001 -14"><span class='ocrx_word' id='word_1_369' title='bbox 509 3095 570 3142; x_wconf 87' lang='lat' dir='ltr'>qui</span> <span class='ocrx_word' id='word_1_370' title='bbox 596 3106 730 3142; x_wconf 86' lang='lat' dir='ltr'>corpus</span> <span class='ocrx_word' id='word_1_371' title='bbox 757 3095 844 3139; x_wconf 86' lang='lat' dir='ltr'>eius,</span> <span class='ocrx_word' id='word_1_372' title='bbox 860 3094 904 3130; x_wconf 90' lang='lat' dir='ltr'>de</span> <span class='ocrx_word' id='word_1_373' title='bbox 930 3100 1041 3130; x_wconf 83' lang='lat' dir='ltr'>cruce</span> <span class='ocrx_word' id='word_1_374' title='bbox 1067 3099 1268 3143; x_wconf 86' lang='lat' dir='ltr'>acceptum,</span> <span class='ocrx_word' id='word_1_375' title='bbox 1290 3094 1486 3143; x_wconf 83' lang='lat' dir='ltr'>diligenter</span> <span class='ocrx_word' id='word_1_376' title='bbox 1512 3098 1564 3130; x_wconf 86' lang='lat' dir='ltr'>at-</span> 
     </span>
     <span class='ocr_line' id='line_1_58' title="bbox 509 3146 1564 3196; baseline 0 -14"><span class='ocrx_word' id='word_1_377' title='bbox 509 3158 577 3194; x_wconf 87' lang='lat' dir='ltr'>que</span> <span class='ocrx_word' id='word_1_378' title='bbox 604 3147 806 3193; x_wconf 88' lang='lat' dir='ltr'>honorifice</span> <span class='ocrx_word' id='word_1_379' title='bbox 841 3147 1038 3195; x_wconf 84' lang='lat' dir='ltr'>tegendum</span> <span class='ocrx_word' id='word_1_380' title='bbox 1059 3151 1075 3167; x_wconf 73' lang='lat'>⁶²</span> <span class='ocrx_word' id='word_1_381' title='bbox 1102 3146 1421 3196; x_wconf 85' lang='lat' dir='ltr'>sepeliendumque</span> <span class='ocrx_word' id='word_1_382' title='bbox 1457 3158 1564 3183; x_wconf 91' lang='lat' dir='ltr'>cura-</span> 
     </span>
     <span class='ocr_line' id='line_1_59' title="bbox 510 3198 1565 3248; baseline 0.001 -14"><span class='ocrx_word' id='word_1_383' title='bbox 510 3204 605 3234; x_wconf 88' lang='lat' dir='ltr'>runt.</span> <span class='ocrx_word' id='word_1_384' title='bbox 628 3220 652 3224; x_wconf 91' lang='lat'>—</span> <span class='ocrx_word' id='word_1_385' title='bbox 672 3198 815 3243; x_wconf 87' lang='lat' dir='ltr'>Tertio,</span> <span class='ocrx_word' id='word_1_386' title='bbox 836 3206 1025 3246; x_wconf 89' lang='lat' dir='ltr'>quantum</span> <span class='ocrx_word' id='word_1_387' title='bbox 1045 3199 1093 3235; x_wconf 87' lang='lat' dir='ltr'>ad</span> <span class='ocrx_word' id='word_1_388' title='bbox 1112 3198 1350 3247; x_wconf 88' lang='lat' dir='ltr'>mysterium,</span> <span class='ocrx_word' id='word_1_389' title='bbox 1370 3210 1440 3248; x_wconf 92' lang='lat' dir='ltr'>per</span> <span class='ocrx_word' id='word_1_390' title='bbox 1457 3198 1565 3248; x_wconf 85' lang='lat' dir='ltr'>quod</span> 
     </span>
     <span class='ocr_line' id='line_1_60' title="bbox 510 3250 1563 3300; baseline 0.001 -14"><span class='ocrx_word' id='word_1_391' title='bbox 510 3250 762 3288; x_wconf 72' lang='lat' dir='ltr'>informantur</span> <span class='ocrx_word' id='word_1_392' title='bbox 803 3250 852 3288; x_wconf 91' lang='lat' dir='ltr'>illi</span> <span class='ocrx_word' id='word_1_393' title='bbox 894 3251 960 3299; x_wconf 91' lang='lat' dir='ltr'>qui</span> <span class='ocrx_word' id='word_1_394' title='bbox 1006 3252 1150 3288; x_wconf 88' lang='lat' dir='ltr'>Christo</span> <span class='ocrx_word' id='word_1_395' title='bbox 1192 3251 1487 3300; x_wconf 82' lang='lat' dir='ltr'>consepeliuntur</span> <span class='ocrx_word' id='word_1_396' title='bbox 1527 3253 1563 3287; x_wconf 91' lang='lat' dir='ltr'>in</span> 
     </span>
    </p>
   </div>
   <div class='ocr_carea' id='block_1_15' title="bbox 400 3302 715 3339">
    <p class='ocr_par' dir='ltr' id='par_1_20' title="bbox 400 3302 715 3339">
     <span class='ocr_line' id='line_1_61' title="bbox 400 3302 715 3339; baseline -0.003 0"><span class='ocrx_word' id='word_1_397' title='bbox 400 3314 424 3330; x_wconf 73' lang='lat' dir='ltr'>c·</span> <span class='ocrx_word' id='word_1_398' title='bbox 444 3315 483 3335; x_wconf 58' lang='lat'>³¹·</span> <span class='ocrx_word' id='word_1_399' title='bbox 511 3309 667 3339; x_wconf 87' lang='lat' dir='ltr'>mortem</span> <span class='ocrx_word' id='word_1_400' title='bbox 685 3302 715 3338; x_wconf 88' lang='lat'>*.</span> 
     </span>
    </p>
   </div>
   <div class='ocr_carea' id='block_1_16' title="bbox 514 3355 1566 3455">
    <p class='ocr_par' dir='ltr' id='par_1_21' title="bbox 514 3355 1566 3455">
     <span class='ocr_line' id='line_1_62' title="bbox 564 3355 1565 3404; baseline 0.002 -14"><span class='ocrx_word' id='word_1_401' title='bbox 564 3355 620 3390; x_wconf 80' lang='lat' dir='ltr'>An</span> <span class='ocrx_word' id='word_1_402' title='bbox 649 3366 781 3391; x_wconf 61' lang='lat' dir='ltr'>smmum</span> <span class='ocrx_word' id='word_1_403' title='bbox 811 3366 907 3391; x_wconf 79' lang='lat' dir='ltr'>ERGO</span> <span class='ocrx_word' id='word_1_404' title='bbox 936 3366 1115 3392; x_wconf 60' lang='lat' dir='ltr'>morannum</span> <span class='ocrx_word' id='word_1_405' title='bbox 1135 3355 1253 3404; x_wconf 87' lang='lat' dir='ltr'>quod,</span> <span class='ocrx_word' id='word_1_406' title='bbox 1275 3355 1372 3392; x_wconf 89' lang='lat' dir='ltr'>circa</span> <span class='ocrx_word' id='word_1_407' title='bbox 1400 3363 1565 3396; x_wconf 90' lang='lat' dir='ltr'>mortem</span> 
     </span>
     <span class='ocr_line' id='line_1_63' title="bbox 514 3406 1566 3455; baseline 0.003 -13"><span class='ocrx_word' id='word_1_408' title='bbox 514 3406 670 3453; x_wconf 84' lang='lat' dir='ltr'>Christi,</span> <span class='ocrx_word' id='word_1_409' title='bbox 707 3407 1027 3443; x_wconf 85' lang='lat' dir='ltr'>commendantur</span> <span class='ocrx_word' id='word_1_410' title='bbox 1067 3407 1244 3455; x_wconf 83' lang='lat' dir='ltr'>patientia</span> <span class='ocrx_word' id='word_1_411' title='bbox 1285 3414 1322 3444; x_wconf 87' lang='lat' dir='ltr'>et</span> <span class='ocrx_word' id='word_1_412' title='bbox 1357 3406 1566 3445; x_wconf 89' lang='lat' dir='ltr'>constantia</span> 
     </span>
    </p>
   </div>
   <div class='ocr_carea' id='block_1_17' title="bbox 566 3516 1267 3550">
    <p class='ocr_par' dir='ltr' id='par_1_22' title="bbox 566 3516 1267 3550">
     <span class='ocr_line' id='line_1_64' title="bbox 566 3516 1267 3550; baseline 0.004 -11"><span class='ocrx_word' id='word_1_413' title='bbox 566 3516 593 3548; x_wconf 79' lang='grc' dir='ltr'>α)</span> <span class='ocrx_word' id='word_1_414' title='bbox 612 3516 761 3550; x_wconf 74' lang='lat' dir='ltr'>tegendum.</span> <span class='ocrx_word' id='word_1_415' title='bbox 780 3531 797 3535; x_wconf 80' lang='grc'><strong>-</strong></span> <span class='ocrx_word' id='word_1_416' title='bbox 816 3516 892 3541; x_wconf 76' lang='lat' dir='ltr'>DEF‘l</span> <span class='ocrx_word' id='word_1_417' title='bbox 912 3522 937 3542; x_wconf 82' lang='lat' dir='ltr'>et</span> <span class='ocrx_word' id='word_1_418' title='bbox 955 3517 1093 3547; x_wconf 75' lang='lat' dir='ltr'>editiones;</span> <span class='ocrx_word' id='word_1_419' title='bbox 1114 3518 1267 3550; x_wconf 81' lang='lat' dir='ltr'>regendum.</span> 
     </span>
    </p>
   </div>
   <div class='ocr_carea' id='block_1_18' title="bbox 1199 272 1938 324">
    <p class='ocr_par' dir='ltr' id='par_1_23' title="bbox 1199 272 1938 324">
     <span class='ocr_line' id='line_1_65' title="bbox 1199 272 1938 324; baseline -0.007 -6"><span class='ocrx_word' id='word_1_420' title='bbox 1199 275 1464 324; x_wconf 74' lang='lat' dir='ltr'>QUAESTIO</span> <span class='ocrx_word' id='word_1_421' title='bbox 1491 274 1559 317; x_wconf 78' lang='lat' dir='ltr'>LI,</span> <span class='ocrx_word' id='word_1_422' title='bbox 1588 272 1882 316; x_wconf 56' lang='lat' dir='ltr'>ARTRCULUS</span> <span class='ocrx_word' id='word_1_423' title='bbox 1906 273 1938 320; x_wconf 68' lang='lat' dir='ltr'>,u</span> 
     </span>
    </p>
   </div>
   <div class='ocr_carea' id='block_1_19' title="bbox 2407 590 2868 3970">
    <p class='ocr_par' dir='ltr' id='par_1_24' title="bbox 2407 590 2868 3970">
     <span class='ocr_line' id='line_1_66' title="bbox 2566 590 2868 801; baseline 0 -1"><span class='ocrx_word' id='word_1_424' title='bbox 2566 590 2868 801; x_wconf 95' lang='lat' dir='ltr'>    </span> 
     </span>
     <span class='ocr_line' id='line_1_67' title="bbox 2570 801 2868 908; baseline 0 -70"><span class='ocrx_word' id='word_1_425' title='bbox 2570 801 2868 908; x_wconf 95' lang='lat' dir='ltr'>   </span> 
     </span>
     <span class='ocr_line' id='line_1_68' title="bbox 2576 908 2864 1016; baseline 0 -54"><span class='ocrx_word' id='word_1_426' title='bbox 2576 908 2864 1016; x_wconf 95' lang='lat' dir='ltr'>  </span> 
     </span>
     <span class='ocr_line' id='line_1_69' title="bbox 2565 1016 2864 1119; baseline 0 -54"><span class='ocrx_word' id='word_1_427' title='bbox 2565 1016 2864 1119; x_wconf 95' lang='lat' dir='ltr'>   </span> 
     </span>
     <span class='ocr_line' id='line_1_70' title="bbox 2567 1119 2868 1171; baseline 0.003 -1"><span class='ocrx_word' id='word_1_428' title='bbox 2567 1119 2868 1171; x_wconf 95' lang='lat' dir='ltr'>  </span> 
     </span>
     <span class='ocr_line' id='line_1_71' title="bbox 2498 1171 2868 1279; baseline -0.016 -53"><span class='ocrx_word' id='word_1_429' title='bbox 2498 1171 2868 1279; x_wconf 95' lang='lat' dir='ltr'>    </span> 
     </span>
     <span class='ocr_line' id='line_1_72' title="bbox 2566 1279 2864 1367; baseline 0 0"><span class='ocrx_word' id='word_1_430' title='bbox 2566 1279 2864 1367; x_wconf 95' lang='lat' dir='ltr'>  </span> 
     </span>
     <span class='ocr_line' id='line_1_73' title="bbox 2524 1367 2868 1433; baseline 0 -4"><span class='ocrx_word' id='word_1_431' title='bbox 2524 1367 2868 1433; x_wconf 95' lang='lat' dir='ltr'>  </span> 
     </span>
     <span class='ocr_line' id='line_1_74' title="bbox 2407 1433 2868 1580; baseline 0 0"><span class='ocrx_word' id='word_1_432' title='bbox 2407 1433 2868 1580; x_wconf 95' lang='lat' dir='ltr'>   </span> 
     </span>
     <span class='ocr_line' id='line_1_75' title="bbox 2445 1580 2868 1643; baseline 0.005 -2"><span class='ocrx_word' id='word_1_433' title='bbox 2445 1580 2868 1643; x_wconf 95' lang='lat' dir='ltr'>   </span> 
     </span>
     <span class='ocr_line' id='line_1_76' title="bbox 2466 1643 2868 1743; baseline 0 0"><span class='ocrx_word' id='word_1_434' title='bbox 2466 1643 2868 1743; x_wconf 95' lang='lat' dir='ltr'>  </span> 
     </span>
     <span class='ocr_line' id='line_1_77' title="bbox 2471 1743 2868 1856; baseline 0 -74"><span class='ocrx_word' id='word_1_435' title='bbox 2471 1743 2868 1856; x_wconf 95' lang='lat' dir='ltr'>     </span> 
     </span>
     <span class='ocr_line' id='line_1_78' title="bbox 2511 1856 2868 1961; baseline 0 0"><span class='ocrx_word' id='word_1_436' title='bbox 2511 1856 2868 1961; x_wconf 95' lang='lat' dir='ltr'>  </span> 
     </span>
     <span class='ocr_line' id='line_1_79' title="bbox 2448 1961 2864 2065; baseline -0.002 0"><span class='ocrx_word' id='word_1_437' title='bbox 2448 1961 2864 2065; x_wconf 95' lang='lat' dir='ltr'>   </span> 
     </span>
     <span class='ocr_line' id='line_1_80' title="bbox 2504 2065 2868 2118; baseline 0 0"><span class='ocrx_word' id='word_1_438' title='bbox 2504 2065 2868 2118; x_wconf 95' lang='lat' dir='ltr'>  </span> 
     </span>
     <span class='ocr_line' id='line_1_81' title="bbox 2522 2118 2868 2279; baseline 0 0"><span class='ocrx_word' id='word_1_439' title='bbox 2522 2118 2868 2279; x_wconf 95' lang='lat' dir='ltr'>  </span> 
     </span>
     <span class='ocr_line' id='line_1_82' title="bbox 2506 2289 2868 2445; baseline 0 -136"><span class='ocrx_word' id='word_1_440' title='bbox 2506 2289 2868 2445; x_wconf 95' lang='lat' dir='ltr'>    </span> 
     </span>
     <span class='ocr_line' id='line_1_83' title="bbox 2438 2445 2868 2541; baseline 0 -61"><span class='ocrx_word' id='word_1_441' title='bbox 2438 2445 2868 2541; x_wconf 95' lang='lat' dir='ltr'>   </span> 
     </span>
     <span class='ocr_line' id='line_1_84' title="bbox 2502 2541 2868 2677; baseline 0 0"><span class='ocrx_word' id='word_1_442' title='bbox 2502 2541 2868 2677; x_wconf 95' lang='lat' dir='ltr'>   </span> 
     </span>
     <span class='ocr_line' id='line_1_85' title="bbox 2514 2677 2864 2712; baseline 0 1258"><span class='ocrx_word' id='word_1_443' title='bbox 2514 2677 2864 2712; x_wconf 95' lang='lat' dir='ltr'> </span> 
     </span>
     <span class='ocr_line' id='line_1_86' title="bbox 2508 2712 2864 2856; baseline 0 -43"><span class='ocrx_word' id='word_1_444' title='bbox 2508 2712 2864 2856; x_wconf 95' lang='lat' dir='ltr'>  </span> 
     </span>
     <span class='ocr_line' id='line_1_87' title="bbox 2500 2856 2868 2989; baseline 0 -44"><span class='ocrx_word' id='word_1_445' title='bbox 2500 2856 2868 2989; x_wconf 95' lang='lat' dir='ltr'>   </span> 
     </span>
     <span class='ocr_line' id='line_1_88' title="bbox 2505 2989 2868 3112; baseline 0 -112"><span class='ocrx_word' id='word_1_446' title='bbox 2505 2989 2868 3112; x_wconf 95' lang='lat' dir='ltr'>   </span> 
     </span>
     <span class='ocr_line' id='line_1_89' title="bbox 2549 3112 2868 3208; baseline 0.006 -38"><span class='ocrx_word' id='word_1_447' title='bbox 2549 3112 2868 3208; x_wconf 95' lang='lat' dir='ltr'>    </span> 
     </span>
     <span class='ocr_line' id='line_1_90' title="bbox 2569 3208 2864 3329; baseline -0.007 0"><span class='ocrx_word' id='word_1_448' title='bbox 2569 3208 2864 3329; x_wconf 95' lang='lat' dir='ltr'>   </span> 
     </span>
     <span class='ocr_line' id='line_1_91' title="bbox 2603 3329 2868 3450; baseline 0.011 -73"><span class='ocrx_word' id='word_1_449' title='bbox 2603 3329 2868 3450; x_wconf 95' lang='lat' dir='ltr'>    </span> 
     </span>
     <span class='ocr_line' id='line_1_92' title="bbox 2672 3450 2868 3970; baseline 0 0"><span class='ocrx_word' id='word_1_450' title='bbox 2672 3450 2868 3970; x_wconf 95' lang='lat' dir='ltr'>  </span> 
     </span>
    </p>
   </div>
   <div class='ocr_carea' id='block_1_20' title="bbox 1596 617 2683 3458">
    <p class='ocr_par' dir='ltr' id='par_1_25' title="bbox 1596 617 2679 932">
     <span class='ocr_line' id='line_1_93' title="bbox 1596 617 2635 671; baseline 0.004 -16"><span class='ocrx_word' id='word_1_451' title='bbox 1596 617 1717 668; x_wconf 88' lang='lat' dir='ltr'>ipsius</span> <span class='ocrx_word' id='word_1_452' title='bbox 1744 618 1812 667; x_wconf 90' lang='lat' dir='ltr'>qui</span> <span class='ocrx_word' id='word_1_453' title='bbox 1838 625 2005 659; x_wconf 80' lang='lat' dir='ltr'>mortem</span> <span class='ocrx_word' id='word_1_454' title='bbox 2042 626 2097 655; x_wconf 92' lang='lat' dir='ltr'>est</span> <span class='ocrx_word' id='word_1_455' title='bbox 2123 630 2276 668; x_wconf 91' lang='lat' dir='ltr'>passus:</span> <span class='ocrx_word' id='word_1_456' title='bbox 2313 626 2350 656; x_wconf 92' lang='lat' dir='ltr'>et</span> <span class='ocrx_word' id='word_1_457' title='bbox 2375 627 2480 658; x_wconf 85' lang='lat' dir='ltr'>tanto</span> <span class='ocrx_word' id='word_1_458' title='bbox 2514 621 2635 671; x_wconf 73' lang='lat' dir='ltr'>magis</span> 
     </span>
     <span class='ocr_line' id='line_1_94' title="bbox 1598 669 2569 722; baseline 0.004 -15"><span class='ocrx_word' id='word_1_459' title='bbox 1598 678 1743 720; x_wconf 90' lang='lat' dir='ltr'>quanto</span> <span class='ocrx_word' id='word_1_460' title='bbox 1771 682 1876 708; x_wconf 85' lang='lat' dir='ltr'>mors</span> <span class='ocrx_word' id='word_1_461' title='bbox 1903 669 1972 708; x_wconf 85' lang='lat' dir='ltr'>fuit</span> <span class='ocrx_word' id='word_1_462' title='bbox 1999 670 2190 708; x_wconf 86' lang='lat' dir='ltr'>abiectior.</span> <span class='ocrx_word' id='word_1_463' title='bbox 2221 671 2299 708; x_wconf 89' lang='lat' dir='ltr'>Sed</span> <span class='ocrx_word' id='word_1_464' title='bbox 2316 671 2356 709; x_wconf 90' lang='lat' dir='ltr'>in</span> <span class='ocrx_word' id='word_1_465' title='bbox 2374 673 2569 722; x_wconf 79' lang='lat' dir='ltr'>sepultura</span> 
     </span>
     <span class='ocr_line' id='line_1_95' title="bbox 1598 722 2539 775; baseline 0 -12"><span class='ocrx_word' id='word_1_466' title='bbox 1598 723 1759 763; x_wconf 73' lang='lat' dir='ltr'>notifica</span> <span class='ocrx_word' id='word_1_467' title='bbox 1785 722 2049 761; x_wconf 84' lang='lat' dir='ltr'>consideratur</span> <span class='ocrx_word' id='word_1_468' title='bbox 2074 723 2196 760; x_wconf 88' lang='lat' dir='ltr'>virtus</span> <span class='ocrx_word' id='word_1_469' title='bbox 2222 723 2431 772; x_wconf 87' lang='lat' dir='ltr'>morientis,</span> <span class='ocrx_word' id='word_1_470' title='bbox 2459 725 2539 775; x_wconf 89' lang='lat' dir='ltr'>qui,</span> 
     </span>
     <span class='ocr_line' id='line_1_96' title="bbox 1598 774 2562 824; baseline 0.004 -12"><span class='ocrx_word' id='word_1_471' title='bbox 1598 783 1655 813; x_wconf 90' lang='lat' dir='ltr'>tra</span> <span class='ocrx_word' id='word_1_472' title='bbox 1682 774 1934 813; x_wconf 80' lang='lat' dir='ltr'>intentionem</span> <span class='ocrx_word' id='word_1_473' title='bbox 1962 775 2232 824; x_wconf 86' lang='lat' dir='ltr'>occidentium,</span> <span class='ocrx_word' id='word_1_474' title='bbox 2252 776 2367 814; x_wconf 81' lang='lat' dir='ltr'>etiam</span> <span class='ocrx_word' id='word_1_475' title='bbox 2384 784 2562 816; x_wconf 81' lang='lat' dir='ltr'>mortuus</span> 
     </span>
     <span class='ocr_line' id='line_1_97' title="bbox 1599 827 2679 881; baseline -0.006 -13"><span class='ocrx_word' id='word_1_476' title='bbox 1599 827 1758 873; x_wconf 82' lang='lat' dir='ltr'>norifice</span> <span class='ocrx_word' id='word_1_477' title='bbox 1785 827 1986 881; x_wconf 80' lang='lat' dir='ltr'>sepelitur:</span> <span class='ocrx_word' id='word_1_478' title='bbox 2014 835 2052 865; x_wconf 89' lang='lat' dir='ltr'>et</span> <span class='ocrx_word' id='word_1_479' title='bbox 2077 827 2357 879; x_wconf 69' lang='lat' dir='ltr'>praefiguratur</span> <span class='ocrx_word' id='word_1_480' title='bbox 2382 829 2570 880; x_wconf 36' lang='lat' dir='ltr'>demstica„⁴</span> <span class='ocrx_word' id='word_1_481' title='bbox 2652 868 2655 873; x_wconf 41' lang='grc'>,</span> <span class='ocrx_word' id='word_1_482' title='bbox 2677 876 2679 878; x_wconf 14' lang='lat' dir='ltr'>q</span> 
     </span>
     <span class='ocr_line' id='line_1_98' title="bbox 1600 869 2634 932; baseline -0.001 -14"><span class='ocrx_word' id='word_1_483' title='bbox 1600 881 1708 928; x_wconf 90' lang='lat' dir='ltr'>lium,</span> <span class='ocrx_word' id='word_1_484' title='bbox 1737 880 1804 930; x_wconf 93' lang='lat' dir='ltr'>qui</span> <span class='ocrx_word' id='word_1_485' title='bbox 1831 888 1939 918; x_wconf 88' lang='lat' dir='ltr'>erant</span> <span class='ocrx_word' id='word_1_486' title='bbox 1967 879 2119 918; x_wconf 91' lang='lat' dir='ltr'>Christo</span> <span class='ocrx_word' id='word_1_487' title='bbox 2146 888 2301 920; x_wconf 85' lang='lat' dir='ltr'>mortuo</span> <span class='ocrx_word' id='word_1_488' title='bbox 2329 881 2517 931; x_wconf 71' lang='lat' dir='ltr'>servituri.</span> <span class='ocrx_word' id='word_1_489' title='bbox 2534 909 2576 932; x_wconf 28' lang='grc' dir='ltr'>’,μ’</span> <span class='ocrx_word' id='word_1_490' title='bbox 2590 869 2634 930; x_wconf 49' lang='grc' dir='ltr'>ᾧ</span> 
     </span>
    </p>

    <p class='ocr_par' dir='ltr' id='par_1_26' title="bbox 1601 933 2673 1828">
     <span class='ocr_line' id='line_1_99' title="bbox 1654 933 2570 985; baseline 0.003 -15"><span class='ocrx_word' id='word_1_491' title='bbox 1654 935 1712 970; x_wconf 84' lang='lat' dir='ltr'>An</span> <span class='ocrx_word' id='word_1_492' title='bbox 1730 945 1919 971; x_wconf 69' lang='lat' dir='ltr'>sacunnun</span> <span class='ocrx_word' id='word_1_493' title='bbox 1936 945 2120 972; x_wconf 64' lang='lat' dir='ltr'>mensuum</span> <span class='ocrx_word' id='word_1_494' title='bbox 2133 934 2299 985; x_wconf 66' lang='lat' dir='ltr'>quodie</span> <span class='ocrx_word' id='word_1_495' title='bbox 2317 935 2394 973; x_wconf 86' lang='lat' dir='ltr'>hoc</span> <span class='ocrx_word' id='word_1_496' title='bbox 2407 933 2570 985; x_wconf 61' lang='lat' dir='ltr'>quodi}</span> 
     </span>
     <span class='ocr_line' id='line_1_100' title="bbox 1601 984 2673 1037; baseline 0.001 -13"><span class='ocrx_word' id='word_1_497' title='bbox 1601 986 1730 1035; x_wconf 82' lang='lat' dir='ltr'>gelista</span> <span class='ocrx_word' id='word_1_498' title='bbox 1762 985 1850 1024; x_wconf 81' lang='lat' dir='ltr'>dicit</span> <span class='ocrx_word' id='word_1_499' title='bbox 1867 985 1888 1008; x_wconf 74' lang='lat'>⁸⁸</span> <span class='ocrx_word' id='word_1_500' title='bbox 1914 984 2023 1036; x_wconf 87' lang='lat' dir='ltr'>quod</span> <span class='ocrx_word' id='word_1_501' title='bbox 2058 984 2301 1037; x_wconf 67' lang='lat' dir='ltr'>sepelierunt,</span> <span class='ocrx_word' id='word_1_502' title='bbox 2325 998 2423 1035; x_wconf 71' lang='lat' dir='ltr'>eum</span> <span class='ocrx_word' id='word_1_503' title='bbox 2453 989 2571 1038; x_wconf 60' lang='lat' dir='ltr'>sieut,</span> <span class='ocrx_word' id='word_1_504' title='bbox 2639 991 2644 995; x_wconf 78' lang='grc'><strong>”</strong></span> <span class='ocrx_word' id='word_1_505' title='bbox 2665 988 2673 997; x_wconf 69' lang='lat'><strong><em>“</em></strong></span> 
     </span>
     <span class='ocr_line' id='line_1_101' title="bbox 1601 1032 2552 1089; baseline 0.001 -13"><span class='ocrx_word' id='word_1_506' title='bbox 1601 1044 1652 1076; x_wconf 86' lang='lat' dir='ltr'>est</span> <span class='ocrx_word' id='word_1_507' title='bbox 1677 1036 1827 1076; x_wconf 86' lang='lat' dir='ltr'>Iudaeis</span> <span class='ocrx_word' id='word_1_508' title='bbox 1853 1037 2016 1089; x_wconf 82' lang='lat' dir='ltr'>sepelire,</span> <span class='ocrx_word' id='word_1_509' title='bbox 2046 1037 2142 1076; x_wconf 90' lang='lat' dir='ltr'>sicut</span> <span class='ocrx_word' id='word_1_510' title='bbox 2169 1038 2405 1087; x_wconf 79' lang='lat' dir='ltr'>Augustinus</span> <span class='ocrx_word' id='word_1_511' title='bbox 2432 1032 2552 1089; x_wconf 59' lang='lat' dir='ltr'>dicit,</span> 
     </span>
     <span class='ocr_line' id='line_1_102' title="bbox 1602 1089 2565 1143; baseline 0.002 -15"><span class='ocrx_word' id='word_1_512' title='bbox 1602 1092 1710 1128; x_wconf 87' lang='lat' dir='ltr'>Ioan.</span> <span class='ocrx_word' id='word_1_513' title='bbox 1725 1090 1758 1137; x_wconf 77' lang='lat'>²¹⁸,</span> <span class='ocrx_word' id='word_1_514' title='bbox 1777 1090 1968 1128; x_wconf 86' lang='lat' dir='ltr'>admonuit</span> <span class='ocrx_word' id='word_1_515' title='bbox 1987 1093 2023 1128; x_wconf 89' lang='lat' dir='ltr'>in</span> <span class='ocrx_word' id='word_1_516' title='bbox 2039 1089 2055 1122; x_wconf 71' lang='grc' dir='ltr'>Ρ</span> <span class='ocrx_word' id='word_1_517' title='bbox 2073 1091 2283 1129; x_wconf 85' lang='lat' dir='ltr'>huiusmodi</span> <span class='ocrx_word' id='word_1_518' title='bbox 2296 1093 2431 1141; x_wconf 64' lang='lat' dir='ltr'>officiis</span> <span class='ocrx_word' id='word_1_519' title='bbox 2449 1104 2545 1143; x_wconf 77' lang='lat' dir='ltr'>quae</span> <span class='ocrx_word' id='word_1_520' title='bbox 2564 1114 2565 1117; x_wconf 64' lang='lat'><em>=</em></span> 
     </span>
     <span class='ocr_line' id='line_1_103' title="bbox 1602 1144 2567 1195; baseline 0.002 -14"><span class='ocrx_word' id='word_1_521' title='bbox 1602 1145 1671 1182; x_wconf 81' lang='lat' dir='ltr'>tuis</span> <span class='ocrx_word' id='word_1_522' title='bbox 1697 1144 1935 1190; x_wconf 74' lang='lat' dir='ltr'>exhibentur,</span> <span class='ocrx_word' id='word_1_523' title='bbox 1964 1156 2107 1182; x_wconf 90' lang='lat' dir='ltr'>morem</span> <span class='ocrx_word' id='word_1_524' title='bbox 2135 1146 2310 1194; x_wconf 81' lang='lat' dir='ltr'>cuiusque</span> <span class='ocrx_word' id='word_1_525' title='bbox 2333 1146 2455 1195; x_wconf 83' lang='lat' dir='ltr'>gentis</span> <span class='ocrx_word' id='word_1_526' title='bbox 2487 1156 2567 1183; x_wconf 76' lang='lat' dir='ltr'>esse</span> 
     </span>
     <span class='ocr_line' id='line_1_104' title="bbox 1602 1196 2498 1247; baseline 0.001 -13"><span class='ocrx_word' id='word_1_527' title='bbox 1602 1196 1778 1234; x_wconf 76' lang='lat' dir='ltr'>vandum.</span> <span class='ocrx_word' id='word_1_528' title='bbox 1807 1196 1901 1234; x_wconf 85' lang='lat' dir='ltr'>Erat</span> <span class='ocrx_word' id='word_1_529' title='bbox 1928 1202 2050 1234; x_wconf 84' lang='lat' dir='ltr'>autem</span> <span class='ocrx_word' id='word_1_530' title='bbox 2068 1196 2090 1219; x_wconf 80' lang='lat'>&#39;¹&#39;</span> <span class='ocrx_word' id='word_1_531' title='bbox 2116 1197 2212 1234; x_wconf 85' lang='lat' dir='ltr'>illius</span> <span class='ocrx_word' id='word_1_532' title='bbox 2237 1199 2357 1247; x_wconf 83' lang='lat' dir='ltr'>gentis</span> <span class='ocrx_word' id='word_1_533' title='bbox 2384 1209 2498 1235; x_wconf 86' lang='lat' dir='ltr'>consu</span> 
     </span>
     <span class='ocr_line' id='line_1_105' title="bbox 1602 1250 2559 1299; baseline 0 -11"><span class='ocrx_word' id='word_1_534' title='bbox 1602 1255 1836 1288; x_wconf 86' lang='lat' dir='ltr'>mortuorum</span> <span class='ocrx_word' id='word_1_535' title='bbox 1853 1261 2016 1299; x_wconf 80' lang='lat' dir='ltr'>corpora</span> <span class='ocrx_word' id='word_1_536' title='bbox 2033 1251 2148 1288; x_wconf 71' lang='lat' dir='ltr'>variis</span> <span class='ocrx_word' id='word_1_537' title='bbox 2166 1251 2394 1288; x_wconf 86' lang='lat' dir='ltr'>aromatibus</span> <span class='ocrx_word' id='word_1_538' title='bbox 2411 1250 2544 1288; x_wconf 83' lang='lat' dir='ltr'>condir</span> <span class='ocrx_word' id='word_1_539' title='bbox 2557 1255 2559 1257; x_wconf 82' lang='grc'><strong>’</strong></span> 
     </span>
     <span class='ocr_line' id='line_1_106' title="bbox 1604 1301 2566 1345; baseline 0.001 -6"><span class='ocrx_word' id='word_1_540' title='bbox 1604 1308 1642 1339; x_wconf 89' lang='lat' dir='ltr'>ut</span> <span class='ocrx_word' id='word_1_541' title='bbox 1655 1302 1788 1339; x_wconf 87' lang='lat' dir='ltr'>diutius</span> <span class='ocrx_word' id='word_1_542' title='bbox 1805 1308 2045 1340; x_wconf 81' lang='lat' dir='ltr'>servarentur</span> <span class='ocrx_word' id='word_1_543' title='bbox 2058 1302 2195 1341; x_wconf 89' lang='lat' dir='ltr'>illaesa.</span> <span class='ocrx_word' id='word_1_544' title='bbox 2211 1302 2323 1340; x_wconf 91' lang='lat' dir='ltr'>Unde</span> <span class='ocrx_word' id='word_1_545' title='bbox 2338 1309 2374 1340; x_wconf 90' lang='lat' dir='ltr'>et</span> <span class='ocrx_word' id='word_1_546' title='bbox 2388 1301 2428 1340; x_wconf 90' lang='lat' dir='ltr'>in</span> <span class='ocrx_word' id='word_1_547' title='bbox 2440 1303 2488 1341; x_wconf 92' lang='lat'>111</span> <span class='ocrx_word' id='word_1_548' title='bbox 2501 1302 2566 1345; x_wconf 54' lang='lat' dir='ltr'>defi</span> 
     </span>
     <span class='ocr_line' id='line_1_107' title="bbox 1608 1354 2560 1404; baseline 0.004 -12"><span class='ocrx_word' id='word_1_549' title='bbox 1608 1356 1741 1392; x_wconf 84' lang='lat' dir='ltr'>Christ.</span> <span class='ocrx_word' id='word_1_550' title='bbox 1760 1354 1781 1377; x_wconf 67' lang='lat'>¹*</span> <span class='ocrx_word' id='word_1_551' title='bbox 1807 1354 1945 1395; x_wconf 83' lang='lat' dir='ltr'>dicitur</span> <span class='ocrx_word' id='word_1_552' title='bbox 1964 1354 2072 1404; x_wconf 90' lang='lat' dir='ltr'>quod</span> <span class='ocrx_word' id='word_1_553' title='bbox 2091 1357 2128 1392; x_wconf 83' lang='lat' dir='ltr'>in</span> <span class='ocrx_word' id='word_1_554' title='bbox 2148 1357 2318 1393; x_wconf 87' lang='lat' dir='ltr'>omnibus</span> <span class='ocrx_word' id='word_1_555' title='bbox 2335 1355 2468 1393; x_wconf 88' lang='lat' dir='ltr'>talibus</span> <span class='ocrx_word' id='word_1_556' title='bbox 2485 1367 2560 1396; x_wconf 76' lang='lat' dir='ltr'>nou</span> 
     </span>
     <span class='ocr_line' id='line_1_108' title="bbox 1606 1407 2577 1459; baseline 0 -13"><span class='ocrx_word' id='word_1_557' title='bbox 1606 1420 1746 1454; x_wconf 88' lang='lat' dir='ltr'>rerum,</span> <span class='ocrx_word' id='word_1_558' title='bbox 1774 1408 1840 1445; x_wconf 85' lang='lat' dir='ltr'>sed</span> <span class='ocrx_word' id='word_1_559' title='bbox 1863 1408 1976 1446; x_wconf 87' lang='lat' dir='ltr'>libido</span> <span class='ocrx_word' id='word_1_560' title='bbox 2003 1409 2133 1445; x_wconf 88' lang='lat' dir='ltr'>utentis</span> <span class='ocrx_word' id='word_1_561' title='bbox 2159 1410 2197 1445; x_wconf 90' lang='lat' dir='ltr'>in</span> <span class='ocrx_word' id='word_1_562' title='bbox 2226 1409 2335 1458; x_wconf 85' lang='lat' dir='ltr'>culpa</span> <span class='ocrx_word' id='word_1_563' title='bbox 2362 1414 2424 1446; x_wconf 79' lang='lat' dir='ltr'>est.</span> <span class='ocrx_word' id='word_1_564' title='bbox 2457 1407 2507 1459; x_wconf 82' lang='lat' dir='ltr'>Et</span> <span class='ocrx_word' id='word_1_565' title='bbox 2542 1427 2577 1450; x_wconf 40' lang='lat' dir='ltr'>‹p-</span> 
     </span>
     <span class='ocr_line' id='line_1_109' title="bbox 1605 1452 2519 1512; baseline -0.001 -13"><span class='ocrx_word' id='word_1_566' title='bbox 1605 1460 1750 1499; x_wconf 86' lang='lat' dir='ltr'>subdit:</span> <span class='ocrx_word' id='word_1_567' title='bbox 1786 1460 1896 1503; x_wconf 89' lang='lat' dir='ltr'>Quod</span> <span class='ocrx_word' id='word_1_568' title='bbox 1921 1462 1958 1499; x_wconf 88' lang='lat' dir='ltr'>in</span> <span class='ocrx_word' id='word_1_569' title='bbox 1993 1460 2076 1498; x_wconf 82' lang='lat' dir='ltr'>aliis</span> <span class='ocrx_word' id='word_1_570' title='bbox 2107 1462 2275 1511; x_wconf 85' lang='lat' dir='ltr'>personis</span> <span class='ocrx_word' id='word_1_571' title='bbox 2304 1452 2519 1512; x_wconf 60' lang='grc' dir='ltr'>μίαννῃί-’Ῐ</span> 
     </span>
     <span class='ocr_line' id='line_1_110' title="bbox 1606 1511 2466 1605; baseline 0.001 -55"><span class='ocrx_word' id='word_1_572' title='bbox 1606 1514 1696 1551; x_wconf 87' lang='lat' dir='ltr'>tium</span> <span class='ocrx_word' id='word_1_573' title='bbox 1715 1518 1777 1560; x_wconf 89' lang='lat' dir='ltr'>est,</span> <span class='ocrx_word' id='word_1_574' title='bbox 1793 1514 1831 1551; x_wconf 89' lang='lat' dir='ltr'>in</span> <span class='ocrx_word' id='word_1_575' title='bbox 1851 1513 1976 1551; x_wconf 84' lang='lat' dir='ltr'>divina</span> <span class='ocrx_word' id='word_1_576' title='bbox 1994 1513 2054 1551; x_wconf 79' lang='lat' dir='ltr'>vel</span> <span class='ocrx_word' id='word_1_577' title='bbox 2064 1514 2284 1564; x_wconf 69' lang='lat' dir='ltr'>prophetica</span> <span class='ocrx_word' id='word_1_578' title='bbox 2296 1511 2466 1605; x_wconf 39' lang='lat' dir='ltr'>perso&amp;</span> 
     </span>
     <span class='ocr_line' id='line_1_111' title="bbox 1607 1564 2485 1617; baseline 0 -13"><span class='ocrx_word' id='word_1_579' title='bbox 1607 1565 1798 1604; x_wconf 81' lang='lat' dir='ltr'>cuiusdam</span> <span class='ocrx_word' id='word_1_580' title='bbox 1826 1566 1883 1603; x_wconf 88' lang='lat' dir='ltr'>rei</span> <span class='ocrx_word' id='word_1_581' title='bbox 1906 1567 2057 1617; x_wconf 80' lang='lat' dir='ltr'>signum</span> <span class='ocrx_word' id='word_1_582' title='bbox 2085 1571 2145 1604; x_wconf 90' lang='lat' dir='ltr'>est.</span> <span class='ocrx_word' id='word_1_583' title='bbox 2174 1566 2339 1615; x_wconf 57' lang='lat' dir='ltr'>Myrrha*</span> <span class='ocrx_word' id='word_1_584' title='bbox 2358 1564 2445 1615; x_wconf 34' lang='lat' dir='ltr'>&#39;erist</span> <span class='ocrx_word' id='word_1_585' title='bbox 2470 1593 2485 1615; x_wconf 36' lang='lat'>2!</span> 
     </span>
     <span class='ocr_line' id='line_1_112' title="bbox 1607 1614 2501 1671; baseline 0.002 -15"><span class='ocrx_word' id='word_1_586' title='bbox 1607 1626 1765 1671; x_wconf 88' lang='lat' dir='ltr'>propter</span> <span class='ocrx_word' id='word_1_587' title='bbox 1791 1618 1851 1656; x_wconf 89' lang='lat' dir='ltr'>sui</span> <span class='ocrx_word' id='word_1_588' title='bbox 1882 1615 2198 1666; x_wconf 85' lang='lat' dir='ltr'>amaritudinem,</span> <span class='ocrx_word' id='word_1_589' title='bbox 2224 1614 2501 1670; x_wconf 33' lang='lat' dir='ltr'>significant&amp;</span> 
     </span>
     <span class='ocr_line' id='line_1_113' title="bbox 1608 1668 2473 1722; baseline -0.001 -13"><span class='ocrx_word' id='word_1_590' title='bbox 1608 1671 1712 1719; x_wconf 81' lang='lat' dir='ltr'>tiam&#39;,</span> <span class='ocrx_word' id='word_1_591' title='bbox 1731 1682 1802 1722; x_wconf 88' lang='lat' dir='ltr'>per</span> <span class='ocrx_word' id='word_1_592' title='bbox 1819 1682 1940 1721; x_wconf 83' lang='lat' dir='ltr'>quam</span> <span class='ocrx_word' id='word_1_593' title='bbox 1967 1671 2104 1720; x_wconf 89' lang='lat' dir='ltr'>aliquis</span> <span class='ocrx_word' id='word_1_594' title='bbox 2130 1671 2170 1708; x_wconf 91' lang='lat' dir='ltr'>in</span> <span class='ocrx_word' id='word_1_595' title='bbox 2198 1671 2330 1722; x_wconf 28' lang='lat' dir='ltr'>seipso·</span> <span class='ocrx_word' id='word_1_596' title='bbox 2353 1668 2473 1720; x_wconf 90' lang='lat' dir='ltr'>Chris</span> 
     </span>
     <span class='ocr_line' id='line_1_114' title="bbox 1609 1718 2492 1775; baseline 0.001 -13"><span class='ocrx_word' id='word_1_597' title='bbox 1609 1732 1735 1763; x_wconf 86' lang='lat' dir='ltr'>servat</span> <span class='ocrx_word' id='word_1_598' title='bbox 1761 1724 1907 1773; x_wconf 89' lang='lat' dir='ltr'>absque</span> <span class='ocrx_word' id='word_1_599' title='bbox 1935 1722 2180 1774; x_wconf 84' lang='lat' dir='ltr'>corruptione</span> <span class='ocrx_word' id='word_1_600' title='bbox 2207 1723 2384 1774; x_wconf 67' lang='lat' dir='ltr'>peccati.¹¹</span> <span class='ocrx_word' id='word_1_601' title='bbox 2400 1718 2492 1775; x_wconf 52' lang='grc' dir='ltr'>0Πρ</span> 
     </span>
     <span class='ocr_line' id='line_1_115' title="bbox 1609 1765 2500 1828; baseline -0.001 -14"><span class='ocrx_word' id='word_1_602' title='bbox 1609 1784 1829 1815; x_wconf 90' lang='lat' dir='ltr'>aromatum</span> <span class='ocrx_word' id='word_1_603' title='bbox 1857 1775 2042 1828; x_wconf 86' lang='lat' dir='ltr'>significat</span> <span class='ocrx_word' id='word_1_604' title='bbox 2068 1776 2214 1814; x_wconf 85' lang='lat' dir='ltr'>bonam</span> <span class='ocrx_word' id='word_1_605' title='bbox 2240 1765 2500 1828; x_wconf 22' lang='lat' dir='ltr'>famam-{21⁸²</span> 
     </span>
    </p>

    <p class='ocr_par' dir='ltr' id='par_1_27' title="bbox 1609 1819 2511 2188">
     <span class='ocr_line' id='line_1_116' title="bbox 1662 1819 2493 1881; baseline -0.002 -12"><span class='ocrx_word' id='word_1_606' title='bbox 1662 1831 1719 1869; x_wconf 69' lang='lat' dir='ltr'>An</span> <span class='ocrx_word' id='word_1_607' title='bbox 1747 1841 1906 1868; x_wconf 69' lang='lat' dir='ltr'>Tannum</span> <span class='ocrx_word' id='word_1_608' title='bbox 1939 1839 2121 1868; x_wconf 71' lang='lat' dir='ltr'>memma</span> <span class='ocrx_word' id='word_1_609' title='bbox 2157 1829 2267 1881; x_wconf 87' lang='lat' dir='ltr'>quod</span> <span class='ocrx_word' id='word_1_610' title='bbox 2301 1819 2504 1880; x_wconf 41' lang='lat' dir='ltr'>myrrha-*F</span> 
     </span>
     <span class='ocr_line' id='line_1_117' title="bbox 1609 1869 2511 1931; baseline 0.001 -12"><span class='ocrx_word' id='word_1_611' title='bbox 1609 1881 1891 1922; x_wconf 81' lang='lat' dir='ltr'>adhibebantur</span> <span class='ocrx_word' id='word_1_612' title='bbox 1917 1881 2070 1931; x_wconf 88' lang='lat' dir='ltr'>corpori</span> <span class='ocrx_word' id='word_1_613' title='bbox 2098 1880 2239 1919; x_wconf 87' lang='lat' dir='ltr'>Christi</span> <span class='ocrx_word' id='word_1_614' title='bbox 2265 1880 2308 1919; x_wconf 81' lang='lat' dir='ltr'>ut</span> <span class='ocrx_word' id='word_1_615' title='bbox 2333 1869 2511 1929; x_wconf 50' lang='lat' dir='ltr'>immitit}</span> 
     </span>
     <span class='ocr_line' id='line_1_118' title="bbox 1610 1922 2503 1988; baseline -0.001 -15"><span class='ocrx_word' id='word_1_616' title='bbox 1610 1934 1787 1988; x_wconf 85' lang='lat' dir='ltr'>ruptione</span> <span class='ocrx_word' id='word_1_617' title='bbox 1807 1941 2036 1972; x_wconf 87' lang='lat' dir='ltr'>servaretur:</span> <span class='ocrx_word' id='word_1_618' title='bbox 2057 1933 2164 1983; x_wconf 91' lang='lat' dir='ltr'>quod</span> <span class='ocrx_word' id='word_1_619' title='bbox 2183 1933 2386 1982; x_wconf 85' lang='lat' dir='ltr'>videbatur</span> <span class='ocrx_word' id='word_1_620' title='bbox 2403 1922 2503 1985; x_wconf 53' lang='lat' dir='ltr'>adflq&#39;</span> 
     </span>
     <span class='ocr_line' id='line_1_119' title="bbox 1610 1983 2499 2036; baseline -0.001 -12"><span class='ocrx_word' id='word_1_621' title='bbox 1610 1987 1873 2024; x_wconf 89' lang='lat' dir='ltr'>necessitatem</span> <span class='ocrx_word' id='word_1_622' title='bbox 1901 1985 2103 2036; x_wconf 70' lang='lat' dir='ltr'>pertinere:</span> <span class='ocrx_word' id='word_1_623' title='bbox 2129 1985 2249 2024; x_wconf 82' lang='lat' dir='ltr'>Unde</span> <span class='ocrx_word' id='word_1_624' title='bbox 2269 1983 2381 2024; x_wconf 82' lang='lat' dir='ltr'>datur</span> <span class='ocrx_word' id='word_1_625' title='bbox 2407 1986 2499 2024; x_wconf 70' lang='lat' dir='ltr'>nor&#39;</span> 
     </span>
     <span class='ocr_line' id='line_1_120' title="bbox 1610 2036 2494 2104; baseline -0.002 -27"><span class='ocrx_word' id='word_1_626' title='bbox 1610 2041 1720 2090; x_wconf 90' lang='lat' dir='ltr'>plum</span> <span class='ocrx_word' id='word_1_627' title='bbox 1747 2047 1791 2077; x_wconf 90' lang='lat' dir='ltr'>ut</span> <span class='ocrx_word' id='word_1_628' title='bbox 1816 2036 1914 2077; x_wconf 88' lang='lat' dir='ltr'>licite</span> <span class='ocrx_word' id='word_1_629' title='bbox 1951 2038 2145 2088; x_wconf 86' lang='lat' dir='ltr'>possimus</span> <span class='ocrx_word' id='word_1_630' title='bbox 2182 2037 2372 2091; x_wconf 80' lang='lat' dir='ltr'>aliquibus</span> <span class='ocrx_word' id='word_1_631' title='bbox 2402 2036 2494 2104; x_wconf 56' lang='lat' dir='ltr'>&#39;&#39;p-s</span> 
     </span>
     <span class='ocr_line' id='line_1_121' title="bbox 1611 2090 2504 2141; baseline -0.001 -11"><span class='ocrx_word' id='word_1_632' title='bbox 1611 2091 1884 2131; x_wconf 88' lang='lat' dir='ltr'>medicinaliter</span> <span class='ocrx_word' id='word_1_633' title='bbox 1910 2103 1981 2141; x_wconf 92' lang='lat' dir='ltr'>pro</span> <span class='ocrx_word' id='word_1_634' title='bbox 2001 2090 2220 2128; x_wconf 91' lang='lat' dir='ltr'>necessitate</span> <span class='ocrx_word' id='word_1_635' title='bbox 2240 2090 2367 2128; x_wconf 77' lang='lat' dir='ltr'>nostri</span> <span class='ocrx_word' id='word_1_636' title='bbox 2381 2100 2428 2129; x_wconf 86' lang='lat' dir='ltr'>eo</span> <span class='ocrx_word' id='word_1_637' title='bbox 2442 2100 2468 2136; x_wconf 62' lang='lat' dir='ltr'>Q·</span> <span class='ocrx_word' id='word_1_638' title='bbox 2499 2131 2504 2139; x_wconf 51' lang='lat'>,</span> 
     </span>
     <span class='ocr_line' id='line_1_122' title="bbox 1611 2144 2419 2188; baseline -0.001 -6"><span class='ocrx_word' id='word_1_639' title='bbox 1611 2144 1800 2183; x_wconf 88' lang='lat' dir='ltr'>servandi.</span> <span class='ocrx_word' id='word_1_640' title='bbox 2415 2186 2419 2188; x_wconf 16' lang='grc' dir='ltr'><strong>Ἴ</strong></span> 
     </span>
    </p>

    <p class='ocr_par' dir='ltr' id='par_1_28' title="bbox 1608 2185 2696 2723">
     <span class='ocr_line' id='line_1_123' title="bbox 1666 2185 2522 2248; baseline -0.002 -11"><span class='ocrx_word' id='word_1_641' title='bbox 1666 2197 1743 2237; x_wconf 91' lang='lat' dir='ltr'>Sed</span> <span class='ocrx_word' id='word_1_642' title='bbox 1779 2196 1966 2234; x_wconf 88' lang='lat' dir='ltr'>involutio</span> <span class='ocrx_word' id='word_1_643' title='bbox 2003 2195 2174 2248; x_wconf 90' lang='lat' dir='ltr'>corporis</span> <span class='ocrx_word' id='word_1_644' title='bbox 2214 2194 2439 2247; x_wconf 57' lang='lat' dir='ltr'>pertinebat,</span> <span class='ocrx_word' id='word_1_645' title='bbox 2463 2185 2522 2246; x_wconf 52' lang='lat'>3¹&amp;</span> 
     </span>
     <span class='ocr_line' id='line_1_124' title="bbox 1612 2248 2502 2300; baseline -0.002 -12"><span class='ocrx_word' id='word_1_646' title='bbox 1612 2250 1811 2300; x_wconf 89' lang='lat' dir='ltr'>quandam</span> <span class='ocrx_word' id='word_1_647' title='bbox 1847 2248 2061 2287; x_wconf 86' lang='lat' dir='ltr'>decentiam</span> <span class='ocrx_word' id='word_1_648' title='bbox 2098 2249 2316 2287; x_wconf 83' lang='lat' dir='ltr'>honestatis.</span> <span class='ocrx_word' id='word_1_649' title='bbox 2352 2248 2416 2294; x_wconf 73' lang='lat' dir='ltr'>Et&#39;</span> <span class='ocrx_word' id='word_1_650' title='bbox 2436 2248 2502 2297; x_wconf 61' lang='lat' dir='ltr'>in1j</span> 
     </span>
     <span class='ocr_line' id='line_1_125' title="bbox 1613 2297 2499 2354; baseline -0.002 -14"><span class='ocrx_word' id='word_1_651' title='bbox 1613 2303 1849 2354; x_wconf 89' lang='lat' dir='ltr'>simplicibus</span> <span class='ocrx_word' id='word_1_652' title='bbox 1877 2302 2064 2340; x_wconf 90' lang='lat' dir='ltr'>debemus</span> <span class='ocrx_word' id='word_1_653' title='bbox 2092 2313 2175 2350; x_wconf 83' lang='lat' dir='ltr'>esse</span> <span class='ocrx_word' id='word_1_654' title='bbox 2203 2301 2380 2341; x_wconf 88' lang='lat' dir='ltr'>contenti.</span> <span class='ocrx_word' id='word_1_655' title='bbox 2410 2297 2499 2352; x_wconf 52' lang='lat' dir='ltr'>Pei?</span> 
     </span>
     <span class='ocr_line' id='line_1_126' title="bbox 1613 2343 2680 2411; baseline -0.002 -17"><span class='ocrx_word' id='word_1_656' title='bbox 1613 2367 1705 2394; x_wconf 88' lang='lat' dir='ltr'>rnen</span> <span class='ocrx_word' id='word_1_657' title='bbox 1733 2354 2027 2404; x_wconf 88' lang='lat' dir='ltr'>significabatur,</span> <span class='ocrx_word' id='word_1_658' title='bbox 2051 2362 2096 2392; x_wconf 88' lang='lat' dir='ltr'>ut</span> <span class='ocrx_word' id='word_1_659' title='bbox 2120 2354 2385 2404; x_wconf 86' lang='lat' dir='ltr'>Hieronymus</span> <span class='ocrx_word' id='word_1_660' title='bbox 2411 2343 2511 2411; x_wconf 51' lang='lat' dir='ltr'>dicii,</span> <span class='ocrx_word' id='word_1_661' title='bbox 2641 2351 2680 2410; x_wconf 38' lang='lat' dir='ltr'>&#39;Hs</span> 
     </span>
     <span class='ocr_line' id='line_1_127' title="bbox 1613 2404 2625 2460; baseline -0.001 -14"><span class='ocrx_word' id='word_1_662' title='bbox 1613 2409 1674 2447; x_wconf 89' lang='lat' dir='ltr'>ille</span> <span class='ocrx_word' id='word_1_663' title='bbox 1700 2410 1738 2446; x_wconf 87' lang='lat' dir='ltr'>in</span> <span class='ocrx_word' id='word_1_664' title='bbox 1765 2408 1921 2446; x_wconf 87' lang='lat' dir='ltr'>sindone</span> <span class='ocrx_word' id='word_1_665' title='bbox 1955 2408 2096 2446; x_wconf 84' lang='lat' dir='ltr'>munda</span> <span class='ocrx_word' id='word_1_666' title='bbox 2123 2407 2273 2455; x_wconf 74' lang='lat' dir='ltr'>involvit</span> <span class='ocrx_word' id='word_1_667' title='bbox 2298 2408 2436 2456; x_wconf 69' lang='lat' dir='ltr'>Iesum,</span> <span class='ocrx_word' id='word_1_668' title='bbox 2485 2408 2529 2445; x_wconf 64' lang='lat' dir='ltr'>“i</span> <span class='ocrx_word' id='word_1_669' title='bbox 2564 2404 2568 2410; x_wconf 77' lang='lat'><em>&#39;</em></span> <span class='ocrx_word' id='word_1_670' title='bbox 2606 2446 2625 2460; x_wconf 53' lang='lat'>⁷,</span> 
     </span>
     <span class='ocr_line' id='line_1_128' title="bbox 1608 2414 2644 2513; baseline -0.004 -13"><span class='ocrx_word' id='word_1_671' title='bbox 1608 2474 1710 2512; x_wconf 85' lang='lat' dir='ltr'>pura</span> <span class='ocrx_word' id='word_1_672' title='bbox 1734 2474 1818 2499; x_wconf 86' lang='lat' dir='ltr'>eum</span> <span class='ocrx_word' id='word_1_673' title='bbox 1836 2462 2042 2513; x_wconf 84' lang='lat' dir='ltr'>susceperit.</span> <span class='ocrx_word' id='word_1_674' title='bbox 2071 2459 2121 2511; x_wconf 80' lang='lat' dir='ltr'>Et</span> <span class='ocrx_word' id='word_1_675' title='bbox 2138 2458 2242 2508; x_wconf 76' lang='lat' dir='ltr'>hine,</span> <span class='ocrx_word' id='word_1_676' title='bbox 2258 2467 2302 2497; x_wconf 87' lang='lat' dir='ltr'>ut</span> <span class='ocrx_word' id='word_1_677' title='bbox 2319 2456 2426 2506; x_wconf 83' lang='lat' dir='ltr'>Beda</span> <span class='ocrx_word' id='word_1_678' title='bbox 2443 2414 2547 2513; x_wconf 32' lang='grc' dir='ltr'>ὣς</span> <span class='ocrx_word' id='word_1_679' title='bbox 2613 2455 2644 2468; x_wconf 79' lang='lat'>&#39;¹</span> 
     </span>
     <span class='ocr_line' id='line_1_129' title="bbox 1614 2489 2683 2563; baseline -0.003 -10"><span class='ocrx_word' id='word_1_680' title='bbox 1614 2517 1740 2553; x_wconf 88' lang='lat' dir='ltr'>Marc.</span> <span class='ocrx_word' id='word_1_681' title='bbox 1769 2514 1807 2560; x_wconf 71' lang='lat'>²¹²,</span> <span class='ocrx_word' id='word_1_682' title='bbox 1849 2513 2036 2563; x_wconf 78' lang='lat' dir='ltr'>Ecclesiae</span> <span class='ocrx_word' id='word_1_683' title='bbox 2070 2524 2156 2560; x_wconf 90' lang='lat' dir='ltr'>mos</span> <span class='ocrx_word' id='word_1_684' title='bbox 2187 2511 2341 2551; x_wconf 81' lang='lat' dir='ltr'>obtinuit</span> <span class='ocrx_word' id='word_1_685' title='bbox 2376 2516 2416 2559; x_wconf 66' lang='lat' dir='ltr'>ul</span> <span class='ocrx_word' id='word_1_686' title='bbox 2448 2489 2620 2554; x_wconf 48' lang='lat' dir='ltr'>sacrifi</span> <span class='ocrx_word' id='word_1_687' title='bbox 2678 2510 2683 2515; x_wconf 68' lang='grc'><em>’</em></span> 
     </span>
     <span class='ocr_line' id='line_1_130' title="bbox 1614 2546 2597 2616; baseline 0 -11"><span class='ocrx_word' id='word_1_688' title='bbox 1614 2568 1752 2605; x_wconf 82' lang='lat' dir='ltr'>Altaris</span> <span class='ocrx_word' id='word_1_689' title='bbox 1772 2578 1846 2604; x_wconf 88' lang='lat' dir='ltr'>non</span> <span class='ocrx_word' id='word_1_690' title='bbox 1866 2568 1903 2603; x_wconf 89' lang='lat' dir='ltr'>in</span> <span class='ocrx_word' id='word_1_691' title='bbox 1922 2567 2040 2604; x_wconf 86' lang='lat' dir='ltr'>serico</span> <span class='ocrx_word' id='word_1_692' title='bbox 2060 2577 2178 2615; x_wconf 77' lang='lat' dir='ltr'>neque</span> <span class='ocrx_word' id='word_1_693' title='bbox 2194 2565 2232 2602; x_wconf 91' lang='lat' dir='ltr'>in</span> <span class='ocrx_word' id='word_1_694' title='bbox 2255 2574 2388 2616; x_wconf 79' lang='lat' dir='ltr'>panno</span> <span class='ocrx_word' id='word_1_695' title='bbox 2407 2558 2525 2609; x_wconf 57' lang='lat' dir='ltr'>&#39;tin&#39;db</span> <span class='ocrx_word' id='word_1_696' title='bbox 2560 2546 2597 2586; x_wconf 42' lang='grc' dir='ltr'><strong>ᾳ</strong></span> 
     </span>
     <span class='ocr_line' id='line_1_131' title="bbox 1615 2619 2641 2669; baseline -0.003 -11"><span class='ocrx_word' id='word_1_697' title='bbox 1615 2621 1691 2658; x_wconf 92' lang='lat' dir='ltr'>lino</span> <span class='ocrx_word' id='word_1_698' title='bbox 1718 2626 1866 2657; x_wconf 86' lang='lat' dir='ltr'>terreno</span> <span class='ocrx_word' id='word_1_699' title='bbox 1903 2619 2122 2657; x_wconf 82' lang='lat' dir='ltr'>celebretur:</span> <span class='ocrx_word' id='word_1_700' title='bbox 2155 2619 2247 2666; x_wconf 87' lang='lat' dir='ltr'>sicut</span> <span class='ocrx_word' id='word_1_701' title='bbox 2282 2630 2417 2669; x_wconf 78' lang='lat' dir='ltr'>corpus</span> <span class='ocrx_word' id='word_1_702' title='bbox 2457 2624 2497 2651; x_wconf 66' lang='lat' dir='ltr'>a,</span> <span class='ocrx_word' id='word_1_703' title='bbox 2639 2628 2641 2630; x_wconf 84' lang='grc'><strong><em>·</em></strong></span> 
     </span>
     <span class='ocr_line' id='line_1_132' title="bbox 1615 2659 2502 2723; baseline -0.003 -12"><span class='ocrx_word' id='word_1_704' title='bbox 1615 2675 1653 2710; x_wconf 90' lang='lat' dir='ltr'>in</span> <span class='ocrx_word' id='word_1_705' title='bbox 1681 2673 1836 2711; x_wconf 85' lang='lat' dir='ltr'>sindone</span> <span class='ocrx_word' id='word_1_706' title='bbox 1861 2671 2002 2710; x_wconf 80' lang='lat' dir='ltr'>munda</span> <span class='ocrx_word' id='word_1_707' title='bbox 2028 2670 2220 2723; x_wconf 82' lang='lat' dir='ltr'>sepultum.</span> <span class='ocrx_word' id='word_1_708' title='bbox 2406 2718 2408 2722; x_wconf 18' lang='lat' dir='ltr'>y</span> <span class='ocrx_word' id='word_1_709' title='bbox 2474 2659 2502 2681; x_wconf 82' lang='lat'><em>‘</em></span> 
     </span>
    </p>

    <p class='ocr_par' dir='ltr' id='par_1_29' title="bbox 1616 2717 2514 2981">
     <span class='ocr_line' id='line_1_133' title="bbox 1669 2717 2487 2775; baseline -0.004 -12"><span class='ocrx_word' id='word_1_710' title='bbox 1669 2727 1726 2763; x_wconf 80' lang='lat' dir='ltr'>An</span> <span class='ocrx_word' id='word_1_711' title='bbox 1755 2734 1926 2768; x_wconf 53' lang='lat' dir='ltr'>Quarum</span> <span class='ocrx_word' id='word_1_712' title='bbox 1946 2732 2134 2762; x_wconf 41' lang='lat' dir='ltr'>‘nmmum</span> <span class='ocrx_word' id='word_1_713' title='bbox 2162 2723 2270 2775; x_wconf 91' lang='lat' dir='ltr'>quod</span> <span class='ocrx_word' id='word_1_714' title='bbox 2296 2717 2487 2775; x_wconf 48' lang='lat' dir='ltr'>Christus*</span> 
     </span>
     <span class='ocr_line' id='line_1_134' title="bbox 1616 2763 2507 2827; baseline -0.003 -11"><span class='ocrx_word' id='word_1_715' title='bbox 1616 2780 1653 2816; x_wconf 71' lang='lat' dir='ltr'>in</span> <span class='ocrx_word' id='word_1_716' title='bbox 1681 2780 1800 2825; x_wconf 71' lang='lat' dir='ltr'>horto,</span> <span class='ocrx_word' id='word_1_717' title='bbox 1821 2777 1870 2815; x_wconf 81' lang='lat' dir='ltr'>ad</span> <span class='ocrx_word' id='word_1_718' title='bbox 1898 2775 2192 2826; x_wconf 83' lang='lat' dir='ltr'>significandum</span> <span class='ocrx_word' id='word_1_719' title='bbox 2220 2775 2328 2827; x_wconf 81' lang='lat' dir='ltr'>quod</span> <span class='ocrx_word' id='word_1_720' title='bbox 2350 2785 2421 2827; x_wconf 70' lang='lat' dir='ltr'>per</span> <span class='ocrx_word' id='word_1_721' title='bbox 2438 2763 2507 2825; x_wconf 55' lang='lat' dir='ltr'>„j</span> 
     </span>
     <span class='ocr_line' id='line_1_135' title="bbox 1617 2828 2508 2890; baseline -0.003 -22"><span class='ocrx_word' id='word_1_722' title='bbox 1617 2832 1853 2881; x_wconf 83' lang='lat' dir='ltr'>sepulturam</span> <span class='ocrx_word' id='word_1_723' title='bbox 1879 2829 1998 2880; x_wconf 90' lang='lat' dir='ltr'>ipsius</span> <span class='ocrx_word' id='word_1_724' title='bbox 2025 2828 2232 2875; x_wconf 83' lang='lat' dir='ltr'>liberamur</span> <span class='ocrx_word' id='word_1_725' title='bbox 2258 2841 2281 2867; x_wconf 92' lang='lat' dir='ltr'>a</span> <span class='ocrx_word' id='word_1_726' title='bbox 2308 2834 2508 2890; x_wconf 61' lang='lat' dir='ltr'>morte„]q&#39;</span> 
     </span>
     <span class='ocr_line' id='line_1_136' title="bbox 1617 2880 2483 2933; baseline -0.003 -11"><span class='ocrx_word' id='word_1_727' title='bbox 1617 2884 1807 2922; x_wconf 88' lang='lat' dir='ltr'>currimus</span> <span class='ocrx_word' id='word_1_728' title='bbox 1834 2892 1904 2933; x_wconf 91' lang='lat' dir='ltr'>per</span> <span class='ocrx_word' id='word_1_729' title='bbox 1929 2889 2131 2933; x_wconf 85' lang='lat' dir='ltr'>peccatum</span> <span class='ocrx_word' id='word_1_730' title='bbox 2159 2881 2266 2919; x_wconf 86' lang='lat' dir='ltr'>Adae</span> <span class='ocrx_word' id='word_1_731' title='bbox 2294 2880 2334 2919; x_wconf 92' lang='lat' dir='ltr'>in</span> <span class='ocrx_word' id='word_1_732' title='bbox 2359 2881 2483 2930; x_wconf 72' lang='lat' dir='ltr'>hortos</span> 
     </span>
     <span class='ocr_line' id='line_1_137' title="bbox 1618 2933 2499 2981; baseline -0.002 -7"><span class='ocrx_word' id='word_1_733' title='bbox 1618 2936 1883 2974; x_wconf 89' lang='lat' dir='ltr'>commissum.</span> <span class='ocrx_word' id='word_1_734' title='bbox 2076 2934 2078 2939; x_wconf 76' lang='grc'>’</span> <span class='ocrx_word' id='word_1_735' title='bbox 2406 2942 2422 2952; x_wconf 66' lang='grc'><em>”</em></span> <span class='ocrx_word' id='word_1_736' title='bbox 2471 2933 2499 2981; x_wconf 46' lang='grc' dir='ltr'>’,ἦ</span> 
     </span>
    </p>

    <p class='ocr_par' dir='ltr' id='par_1_30' title="bbox 1617 2982 2678 3404">
     <span class='ocr_line' id='line_1_138' title="bbox 1670 2982 2505 3038; baseline -0.002 -12"><span class='ocrx_word' id='word_1_737' title='bbox 1670 2989 1760 3027; x_wconf 90' lang='lat' dir='ltr'>Ideo</span> <span class='ocrx_word' id='word_1_738' title='bbox 1789 2995 1920 3036; x_wconf 85' lang='lat' dir='ltr'>autem</span> <span class='ocrx_word' id='word_1_739' title='bbox 1951 2987 2122 3026; x_wconf 85' lang='lat' dir='ltr'>Salvator</span> <span class='ocrx_word' id='word_1_740' title='bbox 2156 2989 2193 3034; x_wconf 80' lang='lat' dir='ltr'>in</span> <span class='ocrx_word' id='word_1_741' title='bbox 2221 2987 2345 3033; x_wconf 71' lang='lat' dir='ltr'>aliena</span> <span class='ocrx_word' id='word_1_742' title='bbox 2373 2982 2505 3038; x_wconf 58' lang='lat' dir='ltr'>ponitui</span> 
     </span>
     <span class='ocr_line' id='line_1_139' title="bbox 1617 3032 2507 3090; baseline -0.001 -12"><span class='ocrx_word' id='word_1_743' title='bbox 1617 3047 1713 3088; x_wconf 85' lang='lat' dir='ltr'>tura,</span> <span class='ocrx_word' id='word_1_744' title='bbox 1738 3048 1781 3078; x_wconf 93' lang='lat' dir='ltr'>ut</span> <span class='ocrx_word' id='word_1_745' title='bbox 1799 3039 2034 3090; x_wconf 74' lang='lat' dir='ltr'>Augustinus</span> <span class='ocrx_word' id='word_1_746' title='bbox 2060 3039 2161 3087; x_wconf 86' lang='lat' dir='ltr'>dicit,</span> <span class='ocrx_word' id='word_1_747' title='bbox 2181 3032 2507 3090; x_wconf 14' lang='lat' dir='ltr'>inquodatuk&#39;Ses,</span> 
     </span>
     <span class='ocr_line' id='line_1_140' title="bbox 1619 3090 2573 3145; baseline -0.002 -13"><span class='ocrx_word' id='word_1_748' title='bbox 1619 3095 1704 3145; x_wconf 85' lang='lat' dir='ltr'>quia</span> <span class='ocrx_word' id='word_1_749' title='bbox 1734 3095 1809 3145; x_wconf 85' lang='lat' dir='ltr'>pro</span> <span class='ocrx_word' id='word_1_750' title='bbox 1846 3093 2006 3131; x_wconf 76' lang='lat' dir='ltr'>aliorum</span> <span class='ocrx_word' id='word_1_751' title='bbox 2043 3091 2271 3133; x_wconf 81' lang='lat' dir='ltr'>moriebatur</span> <span class='ocrx_word' id='word_1_752' title='bbox 2296 3092 2437 3136; x_wconf 51' lang='lat' dir='ltr'>salute:¹</span> <span class='ocrx_word' id='word_1_753' title='bbox 2454 3090 2498 3137; x_wconf 85' lang='lat' dir='ltr'>s</span> <span class='ocrx_word' id='word_1_754' title='bbox 2516 3112 2532 3123; x_wconf 85' lang='lat'>··</span> <span class='ocrx_word' id='word_1_755' title='bbox 2564 3122 2573 3130; x_wconf 66' lang='grc'><strong>.</strong></span> 
     </span>
     <span class='ocr_line' id='line_1_141' title="bbox 1618 3136 2672 3195; baseline -0.002 -11"><span class='ocrx_word' id='word_1_756' title='bbox 1618 3153 1741 3184; x_wconf 86' lang='lat' dir='ltr'>autem</span> <span class='ocrx_word' id='word_1_757' title='bbox 1777 3147 1906 3184; x_wconf 80' lang='lat' dir='ltr'>mortis</span> <span class='ocrx_word' id='word_1_758' title='bbox 1933 3151 1984 3183; x_wconf 86' lang='lat' dir='ltr'>est</span> <span class='ocrx_word' id='word_1_759' title='bbox 2010 3143 2270 3183; x_wconf 78' lang='lat' dir='ltr'>habitaculum.</span> <span class='ocrx_word' id='word_1_760' title='bbox 2297 3166 2324 3172; x_wconf 94' lang='lat'>—</span> <span class='ocrx_word' id='word_1_761' title='bbox 2351 3142 2428 3182; x_wconf 82' lang='lat' dir='ltr'>Per</span> <span class='ocrx_word' id='word_1_762' title='bbox 2450 3136 2549 3182; x_wconf 57' lang='lat' dir='ltr'>ti&#39;oc*</span> <span class='ocrx_word' id='word_1_763' title='bbox 2640 3169 2672 3195; x_wconf 80' lang='lat'>.‚;,</span> 
     </span>
     <span class='ocr_line' id='line_1_142' title="bbox 1618 3190 2678 3248; baseline -0.003 -11"><span class='ocrx_word' id='word_1_764' title='bbox 1618 3198 1850 3237; x_wconf 89' lang='lat' dir='ltr'>considerari</span> <span class='ocrx_word' id='word_1_765' title='bbox 1868 3205 1992 3248; x_wconf 87' lang='lat' dir='ltr'>potest</span> <span class='ocrx_word' id='word_1_766' title='bbox 2009 3197 2242 3248; x_wconf 86' lang='lat' dir='ltr'>paupertatis</span> <span class='ocrx_word' id='word_1_767' title='bbox 2265 3196 2499 3236; x_wconf 83' lang='lat' dir='ltr'>abundantia</span> <span class='ocrx_word' id='word_1_768' title='bbox 2515 3207 2588 3247; x_wconf 89' lang='lat' dir='ltr'>pro</span> <span class='ocrx_word' id='word_1_769' title='bbox 2642 3190 2678 3218; x_wconf 64' lang='grc'>-“’</span> 
     </span>
     <span class='ocr_line' id='line_1_143' title="bbox 1618 3249 2586 3301; baseline 0 -12"><span class='ocrx_word' id='word_1_770' title='bbox 1618 3252 1677 3290; x_wconf 93' lang='lat' dir='ltr'>bis</span> <span class='ocrx_word' id='word_1_771' title='bbox 1706 3259 1914 3301; x_wconf 87' lang='lat' dir='ltr'>susceptae.</span> <span class='ocrx_word' id='word_1_772' title='bbox 1943 3251 2048 3288; x_wconf 88' lang='lat' dir='ltr'>Nam</span> <span class='ocrx_word' id='word_1_773' title='bbox 2066 3250 2134 3300; x_wconf 92' lang='lat' dir='ltr'>qui</span> <span class='ocrx_word' id='word_1_774' title='bbox 2161 3250 2326 3293; x_wconf 83' lang='lat' dir='ltr'>domum</span> <span class='ocrx_word' id='word_1_775' title='bbox 2344 3249 2385 3290; x_wconf 79' lang='lat' dir='ltr'>in</span> <span class='ocrx_word' id='word_1_776' title='bbox 2402 3249 2482 3290; x_wconf 76' lang='lat' dir='ltr'>vita</span> <span class='ocrx_word' id='word_1_777' title='bbox 2504 3259 2586 3291; x_wconf 71' lang='lat' dir='ltr'>nnn</span> 
     </span>
     <span class='ocr_line' id='line_1_144' title="bbox 1620 3301 2569 3354; baseline -0.002 -13"><span class='ocrx_word' id='word_1_778' title='bbox 1620 3304 1702 3342; x_wconf 92' lang='lat' dir='ltr'>buit</span> <span class='ocrx_word' id='word_1_779' title='bbox 1719 3304 1760 3350; x_wconf 78' lang='lat'>²¹⁸,</span> <span class='ocrx_word' id='word_1_780' title='bbox 1789 3311 1876 3354; x_wconf 92' lang='lat' dir='ltr'>post</span> <span class='ocrx_word' id='word_1_781' title='bbox 1902 3310 2068 3341; x_wconf 89' lang='lat' dir='ltr'>mortem</span> <span class='ocrx_word' id='word_1_782' title='bbox 2096 3314 2254 3352; x_wconf 90' lang='lat' dir='ltr'>quoque</span> <span class='ocrx_word' id='word_1_783' title='bbox 2281 3301 2321 3340; x_wconf 91' lang='lat' dir='ltr'>in</span> <span class='ocrx_word' id='word_1_784' title='bbox 2349 3301 2473 3340; x_wconf 88' lang='lat' dir='ltr'>alieno</span> <span class='ocrx_word' id='word_1_785' title='bbox 2501 3313 2569 3352; x_wconf 87' lang='lat' dir='ltr'>sep</span> 
     </span>
     <span class='ocr_line' id='line_1_145' title="bbox 1621 3354 2634 3404; baseline -0.001 -10"><span class='ocrx_word' id='word_1_786' title='bbox 1621 3356 1851 3403; x_wconf 86' lang='lat' dir='ltr'>reconditur,</span> <span class='ocrx_word' id='word_1_787' title='bbox 1881 3363 1917 3392; x_wconf 87' lang='lat' dir='ltr'>et</span> <span class='ocrx_word' id='word_1_788' title='bbox 1944 3355 2072 3395; x_wconf 89' lang='lat' dir='ltr'>nudus</span> <span class='ocrx_word' id='word_1_789' title='bbox 2100 3354 2262 3392; x_wconf 87' lang='lat' dir='ltr'>existens</span> <span class='ocrx_word' id='word_1_790' title='bbox 2289 3367 2312 3392; x_wconf 82' lang='lat' dir='ltr'>a</span> <span class='ocrx_word' id='word_1_791' title='bbox 2330 3355 2468 3404; x_wconf 85' lang='lat' dir='ltr'>loseph</span> <span class='ocrx_word' id='word_1_792' title='bbox 2495 3364 2634 3404; x_wconf 67' lang='lat' dir='ltr'>opertu</span> 
     </span>
    </p>

    <p class='ocr_par' dir='ltr' id='par_1_31' title="bbox 1674 3404 2637 3458">
     <span class='ocr_line' id='line_1_146' title="bbox 1674 3404 2637 3458; baseline -0.002 -12"><span class='ocrx_word' id='word_1_793' title='bbox 1674 3408 1716 3446; x_wconf 91' lang='lat' dir='ltr'>ln</span> <span class='ocrx_word' id='word_1_794' title='bbox 1745 3419 1840 3447; x_wconf 75' lang='lat' dir='ltr'>novo</span> <span class='ocrx_word' id='word_1_795' title='bbox 1875 3409 2005 3446; x_wconf 86' lang='lat' dir='ltr'>autern</span> <span class='ocrx_word' id='word_1_796' title='bbox 2032 3406 2189 3458; x_wconf 89' lang='lat' dir='ltr'>ponitur</span> <span class='ocrx_word' id='word_1_797' title='bbox 2215 3415 2489 3453; x_wconf 85' lang='lat' dir='ltr'>monumento,</span> <span class='ocrx_word' id='word_1_798' title='bbox 2517 3413 2560 3444; x_wconf 88' lang='lat' dir='ltr'>ut</span> <span class='ocrx_word' id='word_1_799' title='bbox 2585 3404 2637 3444; x_wconf 80' lang='lat' dir='ltr'>Hi</span> 
     </span>
    </p>
   </div>
   <div class='ocr_carea' id='block_1_21' title="bbox 2555 3481 2739 3617">
    <p class='ocr_par' dir='ltr' id='par_1_32' title="bbox 2555 3481 2739 3617">
     <span class='ocr_line' id='line_1_147' title="bbox 2555 3481 2669 3543; baseline -0.035 -43"><span class='ocrx_word' id='word_1_800' title='bbox 2555 3481 2669 3543; x_wconf 34' lang='lat' dir='ltr'>&#39;MJT</span> 
     </span>
     <span class='ocr_line' id='line_1_148' title="bbox 2588 3523 2739 3544; baseline -0.007 0"><span class='ocrx_word' id='word_1_801' title='bbox 2588 3523 2611 3544; x_wconf 74' lang='lat' dir='ltr'>t»</span> <span class='ocrx_word' id='word_1_802' title='bbox 2712 3523 2739 3539; x_wconf 56' lang='lat' dir='ltr'>*w</span> 
     </span>
     <span class='ocr_line' id='line_1_149' title="bbox 2716 3592 2732 3617; baseline 0 0"><span class='ocrx_word' id='word_1_803' title='bbox 2716 3592 2732 3617; x_wconf 56' lang='grc' dir='ltr'><strong>ἰ</strong></span> 
     </span>
    </p>
   </div>
   <div class='ocr_carea' id='block_1_22' title="bbox 1673 3518 2265 3588">
    <p class='ocr_par' dir='ltr' id='par_1_33' title="bbox 1673 3518 2265 3588">
     <span class='ocr_line' id='line_1_150' title="bbox 1673 3518 2030 3588; baseline 0.003 -44"><span class='ocrx_word' id='word_1_804' title='bbox 1673 3518 1700 3588; x_wconf 48' lang='grc' dir='ltr'>βξ</span> <span class='ocrx_word' id='word_1_805' title='bbox 1719 3519 1754 3544; x_wconf 81' lang='lat' dir='ltr'>in.</span> <span class='ocrx_word' id='word_1_806' title='bbox 1771 3532 1791 3538; x_wconf 89' lang='lat'>—-</span> <span class='ocrx_word' id='word_1_807' title='bbox 1809 3519 1957 3550; x_wconf 64' lang='lat' dir='ltr'>Edifionen</span> <span class='ocrx_word' id='word_1_808' title='bbox 1976 3526 2030 3545; x_wconf 90' lang='lat' dir='ltr'>om.</span> 
     </span>
     <span class='ocr_line' id='line_1_151' title="bbox 1673 3553 2265 3587; baseline -0.002 -8"><span class='ocrx_word' id='word_1_809' title='bbox 1673 3562 1689 3587; x_wconf 75' lang='lat' dir='ltr'>&#39;l&#39;</span> <span class='ocrx_word' id='word_1_810' title='bbox 1719 3561 1843 3587; x_wconf 77' lang='lat' dir='ltr'>magnae.</span> <span class='ocrx_word' id='word_1_811' title='bbox 1861 3568 1880 3572; x_wconf 90' lang='lat'>-</span> <span class='ocrx_word' id='word_1_812' title='bbox 1898 3554 2018 3579; x_wconf 73' lang='lat' dir='ltr'>maxime</span> <span class='ocrx_word' id='word_1_813' title='bbox 2035 3553 2109 3578; x_wconf 77' lang='lat' dir='ltr'>tertia</span> <span class='ocrx_word' id='word_1_814' title='bbox 2127 3557 2228 3587; x_wconf 68' lang='lat' dir='ltr'>praeter</span> <span class='ocrx_word' id='word_1_815' title='bbox 2246 3553 2265 3578; x_wconf 85' lang='grc' dir='ltr'>Ι.</span> 
     </span>
    </p>
   </div>
  </div>
 </body>
</html>
