2872 3970
224 359 464 410 mysterium,
501 366 656 408 propter
682 358 761 395 tria.
804 357 934 394 Primo
963 357 1140 406 quidem,
1169 366 1211 395 ut
1238 358 1277 394 in

223 476 341 514 quam
381 463 636 500 mediantibus
671 463 811 510 angelis
848 462 976 499 divina
1013 463 1062 500 ad
1100 462 1276 500 homines

221 516 459 567 perveniunt.
489 515 600 553 Unde
627 515 716 553 dicit
742 515 969 564 Dionysius,
998 527 1031 552 1v
1059 528 1141 564 cap.
1175 516 1274 553 Cael.

118 606 133 619 .
221 570 342 616 Hier„
370 568 476 618 quod
503 568 667 606 divinum
695 569 779 604 Iesu
807 570 1039 617 benignitatis
1059 570 1275 616 mysterium

114 622 133 626 ’
220 621 349 672 angeli
373 622 540 670 primum
568 621 687 657 edocti
709 626 812 657 sunt:
839 626 968 669 postea
997 633 1069 670 per
1096 623 1192 670 ipsos
1228 621 1279 658 ad

137 688 141 699 ¹
183 673 186 675 ’
221 685 288 712 nos
313 674 531 723 cognitionis
556 674 682 722 gratia
708 674 884 710 transivit.
914 675 974 710 Sic
993 675 1106 723 igitur
1133 674 1275 710 divinis-

134 723 141 730 *
219 716 332 774 simus
362 722 514 762 Gabriel
546 725 770 762 Zachariam
806 725 950 774 quidem
982 726 1134 763 docebat
1151 724 1165 747 ὃ
1187 738 1275 775 pro-

242 770 365 827 'hetam
383 788 460 814 esse
465 778 642 826 futurum
661 788 711 814 ex
729 779 827 827 ipso:
846 779 1016 815 Mariam
1035 783 1169 823 autem,
1191 790 1275 827 quo-

215 787 332 868 {todo
346 831 385 877 in
405 831 484 881 ipsa
494 831 608 878 fieret
626 830 875 867 thearchicam
899 829 1094 879 ineffabilis
1111 831 1184 867 Dei
1190 831 1275 879 for-

219 876 390 933 {nationis
415 883 643 931 mysterium.

220 979 239 986 .,
259 934 464 982 Secundo,
493 935 569 972 hoc
595 934 664 972 fuit
692 934 925 972 conveniens
953 934 1178 984 reparationi
1205 935 1275 972 hu-

218 984 368 1032 manae,
384 998 483 1036 quae
501 987 628 1024 futura
641 995 720 1024 erat
733 999 803 1036 per
818 987 1023 1024 Christum.
1045 988 1155 1025 Unde
1170 987 1276 1024 Beda

219 1039 321 1088 dicit,
346 1039 388 1076 in
414 1039 583 1078 Homilia
601 1040 638 1076 *ε
666 1041 804 1090 Aptum
832 1041 1020 1077 humanae
1044 1041 1275 1077 restauratio-

218 1091 277 1131 riis
300 1093 528 1143 principium
562 1098 601 1129 ut
633 1093 789 1142 angelus
823 1105 847 1130 a
877 1093 959 1129 Deo
991 1093 1192 1130 mitteretur
1227 1093 1278 1130 ad

180 1177 190 1189 ,
220 1142 416 1196 “Virginem
428 1150 543 1195 partu
562 1145 853 1183 consecrandam
873 1145 1016 1183 divino:
1044 1147 1129 1195 quia
1146 1147 1275 1196 prima

35 1235 40 1241 ,
151 1204 191 1227 >³⁵³
232 1197 428 1247 “sditionss
454 1197 642 1235 humanae
657 1199 736 1246 fuit
754 1210 867 1235 causa
887 1210 972 1235 cum
990 1209 1139 1248 serpens
1158 1211 1181 1235 a
1200 1198 1274 1235 dia-

26 1260 28 1266 ⁴
116 1248 154 1302 ,ζ
212 1207 307 1300 {giro
327 1251 535 1288 mittebatur
561 1250 612 1288 ad
637 1250 829 1288 mulierem
855 1252 983 1300 spiritu
1001 1252 1195 1300 superbiae
1217 1250 1274 1288 de-

110 1307 151 1326 ‘⁵
198 1300 434 1353 effluendum.

127 1355 178 1400 ἤϊ’ῑζ
218 1357 226 1392 ἶ
249 1348 413 1402 ’ὶΤέι-ῒῇο,
440 1354 532 1405 quia
558 1356 634 1393 hoc
661 1355 894 1404 congruebat
920 1355 1120 1403 virginitati
1143 1354 1275 1392 Matris

133 1426 145 1446 s.
207 1396 300 1455 Dei.
329 1406 440 1445 Unde
460 1406 722 1458 Hieronymus
741 1408 841 1452 dicit,
861 1407 901 1445 in
921 1408 1107 1446 Sermone
1125 1409 1275 1445 Assum-

118 1461 194 1497 fad
210 1456 348 1511 ffliomls
364 1459 405 1497 ¹¹⁵.-
421 1461 525 1498 Bene
543 1461 699 1510 angelus
717 1461 769 1498 ad
792 1462 983 1511 Virginem
1002 1463 1171 1498 mittitur:
1190 1463 1275 1510 quia

137 1518 143 1523 ²
183 1536 191 1549 2
213 1522 359 1564 semper
385 1519 435 1550 est
461 1513 605 1563 angelis
624 1519 786 1564 cognata
803 1515 1008 1564 virginitas.
1037 1514 1208 1562 Profecto
1236 1526 1274 1550 m

214 1573 330 1610 carne
350 1571 503 1615 praeter
529 1578 682 1603 carnem
709 1568 833 1604 vivere
859 1579 934 1603 non
953 1572 1101 1603 terrena
1119 1568 1193 1604 vita
1212 1572 1273 1613 est,

215 1612 282 1665 &sed
304 1618 477 1655 caelestis.

215 1669 233 1683 ²²
267 1670 326 1708 An
353 1682 488 1708 PRIMUM
516 1682 614 1708 ERGO
633 1683 814 1708 DICENDUM
842 1671 948 1720 quod
975 1672 1100 1708 Mater
1117 1671 1189 1708 Dei
1213 1684 1274 1708 su-

214 1722 344 1775 perior
380 1731 458 1760 erat
493 1723 634 1772 angelis
669 1731 859 1773 quantum
887 1722 942 1761 'ad
970 1723 1189 1772 dignitatem
1225 1724 1274 1761 ad

122 1779 131 1786 ”
216 1778 336 1827 ¹quam
365 1775 546 1813 divinitus
574 1776 791 1824 eligebatur.
822 1776 898 1814 Sed
927 1784 1116 1825 quantum
1135 1777 1184 1813 ad
1203 1784 1274 1814 sta-

122 1857 131 1874 2
151 1870 155 1873 ,
214 1834 298 1865 *rum
327 1827 535 1878 praesentis
562 1828 674 1875 vitae,
703 1829 858 1866 inferior
884 1837 963 1866 erat
990 1829 1142 1878 angelis
1172 1828 1275 1876 Quia

170 1913 174 1916 .
200 1878 332 1932 petiam
359 1879 440 1931 ipse
469 1880 652 1928 Christus,
680 1881 825 1919 ratione
853 1881 1039 1930 passibilis
1066 1881 1177 1926 vitae,
1197 1894 1273 1919 mo-

216 1932 297 1985 dico
324 1935 372 1971 ab
393 1933 537 1984 angelis
563 1936 768 1971 minoratus
786 1940 847 1981 est,
868 1941 910 1971 ut
937 1933 1074 1971 dicitur
1091 1934 1189 1971 Heb.
1206 1945 1227 1971 11
1240 1933 1271 1970 *.

217 1984 294 2033 Sed
321 1984 413 2035 qm'a
434 1993 566 2023 tamen
586 1986 758 2024 Christus
777 1992 790 2008 ε
817 1986 886 2024 fuit
903 1986 1026 2024 viator
1044 1994 1080 2023 et
1099 1998 1273 2036 compre-

138 2047 146 2069 ·'
200 2037 370 2085 hemor,
395 2046 584 2088 quantum
608 2039 656 2076 ad
676 2039 934 2087 cognitionem
951 2039 1175 2076 divinorum
1193 2050 1274 2076 non

214 2089 405 2139 indigebat
431 2091 480 2128 ab
508 2091 648 2140 angelis
675 2091 820 2129 instrui.
851 2092 927 2129 Sed
944 2092 1069 2129 Mater
1086 2091 1159 2129 Dei
1177 2104 1273 2129 non-

117 2174 151 2194 „9
215 2143 312 2188 dum
339 2151 418 2181 erat
445 2143 485 2181 in
504 2152 603 2181 statu
622 2146 1005 2194 comprehensorum.
1035 2145 1084 2181 Et
1110 2144 1198 2181 ideo
1226 2144 1274 2181 de

181 2238 186 2243 .
216 2189 346 2234 divino
374 2204 564 2246 conceptu
590 2208 660 2246 per
687 2199 841 2246 angelos
869 2196 1091 2234 instruenda
1117 2204 1207 2234 erat.

267 2249 325 2286 An
344 2260 533 2287 secunaum
559 2261 740 2288 memnon
768 2250 887 2299 quod,
917 2249 1012 2287 sicut
1039 2249 1274 2297 Augustinus

125 2405 127 2410 .
266 2379 293 2415 ὃ)
311 2381 430 2409 docebat.
446 2395 466 2400 —
484 2381 532 2407 Ed.
549 2388 582 2411 a;
600 2381 691 2407 docuit
709 2381 759 2412 PF,
778 2380 826 2415 (ad
844 2381 1003 2406 Zachariam
1024 2381 1129 2413 quidem
1149 2381 1214 2415 nbc)
1232 2381 1273 2406 di-

51 2414 65 2434 J
117 2416 139 2438 ‘⁴³
179 2442 186 2450 ⁶
213 2415 289 2442 vebat
307 2416 392 2442 ceteri.
409 2430 429 2436 —
445 2417 496 2442 Pro
509 2417 679 2448 prophetam,
695 2417 857 2449 propheram
877 2417 1002 2442 Ioannem
1020 2417 1102 2442 tex-tls.
1114 2431 1134 2436 -
1149 2416 1200 2442 Pro
1218 2424 1274 2442 esse

113 2465 147 2480 ,ῑ-,
207 2452 337 2486 Μαίη
355 2459 392 2477 ex
410 2451 476 2484 ipso,
494 2459 532 2478 ex
550 2453 608 2484 {pso
625 2452 790 2478 nasciturum
809 2452 838 2477 P.

122 2494 127 2502 ·
149 2491 151 2493 ’
266 2495 281 2513 ι
308 2487 376 2521 quia
393 2491 482 2514 tamen
503 2487 632 2514 Giris-tus.
649 2502 669 2507 -
685 2488 750 2520 quia
770 2488 890 2513 Christus
907 2488 938 2519 E,
957 2491 1045 2512 tamen
1067 2488 1131 2521 quia
1152 2487 1272 2513 Christus

215 2519 260 2552 m
317 2541 324 2554 ,
344 2526 431 2548 tamen
451 2522 515 2556 quia
532 2521 606 2556 (quta
624 2526 712 2548 tamen
732 2522 752 2557 Ι)
774 2522 895 2548 Christus
912 2523 992 2548 simul
1010 2522 1050 2548 ΡΙ.

217 2707 345 2773 Tum,
346 2707 382 2728 us
412 2698 523 2729 clarus.
545 2715 570 2720 -
599 2698 635 2728 In
659 2707 792 2739 corpore
815 2699 911 2729 unica
939 2698 1118 2729 conclusio:
1149 2698 1273 2729 Conve-

248 2776 263 2781 „
277 2742 366 2774 niens
405 2742 454 2772 uit
474 2742 665 2772 annuntiari
679 2752 743 2783 per
765 2743 928 2784 angelum,
956 2748 1016 2773 etc.
1047 2743 1203 2773 Probatur
1220 2743 1273 2772 tri-

251 2784 258 2793 '
279 2786 346 2817 iter.
1004 2790 1006 2792 '

134 2858 138 2864 ,
215 2784 308 2860 phem
332 2829 368 2860 In
389 2830 648 2870 responsionibus
671 2829 711 2860 ad
726 2830 865 2871 primum
890 2835 921 2860 et
943 2830 1130 2867 secundum,
1147 2829 1272 2860 adverte

134 2875 158 2900 κ’
216 2872 448 2909 discretionem,
469 2873 556 2910 dum,
579 2873 687 2914 quoad
709 2872 854 2905 ordinem
876 2873 1091 2905 instructionis
1113 2875 1272 2904 humanae

216 2916 430 2948 mediantibus.
447 2918 577 2958 angelis,
599 2918 808 2958 Beatavirgo
827 2918 890 2958 legi
905 2919 1072 2949 communi
1090 2918 1271 2949 subiicitur:

130 2982 154 3002 3.
216 2960 325 3001 quoad
346 2960 492 2992 ordinem
513 2971 589 2992 vero
611 2962 826 2992 instructionis
849 2962 1021 2992 mulierum
1036 2972 1055 2992 a
1069 2963 1152 2998 viris,
1175 2962 1273 2992 Beata

134 3007 135 3010 ’
185 3023 189 3027 „
216 3002 314 3046 Virgo
337 3014 356 3035 a
375 3005 542 3036 communi
556 3005 628 3045 lege
649 3006 811 3046 excipitur.
836 3005 972 3045 Oportet
990 3015 1066 3046 ergo
1081 3005 1272 3046 pmdentem

216 3044 286 3083 &sse
307 3047 473 3080 doctorem
495 3048 536 3079 ad
558 3050 793 3080 occurrentium
815 3049 952 3080 rationes
976 3049 1212 3080 discernendas:
1237 3054 1273 3080 ut

126 3094 159 3132 ζ
217 3091 295 3125 sciat
315 3091 349 3123 in
372 3101 438 3133 quo
462 3093 679 3123 communicat
702 3101 776 3123 cum
799 3093 882 3129 aliis,
915 3098 947 3123 et
971 3093 1004 3123 in
1028 3102 1094 3133 quo
1126 3093 1273 3124 eximitur

122 3141 141 3157 “-
174 3174 192 3179 ,⁷
217 3132 331 3167 ‘alihis
351 3145 433 3176 quae
456 3136 606 3166 omnibus
629 3136 697 3166 aliis
719 3137 905 3167 communia
926 3141 1010 3167 sunt.

400 2786 487 2816 mnia
509 2785 591 2816 clara
613 2791 686 2816 sunt
707 2787 742 2816 in
764 2786 874 2817 littera.
899 2787 902 2793 '

907 278 1168 325 QUAESTIO
1198 280 1325 328 XXX,
1354 279 1645 317 ARTICULUS
1673 280 1703 316 11

2312 279 2385 327 317

1329 359 1428 403 dicit,
1459 359 1497 395 in
1527 360 1713 396 Sermone
1738 360 1782 395 de
1800 359 2058 408 Assumptione
2075 359 2105 406 ²¹⁶,
2135 360 2251 396 Beata
2270 359 2386 407 Virgo

1330 463 1523 512 excipitur.
1562 463 1665 511 Quia
1695 476 1761 500 nec
1797 469 1990 512 conceptus
2022 464 2289 512 multiplicavit,
2320 476 2387 501 nec

1328 519 1394 553 sub
1421 518 1511 562 viri,
1541 516 1636 553 idest
1662 515 1798 558 mariti,
1822 521 1998 565 potestate
2014 517 2092 563 fuit
2113 516 2150 561 ²⁸,
2180 529 2274 565 quae
2301 518 2386 553 inte-

1328 571 1503 618 gerrimis
1520 571 1716 606 visceribus
1736 569 1781 605 de
1800 570 1934 617 Spiritu
1954 570 2087 605 Sancto
2111 569 2294 605 Christum
2313 581 2386 606 sus-

1329 622 1431 670 cepit.
1471 622 1518 658 Et
1546 621 1632 658 ideo
1662 633 1741 657 non
1765 620 1895 657 debuit
1924 620 2114 657 mediante
2142 620 2224 657 viro
2254 621 2386 657 instrui

1329 674 1377 710 de
1405 673 1586 723 mysterio
1615 673 1901 719 incarnationis,
1931 673 1997 709 sed
2026 672 2216 709 mediante
2239 675 2384 721 angelo.

1329 727 1490 775 Propter
1508 726 1614 775 quod
1633 725 1748 762 etiam
1767 725 1848 774 ipsa
1872 724 1977 774 prius
1996 733 2051 762 est
2069 725 2248 762 instructa
2267 738 2386 775 quam

1328 779 1484 827 Ioseph:
1514 790 1605 815 nam
1635 778 1717 827 ipsa
1744 777 1923 814 instructa
1950 785 2005 814 est
2033 785 2118 814 ante
2142 785 2385 827 conceptum,

1328 832 1466 880 Ioseph
1494 838 1624 868 autem
1651 838 1737 879 post
1765 830 1846 867 eius
1874 837 2104 879 conceptum
2122 829 2153 866 ³¹².

1381 884 1437 919 An
1456 895 1613 920 TERTHJM
1632 895 1812 920 D1CENDUM
1832 883 1949 931 quod,
1966 882 2061 919 sicut
2079 889 2181 932 patet
2199 895 2245 919 ex
2260 891 2386 920 aucto-

1328 934 1433 972 ritate
1455 935 1629 985 Dionysii
1648 935 1802 972 inducta
1819 935 1850 982 ⁹¹³,
1874 935 1995 983 angeli
2015 934 2283 972 incarnationis
2302 948 2385 985 my-

1328 987 1486 1024 sterium
1505 995 1786 1035 cognoverunt:
1812 987 1878 1024 sed
1898 995 2026 1024 tamen
2045 988 2286 1036 interrogant,
2301 1000 2386 1037 per-

1327 1039 1459 1077 fectius
1494 1040 1587 1077 scire
1616 1040 1811 1090 cupientes
1839 1053 1862 1077 a
1891 1040 2040 1077 Christo
2070 1040 2185 1077 huius
2217 1040 2386 1090 mysterii

1328 1092 1492 1129 rationes
1508 1122 1517 1139 ,
1565 1105 1663 1142 quae
1705 1100 1793 1129 sunt
1833 1092 2237 1142 incomprehensibiles
2278 1093 2385 1130 omni

1328 1151 1453 1182 creato
1490 1145 1703 1182 intellectui.
1746 1145 1856 1182 Unde
1892 1145 2085 1182 Maximus
2120 1145 2252 1182 dicit*
2279 1146 2385 1195 quod

1328 1203 1450 1234 utrum
1478 1197 1606 1247 angeli
1627 1199 1869 1247 cognoverint
1885 1198 2059 1245 futuram
2079 1199 2384 1245 incarnationem,

1327 1252 1519 1300 ambigere
1547 1263 1621 1287 non
1651 1256 1800 1299 oportet.
1832 1251 1954 1286 Latuit
1972 1256 2094 1286 autem
2114 1263 2174 1287 eos
2193 1252 2385 1300 investiga-

1327 1303 1407 1340 bilis
1433 1304 1588 1340 Domini
1605 1304 1804 1353 conceptio,
1825 1308 1932 1352 atque
1959 1302 2089 1339 modus
2114 1303 2268 1352 qualiter
2295 1309 2387 1340 totus

1328 1357 1365 1392 in
1398 1355 1582 1401 Genitore,
1611 1360 1704 1392 totus
1732 1357 1904 1392 manebat
1932 1357 1968 1391 in
1998 1357 2185 1402 omnibus,
2215 1367 2283 1392 nec
2311 1368 2384 1392 non

1328 1414 1360 1444 et
1387 1409 1424 1445 in
1461 1409 1623 1458 Virginis
1650 1408 1790 1445 cellula.

1381 1461 1438 1497 AD
1458 1471 1628 1503 QUARTUM
1647 1472 1827 1498 DtCENDUM
1855 1460 1962 1509 quod
1982 1460 2140 1510 quidam
2161 1460 2291 1497 dicunt
2311 1460 2385 1497 Ga-

1327 1512 1487 1550 brielem
1513 1512 1627 1550 fuisse
1655 1513 1703 1549 de
1723 1524 1906 1562 supremo
1926 1513 2080 1550 ordine:
2109 1520 2266 1563 propter
2283 1512 2385 1550 hoc<

1328 1566 1434 1615 quod
1455 1565 1660 1613 Gregorius
1679 1565 1768 1603 dicit
1788 1567 1826 1602 *z
1850 1567 2044 1603 Summum
2063 1567 2240 1616 angelum
2259 1567 2386 1603 venire

1328 1619 1484 1668 dignum
1501 1619 1651 1666 suerat,
1687 1620 1750 1668 qui
1773 1630 1960 1655 summum
1988 1620 2154 1655 omnium
2183 1620 2382 1655 nuntiabat.

1329 1671 1406 1708 Sed
1441 1683 1487 1708 ex
1515 1672 1591 1708 hoe
1627 1681 1707 1707 non
1739 1671 1902 1708 habetur
1937 1671 2044 1720 quod
2071 1671 2181 1708 fuerit
2208 1683 2385 1708 summus

1328 1723 1424 1760 inter
1456 1734 1592 1760 omnes
1625 1723 1795 1770 ordines,
1832 1724 1898 1760 sed
1931 1731 2104 1772 respectu
2139 1725 2382 1771 angelorum:

1326 1775 1395 1812 fuit
1422 1775 1527 1812 enirn
1550 1775 1598 1812 de
1618 1775 1752 1812 ordine
1771 1777 2099 1824 archangelorum.
2127 1776 2239 1813 Unde
2259 1783 2295 1812 et
2313 1776 2384 1813 Ec-

1327 1827 1440 1865 clesia
1468 1839 1559 1865 eum
1584 1829 1856 1876 archangelum
1879 1827 2053 1865 nominat
2070 1828 2103 1875 *,
2123 1836 2159 1865 et
2178 1828 2384 1876 Gregorius

1327 1880 1407 1930 ipse
1435 1880 1533 1927 dicit,
1562 1880 1602 1917 in
1624 1880 1793 1917 Homilia
1820 1882 1866 1917 de
1887 1882 2041 1918 Centum
2066 1881 2200 1927 Ovibus
2218 1881 2248 1927 ³¹⁸,
2278 1881 2385 1930 quod

1325 1933 1546 1983 archangeli
1571 1934 1741 1970 dicuntur
1769 1935 1832 1983 qui
1855 1946 2002 1970 summa
2025 1935 2256 1970 annuntiant.
2287 1933 2384 1971 Satis

1327 1993 1382 2023 est
1409 1998 1499 2034 ergo
1518 1985 1696 2023 credibile
1715 1987 1823 2035 quod
1846 1985 1892 2023 sit
1919 1998 2096 2023 summus
2115 1986 2154 2023 in
2174 1985 2307 2023 ordine
2327 1998 2384 2023 ar-

1326 2038 1612 2086 changelorum.
1642 2039 1700 2085 Et,
1721 2038 1817 2075 sicut
1835 2038 2041 2087 Gregorius
2065 2038 2153 2076 dicit
2170 2039 2201 2086 ’¹‘‚
2223 2039 2298 2076 hoc
2316 2051 2385 2076 no-

1327 2103 1419 2128 men
1446 2090 1574 2128 officio
1594 2103 1665 2128 suo
1694 2091 1885 2139 congruit:
1920 2092 2072 2128 Gabriel
2098 2091 2200 2128 enim
2220 2093 2294 2128 Dei
2299 2093 2385 2140 for-

1327 2144 1438 2181 titudo
1468 2145 1691 2180 nominatur.
1719 2145 1794 2181 Per
1810 2145 1884 2181 Dei
1900 2155 1992 2194 ergo
2006 2144 2267 2192 fortitudinem
2294 2157 2385 2182 nun-

1328 2196 1493 2233 tiandum
1519 2202 1599 2233 erat
1617 2198 1702 2246 quia
1721 2202 1740 2223 η
1758 2198 1932 2234 virtutum
1950 2197 2133 2233 Dominus
2151 2203 2184 2234 et
2196 2202 2328 2247 potens
2346 2199 2384 2234 in

1323 2249 1469 2298 praelio
1497 2249 1548 2286 ad
1573 2249 1806 2286 debellandas
1828 2255 2022 2299 potestates
2049 2261 2178 2287 aereas
2204 2251 2382 2287 veniebat.

1378 2380 1405 2450 §li
1423 2381 1602 2442 iltioe‘iiti-anghnm
1616 2381 1681 2442 {fiat
1694 2416 1765 2448 quia.
1777 2430 1796 2435 -
1809 2416 1985 2441 nuntiandum
2004 2419 2063 2440 erat
2081 2416 2152 2448 quod
2164 2415 2193 2446 E,
2207 2416 2384 2441 nuntiandum

1325 2455 1386 2477 erat
1397 2452 1444 2485 qui
1456 2452 1487 2482 G.
1501 2452 1664 2477 nuntiandus
1682 2455 1741 2477 erat
1758 2451 1821 2484 quia
1833 2451 1851 2480 1,
1865 2451 2029 2476 nuntiandus
2046 2454 2106 2476 erat
2119 2451 2165 2483 qui
2177 2452 2200 2476 H
2214 2456 2239 2476 et
2252 2451 2384 2477 editiones.

885 2609 1218 2642 commentaria
1239 2607 1492 2642 cardinatis
1514 2608 1713 2641 Caietam

1381 2698 1432 2729 111.
1449 2698 1485 2728 In
1506 2699 1714 2738 responsione
1737 2697 1777 2728 ad
1797 2703 1955 2738 quartum,
1972 2697 2097 2728 adverte
2113 2697 2211 2738 quod,
2228 2699 2383 2738 quamvis,

1326 2743 1352 2773 si
1368 2742 1408 2772 ad
1429 2742 1683 2782 magnitudinem
1699 2742 1933 2772 annuntiandae
1948 2751 2104 2782 personae
2119 2742 2191 2772 Filii
2206 2742 2266 2772 Dei
2282 2742 2383 2772 incar-

1325 2785 1450 2817 nandae
1471 2791 1646 2826 spectetur,
1678 2795 1845 2825 supremus
1867 2786 2051 2826 seraphinus
2079 2785 2237 2816 debuisset
2260 2795 2383 2822 annun-

1325 2831 1420 2867 tiare;
1451 2830 1526 2870 quia
1549 2835 1656 2860 tamen
1679 2830 1865 2859 annuntiare
1889 2829 1948 2859 Dei
1971 2830 2112 2859 Verbum
2142 2829 2223 2859 infra
2244 2829 2383 2860 latitudi-

1325 2883 1401 2904 nem
1424 2872 1521 2904 officii
1543 2873 1757 2904 annuntiantis
1775 2872 1939 2908 clauditur,
1962 2882 2030 2903 non
2046 2872 2155 2903 debuit
2169 2873 2282 2912 aliquis
2298 2879 2384 2904 extra

1326 2918 1497 2957 deputatos
1517 2917 1557 2947 ad
1581 2916 1849 2952 annuntiandum,
1873 2917 1956 2947 mitti
1985 2916 2024 2947 ad
2052 2916 2324 2954 annuntiandum-;
2346 2923 2383 2948 ut

1326 2963 1434 2992 omnia
1455 2961 1600 2992 suaviter
1621 2971 1639 2990 a
1662 2960 1767 2991 divina
1789 2959 1987 2999 providentia
2014 2960 2260 3000 disponerentur
2284 2962 2310 2991 ἦ
2341 2962 2383 2992 Et

1325 3010 1493 3045 propterea
1514 3014 1582 3035 non
1613 3004 1721 3034 debuit
1743 3005 1864 3043 primus
1894 3004 2078 3044 seraphinus
2102 3005 2302 3041 annuntiare,
2326 3005 2382 3036 sed

1325 3058 1492 3089 supremus
1515 3049 1596 3078 inter
1619 3047 1832 3088 archangelos.

2417 369 2426 378 ⁶
2448 368 2483 389 De
2510 368 2628 395 Assumpt.

2413 394 2441 415 B.
2448 394 2480 416 M.
2492 394 2513 415 V.
2523 395 2606 416 lib.un.
2616 406 2626 410 -

223 414 299 450 hoc
323 411 436 449 etiam
455 419 668 448 servaretur
685 410 815 447 divina
834 410 1033 457 ordinatio,
1063 411 1276 448 secundum
1329 411 1452 448 Maria
1473 424 1563 448 vera
1584 411 1856 448 existimatione
1873 411 1921 448 ab
1941 411 2130 460 aliquibus
2149 411 2386 459 generalibus
2414 421 2475 442 1nter
2489 421 2550 448 opp·
2564 421 2627 447 Aug-

2415 521 2425 531 ⁴
2445 520 2501 542 Gen.
2522 526 2571 548 cap.
2593 526 2626 547 ιη,

2414 553 2472 568 vers.
2489 547 2523 568 16.

2414 833 2424 843 ’
2442 832 2521 854 Manh.
2543 838 2593 860 cap.
2609 838 2625 858 ι,

2414 865 2472 880 vers.
2488 865 2524 880 20.

2414 945 2424 955 ⁸
2437 945 2462 966 In
2476 950 2581 972 corpore.

2414 1152 2423 1162 ⁸
2432 1151 2526 1173 Maxim.
2537 1151 2624 1173 Abba«.

2414 1178 2584 1204 Quae-stiones„
2590 1178 2625 1199 In·

2413 1206 2504 1232 terrog.
2518 1204 2623 1232 etResp.,

2412 1236 2472 1258 resp.
2479 1221 2513 1252 ιὰ)
2515 1231 2624 1258 interrog.

2412 1262 2467 1278 xmx.

2509 1516 2523 1545 ζ

2414 1574 2423 1583 ·
2434 1573 2519 1594 Homil.
2529 1573 2558 1594 de
2566 1573 2625 1595 Cen-

2413 1601 2465 1620 tum.
2494 1599 2560 1621 Ovib.
2595 1601 2623 1621 al.

2412 1617 2625 1648 xxxwinfiiaean-

2409 1652 2467 1680 gel„
2482 1658 2546 1674 num.
2561 1652 2582 1674 8.

2413 1841 2422 1851 ·
2438 1840 2473 1862 Cf.
2488 1847 2536 1868 arg.

2412 1885 2422 1895 ⁸
2437 1884 2492 1906 Loc.
2507 1885 2546 1906 cit.

2413 2050 2498 2077 'Ibid.‚
2516 2056 2579 2072 num.
2600 2057 2622 2078 9.

2409 2965 2420 2976 ⁸
2432 2965 2490 2993 Sap.
2505 2971 2554 2994 cap.
2569 2972 2620 2993 vni,

2410 2998 2467 3013 vers.
2485 2999 2504 3014 ι.
