2872 3970
101 1796 126 1814 ιι.
137 1796 159 1812 n.
172 1795 206 1812 ιο.
215 1800 226 1804 -

113 1817 164 1839 lect.
177 1822 211 1838 ιιι.

939 296 1203 346 QUAEsrio
1233 299 1316 345 vn,
1349 298 1640 335 ARTlcULus
1669 299 1718 334 xl

2344 311 2408 337 121

916 404 1249 436 Commentaria
1272 402 1520 435 Cardinalis
1542 403 1742 435 Caietani

307 494 410 515 ivaE
434 490 469 515 ut
492 494 559 514 non
576 483 676 514 desim
698 483 832 522 gratiae,
855 491 912 522 par
929 487 975 511 est
997 487 1032 511 ut
1054 486 1207 520 coeptum
1223 490 1305 520 opus

246 497 556 569 Dprosequamur:
589 532 620 557 et
643 531 764 566 quanto
789 525 924 565 amplius
947 525 1023 561 Dei,
1047 524 1306 563 Sanctissimique

246 572 378 603 Domini
408 571 515 602 Nostri
545 570 663 600 Leonis
693 569 818 599 Decimi
847 567 1010 598 Pontificis
1039 568 1168 598 Maximi
1198 568 1305 607 gratia,

248 615 404 646 Cardinea
431 624 483 645 me
512 614 661 654 dignitate
690 613 852 648 attollens,
877 611 1064 647 abundavit,
1095 617 1183 642 tanto
1208 612 1306 651 magis

247 659 349 690 debeo
366 659 437 689 Iesu
453 658 569 688 Christi
584 657 742 698 mysteria,
758 656 984 695 Ecclesiaeque
1000 660 1204 690 sacramenta,
1221 664 1307 685 scru-

247 703 305 733 tari
327 703 361 732 in
384 702 555 742 lucemque
578 700 729 742 proferre.
754 700 827 730 Hoc
843 700 937 739 igitur
956 699 1071 730 eodem
1087 708 1183 733 anno,
1199 698 1307 728 salutis

248 745 378 786 quidem
408 745 577 775 millesimo
607 744 862 784 quingentesimo
887 742 1168 783 decimoseptimo,
1200 743 1307 772 aetatis

248 795 356 820 autem
385 789 531 829 propriae
562 797 651 818 nono
683 797 776 827 supra
800 786 1094 827 quadragesimum,
1121 786 1308 816 inchoatum

249 842 331 873 opus
361 833 411 863 die
442 831 633 862 duodecima
663 831 882 861 Cardinalatus
912 831 1007 860 simul
1035 835 1066 860 et
1093 830 1209 860 mensis
1237 830 1308 859 Iulii

248 875 488 916 prosequend0‚
512 875 641 906 titulum
663 875 759 905 huius
782 874 944 904 undecimi
968 874 1090 904 articuli
1114 874 1308 913 quaestionis

249 921 402 960 septimae
424 919 666 959 intelligendum
689 924 725 949 ut
747 924 839 948 sonat
862 917 1007 948 dicimus.

303 963 340 994 II.
366 964 401 994 In
424 972 559 1003 corpore
583 963 707 997 articuli
728 961 938 1002 respondetur
961 962 1105 1002 quaesito
1136 960 1308 991 dividendo

250 1012 281 1037 et
304 1006 587 1046 subdistinguendo
612 1007 656 1036 sic
680 1006 778 1046 quod,
802 1006 888 1036 iuxta
904 1006 961 1035 tria
976 1006 1119 1036 membra
1135 1004 1309 1035 distinctio-

249 1051 308 1086 nis,
328 1051 427 1081 tn'bus
449 1050 708 1080 conclusionibus
733 1049 951 1090 respondetur.
975 1050 1097 1079 Divisio
1122 1053 1176 1079 est.
1203 1048 1310 1079 Gratia

251 1093 366 1125 Christi
389 1094 522 1134 duplex:
553 1094 604 1124 vel
634 1094 778 1129 unionis;
809 1093 859 1123 vel
889 1094 1065 1123 habitualis.
1088 1111 1111 1115 —
1134 1092 1310 1123 Subdistin-

251 1139 314 1170 ctio
338 1144 393 1168 est.
423 1138 529 1168 Gratia
553 1138 718 1167 habitualis
742 1137 909 1176 dupliciter
932 1137 1165 1167 consideratur:
1189 1136 1239 1166 vel
1263 1145 1310 1166 se-

251 1182 393 1213 cundum
415 1182 571 1212 rationem
595 1182 691 1217 entis;
715 1181 766 1211 vel
782 1180 959 1211 secundum
975 1181 1130 1210 rationem
1146 1180 1271 1220 gratiae.
1288 1198 1311 1202 —

250 1225 344 1257 Unde
367 1230 564 1264 consurgunt
587 1226 644 1255 tria
666 1225 825 1260 membra,
850 1224 1012 1254 videlicet:
1043 1225 1141 1264 gratia
1164 1224 1309 1260 unionis;

250 1270 348 1310 gratia
370 1269 536 1299 habitualis
559 1274 595 1298 ut
618 1278 690 1304 ens;
714 1269 812 1307 gratia
834 1268 1000 1298 habitualis
1024 1273 1059 1298 ut
1081 1268 1188 1308 gratia.

305 1312 409 1343 Ρτίιῑιει
432 1312 608 1347 conclusio,
625 1312 710 1342 iuxta
728 1313 868 1351 primum
891 1312 1081 1347 membrum,
1106 1316 1168 1341 est:
1196 1311 1311 1341 Gratia

251 1356 381 1388 unionis
404 1361 450 1386 est
472 1356 608 1397 infinita.
631 1355 796 1386 Probatur.
820 1356 910 1386 Uniri
928 1356 1135 1395 personaliter
1153 1355 1234 1385 Filio
1251 1355 1311 1385 Dei

252 1406 298 1431 est
319 1399 496 1431 infinitum:
522 1399 700 1430 secundum
723 1399 812 1439 quod
832 1400 900 1439 ipsa
915 1407 1052 1438 persona
1066 1399 1163 1429 Verbi
1179 1404 1225 1429 est
1240 1398 1311 1429 infi-

217 1463 223 1473 ‚
250 1445 326 1475 nita.
349 1442 434 1484 Ergo
450 1444 548 1483 gratia
563 1444 691 1474 unionis
708 1449 754 1473 est
769 1443 901 1474 infinita.
927 1443 999 1478 Ubi,
1016 1444 1102 1474 iuxta
1117 1444 1272 1483 promissa
1283 1444 1310 1479 ὕ,

218 1489 223 1494 “
252 1493 383 1529 expecta
406 1487 525 1518 calcem
548 1487 652 1517 ultimi
675 1487 829 1517 articuli*
847 1487 1020 1527 praesentis
1044 1487 1248 1527 quaestionis.

306 1531 454 1562 Secunda
482 1531 648 1561 conclusio
673 1536 735 1561 est:
769 1531 883 1561 Gratia
911 1531 1084 1562 habitualis
1109 1531 1237 1565 Christi,
1263 1530 1311 1560 in-

251 1580 406 1616 quantum
427 1585 500 1610 ens,
531 1579 579 1605 est
595 1575 701 1613 finita.
725 1575 889 1605 Probatur.
925 1575 981 1604 Est
1010 1575 1043 1604 in
1066 1575 1171 1604 anima
1195 1574 1312 1604 Christi

252 1620 334 1650 sicut
348 1620 382 1649 in
397 1619 552 1650 subiecto,
577 1619 662 1658 Ergo
679 1624 725 1649 est
739 1628 796 1648 ens
811 1618 948 1648 finitum.
964 1637 987 1641 —
1002 1619 1157 1649 Probatur
1172 1619 1310 1658 sequela.

253 1663 338 1701 Quia
359 1672 428 1693 non
443 1662 565 1693 excedit
587 1672 682 1693 suum
698 1663 886 1698 subiectum,
911 1662 1001 1702 quod
1025 1668 1070 1692 est
1094 1662 1200 1692 finitae
1220 1672 1312 1702 capa—

254 1707 364 1742 citatis,
389 1707 464 1747 quia
487 1712 628 1737 creatura
651 1705 817 1746 quaedam.

307 1750 392 1780 Nota
419 1750 470 1780 hic
498 1750 604 1790 quod,
635 1751 710 1790 quia
734 1749 814 1780 finiti
841 1755 871 1780 et
894 1749 1008 1780 infiniti
1036 1750 1114 1780 ratio
1146 1750 1313 1790 quantitati

254 1794 314 1824 soli
337 1794 494 1833 congruit,
518 1800 553 1824 ut
576 1793 690 1824 dicitur
712 1794 744 1823 in
768 1794 780 1823 I
799 1794 926 1834 Pliysic.
942 1794 969 1829 θ,
993 1794 1079 1823 iuxta
1102 1793 1312 1833 multiplicem

254 1838 462 1878 quantitatem
485 1838 545 1873 rei,
574 1837 740 1877 multiplex
763 1837 866 1867 finitas
887 1837 938 1867 vel
961 1836 1099 1867 infinitas
1122 1836 1313 1867 considerari

253 1886 368 1921 potest.
392 1881 487 1912 Verbi
510 1882 617 1920 gratia,
640 1882 674 1911 in
697 1881 790 1916 linea,
813 1881 900 1910 iuxta
916 1881 1077 1920 duplicem
1094 1881 1312 1920 quantitatem,

253 1925 372 1956 scilicet
393 1925 488 1956 molis
510 1925 560 1955 vel
584 1925 796 1965 perfectionis,
821 1924 989 1964 dupliciter
1011 1930 1117 1964 potest
1140 1924 1201 1955 dici
1225 1924 1313 1954 finita

252 1969 302 1999 vel
325 1967 464 1999 infinita:
489 1978 573 2004 nam,
597 1969 623 1998 si
646 1974 727 1999 esset
749 1969 833 1998 linea
855 1969 961 2008 aliqua
983 1967 1124 1999 infinitae
1141 1968 1313 2008 longitudi-

252 2013 311 2049 nis,
336 2018 417 2043 esset
439 2012 527 2042 finita
550 2012 728 2043 secundum
750 2012 981 2052 perfectionem
1005 2013 1100 2052 (esset
1123 2013 1208 2042 enim
1232 2013 1313 2042 acci-

253 2056 341 2092 dens,
358 2065 394 2087 ac
416 2066 474 2096 per
495 2057 569 2092 hoc,
588 2056 803 2096 imperfectius
828 2066 883 2086 ens
907 2066 1004 2096 quam
1028 2056 1200 2086 substantia
1216 2065 1313 2096 quae-

253 2100 424 2140 cumque);
449 2106 480 2130 et
503 2105 584 2130 esset
606 2099 730 2130 infinita
753 2099 930 2130 secundum
953 2100 1110 2130 rationem
1132 2100 1244 2130 lineae.
1273 2100 1313 2129 Et

253 2144 356 2175 simile
378 2143 491 2175 accidit
513 2145 547 2174 in
569 2144 758 2174 habentibus
779 2149 904 2174 tantum
920 2145 1128 2183 quantitatem
1143 2143 1313 2183 perfectio-

252 2188 320 2224 nis,
350 2188 523 2218 multarum
553 2193 660 2218 tamen
687 2189 862 2218 rationum:
895 2187 984 2227 quod
1015 2188 1133 2218 scilicet
1160 2192 1311 2227 possunt,

252 2232 340 2263 iuxta
369 2231 579 2271 multiplicem
609 2230 812 2271 perfectionis
842 2232 1068 2271 quantitatem,
1098 2232 1314 2271 multipliciter

254 2275 316 2306 dici
331 2275 419 2305 finita
434 2276 484 2305 vel
500 2274 637 2312 infinita3
658 2275 700 2305 ita
716 2275 805 2315 quod
823 2274 1000 2305 secundum
1017 2276 1224 2315 quantitatem
1244 2275 1313 2305 talis

253 2318 457 2359 perfectionis
480 2324 554 2349 sunt
576 2318 674 2354 finita,
699 2325 730 2349 et
752 2318 930 2349 secundum
954 2320 1163 2359 quantitatem
1187 2319 1314 2349 alterius

253 2363 384 2393 rationis
407 2362 612 2402 perfectionis
635 2368 708 2393 sunt
730 2363 863 2393 infinita.
898 2363 951 2398 Ut,
976 2363 1001 2393 si
1025 2369 1106 2393 esset
1129 2362 1242 2393 albedo
1267 2363 1314 2393 in-

253 2406 342 2439 finita
363 2407 518 2437 intensive
549 2406 727 2437 secundum
749 2406 947 2437 latitudinem
971 2406 1138 2442 albedinis,
1164 2412 1244 2437 esset
1267 2407 1314 2436 in-

254 2449 343 2482 finita
365 2450 543 2481 secundum
563 2451 719 2481 rationem
735 2450 897 2486 albedinis,
922 2456 1002 2481 esset
1025 2456 1131 2481 tamen
1155 2450 1244 2481 finita
1267 2459 1314 2481 se-

255 2493 398 2525 cundum
413 2495 621 2534 quantitatem
633 2493 836 2535 perfectionis
852 2495 1049 2535 simpliciter:
1063 2495 1218 2534 quoniam
1234 2501 1315 2525 esset

255 2536 411 2573 accidens,
434 2547 470 2568 ac
492 2541 550 2578 per
571 2539 645 2574 hoc,
661 2538 876 2578 imperfectius
900 2548 955 2569 ens
979 2538 1119 2578 qualibet
1142 2539 1315 2569 substantia

256 2586 554 2622 quantumcumque
576 2581 684 2612 finitae
706 2582 921 2622 perfectionis.

310 2625 346 2655 ln
361 2625 463 2655 littera
477 2625 572 2665 igitur
586 2626 709 2656 Auctor
731 2627 863 2666 gratiam
882 2625 1060 2656 considerat
1083 2631 1114 2656 et
1136 2626 1314 2657 secundum

256 2669 465 2709 quantitatem
486 2669 693 2708 perfectionis
712 2671 930 2700 convenientis
958 2671 1016 2700 sibi
1039 2670 1217 2701 secundum
1240 2680 1314 2710 pro-

256 2713 357 2753 priam
379 2713 495 2752 gratiae
517 2713 690 2744 rationem:
722 2719 754 2744 et
777 2714 954 2744 secundum
977 2715 1186 2754 quantitatem
1211 2714 1315 2754 perfe-

257 2756 372 2787 ctionis
399 2757 617 2787 convenientis
639 2757 698 2787 sibi
727 2757 904 2788 secundum
928 2767 1136 2788 communem
1159 2758 1314 2788 rationem

258 2801 354 2836 entis;
379 2799 468 2840 quod
492 2805 538 2830 est
561 2799 757 2831 considerare
776 2802 888 2841 ipsam,
905 2802 986 2832 sicut
1002 2807 1033 2832 et
1048 2801 1214 2842 quodlibet
1229 2802 1315 2832 aliud

258 2854 329 2880 ens,
353 2842 530 2874 secundum
560 2853 767 2875 communem
795 2845 951 2875 rationem
983 2845 1197 2885 perfectionis.
1231 2846 1314 2876 Nam

258 2887 348 2928 quod
371 2892 418 2917 est
439 2887 547 2917 finitae
570 2887 784 2927 perfectionis,
801 2894 848 2919 est
867 2888 974 2919 finitae
990 2890 1137 2925 entitatis‚
1156 2895 1186 2919 et
1202 2899 1219 2919 e
1236 2899 1314 2920 con-

257 2938 320 2962 tra:
346 2937 377 2962 et
399 2931 541 2962 similiter
570 2931 660 2971 quod
683 2937 730 2962 est
751 2931 892 2962 infinitae
922 2933 1075 2968 entitatis,
1100 2938 1146 2963 est
1173 2933 1314 2964 infinitae

258 2975 472 3017 perfectionis,
489 2981 520 3005 et
543 2984 561 3005 e
585 2981 704 3005 contra.

313 3016 354 3049 Et
376 3018 452 3049 dicit
466 3019 500 3048 in
523 3018 662 3049 secunda
678 3019 885 3049 conclusione
906 3019 994 3059 quod
1013 3021 1123 3061 gratia
1143 3021 1333 3056 habitualis,

262 3062 381 3093 Christi
395 3067 443 3093 est
446 3062 547 3103 finita
563 3062 735 3093 secundum
752 3063 910 3093 rationem
927 3063 1027 3094 entis:
1045 3064 1108 3094 hoc
1125 3070 1181 3100 est,
1198 3069 1245 3095 est
1259 3074 1315 3095 ens

248 3106 392 3148 finitum.
417 3106 452 3136 In
467 3107 557 3136 tertia
572 3111 688 3142 autem,
706 3105 795 3146 quod
810 3106 919 3136 eadem
935 3112 982 3137 est
1001 3107 1125 3149 infinita
1140 3108 1313 3138 secundum

260 3150 418 3181 rationem
439 3150 588 3191 gratiae:
611 3151 673 3180 hoc
697 3155 752 3185 est,
776 3154 823 3180 est
842 3150 954 3191 gratia
977 3150 1112 3191 infinita.
1142 3151 1234 3189 Quae
1253 3157 1314 3182 ter-

258 3195 302 3224 tia
321 3194 486 3224 conclusio
509 3195 541 3224 in
563 3194 783 3233 litteraprimo
808 3195 990 3233 exponitur;
1015 3194 1129 3225 deinde
1151 3196 1314 3235 probatur.

259 3238 453 3278 Explanatur
475 3237 616 3278 quidem,
640 3243 671 3268 et
694 3243 850 3277 quantum
873 3237 912 3267 ad
930 3238 995 3267 vim
1018 3239 1171 3274 nominis,
1196 3239 1314 3269 scilicet

260 3281 349 3322 quod
372 3285 419 3312 est
436 3279 559 3312 infinita
581 3282 656 3322 quia
671 3291 738 3311 non
755 3287 801 3311 est
815 3281 946 3311 limitata
969 3281 1145 3312 secundum
1175 3282 1314 3321 aliquam

260 3330 397 3355 creatam
408 3325 424 3341 ⁴*
439 3334 638 3361 mensuram;
659 3331 689 3355 et
705 3331 861 3365 quantum
877 3324 916 3355 ad
932 3334 1008 3360 rem,
1022 3325 1097 3365 quia
1112 3324 1206 3355 habet
1223 3325 1314 3364 quid-

260 3368 338 3409 quid
360 3374 466 3409 potest
488 3369 644 3408 pertinere
664 3369 702 3399 ad
718 3370 873 3399 rationem
889 3369 1018 3408 gratiae;
1043 3374 1074 3399 et
1097 3374 1252 3408 quantum
1276 3368 1315 3399 ad

261 3413 452 3452 exemplum,
470 3412 509 3443 de
525 3413 597 3443 luce
613 3413 696 3443 solis.
713 3431 736 3435 α
750 3413 904 3443 Probatur
919 3417 1039 3442 autem:
1064 3413 1199 3442 Animae
1223 3412 1314 3442 Chri-

261 3457 299 3486 sti
322 3456 483 3486 confertur
505 3457 602 3496 gratia
625 3457 706 3487 sicut
729 3456 855 3487 cuidam
877 3456 1044 3486 universali
1066 3456 1223 3496 principio
1246 3466 1315 3496 gra-

259 3498 440 3530 tificationis
462 3500 495 3529 in
510 3500 649 3530 humana
671 3506 791 3531 natura.
825 3500 910 3540 Ergo
934 3501 1057 3530 animae
1081 3499 1196 3530 Christi
1218 3501 1315 3540 gratia

261 3548 308 3573 est
329 3542 451 3573 infinita
476 3543 654 3574 secundum
678 3545 833 3574 rationem
856 3545 981 3583 gratiae.
1012 3543 1212 3574 Antecedens
1241 3553 1315 3584 pro-

261 3587 351 3617 batur
374 3596 412 3616 ex
435 3587 619 3617 auctoritate
642 3588 800 3628 Apostoli,
825 3588 867 3618 ad
889 3588 1002 3628 Ephes.
1020 3598 1039 3617 1.

400 3647 510 3673 sinunt
526 3649 628 3674 Τιῑεοι..
648 3649 678 3673 D.
692 3649 805 3673 Tamus
819 3649 851 3673 T.
870 3648 933 3673 Vlll.

1415 481 1500 510 Nota
1523 481 1574 510 hic
1598 480 1687 520 quod
1710 481 1742 520 ly
1766 481 1798 510 in
1823 481 1963 511 humana
1989 486 2106 511 natura
2138 482 2322 513 determinat
2345 484 2419 513 sub-

1360 524 1479 554 iectum
1495 525 1698 560 necessitatis,
1711 534 1778 554 non
1795 525 1996 554 extensionis.
2018 525 2090 555 Hoc
2107 532 2198 555 est:—
2214 526 2312 563 Quod
2328 527 2419 557 Chri-

1361 573 1426 597 stus
1451 573 1497 597 est
1519 568 1695 598 universale
1713 568 1907 608 principium
1922 568 2167 607 gratificationis,
2190 570 2347 600 humanae
2363 580 2419 600 ne-

1362 611 1512 640 cessitatis
1537 617 1598 641 est:
1631 621 1706 641 nam
1730 621 1823 641 causa
1846 612 2038 642 necessitatis
2062 612 2100 642 ad
2123 613 2305 643 habendum
2329 614 2419 644 Chri-

1362 660 1447 684 stum
1470 655 1663 694 principium
1686 654 1940 694 gratificationis,
1972 656 2111 686 humana
2134 662 2243 686 natura
2268 663 2322 687 est.
2358 657 2419 688 Sed

1362 698 1435 727 licet
1458 699 1625 728 necessitas
1654 708 1691 728 ex
1714 699 1853 728 humana
1877 700 2079 729 occasionem
2103 701 2272 740 sumpserit
2294 706 2420 736 natura,

1363 741 1540 772 extenditur
1563 747 1669 772 tamen
1692 743 1755 772 hoc
1775 743 1967 782 principium
1991 753 2058 773 non
2073 744 2179 774 solum
2202 743 2240 774 ad
2264 745 2420 780 homines,

1362 785 1417 815 sed
1441 785 1480 815 ad
1503 786 1650 825 angelos,
1674 791 1709 816 ut
1732 785 1812 816 infra
1827 787 1844 802 ᾖ
1867 787 2001 825 patebit:
2031 788 2072 816 ita
2096 787 2185 826 quod
2209 787 2352 818 Christus
2377 795 2423 818 est

1362 829 1538 859 universale
1561 830 1753 869 principium
1777 829 2012 869 gratificationis
2036 831 2129 861 etiam
2149 831 2345 871 angelorum,
2371 842 2422 862 ex-

1362 878 1452 902 tensa
1474 874 1538 903 iam
1562 883 1618 903 sua
1641 874 1766 913 capitali
1789 874 1887 913 gratia
1911 875 2005 904 etiam
2029 874 2068 904 ad
2092 875 2230 914 angelos.

1418 917 1469 946 111.
1495 916 1529 946 In
1553 918 1761 957 responsione
1785 917 1823 947 ad
1847 917 2023 948 secundum
2040 918 2181 949 eiusdem
2198 920 2328 955 articuli,
2353 929 2422 959 per-

1363 961 1449 999 spice
1466 960 1555 1000 quod
1570 962 1667 1000 gratia
1678 962 1844 991 habitualis
1858 961 1973 991 Christi
1990 962 2084 992 habet
2100 962 2247 992 effectum
2263 963 2422 993 infinitum

1364 1005 1406 1033 ob
1423 1004 1594 1043 duplicem,
1612 1010 1647 1034 ut
1663 1004 1775 1034 dicitur
1791 1006 1823 1034 in
1842 1005 1951 1040 littera,
1969 1015 2106 1035 causam.
2127 1007 2210 1036 Hinc
2227 1008 2311 1036 enim
2328 1007 2423 1037 habes

1364 1053 1395 1078 et
1417 1049 1566 1078 meritum
1590 1055 1620 1078 et
1640 1048 1885 1078 satisfactionem
1902 1049 2018 1079 Christi
2042 1049 2230 1080 infinitatem
2253 1051 2377 1081 habere.

1419 1091 1471 1121 IV.
1497 1092 1531 1121 In
1548 1093 1755 1131 responsione
1772 1092 1811 1122 ad
1826 1093 1964 1128 tertium,
1981 1092 2114 1123 dubium
2132 1095 2277 1129 occurrit,
2299 1095 2421 1134 primo:

1365 1135 1532 1175 quomodo
1557 1146 1667 1165 verum
1691 1137 1730 1165 sit
1753 1136 1842 1176 quod
1864 1137 1961 1175 gratia
1985 1137 2151 1167 cuiuslibet
2167 1138 2330 1177 singularis
2353 1148 2423 1178 per—

1364 1189 1461 1209 sonae
1485 1179 1598 1209 habeat
1622 1181 1829 1219 quantitatem
1848 1180 1973 1210 alterius
1989 1181 2118 1210 rationis
2134 1191 2150 1210 a
2168 1182 2339 1220 quantitate
2355 1192 2423 1221 gra-

1363 1224 1425 1253 tiae
1449 1223 1575 1253 Christi.
1598 1241 1622 1245 -
1645 1223 1810 1253 Secundo:
1836 1223 2003 1263 quomodo
2027 1233 2138 1254 verum
2155 1226 2193 1254 sit
2217 1225 2305 1264 quod
2327 1227 2424 1264 gratia

1365 1267 1532 1297 cuiuslibet
1556 1267 1719 1306 singularis
1743 1277 1897 1306 personae
1921 1268 1959 1297 sit
1982 1268 2069 1297 velut
2091 1269 2188 1298 virtus
2211 1269 2422 1308 particularis,

1365 1316 1396 1341 et
1419 1311 1516 1350 gratia
1541 1311 1657 1340 Christi
1681 1311 1768 1341 velut
1790 1311 1888 1341 virtus
1912 1311 2105 1342 universalis.

1418 1355 1460 1385 Et
1483 1360 1530 1385 est
1552 1355 1631 1384 ratio
1655 1355 1822 1394 utriusque
1846 1354 1951 1391 dubii,
1983 1356 2058 1395 quia
2087 1356 2184 1395 gratia
2213 1361 2259 1386 est
2282 1356 2423 1386 eiusdem

1365 1399 1482 1438 speciei
1505 1399 1747 1438 specialissimae
1770 1399 1802 1428 in
1827 1408 2030 1439 quacumque
2050 1400 2088 1429 sit
2104 1405 2260 1430 creatura:
2286 1406 2321 1430 ut
2338 1405 2424 1440 patet

1365 1442 1404 1473 de
1429 1443 1564 1472 caritate.
1589 1443 1787 1482 Impossibile
1807 1448 1853 1473 est
1869 1449 1975 1473 autem
2000 1443 2088 1482 quod
2104 1444 2137 1473 in
2153 1453 2216 1473 una
2232 1444 2337 1483 specie
2353 1453 2423 1483 spe-

1365 1486 1531 1516 cialissima
1561 1487 1738 1516 inveniatur
1761 1496 1833 1517 vere
1862 1492 1947 1517 tanta
1970 1486 2129 1517 diversitas
2158 1493 2193 1517 ut
2216 1497 2317 1518 unum
2340 1487 2424 1518 illius

1365 1530 1565 1560 individuum
1589 1531 1627 1560 sit
1650 1531 1747 1560 virtus
1771 1531 1971 1566 universalis,
2001 1537 2032 1560 et
2055 1531 2188 1561 alterum
2211 1531 2422 1571 particularis:

1365 1583 1440 1604 cum
1463 1574 1560 1604 virtus
1584 1574 1768 1604 universalis
1797 1580 1828 1604 et
1854 1574 2065 1614 particularis,
2098 1574 2262 1614 loquendo
2293 1584 2350 1615 per
2373 1585 2422 1610 se,

1365 1617 1597 1658 distinguantur
1613 1618 1652 1648 ad
1667 1619 1773 1648 minus
1796 1619 1918 1658 specie;
1942 1624 1978 1648 ut
1997 1623 2083 1658 patet
2099 1618 2275 1654 inductive;
2301 1624 2331 1648 et
2347 1628 2424 1648 con-

1365 1662 1501 1692 vincitur
1523 1662 1645 1692 ratione
1669 1671 1706 1691 ex
1730 1662 1907 1692 diversitate
1930 1667 2060 1692 actuum
2084 1663 2288 1702 propriorum
2303 1663 2424 1692 virtutis

1366 1706 1548 1735 universalis
1573 1711 1604 1736 et
1626 1706 1748 1735 virtutis
1771 1706 1976 1745 particularis,

1419 1749 1458 1779 V.
1484 1749 1534 1779 Ad
1557 1749 1619 1779 hoc
1644 1749 1757 1779 dicitur
1788 1750 1876 1789 quod
1903 1750 1999 1789 gratia
2030 1750 2196 1780 habitualis
2225 1750 2341 1781 Christi
2372 1751 2423 1791 (de

1366 1802 1430 1832 qua
1453 1798 1499 1822 est
1523 1793 1640 1831 sermo)
1666 1798 1697 1822 et
1720 1793 1869 1828 aliorum,
1894 1794 1968 1823 licet
1991 1794 2029 1823 sit
2053 1793 2195 1823 eiusdem
2217 1795 2332 1834 speciei
2355 1804 2425 1834 spe-

1367 1836 1551 1866 cialissimae
1575 1836 1683 1876 quoad
1707 1838 1891 1872 essentiam,
1917 1843 1962 1867 est
1986 1842 2092 1867 tamen
2116 1837 2308 1868 diversarum
2331 1839 2426 1868 ratio-

1366 1889 1445 1910 num
1470 1886 1626 1920 quantum
1650 1880 1689 1910 ad
1712 1880 1847 1911 modum
1872 1881 2003 1911 essendi.
2029 1881 2084 1911 Est
2108 1881 2265 1921 siquidem
2281 1882 2378 1921 gratia
2393 1883 2426 1912 in

1367 1923 1494 1954 Christo
1527 1930 1562 1954 ut
1585 1925 1618 1954 in
1641 1930 1710 1954 toto
1743 1924 1939 1964 adaequante
1967 1926 2068 1964 ipsam
2099 1925 2276 1956 secundum
2299 1935 2348 1956 se:
2381 1932 2427 1956 est

1367 1973 1475 1998 autem
1504 1969 1538 1998 in
1561 1969 1711 1998 omnibus
1735 1969 1801 1998 aliis
1831 1975 1867 1999 ut
1892 1970 1926 1999 in
1953 1970 2093 2008 partibus
2120 1969 2337 2009 inadaequatis
2367 1970 2426 2010 ipsi

1367 2011 1544 2042 secundum
1567 2022 1600 2042 se
1623 2013 1749 2051 gratiae.
1785 2013 1825 2043 Et
1855 2019 2024 2053 propterea
2055 2018 2100 2043 est
2123 2013 2156 2042 in
2180 2013 2307 2043 Christo
2336 2019 2371 2044 ut
2394 2014 2426 2043 in

1367 2056 1510 2085 subiecto
1535 2061 1565 2086 et
1588 2057 1745 2095 principio
1770 2057 1937 2087 universali
1961 2058 2091 2096 gratiae:
2116 2057 2149 2086 in
2165 2057 2231 2087 aliis
2247 2067 2322 2087 vero
2344 2063 2379 2087 ut
2394 2058 2426 2087 in

1367 2100 1594 2139 particulariter
1625 2101 1894 2139 participantibus.
1930 2101 1970 2130 Et
2002 2100 2094 2136 ideo,
2130 2106 2426 2141 quantumcumque

1366 2148 1485 2173 crescat
1504 2143 1639 2173 aliorum
1658 2145 1764 2183 gratia,
1781 2154 1947 2184 nunquam
1966 2145 2130 2184 pervenire
2149 2150 2254 2184 potest
2269 2145 2308 2175 ad
2327 2155 2427 2185 quan-

1367 2187 1488 2217 titatem
1511 2188 1699 2217 intensivam
1723 2188 1773 2217 vel
1797 2189 1988 2218 extensivam
2012 2189 2128 2228 gratiae
2153 2188 2278 2219 Christi.

1422 2231 1462 2260 Et
1486 2236 1521 2260 ut
1544 2232 1621 2260 haec
1646 2230 1789 2261 doctrina
1816 2231 1938 2262 facilius
1960 2232 2168 2271 intelligatur,
2200 2231 2342 2263 dicamus
2369 2234 2426 2263 sub

1369 2275 1526 2314 exemplo.
1552 2274 1648 2304 Calor
1665 2274 1807 2305 eiusdem
1824 2281 1870 2305 est
1893 2276 1925 2305 in
1941 2285 1974 2306 se
1998 2276 2115 2315 speciei
2133 2276 2197 2306 sive
2214 2277 2247 2306 in
2261 2277 2345 2316 igne,
2363 2278 2427 2307 sive

1368 2319 1401 2348 in
1425 2328 1505 2354 aere,
1531 2319 1595 2348 sive
1619 2319 1652 2348 in
1675 2319 1789 2349 mixtis.
1821 2319 2037 2349 Veruntamen
2060 2319 2141 2359 ignis
2165 2319 2320 2359 adaequat
2343 2321 2427 2351 calo-

1367 2372 1435 2392 rem
1458 2361 1636 2392 secundum
1659 2372 1709 2392 se:
1735 2363 1810 2402 quia
1832 2363 1920 2398 tanti,
1946 2369 2009 2392 tarn
2029 2363 2187 2393 extensive
2212 2372 2308 2402 quam
2324 2364 2427 2394 inten-

1369 2407 1444 2441 sive,
1458 2412 1504 2436 est
1515 2407 1711 2446 susceptivus
1724 2407 1846 2442 caloris,
1859 2412 1996 2446 quantus
2009 2412 2100 2436 natus
2113 2412 2159 2436 est
2171 2416 2238 2436 esse
2250 2407 2427 2438 secundum

1369 2459 1402 2480 se
1421 2451 1516 2481 calor.
1547 2451 1612 2480 Aer
1635 2456 1751 2486 autem,
1776 2451 1841 2480 sive
1864 2451 1999 2480 mixtum
2023 2450 2263 2490 quodcumque,
2288 2451 2427 2482 calorem

1369 2495 1543 2534 participat.
1574 2494 1618 2524 Ita
1642 2494 1746 2534 quod,
1777 2495 1882 2524 statim
1905 2500 1940 2524 ut
1963 2494 2048 2524 calor
2077 2494 2111 2524 in
2141 2494 2203 2524 alio
2234 2504 2332 2534 quam
2354 2495 2426 2534 igne

1368 2539 1447 2578 poni
1470 2538 1663 2578 intelligitur,
1687 2538 1837 2568 limitatus
1861 2544 1891 2568 et
1914 2537 2064 2568 deficiens
2080 2548 2097 2567 a
2112 2537 2306 2578 perfectione
2330 2548 2427 2578 quam

1369 2588 1460 2612 natus
1485 2587 1531 2612 est
1554 2582 1640 2612 calor
1663 2582 1838 2612 secundum
1862 2591 1894 2612 se
1918 2582 2047 2617 habere,
2071 2582 2269 2621 intelligitur:
2304 2591 2340 2611 ex
2363 2583 2426 2612 hoc

1370 2627 1456 2656 enirn
1483 2627 1554 2666 ipso
1578 2626 1667 2666 quod
1695 2626 1781 2656 calor
1802 2627 1836 2656 in
1859 2626 2001 2656 subiecto
2032 2625 2261 2665 inadaequante
2290 2626 2426 2656 calorem

1370 2669 1547 2700 secundum
1570 2671 1710 2710 seipsum
1732 2671 1872 2710 ponitur,
1896 2670 2046 2700 limitatus
2063 2679 2099 2699 ac
2115 2669 2263 2699 deficiens
2286 2670 2426 2709 ponitur.

1369 2714 1410 2744 Et
1433 2720 1617 2754 propterea,
1642 2719 1940 2753 quantumcumque
1964 2723 2102 2744 crescere
2126 2719 2263 2752 ponatur
2286 2713 2371 2743 calor
2393 2714 2426 2743 in

1369 2758 1423 2788 tali
1446 2758 1588 2788 subiecto
1612 2757 1859 2797 inadaequante,
1891 2767 2057 2797 nunquam
2080 2757 2241 2796 perveniet
2264 2756 2303 2786 ad
2327 2766 2427 2796 quan-

1369 2802 1489 2832 titatem
1506 2801 1708 2842 perfectionis
1725 2802 1835 2831 caloris
1855 2802 1887 2830 in
1902 2801 1984 2840 igne,
2002 2800 2177 2839 adaequato
2201 2796 2360 2830 subiecto:
2387 2810 2426 2831 eo

1370 2845 1459 2885 quod
1475 2846 1535 2876 tale
1552 2843 1769 2885 augmentum,
1787 2845 1881 2875 etiam
1905 2845 1929 2874 si
1952 2844 1984 2874 in
2007 2843 2167 2874 infinitum
2183 2849 2331 2883 ponatur,
2349 2854 2426 2875 con-

1369 2890 1519 2919 tinebitur
1548 2895 1578 2919 et
1602 2890 1687 2919 sistet
1717 2888 1796 2918 infra
1819 2887 2017 2918 latitudinem
2041 2888 2173 2917 subiecti
2202 2888 2425 2928 participantis,

1370 2934 1461 2963 cuius
1485 2938 1551 2963 tota
1574 2932 1707 2962 latitudo
1732 2932 1910 2962 succumbit
1934 2932 2077 2961 subiecto
2102 2930 2289 2971 adaequato.

1424 2976 1475 3007 Ad
1504 2977 1705 3016 propositum
1736 2976 1830 3014 igitur
1860 2975 1933 3004 hinc
1961 2974 2141 3010 redeundo,
2166 2974 2316 3011 dicimus,
2341 2976 2426 3006 iuxta

1368 3021 1456 3060 prius
1475 3021 1491 3036 ᾖ
1521 3020 1659 3050 habitam
1691 3018 1884 3054 doctrinam,
1915 3019 2046 3057 gratiam
2074 3019 2267 3049 habitualem
2296 3029 2363 3050 esse
2393 3021 2426 3050 in

1370 3064 1496 3094 Christo
1521 3062 1697 3093 secundum
1721 3068 1821 3092 totam
1845 3061 2074 3101 perfectionem
2099 3071 2195 3102 quam
2214 3068 2286 3092 nata
2303 3069 2348 3093 est
2372 3064 2426 3094 ha-

1369 3108 1441 3137 bere
1465 3107 1562 3146 gratia
1586 3106 1762 3136 secundum
1786 3107 1936 3145 seipsam:
1962 3112 1993 3136 et
2016 3106 2048 3136 in
2071 3107 2161 3136 nullo
2181 3106 2243 3136 alio
2269 3116 2335 3136 esse
2358 3117 2426 3147 gra-

1368 3152 1444 3181 tiam
1468 3149 1643 3180 secundum
1667 3155 1767 3180 totam
1790 3148 2019 3189 perfectionem
2043 3159 2140 3190 quam
2155 3155 2227 3180 nata
2243 3156 2289 3180 est
2311 3151 2426 3181 habere

1368 3195 1466 3234 gratia
1488 3193 1664 3224 secundum
1688 3194 1832 3233 seipsam.
1867 3194 1907 3223 Et
1933 3199 2101 3233 propterea
2123 3194 2156 3223 in
2180 3193 2306 3224 Christo
2331 3194 2425 3225 fuisse

1368 3239 1499 3278 gratiam
1523 3243 1558 3268 ut
1581 3238 1613 3267 in
1637 3238 1780 3268 subiecto
1804 3238 1909 3268 totali:
1934 3238 1967 3268 in
1991 3238 2057 3268 aliis
2080 3247 2156 3267 vero
2180 3243 2215 3268 ut
2230 3239 2263 3268 in
2279 3239 2426 3269 subiectis

1368 3282 1559 3322 partialibus,
1584 3281 1624 3311 Et
1647 3282 1710 3311 hoc
1726 3287 1772 3311 est
1794 3282 1925 3321 gratiam
1949 3291 2015 3312 esse
2040 3281 2232 3312 diversarum
2255 3283 2424 3319 rationum,

1369 3325 1580 3365 quantitatum
1613 3330 1643 3355 et
1672 3325 1915 3364 perfectionum,
1946 3335 2013 3355 non
2044 3324 2219 3355 secundum
2248 3327 2424 3363 essentiam,

1370 3369 1424 3399 sed
1440 3368 1616 3399 secundum
1632 3369 1776 3399 modum.
1793 3369 1833 3399 Et
1849 3370 1922 3399 hinc
1938 3370 2084 3409 provenit
2100 3369 2188 3408 quod
2200 3370 2297 3408 gratia
2309 3370 2424 3400 Christi

1369 3418 1570 3452 comparatur
1594 3412 1633 3443 ad
1655 3414 1767 3452 gratias
1791 3413 1926 3443 aliorum
1950 3418 1985 3443 ut
1999 3414 2096 3443 virtus
2113 3413 2294 3443 universalis
2310 3414 2349 3444 ad
2364 3415 2425 3444 vir-

1368 3462 1450 3486 tutes
1469 3457 1679 3496 particulares.
1704 3457 1796 3492 Nam,
1814 3457 1986 3496 spectando
2003 3457 2042 3486 ad
2059 3456 2265 3487 differentiam
2281 3467 2363 3498 quae
2380 3465 2425 3489 est

1370 3510 1467 3540 penes
1491 3500 1592 3530 dictos
1615 3501 1730 3531 modos
1754 3500 1892 3536 essendi,
1926 3501 2005 3531 clare
2029 3501 2129 3540 liquet
2154 3501 2285 3540 gratiam
2309 3501 2424 3532 Christi

1370 3545 1485 3574 habere
1509 3544 1664 3584 quidquid
1687 3544 1890 3584 perfectionis
1912 3550 2022 3574 natum
2046 3550 2092 3574 est
2116 3546 2286 3575 convenire
2309 3547 2423 3585 gratiae

1371 3587 1547 3618 secundum
1571 3589 1723 3628 seipsam,
1755 3598 1789 3618 ac
1813 3598 1869 3628 per
1891 3589 1970 3624 hoc,
1997 3597 2126 3618 omnem
2149 3589 2233 3618 illius
2256 3589 2423 3628 perfectio-

2252 3647 2283 3673 16

2451 791 2458 797 ·
2470 788 2516 815 Qu.
2525 794 2576 815 vni,
2586 792 2627 810 art.
2636 795 2659 815 4.

2456 3025 2463 3033 ·
2478 3024 2528 3044 Art.
2547 3024 2650 3051 praeced.
