2872 3970
857 292 1119 339 QUAESTIO
1148 293 1317 338 XLVIII,
1347 292 1639 330 ARTICULUS
1667 292 1713 331 111

197 371 344 405 nudans
357 371 537 412 saoisfltctio
548 370 622 412 suit
636 379 702 410 pro
720 369 862 410 peccatis
876 370 1010 400 humani
1023 370 1162 411 generis.
1179 371 1256 400 Pro-

199 417 299 448 batur.
322 414 379 452 me
400 415 529 456 proprie
551 413 701 444 satisfacit
723 412 847 444 offenso
871 414 928 455 qui
949 414 995 444 illi
1019 414 1144 444 exhibet
1167 413 1256 454 quod

154 461 157 466 ’
199 469 236 510 ae
258 469 300 491 ue
314 457 366 489 vel
380 459 480 499 tnagis
496 457 596 498 diligit
611 464 709 498 quam
727 455 830 488 oderit
845 456 1009 488 offensam.
1034 457 1097 488 Sed
1113 456 1256 488 Christus

265 502 349 534 endo
364 501 436 533 Deo
459 502 560 553 magis
583 501 724 532 exhibuit
747 509 844 540 quam
864 501 1001 542 exigeret
1024 501 1144 532 offensa
1159 502 1257 533 totius

199 547 330 579 humani
361 546 495 586 generis.
527 545 623 585 Ergo.
645 562 669 567 -
690 544 846 575 Probatur
876 545 983 576 minor
1013 541 1186 585 tripliciter
1216 545 1258 575 Et

199 589 406 623 confimatur-
439 594 471 620 et
503 588 610 620 minor
642 593 674 619 et
708 588 875 619 conclusio
909 590 1096 619 auctoritate
1131 589 1257 620 Ioannis

198 634 429 674 Ενωςείἰεῐιθ.
453 653 455 655 -

250 677 293 713 11.
314 677 453 709 Adverte
475 677 528 708 hic
551 675 640 717 quod
660 675 784 718 aliquid
807 677 983 708 exhibitum
1006 676 1129 708 offenso
1152 676 1258 718 dupli-

200 722 277 756 citer
287 726 397 763 potest
419 719 605 751 satisfacere.
622 716 740 756 Primo,
758 729 795 750 ex
810 721 909 760 gratia
932 719 1045 751 offensi
1066 721 1258 761 acceptantis

179 759 278 797 iliud
308 765 484 797 exhibitum
513 772 573 804 pro
600 762 779 799 sufficienti,
804 765 947 804 quamvis
976 764 1057 794 illud
1078 765 1112 794 in
1135 774 1168 795 se
1191 773 1258 794 non

201 808 281 841 emet
300 808 462 839 sufficiens
485 815 544 848 pro
567 806 797 838 satisfactione.
828 808 910 838 sieut
933 808 958 838 si
978 815 1035 839 rex
1057 817 1117 848 pro
1145 809 1258 838 iniuria

106 836 172 907 Li?
200 854 259 889 sibi
272 852 356 884 tacta
370 857 514 903 acceptet
535 851 638 882 solam
660 851 850 891 petitionem
865 852 986 882 veniae.
1002 852 1077 882 Alio
1092 852 1203 888 modo,
1221 858 1258 882 ex

199 896 413 934 sufficientia
402 896 501 936 ipsius
517 896 562 926 rei
578 895 750 926 exhibitae.
765 896 840 935 quia
854 895 974 926 scilicet
989 895 1067 926 illud
1084 896 1259 926 exhibitum

200 946 254 973 est
268 939 447 978 secundum
469 949 503 970 se
526 944 631 970 tantae
654 939 813 975 bonitatis,
829 939 1036 976 amabilitatis,
1053 939 1212 990 dignitatis
1228 945 1260 971 et

174 1016 176 1019 ,
201 973 420 1021 excellentiae,
444 989 480 1014 ut
502 983 659 1023 adaequet
691 982 845 1013 offensam
869 983 918 1014 vel
949 983 1098 1019 excedat;
1130 984 1211 1014 sicut
1233 984 1259 1013 si

199 1030 259 1070 pro
281 1027 403 1059 offensa
425 1026 592 1058 deberetur
615 1027 693 1061 libra
716 1027 853 1067 argenti,
878 1032 909 1057 et
931 1027 1057 1059 daretur
1080 1007 1158 1058 libra
1180 1027 1258 1058 auri.

254 1071 290 1103 In
312 1072 480 1112 proposito
497 1076 544 1101 est
566 1080 671 1101 sermo
691 1069 731 1101 de
754 1070 967 1101 satisfactione
982 1071 1124 1102 secundo
1147 1071 1259 1107 modo,

199 1117 263 1148 hoe
285 1119 342 1151 est,
366 1114 544 1146 secundum
566 1124 610 1145 se.
637 1114 681 1144 lta
704 1114 793 1154 quod
815 1123 926 1145 sensus
949 1115 1078 1145 maioris
1100 1121 1148 1145 est
1171 1115 1260 1155 quod

199 1160 252 1193 ille
269 1160 400 1201 proprie
422 1158 571 1190 satisfacit
593 1159 651 1198 qui
674 1159 800 1190 exhibet
823 1158 946 1189 offenso
970 1159 1059 1199 quod
1082 1159 1260 1190 secundum

199 1213 234 1235 se
257 1210 304 1235 est
325 1204 424 1244 magis
446 1204 486 1234 ab
501 1202 626 1234 offenso
651 1202 803 1233 dilectum
827 1212 924 1243 quam
947 1212 1043 1233 exosa
1066 1202 1196 1233 offensa.
1220 1203 1261 1233 Et

198 1245 286 1279 hunc
309 1256 438 1279 sensum
461 1246 642 1278 manifestat
662 1246 779 1282 minor,
796 1246 904 1277 dicens
923 1246 1013 1287 quod
1029 1244 1173 1277 Christus
1188 1247 1261 1287 plus

200 1290 342 1323 exhibuit
364 1291 515 1332 patiendo
540 1299 638 1331 quam
661 1289 801 1321 offensae
823 1291 1079 1331 recompensatio
1099 1291 1259 1331 exigebat:

199 1334 367 1367 manifeste
400 1336 487 1366 enim
520 1335 572 1366 hic
605 1340 831 1374 comparantur
864 1334 1043 1365 secundum
1075 1344 1109 1365 se
1140 1333 1261 1365 offensa

200 1385 232 1411 et
253 1380 359 1420 passio
383 1378 510 1410 Christi.
538 1378 632 1410 Unde
662 1378 865 1409 concluditur
895 1378 984 1419 quod
1008 1378 1125 1409 Christi
1155 1379 1260 1418 passio

199 1423 377 1455 secundum
400 1432 434 1454 se
457 1429 504 1454 est
535 1422 706 1454 satisfactio
739 1422 999 1463 superabundans
1031 1432 1091 1462 pro
1123 1423 1261 1462 peccatis

200 1468 332 1499 humani
354 1468 488 1508 generis,
508 1473 539 1498 et
555 1467 628 1497 ideo
651 1473 813 1507 acceptata
829 1477 847 1497 a
861 1467 932 1497 Deo
945 1477 951 1497 :
977 1472 1008 1497 et
1023 1476 1090 1497 non
1107 1475 1124 1497 e
1140 1472 1260 1501 contra,

201 1512 276 1552 quia
298 1517 470 1552 acceptata,
493 1511 567 1542 ideo
598 1510 768 1541 sufficiens.
800 1511 841 1541 Et
863 1511 926 1541 hoc
957 1511 1094 1550 probant
1123 1511 1262 1541 rationes

199 1556 331 1587 litterae.

254 1599 306 1631 111.
331 1599 366 1630 In
389 1600 598 1640 responsione
622 1598 661 1630 ad
684 1599 835 1639 primum,
860 1598 994 1629 dubium
1019 1598 1157 1628 occurrit
1181 1599 1262 1629 circa

199 1644 357 1675 rationem
379 1643 534 1675 redditam
557 1653 655 1684 quare
678 1648 784 1683 potest
806 1652 890 1672 unus
913 1651 973 1682 pro
992 1642 1054 1672 alio
1074 1642 1261 1679 satisfacere,

2289 297 2363 344 465

1312 377 1343 402 et
1358 380 1426 402 non
1441 373 1563 402 conteri
1587 377 1641 402 aut
1665 371 1819 402 confiteri.
1844 373 2029 412 Assignatur
2047 373 2205 413 siquidem
2219 374 2254 404 in
2269 374 2371 404 littera

1311 415 1401 451 ratio,
1418 415 1494 456 quia
1517 415 1695 457 satisfactio
1719 421 1766 446 est
1783 421 1874 446 actus
1897 417 2050 447 exterior.
2082 417 2202 448 Contra
2218 427 2315 458 quam
2338 418 2371 448 in

1312 465 1464 500 promptu
1482 465 1528 489 est
1548 460 1689 490 obiectio
1706 460 1796 500 quod
1818 459 1976 491 confessio
1994 470 2126 501 quoque
2143 467 2189 491 est
2212 467 2300 492 actus
2317 472 2369 492 ex-

1312 503 1427 534 terior:
1447 508 1478 533 et
1492 509 1671 544 propterea,
1688 504 1714 534 si
1729 504 1808 534 ratio
1831 509 1877 534 est
1898 504 2010 541 valida,
2027 505 2140 535 inferet
2163 506 2258 536 etiam
2281 505 2371 546 quod

1312 556 1398 577 unus
1418 553 1525 587 potest
1547 547 1692 578 confiteri
1710 557 1770 588 pro
1790 548 1862 578 alio.
1879 548 1920 579 Et
1936 549 2011 588 quia
2025 549 2088 579 hoc
2103 558 2171 579 non
2188 555 2233 580 est
2248 556 2370 585 verum,

1313 591 1456 630 sequitur
1480 590 1569 631 quod
1591 592 1671 622 ratio
1695 592 1774 622 nihil
1796 592 1887 622 valet.

1367 634 1419 665 Ad
1441 635 1576 665 dubium
1599 635 1662 666 hoc
1686 635 1800 666 dicitur
1823 636 1912 676 quod
1939 637 2160 676 aequivocatio
2183 637 2235 667 hic
2259 637 2372 667 accidit

1312 678 1354 709 de
1376 684 1448 708 actu
1472 679 1628 710 exteriori.
1661 679 1743 710 Nam
1775 685 1863 710 actus
1896 681 2030 711 exterior
2058 681 2225 721 dupliciter
2246 681 2371 711 dicitur.

1313 722 1373 752 Vel
1396 728 1432 753 ut
1455 722 1657 763 distinguitur
1679 723 1823 754 absolute
1851 730 1960 754 contra
1983 725 2182 756 interiorem:
2207 730 2242 755 ut
2265 724 2371 755 videre

1314 771 1360 796 est
1376 771 1464 796 actus
1479 768 1624 803 exterior,
1637 768 1801 807 imaginari
1818 774 1863 798 est
1879 774 1966 799 actus
1982 767 2121 800 interior.
2138 768 2179 799 Et
2194 768 2372 799 secundum

1313 811 1400 840 hunc
1432 818 1561 841 sensum
1593 811 1738 851 procedit
1769 812 1926 843 obiectio:
1958 814 2003 843 sic
2027 814 2111 843 enim
2145 812 2303 843 confessio
2327 818 2373 843 est

1314 859 1402 884 actus
1425 855 1570 885 exterior.
1585 873 1608 877 —
1624 855 1697 886 Alio
1717 855 1817 886 modo
1841 857 1976 886 sumitur
1998 862 2087 887 actus
2110 857 2244 887 exterior
2259 866 2371 887 secun-

1315 897 1392 928 dum
1415 897 1568 929 medium.
1592 899 1633 928 Et
1648 899 1693 929 sic
1708 899 1910 940 distinguitur
1932 906 2042 930 contra
2065 906 2172 931 actum
2195 900 2372 931 secundum

1313 941 1456 972 medium
1488 943 1629 979 interius,
1653 943 1715 973 hoc
1748 949 1808 979 est,
1832 945 1961 974 rationis
1993 946 2128 975 tantum:
2161 945 2203 976 Ut
2231 945 2316 975 enim
2339 945 2372 975 in

1313 985 1486 1016 moralibus
1509 987 1611 1026 patuit
1626 987 1652 1022 ἡ
1673 986 1840 1027 dupliciter
1861 988 2021 1018 invenitur
2043 989 2186 1019 medium
2202 989 2235 1019 in
2250 989 2372 1019 actibus

1315 1072 1458 1103 medium
1481 1074 1524 1104 rei
1549 1075 1684 1104 exterius
1708 1074 1831 1108 dicitur.
1849 1077 1924 1115 quia
1938 1077 1971 1106 in
1988 1077 2175 1116 aequalitate
2190 1077 2235 1106 rei
2251 1076 2290 1106 ad
2305 1084 2372 1106 rem

1314 1117 1476 1147 consistit:
1499 1118 1645 1148 medium
1676 1124 1783 1149 autem
1817 1120 1945 1149 rationis
1977 1120 2107 1150 interius
2130 1119 2371 1160 quodammodo

1314 1160 1439 1196 dicitur,
1456 1162 1531 1201 quia
1546 1162 1579 1191 in
1595 1163 1804 1202 proportione
1828 1163 1987 1194 intraneae
2003 1164 2131 1194 rationis
2155 1165 2187 1194 in
2206 1164 2318 1194 ordine
2333 1163 2372 1194 ad

1315 1210 1503 1244 operantem
1527 1206 1680 1236 consistit.

1370 1248 1455 1286 Quia
1470 1254 1578 1279 autem
1594 1249 1762 1280 satisfactio
1779 1251 1812 1280 in
1828 1251 2017 1290 aequalitate
2028 1252 2073 1281 rei
2085 1251 2124 1281 ad
2136 1261 2203 1281 rern
2220 1251 2371 1286 consistit,

1316 1296 1443 1333 oportet
1476 1294 1560 1323 enim
1591 1293 1692 1333 ipsam
1725 1293 1900 1334 adaemiare
1933 1293 2086 1331 debitum,
2110 1300 2146 1325 ut
2168 1301 2270 1334 patet;
2300 1294 2372 1325 ideo

1316 1335 1430 1366 dicitur
1462 1337 1513 1366 hic
1546 1337 1634 1377 quod
1669 1338 1812 1368 consistit
1843 1339 1876 1368 in
1909 1344 1982 1368 actu
2018 1339 2162 1369 exteriori
2196 1338 2373 1369 secundum

1315 1379 1469 1410 medium.
1502 1381 1543 1411 Et
1575 1382 1608 1411 in
1637 1381 1700 1411 hoc
1733 1381 1835 1412 differt
1868 1381 2025 1413 confessio
2054 1393 2071 1412 a
2099 1382 2310 1412 satisfactione
2340 1383 2372 1412 in

1315 1425 1493 1464 proposito.
1518 1425 1559 1454 Et
1581 1425 1654 1455 hinc
1678 1427 1834 1465 provenit,
1851 1432 1886 1456 ut
1901 1427 2024 1456 Auctor
2047 1426 2131 1462 dicit,
2148 1426 2235 1466 quod
2255 1425 2372 1456 satisfa-

1315 1477 1385 1498 cere
1404 1474 1510 1508 potest
1526 1469 1598 1508 quis
1613 1478 1669 1508 per
1685 1469 1793 1500 alium.
1818 1470 1981 1507 Quoniam
1998 1470 2036 1500 ad
2052 1470 2184 1510 aequale
2208 1475 2372 1500 externum

1314 1512 1505 1543 solvendum
1539 1512 1679 1543 adhiberi
1714 1519 1849 1553 possunt
1883 1520 2009 1544 externa
2039 1515 2261 1549 instrumenta,
2292 1514 2373 1543 inter

1316 1565 1398 1595 quae
1421 1561 1495 1586 sunt
1521 1557 1624 1592 amici,
1648 1566 1715 1587 non
1738 1558 1844 1588 minus
1872 1567 1969 1597 quam
1998 1559 2171 1597 pecuniae:
2203 1557 2371 1587 satisfactio

1316 1605 1422 1630 autem
1455 1605 1615 1630 externam
1647 1607 1739 1631 sonat
1770 1601 2053 1642 adaequationem;
2085 1608 2131 1632 est
2154 1603 2240 1632 enim
2271 1601 2372 1632 facere

1315 1644 1403 1679 satis,
1427 1643 1508 1674 idest
1530 1643 1704 1685 sufficiens.

999 1804 1317 1848 ARTI'CULUS
1346 1804 1575 1847 TERTIUS

546 1897 703 1928 UTRUM
727 1896 873 1928 PAssm
898 1896 1070 1928 CHRISTI
1094 1895 1254 1927 FUERIT
1279 1893 1484 1926 OPERATA
1506 1895 1588 1926 PER
1612 1896 1776 1927 MODUM
1801 1896 2024 1927 SACRIFICH

360 1975 452 2008 Supra,
471 1982 515 2007 qu.
534 1981 611 2005 van,
630 1979 676 1999 art.
695 1982 720 2005 4,
741 1974 772 1998 ad
793 1981 822 2005 23
841 1973 914 2003 infra.
933 1978 979 1999 art.
999 1972 1024 2003 6,
1044 1974 1074 1998 ad
1097 1973 1126 2004 3;
1145 1981 1190 2005 qu.
1209 1980 1275 2004 mx,
1295 1978 1342 1998 art.
1361 1980 1391 2003 4;
1411 1973 1455 1997 Ad
1474 1973 1580 2005 Ephes„
1600 1981 1656 2005 cap.
1674 1981 1699 2005 v,
1719 1974 1776 1999 lect.
1796 1981 1818 2005 15
1837 1974 1881 1999 Ad
1898 1975 1973 2004 Heb„
1993 1982 2048 2007 cap.
2067 1982 2111 2005 vn,
2130 1975 2188 2000 lect.
2205 1982 2223 2000 1.

213 2072 217 2075 ⁷
266 2079 296 2117 ι
328 2071 389 2099 ι’·«’
412 2075 434 2099 D
461 2073 620 2100 TERTIUM
640 2073 692 2099 Slc
711 2073 946 2099 PROCEDITUR.
975 2061 1136 2098 Videtur
1154 2062 1262 2111 quod

230 2096 330 2172 ἦν’
342 2117 403 2176 ,55
412 2127 539 2164 passm
576 2114 715 2152 Christi
749 2126 830 2151 non
858 2114 968 2151 fuerit
1005 2122 1161 2173 operata
1195 2126 1263 2163 per

220 2156 267 2213 ἶ,
279 2171 382 2209 *⁷4²6
413 2168 577 2205 modum
616 2167 799 2204 sacrificii.
835 2167 981 2204 Veritas
1019 2167 1122 2203 enim
1150 2168 1263 2204 debet

223 2219 225 2221 ’
257 2194 318 2250 -ζῖ
336 2231 347 2245 ν
371 2211 645 2270 &respondere
685 2220 841 2268 figurae.
882 2220 958 2257 Sed
995 2220 1034 2256 in
1072 2219 1263 2257 sacrificiis

201 2272 341 2311 veteris
358 2273 460 2322 legis,
480 2286 579 2322 quae
599 2281 705 2310 erant
723 2273 868 2320 figurae
889 2272 1039 2318 Christi,
1060 2285 1261 2322 nunquam

203 2325 436 2364 offerebatur
463 2338 552 2363 caro
571 2327 760 2363 humana:
790 2325 1008 2375 quinimmo
1037 2326 1132 2363 haec
1151 2324 1263 2363 sacri-

203 2378 290 2416 ficia
317 2378 481 2416 nefanda
508 2379 759 2420 habebantur,
790 2378 1006 2415 secundum
1034 2378 1126 2415 illud
1161 2380 1263 2415 Psal-

115 2438 179 2469 ³8
204 2431 259 2469 mi
276 2431 316 2468 ²⁶.
345 2430 567 2481 Effuderunt
593 2433 815 2482 sanguinem
844 2433 1087 2477 innocentem,
1111 2433 1263 2482 sangui-

205 2496 290 2522 nem
305 2485 480 2533 filiorum
507 2497 659 2522 suorum
688 2490 721 2521 et
737 2485 932 2533 filiarum,
963 2497 1053 2533 quas
1079 2486 1264 2533 sacrifica-

203 2543 336 2575 verunt
361 2538 591 2587 sculptilibus·
615 2538 809 2575 Chanaan.
848 2538 950 2585 Ergo
978 2537 1130 2574 videtur
1157 2537 1264 2586 quod

198 2589 332 2640 passio
353 2590 500 2628 'Christi
527 2589 758 2628 sacrificium
787 2590 859 2627 dici
888 2601 967 2626 non
995 2589 1125 2639 possit.

260 2654 294 2679 2.
324 2643 563 2689 PRAETEREA,
592 2643 828 2691 Augustinus
855 2642 961 2688 dicit,
988 2642 1027 2679 in
1055 2643 1091 2679 X
1119 2643 1164 2679 de
1186 2643 1262 2679 Civ.

120 2743 137 2748 Ι
202 2696 278 2733 Dei
293 2695 324 2742 *,
344 2696 452 2745 quod
477 2697 703 2745 sacrificium
722 2697 861 2734 visibile
887 2696 1075 2733 invisibilis
1093 2697 1193 2732 sacri
1219 2697 1267 2732 cii

125 2747 141 2751 ”
203 2754 489 2795 sacramentum,
506 2749 594 2786 idest
611 2761 760 2786 sacrum
779 2751 942 2799 signum,
964 2754 1024 2785 est.
1046 2748 1121 2785 Sed
1137 2748 1263 2797 passio

199 2800 346 2838 'Christi
372 2813 453 2838 non
481 2809 537 2838 est
564 2801 734 2850 signum,
765 2802 832 2838 sed
860 2801 979 2848 magis
1012 2800 1266 2849 significatum

205 2865 275 2903 per
301 2853 372 2891 alia
400 2854 516 2902 signa.
546 2855 647 2903 Ergo
667 2854 818 2891 videtur
837 2854 943 2903 quod
971 2854 1098 2902 passio
1128 2853 1264 2890 Christi

164 2909 167 2910 ⁷
202 2911 287 2944 non
314 2906 360 2943 sit
387 2906 629 2944 sacrificium.

261 2959 295 2996 3.
325 2960 563 3005 PRAETEREA,
597 2959 835 3019 quicumque
870 2960 981 2997 offert
1015 2959 1264 3002 sacrificium,

199 3011 350 3061 ‘aliquid
377 3024 531 3050 sacrum
555 2989 661 3049 iacit:
695 3020 737 3049 ut
764 3012 893 3071 ipsum
921 3024 1066 3048 nomen
1093 3024 1190 3049 sacrz
1220 3013 1269 3048 ciz

206 3064 453 3102 demonstrat.
483 3065 536 3101 Illi
565 3072 694 3102 autem
723 3065 788 3114 qui
809 3064 1006 3101 Christum
1026 3064 1265 3108 occiderunt,

164 3116 286 3155 tion
313 3118 484 3154 fecerunt
511 3117 668 3166 aliquod
696 3129 860 3160 sacrum,
881 3117 947 3154 sed
977 3128 1157 3164 magnam
1185 3129 1265 3153 ma-

145 3210 148 3216 ,
208 3168 324 3207 litiam
352 3177 679 3219 perpetraverunt.
709 3170 811 3218 Ergo
839 3169 966 3218 passio
988 3169 1126 3206 Christi
1147 3169 1266 3217 magis

127 3264 131 3274 Ι
201 3221 277 3259 'fuit
298 3222 538 3260 maleficium
567 3233 686 3271 quam
714 3221 955 3259 sacrificium.

133 3272 139 3285 “
204 3289 206 3293 ’
262 3274 335 3313 SED
351 3287 495 3313 CONTRA
514 3286 579 3311 EST
593 3275 700 3324 quod
715 3275 923 3324 Apostolus
937 3274 1036 3320 dicit,
1052 3275 1184 3323 Ephes.
1197 3274 1264 3311 v*:

167 3328 379 3365 eredidit
405 3329 635 3389 semetipsum
659 3339 732 3377 pro
761 3329 864 3364 nobis
896 3328 1116 3364 oblationem
1145 3333 1178 3363 et
1205 3328 1265 3363 ho-

127 3372 155 3425 ἐξ
198 3381 315 3417 stiam
342 3381 424 3418 Deo
453 3382 490 3417 in
519 3381 672 3417 odorem
699 3381 896 3417 suavitatis.

203 3448 225 3454 ··
259 3433 486 3470 Rmmnbsso
515 3444 695 3470 Dici-:noum
722 3433 828 3482 quod
857 3430 1087 3470 sacrificium
1114 3431 1267 3481 proprie

263 3573 279 3589 α
309 3567 348 3590 est
365 3565 444 3598 quod.
463 3579 481 3584 -
495 3565 550 3596 PF;
569 3569 609 3590 est
628 3567 664 3589 ut.
684 3566 723 3589 An
743 3565 827 3589 solum
849 3568 878 3589 ut
897 3563 1053 3596 legendum?

263 3563 290 3634 βξ
307 3604 399 3626 sancta
417 3601 548 3626 societate.
567 3615 586 3619 -
602 3600 716 3625 caritate
735 3600 757 3624 H
778 3605 803 3624 et
822 3599 955 3624 editiones.

988 3631 1005 3640 κ

281 3653 389 3678 Sonus
403 3653 505 3679 Tutor..
524 3654 555 3679 D.
573 3653 688 3678 Tuumne
707 3653 739 3678 T.
757 3653 821 3678 VIII.

1316 2060 1453 2098 dicitur
1481 2061 1622 2110 aliquid
1650 2062 1792 2099 factum
1820 2062 1858 2098 in
1886 2063 2077 2099 honorem
2105 2063 2259 2112 proprie
2287 2064 2370 2101 Deo

1317 2114 1501 2160 debitum,
1522 2115 1571 2151 ad
1600 2126 1690 2151 eum
1709 2115 1953 2163 placandum.
1983 2116 2032 2152 Et
2050 2115 2139 2152 inde
2162 2123 2216 2152 est
2235 2117 2341 2165 quod
2358 2122 2374 2138 α

1317 2166 1553 2215 Augustinus
1582 2166 1679 2213 dicit,
1709 2167 1748 2204 in
1777 2168 1811 2203 X
1839 2168 1884 2204 de
1906 2169 1983 2204 Civ.
2003 2169 2077 2204 Dei
2093 2168 2129 2204 *ε
2161 2169 2297 2205 Verum
2316 2182 2373 2206 sa-

1317 2221 1498 2268 crificium
1528 2225 1578 2256 est
1605 2232 1716 2256 omne
1743 2232 1834 2269 opus
1862 2221 1961 2269 quod
1977 2222 2103 2270 agitur
2121 2226 2158 2257 ut
2175 2227 2302 2258 sancta
2320 2234 2374 2258 so-

1316 2271 1470 2309 cietatess
1489 2273 1569 2309 Deo
1589 2274 1857 2318 inhaereamus,
1879 2273 2032 2310 relatum
2051 2273 2184 2310 scilicet
2203 2274 2253 2310 ad
2269 2275 2370 2310 illum

1305 2327 1429 2374 finem
1442 2327 1620 2374 *honi-quo
1638 2327 1819 2363 veraciter
1837 2327 1934 2362 beati
1947 2338 2022 2362 esse
2034 2338 2240 2375 possumus.
2266 2326 2374 2363 Chri-

1317 2386 1396 2414 stus
1416 2385 1557 2424 autem,
1579 2385 1621 2414 ut
1640 2377 1782 2415 ibidem
1810 2378 1996 2422 subditur,
2015 2380 2173 2428 seipsum
2193 2380 2317 2416 obtulit
2336 2381 2372 2416 in

1312 2433 1487 2480 passione
1503 2443 1578 2480 pro
1599 2432 1721 2467 nobis:
1749 2438 1784 2467 et
1803 2431 1879 2467 hoc
1898 2430 2025 2480 ipsum
2049 2443 2158 2480 opus,
2179 2431 2285 2480 quod
2306 2444 2374 2468 vo—

1318 2483 1478 2520 luntarie
1515 2483 1735 2532 passionem
1773 2483 1964 2530 sustinuit,
1993 2483 2062 2520 fuit
2089 2484 2172 2521 Deo
2208 2483 2373 2521 maxime

1318 2544 1540 2585 acceptum,
1570 2544 1700 2585 utpote
1729 2548 1774 2572 ex
1803 2536 1952 2573 caritate
1987 2536 2228 2585 proveniens
2263 2537 2374 2574 Unde

1318 2589 1563 2626 manifestum
1598 2596 1653 2625 est
1681 2589 1787 2638 quod
1821 2588 1947 2638 passio
1977 2588 2115 2625 Christi
2142 2589 2211 2625 fuit
2237 2601 2374 2626 verum

1319 2641 1559 2679 sacrificium.
1596 2642 1662 2689 Et,
1693 2641 1788 2678 sicut
1816 2641 1894 2691 ipse
1923 2649 2055 2691 postea
2092 2641 2220 2678 subdit
2246 2641 2285 2678 in
2313 2654 2374 2679 eo-

1319 2695 1408 2732 dem
1429 2694 1525 2731 libro
1544 2694 1574 2740 ²⁸,
1595 2696 1701 2731 huius
1728 2695 1809 2732 veri
1824 2695 1999 2742 sacrificii
2015 2694 2228 2743 multiplicia
2251 2696 2374 2732 varia—

1320 2760 1389 2797 que
1415 2749 1525 2797 signa
1554 2753 1659 2784 erant
1678 2749 1864 2795 sacrificia
1878 2749 2004 2796 prisca
2025 2749 2264 2784 Sanctorum.-
2290 2757 2374 2783 cum

1319 2802 1388 2837 hoc
1416 2813 1531 2836 unum
1554 2812 1626 2849 per·
1644 2800 1758 2836 multa
1775 2802 2032 2849 figuraretur,
2060 2805 2237 2848 tanquam
2256 2801 2375 2836 verbis

1316 2853 1441 2890 multis
1469 2865 1527 2889 res
1555 2865 1630 2889 una
1658 2853 1849 2898 diceretur,
1879 2858 1916 2888 ut
1942 2853 2021 2888 sine
2037 2852 2192 2899 fastidio
2221 2852 2374 2888 multum

1319 2906 1661 2949 commendaretur;
1689 2913 1734 2948 et,
1755 2917 1839 2941 cum
1862 2910 2018 2953 quatuor
2044 2905 2319 2941 considerentur
2337 2906 2374 2941 in

1320 2960 1424 2995 omni
1435 2959 1630 3006 sacrificio,
1646 2965 1688 2994 ut
1703 2957 1936 3004 Augustinus
1958 2956 2046 2994 dicit
2064 2957 2102 2993 in
2117 2957 2167 2993 lV
2177 2957 2222 2994 de
2232 2958 2267 2994 T
2265 2957 2374 3003 rin.*‚

1320 3010 1457 3047 scilicet
1485 3012 1546 3046 cui
1563 3009 1754 3058 offeratur,
1775 3022 1798 3046 a
1818 3022 1888 3059 quo
1918 3009 2108 3058 offeratur,
2130 3010 2218 3058 quid
2243 3009 2375 3058 offera-

1319 3070 1390 3109 tur,
1401 3075 1475 3112 pro
1497 3065 1625 3112 quibus
1648 3062 1839 3111 offeratur,
1861 3062 1956 3099 idem
1983 3064 2059 3111 ipse
2085 3064 2148 3111 qni
2160 3067 2179 3109 js
2199 3074 2292 3098 unus
2317 3075 2376 3099 ve-

1321 3127 1454 3165 rusque
1481 3115 1660 3152 mediator
1682 3127 1754 3164 per
1779 3116 2002 3163 sacrificium
2022 3115 2141 3164 ,pacis'
2166 3115 2377 3151 reconciliat

1320 3180 1387 3205 nos
1414 3169 1514 3212 Deo,
1544 3171 1658 3204 unum
1686 3179 1770 3204 cum
1806 3167 1867 3204 illo
1895 3173 2061 3204 maneret
2088 3169 2156 3204 *cui
2186 3166 2375 3216 offerebat,

1292 3222 1294 3228 '
1321 3233 1435 3257 unum
1456 3222 1492 3257 in
1512 3233 1551 3256 se
1567 3221 1716 3268 faceret
1730 3233 1803 3269 pro
1823 3221 1951 3269 quibus
1978 3219 2166 3268 offerebat,
2188 3232 2282 3256 unus
2301 3221 2376 3269 ipse

1320 3279 1408 3310 esset
1436 3274 1499 3322 qui
1525 3272 1714 3321 offerebat,
1744 3279 1776 3309 et
1804 3273 1902 3322 quod
1928 3272 2115 3322 offerebat.

1373 3327 1429 3362 An
1459 3337 1593 3362 PRIMUM
1628 3337 1725 3362 ERGO
1761 3337 1941 3363 mensuum
1973 3325 2100 3374 quod,
2129 3324 2213 3361 licet
2240 3324 2377 3362 veritas

1321 3378 1550 3427 respondeat
1577 3377 1721 3426 figurae
1750 3386 1939 3427 quantum
1967 3379 2015 3415 ad
2044 3377 2196 3426 aliquid,
2217 3389 2297 3414 non
2324 3386 2376 3415 ta-

1322 3443 1412 3468 men
1441 3438 1630 3480 quantum
1650 3431 1696 3468 ad
1718 3430 1867 3468 omnia:
1897 3430 1987 3480 quia
2015 3438 2164 3480 oportet
2187 3430 2293 3479 quod
2313 3442 2376 3467 ve-

1373 3564 1400 3596 γ)
1419 3564 1474 3595 ipse
1493 3564 1546 3595 qui.
1564 3577 1582 3582 -
1601 3563 1655 3595 ipse
1673 3563 1744 3595 quod
1762 3563 1790 3592 F.
1811 3563 1918 3595 ipsemet
1936 3563 2024 3593 GHbc,
2043 3563 2147 3595 ipseque
2165 3562 2182 3594 1,
2203 3563 2257 3594 ipse
2275 3567 2300 3586 et
2319 3569 2378 3586 mox

1322 3599 1494 3623 reconcilians
1513 3599 1541 3624 Ρ.

2202 3650 2233 3682 59

2401 996 2410 1005 Β
2425 994 2507 1021 1311110,

1314 1030 1447 1060 nostris:
1473 1030 1522 1060 vel
1546 1030 1688 1060 medium
1712 1031 1841 1061 rationis
1863 1037 2006 1068 tantum;
2030 1033 2080 1062 vel
2095 1032 2237 1063 medium
2253 1033 2308 1062 rei.
2331 1032 2372 1062 Et
2399 1027 2460 1071 ι’ῗιύνζ
2474 1025 2519 1074 2¹1¹,
2529 1021 2610 1074 ’,ᾗηιῇῗ

2400 1078 2441 1095 Eri.
2459 1079 2493 1095 10.

2520 999 2610 1021 quaest.

2404 2183 2411 2191 ⁸
2426 2181 2482 2209 Cap.
2497 2187 2528 2203 vl.

2403 2707 2411 2717 ⁸
2426 2707 2482 2734 Cap.
2498 2713 2536 2728 xx.

2403 2962 2412 2971 ·
2428 2961 2484 2989 Cap.
2497 2967 2545 2983 xiv.
