2872 3970
148 661 170 678 n.
176 662 197 684 3,
205 663 227 683 ⁴·
235 667 244 672 -

145 686 189 704 eci.
204 689 244 704 vn.

39 650 142 724 Ἧι,

133 672 140 683 5

136 719 143 736 t

22 1793 41 1804 ⁴⁸
55 1792 91 1815 cf.
106 1799 170 1815 num.
186 1799 220 1814 ιιι.

990 264 1252 310 QUAESTlo
1282 265 1335 311 x,

273 350 432 389 tantum,
454 343 546 380 nihil
566 342 786 392 prohiberet
813 355 895 379 esse
914 343 1024 392 plura
1051 342 1138 379 talia
1166 341 1332 379 infinita:

274 395 369 432 sicut
397 395 427 432 si
455 395 748 444 intelligeremus
775 397 904 444 plures
932 395 1049 432 lineas
1084 394 1250 431 infinitas
1278 407 1334 431 se-

273 449 447 486 cundum
466 448 744 497 longitudinem
762 455 969 498 protractas
990 447 1029 484 in
1047 447 1184 496 'aliqua
1203 459 1333 497 super-

272 500 358 539 ficie
396 500 504 539 finita
541 501 756 538 secundum
793 500 1043 538 latitudinem.
1087 500 1189 547 Quia
1223 499 1335 548 igitur

273 553 468 591 infinitum
495 566 575 590 non
603 561 658 590 est
686 553 894 590 substantia
919 553 1122 602 quaedam,
1144 553 1211 590 sed
1239 553 1334 589 acci-

273 606 327 644 dit
354 607 471 643 rebus
496 619 596 656 quae
633 606 812 643 dicuntur
843 605 1033 653 infinitae,
1062 614 1104 642 ut
1131 605 1268 642 dicitur
1295 605 1335 641 in

272 659 318 696 III
345 661 492 708 Phssic.
522 659 562 704 *ς
602 658 698 695 sicut
738 658 933 695 infinitum
970 658 1242 708 multiplicatur
1278 670 1334 694 se-

272 711 446 749 cundum
473 711 624 750 diversa
652 711 821 749 subiecta
840 718 858 758 ²,
884 711 934 748 ita
962 723 1116 748 necesse
1145 719 1200 748 est
1227 711 1334 759 quod

271 764 482 814 proprietas
509 764 647 801 infiniti
674 763 956 813 multiplicetur,
981 765 1030 802 ita
1058 764 1166 813 quod
1194 775 1334 800 conve-

271 816 349 854 niat
367 816 577 866 unicuique
597 829 735 854 eorum
755 818 971 854 secundum
992 817 1086 854 illud
1105 816 1333 854 subiectum.

270 870 338 906 Est
365 878 495 907 autem
523 871 716 919 quaedam
744 870 954 920 proprietas
980 869 1117 907 infiniti
1142 869 1251 918 quod
1278 869 1333 905 in-

269 922 379 959 finito
407 935 488 960 non
516 923 561 960 sit
589 923 733 972 aliquid
761 923 897 960 maius.
942 923 1004 960 Sic
1031 923 1152 971 igitur,
1181 922 1211 958 si
1239 921 1334 958 acci-

270 975 423 1025 piamus
451 987 571 1012 unam
599 976 741 1013 lineam
777 975 984 1022 infinitam,
1014 976 1054 1012 in
1082 975 1143 1012 illa
1171 986 1251 1012 non
1280 982 1335 1011 est

270 1028 415 1077 aliquid
433 1028 559 1066 maius
587 1029 748 1066 infinito.
779 1030 827 1066 Et
845 1029 1025 1075 similiter,
1046 1028 1077 1065 si
1101 1027 1335 1077 accipiamus

271 1093 561 1131 quamcumque
581 1081 744 1119 aliarum
772 1082 960 1119 linearum
984 1081 1233 1127 infinitarum,
1254 1092 1335 1117 ma-

270 1133 450 1171 nifestum
469 1140 485 1156 ²
513 1142 568 1171 est
586 1135 694 1184 quod
721 1134 1027 1183 uniuscuiusque
1047 1146 1182 1171 earum
1210 1141 1335 1182 partes

271 1194 359 1223 sunt
386 1187 567 1224 infinitae.
599 1188 761 1237 Oportet
789 1187 900 1236 igitur
918 1188 1026 1236 quod
1055 1186 1237 1223 omnibus
1265 1185 1336 1222 illis

322 1299 342 1334 ι)
362 1300 469 1326 diversa
486 1301 614 1326 subiecta.
631 1315 650 1319 —
668 1301 770 1331 Tertia;
790 1301 911 1326 diversas
929 1301 1101 1326 substantias.

322 1335 348 1369 κ)
367 1336 546 1370 manifestum.
555 1351 574 1354 —
587 1337 618 1366 Ρ;
633 1336 803 1371 manifestum
817 1340 916 1362 tamen.
927 1351 947 1355 -
956 1343 1051 1370 *earum
1066 1339 1161 1368 partes
1176 1336 1196 1360 F
1211 1341 1236 1361 et
1249 1337 1321 1361 tertia
1329 1344 1336 1367 3

265 1373 360 1403 partes
377 1370 424 1404 pC,
439 1373 533 1403 partes
551 1379 645 1397 earum
665 1372 708 1402 sC,
724 1374 818 1403 partes
836 1379 928 1397 earum
943 1374 1039 1403 partes
1057 1372 1142 1397 ceteri.

321 1405 349 1440 λ)
369 1406 489 1439 infinitis.
507 1421 527 1426 -
541 1407 667 1438 partibus
685 1407 798 1440 infinitis
817 1407 855 1433 ΡΙ.

1368 264 1656 301 ARTICULUS
1685 265 1730 301 111
2380 277 2391 302 1
2404 267 2421 302 5
2429 265 2448 301 3

1390 341 1547 379 infinitis
1567 340 1580 364 λ
1608 354 1688 379 non
1709 342 1753 379 sit
1782 342 1925 391 aliquid
1953 342 2077 380 maius
2097 343 2135 379 in
2164 343 2225 381 illa
2253 344 2370 381 linea:
2400 351 2452 380 ta-

1390 407 1481 431 men
1509 395 1549 432 in
1577 395 1649 432 alia
1676 395 1775 432 linea
1804 403 1840 432 et
1867 395 1906 432 in
1933 395 2040 432 tertia
2068 404 2179 432 erunt
2212 398 2340 446 plures
2368 408 2452 445 par-

1390 456 1455 493 tes,
1477 448 1591 485 etiam
1619 448 1806 495 infinitae,
1835 456 1984 498 praeter
2011 448 2109 485 istas.
2153 450 2200 486 Et
2229 450 2304 486 hoc
2339 448 2453 486 etiam

1389 500 1568 537 videmus
1596 500 1635 537 in
1663 501 1834 550 numeris
1862 501 2053 539 accidere:
2090 514 2181 538 narn
2210 502 2354 551 species
2382 514 2452 538 nu-

1390 565 1590 590 merorum
1617 554 1770 602 parium
1799 562 1887 590 sunt
1914 554 2096 600 infinitae,
2117 562 2153 591 et
2181 554 2351 591 similiter
2370 567 2452 603 spe-

1391 606 1466 642 cies
1485 618 1739 643 numerorum
1759 606 1985 656 imparium;
2011 615 2046 643 et
2065 615 2193 644 tamen
2214 607 2366 644 numeri
2386 615 2422 643 et
2436 613 2453 635 μ

1390 671 1501 707 pares
1530 667 1565 695 et
1592 659 1758 708 impares
1787 668 1875 696 sunt
1902 661 2030 709 plures
2059 672 2178 709 quam
2206 672 2328 709 pares.

1445 711 1507 748 Sic
1535 711 1646 759 igitur
1660 712 1881 749 'dicendum
1914 713 2021 761 quod
2049 712 2198 750 infinito
2236 712 2454 762 simpliciter

1391 764 1523 812 quoad
1550 764 1692 811 omnia,
1722 765 1815 802 nihil
1835 771 1846 786 '²
1874 774 1928 802 est
1965 765 2110 803 maius:
2141 765 2290 802 infinito
2324 774 2454 802 autem

1391 817 1607 853 secundum
1627 817 1770 866 aliquid
1799 818 2106 865 determinatum,
2127 831 2207 855 non
2227 826 2282 855 est
2309 818 2453 867 aliquid

1390 869 1516 906 maius
1545 869 1583 906 in
1612 870 1674 907 illo
1697 871 1842 917 ordine,
1862 879 1986 920 potest
2013 879 2142 908 tamen
2162 871 2282 920 accipi
2310 871 2454 920 aliquid

1390 922 1516 959 maius
1536 930 1639 960 extra
1667 922 1775 960 illum
1795 924 1982 961 ordinem.
2013 925 2086 960 Per
2109 925 2213 961 hunc
2240 924 2352 972 igitur
2370 936 2453 960 mo-

1391 975 1486 1011 dum
1519 974 1667 1012 infinita
1700 984 1788 1012 sunt
1815 976 1855 1013 in
1882 977 2051 1026 potentia
2088 985 2302 1014 creaturae:
2338 984 2373 1013 et
2400 984 2453 1014 ta-

1390 1039 1482 1063 men
1509 1029 1620 1076 plura
1648 1036 1736 1065 sunt
1756 1029 1794 1065 in
1822 1030 1991 1078 potentia
2018 1029 2090 1066 Dei
2110 1042 2229 1078 quam
2257 1030 2296 1066 in
2319 1037 2453 1078 poten-

1390 1079 1440 1116 tia
1468 1088 1674 1117 creaturae.
1704 1082 1752 1118 Et
1780 1081 1948 1119 similiter
1976 1082 2104 1119 anima
2137 1082 2275 1119 Christi
2303 1082 2370 1119 scit
2397 1082 2453 1118 in-

1390 1132 1497 1169 finita
1517 1133 1671 1170 scientia
1691 1134 1871 1183 simplicis
1890 1135 2174 1183 intelligentiae:
2195 1137 2305 1184 plura
2323 1143 2453 1172 tamen

1392 1185 1459 1221 scit
1478 1186 1584 1222 Deus
1604 1187 1819 1223 secundum
1839 1188 1943 1224 hunc
1962 1187 2225 1235 intelligentiae
2246 1187 2256 1212 ξ
2276 1188 2451 1225 modum.

1444 1299 1473 1333 μ)
1492 1303 1526 1325 et.
1544 1315 1562 1318 -
1581 1301 1641 1326 Om.
1661 1302 1734 1326 tertia
1753 1306 1854 1333 praeter
1873 1301 1904 1326 G.

1444 1335 1467 1369 ν)
1488 1336 1562 1361 nihil.
1579 1351 1599 1354 —
1617 1336 1773 1368 simpliciter
1792 1336 1858 1361 nihil
1877 1336 1959 1361 tertia.

1444 1370 1467 1405 Ε)
1488 1371 1687 1405 intelligentiae.
1704 1387 1724 1391 -
1741 1372 1868 1397 scientiae
1887 1372 1967 1397 tertia.

946 1487 1281 1520 Commentario.
1303 1487 1555 1520 Cardinalis
1577 1486 1778 1519 Caietam·

328 1586 436 1606 rrums
471 1576 573 1607 clarus
608 1581 663 1606 est.
690 1594 712 1598 —
742 1576 778 1606 In
817 1585 952 1616 corpore
985 1577 1107 1606 articuli
1139 1577 1198 1606 tria
1234 1576 1332 1606 fiunt:

270 1587 448 1660 Tprimo,
469 1621 601 1660 ponitur
623 1619 783 1650 distinctio
806 1621 989 1653 bimembris
1013 1620 1052 1651 de
1075 1620 1175 1651 modo
1195 1620 1332 1656 sciendi;

268 1664 428 1701 secundo,
467 1663 677 1704 respondetur
716 1665 860 1704 quaesito
899 1665 986 1695 iuxta
1016 1665 1157 1704 primum
1197 1664 1334 1695 modum

268 1708 405 1744 sciendi,
433 1709 528 1739 unica
557 1709 703 1748 negativa
734 1709 960 1745 conclusione:
995 1710 1099 1744 tertio,
1122 1708 1335 1748 respondetur

268 1753 413 1792 quaesito
436 1753 523 1783 iuxta
538 1752 716 1783 secundum
732 1753 868 1783 modum
890 1752 1021 1788 sciendi,
1037 1763 1102 1783 una
1125 1753 1334 1783 conclusione

268 1796 453 1827 affirmativa
469 1798 495 1826 ⁴⁹.
1010 1814 1016 1821 ·

322 1840 440 1878 Quoad
462 1841 621 1880 primum,
646 1840 806 1871 distinctio
831 1846 877 1870 est
909 1840 998 1880 quod
1022 1840 1190 1880 dupliciter
1213 1839 1334 1879 aliquid

267 1890 314 1915 est
337 1885 569 1924 cognoscibile:
594 1885 645 1915 vel
667 1885 846 1915 secundum
869 1885 1024 1924 seipsum,
1048 1890 1084 1914 ut
1107 1893 1163 1914 ens
1185 1885 1219 1913 in
1243 1890 1333 1920 actu;

266 1929 317 1960 vel
339 1938 408 1960 non
431 1928 609 1960 secundum
633 1938 684 1964 se,
714 1929 770 1959 sed
793 1928 971 1959 secundum
993 1927 1073 1958 illud
1102 1929 1136 1958 in
1159 1928 1251 1958 cuius
1274 1938 1334 1968 po-

266 1974 364 2004 tentia
388 1973 500 2008 existit,
524 1978 560 2004 ut
583 1982 638 2004 ens
661 1974 695 2003 in
718 1974 871 2013 potentia.
895 1973 1050 2003 Probatur
1073 1972 1243 2003 distinctio.
1268 1973 1334 2002 Ens

267 2017 382 2048 dicitur
407 2017 591 2057 dupliciter:
621 2018 741 2048 scilicet
763 2017 963 2057 simpliciter,
987 2023 1023 2048 ut
1046 2027 1102 2047 ens
1125 2017 1158 2047 in
1182 2023 1271 2053 actu;
1304 2023 1335 2047 et

266 2061 444 2092 secundum
468 2061 556 2101 quid,
580 2066 616 2091 ut
639 2071 695 2092 ens
718 2062 752 2092 in
766 2063 922 2101 potentia.
946 2062 1032 2102 Ergo
1049 2068 1080 2092 et
1095 2061 1204 2092 scibile
1220 2061 1335 2092 dicitur

267 2105 452 2146 dupliciter:
477 2105 556 2136 illud
578 2105 758 2136 secundum
774 2115 824 2141 se;
848 2107 911 2136 hoc
930 2106 1110 2137 secundum
1125 2105 1215 2146 quod
1231 2111 1279 2136 est
1300 2106 1334 2136 in

267 2149 341 2181 alio.
364 2168 389 2172 —
409 2149 612 2180 Antecedens
635 2155 730 2189 patet.
753 2167 777 2172 —
799 2150 841 2180 Et
864 2151 1110 2190 consequentia,
1139 2150 1248 2190 quoad
1271 2151 1334 2190 pri-

267 2203 354 2224 mam
377 2199 510 2234 partem,
534 2194 702 2233 probatur:
727 2195 804 2234 quia
826 2195 957 2224 scientia
975 2204 1043 2225 non
1059 2200 1106 2225 est
1123 2195 1185 2224 nisi
1200 2195 1332 2225 entium.

268 2237 367 2276 Quod
383 2238 550 2277 probatur:
576 2238 652 2278 quia
668 2247 723 2268 ens
739 2244 770 2268 et
785 2247 897 2268 verum
913 2244 1152 2269 convertuntur.
1174 2257 1198 2261 —
1216 2239 1334 2277 Quoad

268 2281 441 2312 secundam
456 2291 550 2312 vero:
569 2283 644 2322 quia
659 2282 919 2323 unumquodque
935 2283 1140 2322 cognoscitur
1155 2283 1334 2314 secundum

268 2326 358 2366 quod
381 2332 428 2356 est
451 2331 534 2362 actu,
559 2331 590 2356 et
612 2336 680 2356 non
699 2326 877 2357 secundum
894 2327 983 2367 quod
999 2333 1045 2357 est
1060 2328 1094 2357 in
1109 2328 1261 2367 potentia.
1286 2328 1334 2358 Ex

267 2371 331 2401 hoc
354 2371 440 2401 enim
463 2371 607 2410 sequitur
637 2370 727 2410 quod
749 2371 880 2401 scientia
903 2372 1007 2411 primo
1034 2371 1135 2402 tendit
1158 2371 1198 2402 ad
1222 2381 1278 2401 ens
1300 2372 1334 2402 in

267 2420 351 2451 actu,
376 2420 408 2445 et
430 2414 618 2445 secundario
643 2414 682 2444 ad
699 2424 754 2444 ens
773 2415 806 2445 in
822 2416 976 2455 potentia.
1001 2416 1075 2446 Hoc
1091 2421 1153 2445 est:
1178 2415 1279 2446 tendit
1295 2416 1334 2446 ad

269 2468 324 2490 ens
346 2459 380 2489 in
403 2464 477 2490 actu
499 2458 678 2489 secundum
701 2468 744 2494 se,
770 2465 801 2489 et
816 2458 855 2489 ad
871 2468 927 2489 ens
950 2461 983 2490 in
1006 2460 1150 2500 potentia
1173 2465 1209 2490 ut
1232 2466 1279 2490 est
1300 2461 1334 2491 in

268 2503 346 2539 alio;
369 2503 433 2533 hoc
457 2503 546 2533 enim·
567 2508 614 2533 est
636 2502 825 2533 secundario
843 2505 1005 2543 cognosci,
1023 2510 1054 2534 et
1069 2504 1148 2534 illud
1164 2510 1211 2534 est
1228 2505 1333 2544 primo

269 2547 432 2587 cognosci.
771 2565 776 2571 ·

323 2590 441 2629 Quoad
456 2590 644 2627 secundum,
661 2592 826 2622 conclusio
843 2593 987 2632 negativa
1004 2598 1065 2622 est:
1083 2593 1199 2623 Anima
1215 2593 1336 2624 Christi

269 2645 333 2667 non
357 2636 418 2666 scit
439 2636 565 2677 infinita
589 2636 622 2666 in
638 2641 722 2667 actu.
747 2636 912 2667 Probatur.
937 2636 1022 2674 Quia
1037 2647 1105 2667 non
1121 2643 1195 2667 sunt
1210 2637 1335 2668 infinita

267 2681 301 2710 in
325 2685 414 2710 actu:
439 2679 494 2711 sed
517 2685 564 2710 est
586 2685 690 2710 certus
713 2690 867 2711 numerus
889 2690 957 2711 non
980 2681 1087 2711 solum
1110 2682 1335 2722 incorruptibi-

268 2725 358 2760 lium,
382 2723 437 2754 sed
460 2724 555 2754 etiam
577 2724 806 2764 generabilium
830 2730 862 2755 et
882 2725 1147 2765 corruptibilium.
1171 2744 1193 2748 -
1216 2726 1334 2756 Proba-

268 2774 328 2799 tur.
352 2767 438 2806 Quia
460 2773 558 2798 status
580 2769 793 2809 generationis
817 2775 848 2799 et
867 2770 1080 2810 corruptionis
1104 2779 1171 2800 non
1188 2770 1279 2800 durat
1301 2771 1334 2801 in

268 2811 440 2843 infinitum.

323 2856 361 2886 11.
386 2856 533 2886 Occurrit
562 2856 625 2887 hoc
654 2857 688 2887 in
710 2857 785 2887 loco
817 2857 951 2888 dubium
982 2857 1021 2888 ad
1051 2858 1234 2894 hominem,
1266 2868 1332 2899 quo

268 2906 363 2941 pacto
387 2905 447 2931 stet
470 2900 614 2931 doctrina
636 2901 714 2931 haec
738 2911 813 2932 cum
837 2908 909 2932 ante
933 2901 1025 2932 dicta.
1057 2903 1187 2933 Dictum
1211 2904 1333 2944 quippe

268 2945 302 2976 in
323 2943 526 2986 praecedenti
549 2945 682 2975 articulo
707 2951 753 2975 est
775 2946 915 2976 animam
932 2945 1048 2976 Christi
1063 2947 1142 2977 scire
1159 2957 1333 2987 quaecum-

269 2999 332 3030 que
356 2989 414 3019 scit
437 2988 524 3019 Deus
547 2989 677 3019 scientia
698 2989 844 3020 visionis:
870 2996 900 3021 et
915 2991 949 3020 in
964 2991 1069 3021 Prima
1084 2991 1184 3027 Parte,
1202 3001 1256 3032 qu.
1269 3002 1332 3028 nv,

269 3038 324 3063 art.
345 3040 394 3069 12,
418 3033 542 3063 Auctor
565 3033 752 3063 determinat
774 3034 880 3064 Deum
903 3035 1034 3065 scientia
1056 3036 1187 3066 visionis
1211 3046 1332 3076 cogno-

268 3086 355 3108 scere
377 3075 510 3112 infinsta,
535 3083 566 3107 et
588 3076 791 3116 reprehendit
813 3087 850 3108 ac
866 3078 1011 3109 confutat
1033 3080 1190 3110 rationem
1213 3081 1265 3110 hic
1289 3080 1332 3110 al-

269 3122 364 3151 latam
395 3121 435 3151 de
460 3120 552 3151 finito
575 3126 658 3151 statu
684 3123 896 3161 generationis
922 3128 953 3153 et
980 3125 1203 3163 corruptionis.
1238 3124 1332 3154 Unde

267 3164 392 3196 videtur
414 3166 537 3196 Auctor
551 3175 626 3196 suae
643 3166 759 3196 oblitus
776 3165 954 3197 doctrinae:
979 3173 1010 3198 et
1028 3177 1149 3208 ponere
1165 3169 1331 3203 contraria,

269 3209 347 3240 dum
370 3208 446 3240 dicit
467 3209 608 3240 animam
627 3209 744 3240 Christi
766 3211 888 3241 nescire
903 3210 1027 3242 infinita
1041 3212 1075 3242 in
1091 3218 1174 3248 actu,
1191 3217 1223 3242 et
1237 3218 1332 3251 negat

268 3251 391 3283 infinita
414 3253 447 3284 in
471 3259 543 3284 actu
559 3253 737 3284 secundum
754 3254 984 3295 quodcumque
999 3261 1143 3296 tempus;
1168 3261 1199 3286 et
1218 3265 1255 3286 ex
1272 3256 1331 3285 alia

268 3302 356 3337 parte
387 3297 463 3328 dicit
492 3298 631 3328 animam
655 3297 772 3328 Christi
802 3299 880 3329 scire
911 3300 1020 3330 omnia
1051 3309 1132 3339 quae
1159 3300 1217 3329 scit
1243 3299 1330 3329 Deus

269 3341 399 3372 scientia
421 3342 568 3378 visionis,
597 3347 628 3372 et
650 3341 726 3372 dicit
748 3342 800 3372 illa
823 3352 890 3373 esse
914 3342 1037 3374 infinita
1059 3345 1092 3374 in
1116 3349 1205 3378 actu,
1230 3343 1255 3372 si
1278 3352 1330 3372 su-

269 3390 396 3415 mantur
419 3386 528 3416 omnia
551 3395 634 3426 quae
657 3391 740 3422 sunt,
765 3393 858 3417 erunt
880 3392 911 3417 et
933 3386 1062 3418 fuerunt
1084 3388 1117 3417 in
1141 3392 1230 3421 actu,
1255 3387 1330 3425 quia

270 3429 478 3468 cogitationes
501 3435 532 3460 et
555 3430 738 3460 affectiones
761 3436 975 3462 creaturarum
997 3431 1216 3465 rationalium,
1248 3438 1331 3468 quae

269 3478 441 3512 perpetuae
464 3479 547 3509 sunt,
571 3475 604 3504 in
627 3473 788 3505 infinitum
811 3475 1116 3515 multiplicabuntur.

324 3516 376 3546 Ad
398 3517 461 3547 hoc
485 3517 598 3548 dicitur
629 3518 718 3558 quod
740 3524 913 3559 utrumque
937 3519 1056 3549 dictum
1081 3524 1126 3547 est
1149 3527 1259 3547 verum
1284 3516 1330 3547 di-

269 3560 447 3591 versimode
470 3561 676 3592 intellectum.
700 3562 783 3592 Nam
799 3562 919 3593 dictum
936 3563 997 3592 hoc
1014 3563 1045 3591 in
1063 3562 1136 3591 loco
1152 3560 1331 3591 verificatur

411 3622 520 3647 Summae
537 3621 638 3648 Τιιιιοι.
658 3623 689 3649 D.
703 3623 817 3648 ‘rueme
836 3623 868 3648 T.
887 3623 950 3648 VlIl.

1388 1575 1428 1606 de
1451 1577 1636 1616 simpliciter
1659 1576 1785 1606 entibus
1800 1577 1833 1606 in
1850 1582 1933 1612 actu,
1958 1585 2040 1615 quae
2057 1582 2130 1606 sunt
2153 1576 2238 1606 solae
2262 1577 2454 1607 substantiae

1388 1630 1471 1660 quae
1494 1626 1568 1651 sunt
1591 1626 1664 1650 actu
1688 1620 1901 1660 quandoque:
1935 1629 2016 1659 quae
2041 1626 2164 1650 constat
2188 1630 2255 1651 esse
2278 1620 2381 1656 finita,
2405 1631 2453 1651 se-

1388 1665 1531 1695 cundum
1554 1664 1629 1695 fidei
1652 1665 1842 1694 sententiam
1873 1664 2070 1694 decernentis
2093 1664 2251 1694 mundum
2275 1666 2453 1705 incoepisse

1388 1715 1419 1739 et
1441 1710 1680 1748 generationem
1705 1708 1886 1738 desituram.
1919 1709 1953 1738 In
1977 1709 2081 1738 Prima
2104 1714 2211 1738 autem
2234 1709 2324 1739 Parte
2348 1719 2452 1740 sermo

1388 1753 1427 1783 de
1451 1754 1637 1793 simpliciter
1659 1753 1710 1782 vel
1733 1752 1911 1782 secundum
1936 1752 2013 1792 quid
2044 1753 2169 1782 entibus
2192 1753 2225 1782 in
2249 1759 2322 1783 actu
2353 1763 2453 1793 quan-

1388 1797 1496 1836 doque
1521 1802 1583 1827 est:
1609 1806 1690 1836 quae
1707 1797 1801 1826 etiam
1817 1801 1904 1836 patet
1920 1806 1987 1826 esse
2003 1796 2136 1832 infinita,
2154 1798 2229 1836 quia
2244 1798 2277 1827 in
2292 1797 2454 1828 infinitum

1388 1846 1476 1871 actus
1498 1841 1678 1871 intellectus
1699 1841 2005 1880 multiplicabuntur,
2026 1841 2083 1870 etsi
2098 1850 2165 1870 non
2181 1841 2214 1870 in
2230 1847 2374 1881 tempore
2391 1843 2454 1872 hoc

1389 1886 1556 1920 continuo,
1580 1885 1613 1914 in
1636 1891 1783 1924 tempore
1803 1890 1912 1915 tamen
1936 1884 2081 1915 discreto.

1389 1957 1395 1963 ,
1448 1930 1489 1959 Et
1506 1929 1596 1969 quod
1615 1930 1693 1959 haec
1709 1930 1749 1959 sit
1764 1929 1913 1959 Auctoris
1929 1939 2030 1965 mens,
2046 1934 2133 1968 patet
2149 1939 2186 1959 ex
2202 1931 2311 1961 tribus.
2335 1931 2454 1967 Primo,

1388 1974 1464 2013 quia
1487 1975 1526 2004 ab
1551 1979 1623 2004 ente
1646 1974 1759 2013 incipit
1782 1983 1899 2013 corpus
1923 1974 2055 2009 articuli,
2081 1979 2112 2003 et
2134 1973 2174 2004 ad
2193 1984 2248 2004 ens
2271 1975 2455 2015 simpliciter

1388 2018 1525 2054 devenit,
1539 2017 1763 2057 distinguendo
1780 2017 1860 2048 illud
1876 2023 1986 2047 contra
1999 2027 2054 2048 ens
2070 2017 2248 2048 secundum
2264 2019 2352 2058 quid,
2366 2019 2454 2059 quod

1388 2062 1503 2093 dicitur
1526 2069 1557 2092 et
1580 2062 1619 2092 de
1643 2068 1716 2092 ente
1739 2063 1773 2091 in
1795 2063 1939 2102 potentia
1963 2067 1993 2092 et
2017 2062 2056 2092 de
2072 2062 2297 2093 accidentibus.
2322 2063 2384 2094 Sed
2403 2073 2454 2093 so-

1387 2106 1469 2137 lum‘
1480 2116 1536 2137 ens
1558 2107 1592 2136 in
1615 2107 1759 2146 potentia
1774 2106 1951 2146 explicavit,
1977 2107 2052 2146 quia
2068 2106 2174 2136 solum
2190 2117 2246 2137 ens
2261 2108 2294 2137 in
2310 2108 2455 2147 potentia

1389 2157 1454 2181 erat
1480 2150 1520 2181 ad
1543 2151 1780 2181 distinctionem
1802 2150 1892 2180 modi
1915 2150 2132 2190 cognoscendi
2154 2152 2379 2182 necessarium.

1443 2195 1604 2231 Secundo,
1629 2195 1704 2234 quia
1724 2205 1762 2224 ex
1777 2200 1859 2225 statu
1874 2195 2086 2233 generationis
2103 2201 2134 2225 et
2150 2196 2363 2235 corruptionis
2379 2206 2454 2236 pro-

1388 2240 1458 2270 bat:
1491 2240 1546 2279 qui
1577 2249 1644 2269 non
1668 2238 1911 2278 comprehendit
1934 2238 2109 2269 accidentia
2135 2240 2366 2276 universaliter,
2399 2241 2453 2270 sed

1389 2294 1501 2314 omnes
1518 2284 1704 2314 substantias
1729 2289 1760 2313 et
1779 2282 1936 2322 quaedam
1952 2288 2076 2313 tantum
2093 2282 2284 2320 accidentia;
2310 2290 2345 2314 ut
2367 2290 2454 2324 patet

1389 2328 1427 2359 de
1452 2329 1573 2359 actibus
1596 2328 1687 2358 novis
1712 2326 1824 2357 futuris
1847 2333 1921 2366 post
1944 2327 2108 2357 iudicium.

1444 2373 1565 2408 Tertio,
1590 2372 1665 2412 quia
1687 2373 1720 2401 in
1745 2371 1877 2401 articulo
1901 2370 2103 2411 praecedenti
2127 2380 2272 2411 expresse
2288 2371 2327 2402 ad
2344 2373 2453 2402 omnia

1389 2417 1553 2447 existentia
1580 2415 1758 2446 secundum
1782 2415 2012 2455 quodcumque
2035 2421 2162 2455 tempus
2189 2415 2331 2455 adiungit
2358 2417 2452 2447 etiam

1387 2462 1559 2492 hominum
1583 2461 1756 2500 cogitatus;
1780 2460 1943 2489 insinuans
1962 2469 2018 2499 per
2033 2460 2096 2489 hoc
2113 2459 2201 2499 quod
2216 2469 2274 2499 per
2289 2460 2452 2490 existentia

1388 2505 1567 2536 secundum
1591 2504 1822 2545 quodcumque
1845 2510 1972 2543 tempus
1995 2503 2142 2543 intelligit
2160 2504 2211 2533 hic
2227 2513 2263 2533 ea
2279 2504 2347 2534 sola
2370 2513 2452 2544 quae

1388 2550 1573 2589 simpliciter
1596 2550 1743 2583 existunt,
1769 2557 1851 2588 quae
1875 2553 1948 2578 sunt
1971 2548 2057 2577 solae
2081 2548 2282 2577 substantiae.

1444 2595 1500 2624 Est
1515 2594 1610 2634 igitur
1627 2593 1770 2623 doctrina
1785 2593 1934 2622 Auctoris
1951 2592 2039 2631 quod
2055 2592 2164 2621 omnia
2180 2592 2305 2631 cognita
2322 2593 2452 2622 scientia

1388 2639 1519 2669 visionis
1542 2642 1678 2678 possunt
1701 2637 1763 2668 dici
1786 2643 1817 2667 et
1839 2635 1962 2666 infinita
1986 2642 2016 2666 et
2035 2635 2140 2666 finita:
2165 2635 2253 2665 finita
2269 2636 2409 2675 quidem,
2426 2637 2452 2666 si

1388 2683 1420 2724 ly
1444 2683 1553 2713 omnia
1577 2682 1735 2712 distribuit
1757 2690 1816 2720 pro
1841 2680 1966 2710 entibus
1989 2680 2189 2720 simpliciter;
2212 2679 2334 2709 infinita
2356 2689 2450 2717 vero,

1388 2728 1414 2758 si
1437 2727 1470 2768 ly
1494 2727 1602 2757 omnia
1627 2725 1783 2757 distribuit
1806 2731 1871 2754 tam
1894 2734 1952 2764 pro
1976 2724 2099 2754 entibus
2124 2733 2219 2763 quam
2236 2723 2451 2754 accidentibus

1388 2771 1521 2802 entium.
1546 2771 1587 2801 Et
1610 2775 1779 2810 propterea
1801 2774 1974 2807 utrumque
1999 2773 2045 2798 est
2067 2777 2195 2797 verum:
2221 2767 2338 2798 scilicet
2362 2768 2451 2807 quod

1388 2816 1519 2846 scientia
1542 2815 1672 2844 visionis
1696 2814 1819 2843 animae
1845 2811 1961 2842 Christi
1989 2817 2035 2841 est
2057 2811 2272 2847 infinitorum3
2305 2817 2336 2842 et
2362 2812 2451 2852 quod

1387 2869 1456 2890 non
1479 2865 1526 2890 est
1548 2858 1757 2888 infinitorum.

1444 2904 1494 2934 III.
1520 2902 1637 2940 Quoad
1660 2902 1788 2931 tertium
1804 2902 1830 2936 ὕ,
1854 2899 1992 2930 secunda
2009 2899 2184 2934 conclusio,
2204 2900 2389 2939 responsiva
2405 2900 2451 2930 af-

1388 2948 1552 2982 firmative,
1577 2951 1638 2976 est:
1663 2945 1779 2975 Anima
1805 2944 1924 2974 Christi
1945 2943 2006 2974 scit
2027 2943 2060 2973 in
2083 2943 2181 2973 Verbo
2201 2943 2327 2984 infinita
2344 2944 2377 2974 in
2387 2955 2449 2985 po-

1388 2992 1497 3022 tentia.
1521 2991 1676 3020 Probatur
1700 2990 1814 3029 primo.
1840 2988 1874 3018 In
1894 2988 2036 3027 potentia
2052 2992 2212 3017 creaturae
2228 2993 2301 3018 sunt
2315 2987 2448 3020 infinita.

1387 3036 1472 3075 Ergo
1489 3035 1546 3064 scit
1561 3033 1693 3063 infinita.
1705 3051 1728 3055 —
1743 3033 1897 3062 Probatur
1913 3031 2150 3071 consequentia.
2168 3031 2251 3069 Quia
2267 3032 2324 3062 scit
2341 3033 2449 3063 omnia

1388 3089 1469 3120 quae
1493 3084 1567 3108 sunt
1589 3078 1622 3107 in
1645 3077 1787 3116 potentia
1811 3081 1980 3106 creaturae.

1443 3122 1635 3155 Declaratur,
1660 3119 1812 3155 secunde,
1837 3119 1953 3149 modus
1976 3120 2065 3149 istius
2088 3119 2246 3149 scientiae.
2271 3119 2312 3149 Et
2335 3119 2448 3151 dicitur

1388 3167 1476 3207 quod
1500 3171 1546 3196 est
1569 3164 1608 3195 ad
1630 3163 1766 3194 modum
1793 3163 1944 3203 simplicis
1967 3163 2209 3203 intelligentiae,
2241 3169 2272 3194 et
2297 3172 2364 3194 non
2391 3173 2448 3205 per

1386 3211 1521 3241 modum
1545 3209 1693 3239 scientiae
1716 3208 1855 3238 visionis.
1879 3226 1902 3229 —
1926 3207 2043 3238 Omnia
2067 3217 2104 3238 ex
2128 3217 2222 3247 supra
2250 3207 2339 3238 dictis
2366 3209 2447 3239 clara

1387 3260 1469 3285 sunt.

1441 3298 1492 3327 IV.
1518 3297 1552 3326 In
1577 3296 1785 3336 responsione
1809 3296 1847 3326 ad
1871 3296 2021 3336 primum,
2038 3295 2120 3332 vide,
2137 3295 2274 3331 Novitie‚
2292 3295 2380 3335 quod
2398 3296 2447 3326 in-

1385 3341 1511 3371 finitum
1528 3341 1744 3380 quantitative,
1762 3340 1948 3381 accipiendo
1961 3346 2082 3380 partem
2094 3344 2168 3380 post
2179 3345 2301 3379 partem
2317 3340 2350 3370 in
2362 3346 2445 3376 actu,

1386 3386 1467 3415 sicut
1490 3390 1536 3415 est
1558 3385 1820 3425 impertransibile
1844 3390 1909 3414 tarn
1932 3384 2054 3414 realiter
2077 3393 2174 3423 quam
2198 3383 2374 3414 secundum
2392 3383 2447 3414 de-

1385 3429 1607 3469 signationem,
1624 3429 1666 3459 ita
1682 3434 1728 3459 est
1743 3428 2004 3468 impertransibile
2020 3427 2196 3458 secundum
2217 3428 2444 3467 cognitionem.

1386 3473 1426 3503 Et
1445 3472 1518 3502 ideo
1535 3472 1648 3503 dicitur
1665 3472 1763 3512 quod,
1779 3478 1815 3503 ut
1831 3473 1885 3507 sic,
1903 3477 1948 3502 est
1964 3472 2119 3511 ignotum.
2145 3471 2185 3501 Et
2200 3471 2342 3511 implicat
2358 3472 2445 3512 quod

1384 3515 1636 3557 pertranseundo
1661 3522 1881 3556 cognoscatur.

1441 3561 1478 3591 V.
1505 3561 1539 3590 ln
1563 3561 1771 3600 responsione
1795 3560 1833 3590 ad
1857 3560 2043 3595 secundum,
2068 3565 2143 3589 nota
2167 3559 2255 3599 quod
2279 3560 2443 3599 responsio

2236 3628 2268 3644 20

2479 2904 2488 2913 ⁸
2498 2903 2532 2925 Cf.
2542 2910 2604 2926 num.
2614 2911 2628 2932 1,
2638 2906 2687 2928 init.
