2872 3970
129 330 146 343 ,,

121 345 161 385 2⁵3¹
196 347 237 382 od
257 347 374 379 Filium
396 346 472 382 Dei,
497 351 571 376 sunt
593 346 840 386 explorationes:
871 347 906 377 in
928 347 1038 377 ordine
1065 346 1104 377 ad
1126 357 1244 387 purum

115 402 148 430 »2
195 391 369 426 hminem,
392 389 592 420 inductiones
615 395 688 420 sunt
710 389 750 420 ad
771 395 947 430 peccatum.
971 391 1116 430 Utroque
1138 395 1244 420 autem

195 433 384 469 ωᾱσωιιι
397 433 603 463 tentationes:
623 433 675 463 vel
690 433 811 463 deitatis
831 433 1082 473 cognoscendae,
1099 434 1149 463 vel
1169 443 1244 473 pec-

277 475 455 519 polluendi.
479 475 573 511 Unde
707 476 854 518 *Matth-
866 486 897 507 tv
912 477 946 494 '⁴'
961 476 1053 509 dicit:
1077 476 1131 508 Sic
1144 481 1246 514 tentat

240 520 399 565 ,effloret
419 519 506 560 quod
527 528 546 550 u
659 517 752 552 &sica
923 525 969 551 ιιι
984 519 1138 550 nunnae
1156 512 1251 551 aea-2

241 557 272 597 f.
300 562 342 594 Et
362 572 487 593 rursus·
512 560 633 592 Suadet
653 563 790 592 esuriem
806 571 895 603 pane
917 562 956 593 de
978 562 1135 603 lapidibus
1148 563 1244 604 facto

244 611 347 640 efflare,
372 610 408 636 ut
425 614 468 636 ex
481 604 658 635 mutatione
672 610 848 647 cognoscat
861 606 1027 638 virtutem:
1046 611 1087 641 ee,
1101 606 1131 637 si
1139 615 1245 648 purus

277 650 283 655 “’
306 652 400 684 met,
411 648 510 690 panis
524 647 751 679 oblectamento
775 649 924 679 illuderet
945 649 1080 680 esuriem
1098 649 1244 689 patienti.

241 693 335 734 equi:
352 697 392 722 ut
413 697 488 722 sunt
501 693 718 741 suggestiones
733 692 773 722 ad
787 692 996 732 peccandum,
1011 693 1046 723 in
1067 693 1167 723 littera
1185 698 1245 722 tra-

195 741 329 777 m,
342 734 471 775 expedit
492 734 532 765 de
547 735 592 764 eis
614 736 705 775 loqui
720 741 756 765 ut
771 741 844 766 sunt
865 736 1097 775 explorationes
1113 735 1244 766 deitatis.

171 788 174 791 ’
239 774 301 816 111
324 778 506 811 Memorans
528 778 686 818 siquidem
701 777 845 810 diabolus
861 779 1022 810 Trinitatis
1044 780 1103 809 sibi
1122 779 1246 809 ceteris-

173 845 180 858 ,ν
414 821 572 863 :Jevdata'e
593 831 652 863 per
665 821 763 855 fidem
777 827 851 856 aute
866 832 984 858 casum,
1002 827 1032 852 et
1045 821 1121 854 inde
1136 827 1246 854 coacte

145 878 167 901 χ
190 888 192 890 v
219 903 221 906 ¹
249 852 326 900 dens
347 864 472 895 Patrem
495 870 526 894 et
547 865 665 896 Filium
681 870 712 895 et
727 865 879 906 Spiritum
894 866 1046 897 Sanctum
1060 875 1162 897 unum
1179 874 1246 895 esse

303 932 326 946 ,
334 908 419 951 sicut
436 909 533 942 etiam
557 909 726 941 Christiani
741 908 880 941 damnati
894 919 981 941 nunc
997 908 1147 945 credunt;
1171 917 1246 939 curn

151 975 154 982 2
186 973 189 977 ι
346 952 367 982 εἴ
380 948 525 982 Gabriele
540 952 750 991 Archangelo,
762 951 867 982 Filius
877 953 1032 983 Altissimi
1043 931 1244 987 vocabitur&

166 986 229 1030 'ot
248 995 283 1027 in
304 995 460 1036 baptismo
485 995 610 1032 Christi,
626 995 692 1026 Hic
714 1000 760 1026 est
772 995 878 1026 Filius
896 1005 984 1026 meus
999 995 1131 1026 dilectus
1146 996 1176 1032 *;
1199 996 1246 1025 vi-

153 1036 339 1089 μςιιε
342 1005 522 1070 pChnstum
543 1039 789 1079 posticiunium
801 1039 936 1069 esurire:
960 1039 1050 1082 quod
1071 1038 1110 1069 de
1131 1038 1245 1068 deitate

150 1085 189 1123 ζῑ
303 1087 345 1119 at,
358 1091 407 1117 ex
411 1082 565 1122 superbia
582 1082 614 1113 εἰ
635 1082 668 1114 in
687 1081 816 1115 dubium
838 1083 932 1118 venit,
948 1087 984 1114 ut
1000 1082 1113 1113 Glossa
1127 1081 1245 1113 ibidem

278 1134 286 1162 3
311 1131 342 1156 et
364 1125 458 1155 etiam
482 1126 556 1165 quia
577 1125 681 1156 Filius
695 1125 758 1155 Dei
780 1135 846 1155 non
867 1126 972 1156 solum
996 1126 1245 1157 consubstantia-

191 1166 281 1205 M,
304 1167 360 1199 sed
381 1169 444 1199 alio
467 1169 566 1199 modo
599 1168 662 1199 dici
689 1169 854 1208 potuisset.
888 1169 1116 1208 Exploratums
1139 1173 1245 1198 autem

192 1207 344 1258 fimo-m
367 1211 493 1248 Christi,
509 1212 548 1242 ab
567 1217 639 1242 actu
662 1211 784 1242 deitatis
806 1213 947 1252 proprio,
964 1212 1092 1248 scilicet,
1107 1211 1202 1243 Dixit
1216 1217 1247 1244 et

164 1263 165 1266 ’
244 1271 253 1277 ν
272 1272 275 1276 <
298 1261 374 1286 sunt
387 1256 414 1292 *,
437 1256 616 1287 inchoavit:
641 1255 704 1286 Dic
719 1260 755 1285 ut
769 1256 890 1295 lapides
906 1255 958 1286 isti
967 1264 1070 1296 panes
1078 1255 1176 1296 fiant.
1201 1254 1246 1284 Ita

306 1308 374 1338 ιισει
397 1299 503 1332 solum
525 1308 563 1330 ex
585 1299 758 1331 substantia
775 1298 859 1335 facti,
875 1299 994 1331 scilicet
1015 1298 1149 1338 lapidis·
1141 1308 1175 1328 in
1189 1307 1244 1339 pa-

150 1368 164 1384 ,.;
226 1339 258 1367 -”
291 1342 485 1376 mutatione,
509 1341 567 1373 sed
586 1351 632 1372 ex·
645 1341 746 1372 modo
769 1341 905 1372 faciendi
925 1342 1057 1382 proprio
1081 1341 1140 1372 soli
1163 1341 1244 1376 Deo,

193 1380 343 1422 deitatem
365 1385 554 1436 exploraret·
578 1395 637 1416 nec
661 1395 699 1418 ex
715 1395 811 1427 opere
833 1386 896 1417 hoc
918 1385 1018 1417 modo
1040 1390 1174 1420 tanturn,
1191 1384 1246 1415 sed

248 1428 322 1469 ipso
345 1429 491 1469 apposito
513 1430 547 1459 in
561 1426 816 1459 testificationem
839 1427 928 1469 quod
950 1429 1048 1459 Filius
1071 1428 1131 1458 Dei
1155 1433 1244 1458 esset.

163 1468 172 1479 ‘⁷
226 1471 228 1475 ”
269 1473 379 1503 ‘tabae
384 1473 470 1506 enim
489 1472 595 1515 quod
605 1473 641 1512 si,
656 1482 716 1514 pro
734 1473 917 1504 testimonio
934 1471 1023 1515 quod
1046 1477 1126 1502 esset
1147 1471 1245 1502 Filius

280 1512 408 1553 diceret
424 1514 568 1546 Christus
590 1520 627 1546 ut
648 1515 727 1556 lapis
741 1515 832 1546 fieret
845 1517 945 1556 panis,
965 1520 1020 1546 aut
1041 1514 1131 1545 fieret
1145 1516 1244 1555 panis,

264 1560 361 1593 ⁵80⁸.-
370 1559 426 1591 Et
424 1560 468 1589 si
483 1559 613 1599 quidem
636 1557 734 1595 fleret,
755 1559 822 1590 iam
845 1560 1004 1599 explorata
1026 1564 1107 1589 esset
1130 1558 1246 1589 Christi

311 1602 402 1644 apud
412 1602 614 1635 ¹daemonem
636 1599 711 1643 (qui
722 1603 930 1644 perspiciebat
947 1611 1009 1633 suo
1022 1602 1186 1635 intellectu
1204 1611 1245 1632 an

290 1644 407 1697 &iisset
428 1656 599 1684 conversus
619 1646 655 1677 in
677 1653 792 1686 panem
814 1654 898 1683 vere,
921 1655 962 1677 an
983 1651 1246 1686 apparenter3ex

289 1689 434 1730 imperio,
454 1699 495 1720 an
513 1689 702 1730 applicando
718 1691 818 1720 activa
832 1690 972 1730 passivis,
987 1694 1023 1720 ut
1037 1689 1122 1729 magi
1137 1698 1245 1720 coram

276 1742 358 1764 aone
381 1739 541 1777 serpentes
564 1733 706 1766 fecerunt
720 1733 765 1773 *):
789 1743 864 1764 cum
879 1733 966 1764 Deus
980 1742 1048 1763 non
1063 1733 1163 1773 possit
1178 1742 1245 1762 esse

303 1770 470 1807 mendacii.
493 1776 527 1808 Si
550 1782 656 1808 autem
677 1783 744 1807 non
767 1776 865 1812 fieret,
889 1776 1061 1807 induxisset
1084 1774 1245 1807 Christum

299 1825 430 1856 catum,
442 1814 513 1860 quo
533 1825 714 1851 attentasset
733 1820 836 1851 facere
851 1820 1039 1851 miraculum
1053 1820 1122 1849 sine
1136 1828 1246 1850 neces-

287 1879 299 1900 ,ι
314 1862 352 1896 et
369 1873 441 1896 non
461 1864 626 1904 potuisset.

303 1934 307 1941 .
343 1943 347 1947 ,
373 1907 467 1946 ,niam
481 1906 590 1946 delusa
612 1912 659 1940 est
672 1907 741 1940 eius
757 1906 931 1957 exploratio
947 1911 980 1939 et
997 1905 1118 1938 deiecta
1133 1915 1245 1946 sugge-

298 1986 302 1993 ,
403 1955 434 1982 ta
448 1950 518 1987 via,
524 1943 642 1985 scilicet
655 1960 715 1993 per
726 1951 945 1983 auctoritatem
960 1949 1155 1989 Scripturae:
1171 1949 1244 1980 ideo

294 1995 315 2034 Ἀ
350 1960 470 2032 ¹1Eea'tat‘,
484 1987 679 2036 explorando
703 1994 843 2024 similiter
864 1999 895 2024 et
909 1991 1117 2035 suggerendo,
1134 1993 1169 2023 Si
1191 1993 1245 2023 Fi·-

279 2030 413 2075 beses-¹,
437 2035 524 2068 mitte
547 2038 577 2068 τε
598 2037 764 2072 deorsum,
788 2037 932 2077 apposita
958 2037 1142 2069 auctoritate
1165 2036 1246 2067 Scri-

295 2082 323 2117 “’,
335 2087 383 2111 ezr
403 2080 476 2120 qu'o·
492 2080 618 2111 videbat
641 2080 730 2120 quod
752 2080 896 2111 Christus
926 2080 1105 2119 Scripturae
1135 2085 1245 2110 aucto-

291 2123 474 2160 amabatur:
506 2124 648 2156 similiter
677 2125 835 2164 cogitans,
855 2125 882 2154 si
903 2123 937 2153 id
959 2123 1096 2155 efficeret
1120 2123 1247 2154 illaesus

380 2176 436 2203 um
459 2177 492 2197 se
514 2168 632 2206 Filium
646 2168 717 2205 Dei,
741 2168 935 2207 exploratam
957 2166 1025 2199 fore
1046 2166 1131 2198 illius
1149 2166 1246 2198 deita—

275 2217 416 2262 utpote,
436 2211 559 2261 absque
582 2211 648 2243 ulla
667 2212 869 2248 necessitate,
892 2220 952 2250 pro
974 2210 1046 2242 solo
1068 2199 1163 2245 nuiu,
1187 2211 1246 2241 mi—

260 2264 301 2296 ,Aa
321 2265 355 2303 in
377 2254 596 2285 testimonium
619 2264 693 2285 suae
717 2254 838 2284 deitatis
861 2253 1012 2286 facientis.
1037 2253 1070 2284 Si
1084 2263 1160 2283 vero
1182 2253 1246 2283 Iae-

269 2297 274 2301 '
331 2292 427 2335 ‚iam
452 2303 622 2338 peccatum
646 2298 780 2328 haberet
801 2299 835 2328 in
858 2297 963 2328 anima
986 2301 1017 2327 et
1039 2297 1072 2326 in
1096 2306 1245 2348 corpore;

274 2344 289 2349 ”
303 2322 414 2373 eitum
432 2347 522 2372 esset·
540 2341 629 2381 quod
651 2350 719 2372 non
741 2346 823 2374 esset
845 2341 905 2371 Dei
927 2340 1037 2371 Filius.

227 2384 324 2439 ,891
318 2385 492 2419 Dominus
522 2386 707 2416 auctoritate
729 2385 909 2425 Scripturae
935 2393 1067 2415 omnem
1090 2384 1158 2414 eius
1179 2393 1247 2414 ma-

138 2464 147 2473 *
167 2461 170 2466 ,
226 2429 412 2468 ξξμῗειοειι
426 2427 551 2461 delusit.
568 2429 704 2469 Propter
719 2428 808 2469 quod
823 2428 969 2461 diabolus
983 2427 1024 2459 ad
1038 2428 1247 2459 occultiorem

143 2489 157 2506 ι,
266 2471 381 2518 2²:¹¹7&
401 2466 537 2507 modum
563 2482 596 2504 se
618 2472 792 2509 transtulit,
814 2470 1027 2513 proponendo
1054 2471 1249 2511 apertissima

258 2520 270 2542 »¹-
355 2531 361 2541 >-
393 2516 499 2556 speci'e
520 2515 624 2555 regni·
652 2515 747 2546 Haec
768 2515 876 2545 omnia
900 2515 956 2545 tibi
977 2514 1058 2545 dabo
1081 2514 1110 2544 si
1132 2514 1248 2545 cadens

135 2581 142 2589 Α,
227 2574 254 2588 «ι
276 2559 386 2591 *veris
407 2569 466 2590 me.
489 2559 578 2590 Haec
601 2560 696 2594 enirn,
721 2564 876 2600 quantum
899 2567 937 2588 ex
955 2563 1042 2599 parte
1058 2558 1248 2597 exploratio-

185 2598 316 2641 Vm
323 2608 442 2639 tenent,
465 2606 534 2633 non
555 2611 593 2633 ea
614 2603 736 2633 ratione
758 2611 820 2645 pro
842 2603 928 2632 osuit
949 2607 994 2637 ut,
1018 2602 1044 2632 si
1067 2601 1165 2632 Filius
1187 2602 1248 2632 Dei

161 2647 168 2655 '⁴
307 2647 371 2680 hee
391 2646 525 2679 iaceret:
547 2647 667 2678 sciebat
687 2647 773 2678 mim
787 2655 807 2677 v
839 2646 879 2676 de
893 2646 1074 2677 contrariari
1091 2645 1173 2676 Filio
1189 2645 1250 2676 Dei

274 2687 276 2689 ’
290 2689 530 2730 adorationem.
553 2689 616 2724 Sed
638 2699 676 2722 ea
697 2690 821 2723 ratione
841 2689 1011 2729 proposuit
1033 2694 1078 2724 ut,
1102 2689 1128 2720 si
1150 2689 1249 2720 Filius

231 2739 246 2742 ”
330 2738 385 2771 et,
401 2743 469 2766 non
491 2733 585 2766 ferret
610 2739 676 2766 tam
703 2732 873 2765 nefandam
898 2733 1171 2774 propositionem,
1195 2731 1251 2762 sed

270 2742 403 2808 ffie‘ret
420 2775 656 2809 auctoritative:
679 2777 754 2819 Ego
772 2776 868 2808 debeo
892 2786 912 2806 a
935 2781 965 2806 te
986 2775 1142 2806 adorari:
1163 2780 1194 2806 et
1216 2780 1249 2807 tu

293 2814 376 2851 &mis
388 2823 583 2862 suggerere,
598 2831 612 2846 ε
628 2820 663 2850 Si
678 2819 797 2851 cadens
809 2818 999 2851 adoraveris
1021 2829 1070 2849 me
1088 2831 1115 2849 ιι.
1139 2819 1181 2849 Et
1198 2819 1249 2849 vel

249 2859 454 2904 &plorabam
476 2873 514 2894 ex
529 2864 599 2894 eius
612 2873 669 2896 ore
683 2865 811 2894 haberet
829 2873 919 2894 suam
935 2862 1093 2894 deitatem.
1117 2863 1158 2892 Et
1175 2871 1250 2902 pro-

167 2912 307 2949 pmcn
326 2908 360 2938 in
382 2909 473 2939 tertia
488 2908 662 2938 tentatione
677 2917 744 2937 non
760 2907 944 2947 proposuit,
953 2906 990 2937 Si
1003 2907 1107 2937 Filius
1121 2906 1183 2936 Dei
1198 2913 1251 2936 es:

153 2942 443 3001 &manente-
458 2951 588 2985 retinuit
610 2950 710 2991 quod,
734 2950 770 2983 st
790 2951 894 2988 Filius
911 2950 979 2981 Dei
1001 2959 1050 2985 es,
1075 2950 1250 2982 auctorita-

135 2991 174 3034 ς’
284 3004 303 3027 r
336 2994 470 3029 eundo
478 2993 657 3044 proposita,
674 2993 900 3044 manffestahis
914 2999 945 3024 te
959 2992 1078 3026 Filium
1092 2993 1165 3024 Dei.
1187 2992 1252 3023 Sed

177 2993 377 3112 Qus,
384 3036 634 3078 increpationem
655 3038 723 3067 eius
737 3047 804 3067 non
820 3037 979 3073 omittens,
996 3035 1035 3066 ad
1058 3036 1251 3078 Scripturam

196 3071 247 3119 fi
293 3075 343 3112 ω’
357 3080 535 3115 adorando,
544 3085 665 3110 tacens
695 3080 734 3110 de
757 3080 887 3119 seipso,-
905 3089 938 3109 se
965 3075 1109 3109 contulit.
1143 3079 1184 3109 Et
1207 3078 1251 3108 sic

142 3154 151 3162 ,
262 3123 451 3156 bunonem
472 3132 606 3157 omnem
618 3123 750 3154 delusit·
773 3129 804 3154 et
819 3124 1046 3158 constantiam,
1060 3123 1250 3162 inquantum

166 3166 318 3213 *m*
333 3169 476 3202 servavit,
499 3176 553 3199 ex
551 3167 726 3207 proposito
749 3167 849 3199 tonius
861 3166 973 3198 mundi
992 3174 1090 3205 regno
1110 3175 1181 3197 non
1196 3165 1251 3196 de-

272 3225 275 3236 :
293 3227 296 3233 ψ
313 3221 362 3243 ,0,
360 3211 412 3251 gd
431 3209 524 3251 quod
546 3211 710 3250 suggestio
728 3202 796 3247 illa,
819 3215 855 3246 nt
877 3210 1037 3241 incitativa
1057 3208 1098 3240 ad
1119 3209 1250 3245 malum,

232 3268 269 3297 22:
287 3268 311 3291 ·,
335 3260 376 3298 t..
375 3254 506 3290 Sciebat
521 3254 607 3287 enim
629 3253 732 3299 quod.
739 3252 894 3325 regnandi
909 3253 1017 3298 gratia.
1033 3253 1127 3283 etiam
1141 3251 1254 3292 religio,

334 3297 338 3303 ¹
370 3308 388 3328 a
410 3294 595 3328 mortalibus
619 3302 665 3327 est
687 3289 835 3326 credita

139 3095 154 3113 ἕ
163 3096 165 3098 .

242 3300 299 3326 ......

345 3579 453 3604 Sonitu:
471 3579 572 3604 Timor..
591 3579 622 3604 D.
635 3578 748 3603 Tnonas
767 3579 799 3603 Τ.
819 3579 882 3603 vm.

875 270 1135 316 QUAESTIO
1164 271 1267 317 XLI,

1300 257 1590 309 ARTICULUS
1617 272 1667 308 lv
2269 285 2347 322 409

1297 349 1514 385 manifestant,
1538 350 1586 379 his
1610 349 1684 379 solis
1707 350 1809 379 verbis
1840 359 1921 390 quae
1950 351 2125 380 Matthaeus
2152 351 2349 392 Evangelista

1297 397 1416 427 narrat,
1441 392 1557 423 fuerint
1581 398 1764 422 contentae:
1795 393 1849 422 sed
1877 394 1983 423 multis
2012 400 2114 424 essent
2137 394 2232 424 fultae
2257 405 2349 425 orna-

1298 441 1413 475 taeque
1434 437 1547 472 verbis,
1569 436 1692 466 omissis
1713 437 1751 465 ab
1767 436 1972 476 Evangelistis
1993 438 2204 467 substantialia
2226 444 2349 469 tantum

1296 479 1504 512 narrantibus.

1352 521 1406 552 tv.
1416 543 1419 545 >
1430 522 1523 552 Circa
1535 523 1699 564 rationem
1714 521 1833 552 ordinis
1847 523 1960 553 harum
1974 523 2185 554 tentationum
2201 525 2233 554 in
2249 524 2349 554 littera

1299 574 1337 594 ex
1361 564 1516 604 Gregorio
1540 567 1735 606 assignatam,
1760 566 1892 596 dubium
1909 567 2058 596 occurrit:
2084 567 2158 605 quia
2172 568 2250 597 ratio
2266 568 2349 598 illius

1299 607 1428 644 ordinis,
1451 609 1569 641 scilicet
1590 614 1627 639 ut
1642 619 1659 638 a
1674 609 1845 639 levioribus
1860 609 1899 639 ad
1917 610 2059 648 graviora
2075 609 2266 640 conscendat
2281 616 2349 640 ten-

1298 651 1375 680 tan'o
1406 652 1632 691 spiritualium,
1656 652 1765 682 locum
1795 652 1889 682 habet
1919 652 2047 691 quando
2074 653 2225 691 paulatim
2251 654 2349 683 hostis

1298 695 1396 724 vincit
1417 695 1611 734 spiritualem
1633 695 1752 730 virum;
1778 704 1815 725 ex
1837 705 1902 735 quo
1919 696 2004 725 enim
2019 696 2094 725 vicit
2111 697 2144 725 in
2163 697 2348 732 minoribus,

1298 742 1397 767 tentat
1411 737 1451 767 ad
1469 739 1620 777 graviora.
1645 738 1707 768 Sed
1726 739 1780 768 ubi
1795 739 1828 768 in
1843 739 2018 768 minoribus
2048 740 2214 769 succubuit
2239 740 2348 775 hostis,

1298 790 1366 811 non
1388 786 1474 821 patet
1496 782 1554 811 sibi
1577 781 1678 811 aditus
1702 781 1741 812 ad
1762 782 1892 812 maiora.
1916 782 1956 811 Et
1979 783 2053 821 quia
2076 782 2212 812 daemon
2235 782 2295 813 fuit
2316 784 2349 813 in

1298 824 1401 863 prima
1422 825 1597 854 tentatione
1619 830 1784 864 superatus
1807 835 1825 854 a
1841 825 1978 861 Christo,
1994 835 2060 855 non
2075 825 2198 855 videtur
2222 825 2260 855 ad
2275 826 2349 857 alias

1298 868 1488 906 processisse
1512 877 1549 898 ex
1571 868 1693 898 ratione
1716 869 1878 907 assignata.

1364 910 1416 940 Ad
1438 912 1501 941 hoc
1517 910 1630 941 dicitur
1653 910 1741 951 quod
1764 911 1843 941 ratio
1861 911 1944 942 illius
1961 911 2078 942 ordinis
2102 911 2140 942 ad
2163 912 2349 942 tentandum

1299 954 1474 993 spirituales
1489 955 1574 986 viros
1588 964 1655 984 non
1670 959 1718 984 est
1732 955 1838 984 solum
1852 956 2096 995 praesupposito
2112 965 2185 986 casu
2200 957 2233 986 in
2249 956 2350 995 prima

1298 998 1482 1033 tentatione,
1506 997 1562 1028 sed
1583 998 1766 1037 simpliciter
1788 1003 1820 1028 et
1842 999 1994 1028 absolute.
2025 999 2117 1035 Nam,
2141 1000 2166 1029 si
2189 1008 2279 1030 casus
2302 1000 2349 1029 in-

1298 1041 1444 1076 tervenit,
1469 1041 1550 1070 clare
1573 1047 1658 1081 patet
1680 1041 1759 1071 ratio
1782 1050 1948 1080 processus
1972 1041 2011 1072 ad
2032 1043 2183 1082 graviora.
2219 1043 2251 1073 Si
2273 1052 2348 1073 vero

1299 1092 1390 1113 casus
1411 1092 1479 1113 non
1501 1084 1677 1119 intervenit,
1701 1084 1907 1114 nihilominus
1931 1085 2040 1115 eadem
2059 1084 2181 1115 ratione
2203 1085 2350 1125 progredi

1299 1126 1393 1156 debet
1415 1128 1556 1156 tentatio.
1592 1127 1676 1164 Quia
1698 1127 1791 1157 multi
1813 1133 1886 1158 sunt
1909 1129 1965 1167 qui
1987 1129 2021 1158 in
2043 1129 2091 1158 his
2114 1138 2195 1168 quae
2218 1130 2349 1159 minoris

1299 1175 1372 1200 sunt
1394 1170 1506 1208 culpae
1530 1179 1566 1199 ex
1590 1179 1649 1199 suo
1673 1179 1797 1209 genere,
1818 1176 1853 1200 ut
1875 1176 2004 1210 peccata
2027 1172 2136 1205 carnis,
2154 1172 2301 1202 exhibent
2316 1182 2349 1202 se

1299 1218 1495 1248 constantes,
1520 1214 1575 1252 qui
1604 1218 1711 1243 tamen
1737 1214 1772 1243 in
1800 1215 1936 1253 peccatis
1959 1215 2188 1253 spiritualibus,
2212 1220 2248 1244 ut
2270 1225 2350 1245 vana

1298 1256 1414 1296 gloria,
1438 1255 1555 1286 debiles
1582 1257 1796 1286 inveniuntur.
1831 1257 1872 1286 Et
1893 1266 2018 1286 rursum
2042 1258 2098 1296 qui
2120 1258 2252 1296 gloriam
2282 1268 2349 1288 non

1299 1299 1454 1335 affectant,
1478 1299 1518 1330 ad
1541 1300 1683 1330 oblatum
1706 1310 1840 1340 regnum
1862 1306 2046 1331 moventur:
2070 1301 2156 1330 iuxta
2178 1301 2256 1331 illud
2280 1301 2349 1331 Iulii

1298 1342 1440 1373 Caesaris
1451 1343 1485 1372 ἐ
1502 1343 1537 1372 Si
1556 1343 1778 1373 iusiurandum
1794 1342 1979 1374 violandum
1995 1349 2049 1379 est,
2067 1344 2226 1384 regnandi
2239 1345 2348 1384 gratia

1298 1386 1484 1417 violandum
1508 1391 1563 1416 est.
1597 1386 1672 1416 Non
1703 1386 1842 1418 dissonat
1869 1396 1943 1425 ergo
1973 1387 2093 1417 reddita
2122 1388 2200 1417 ratio
2232 1387 2348 1417 ordinis

1298 1430 1510 1461 tentationum
1533 1430 1571 1459 ab
1594 1430 1661 1479 ipsa
1685 1429 1801 1460 Christi
1823 1430 1962 1460 victoria.
2380 1443 2432 1474 Vuta'
2439 1453 2535 1474 Caesar
2545 1453 2583 1474 lib

1353 1474 1391 1504 V.
1417 1474 1451 1503 In
1474 1474 1681 1513 responsione
1705 1473 1744 1504 ad
1766 1474 1916 1512 primurn,
1940 1473 2073 1504 dubium
2097 1474 2243 1508 occurrit,
2268 1484 2349 1514 quo-
2375 1479 2394 1503 1
2408 1485 2457 1506 cap
2473 1485 2519 1500 xxx
2534 1479 2584 1505 [Ed-

1298 1517 1384 1548 niam
1413 1525 1480 1547 non
1503 1522 1587 1546 tecte
1610 1516 1733 1546 videtur
1756 1517 1922 1557 opinatum
1946 1516 2051 1556 quod,
2076 1517 2100 1546 si
2125 1516 2267 1547 Christus
2290 1518 2349 1547 mi-
2375 1505 2496 1530 ‘samm’

1298 1560 1443 1591 taculum
1465 1559 1590 1590 fecisset
1612 1559 1826 1590 convertendo
1849 1559 1987 1610 lapidem
2010 1560 2043 1590 in
2057 1569 2174 1599 panem
2190 1559 2349 1592 edendum

1299 1614 1317 1634 a
1334 1605 1450 1644 seipso,
1467 1603 1556 1642 quod
1577 1608 1746 1642 peccasset.
1770 1603 1852 1633 Nam
1868 1603 2020 1643 scriptum
2037 1608 2083 1633 est
2103 1603 2191 1643 quod
2211 1603 2250 1634 de
2265 1603 2348 1635 facto

1298 1648 1497 1682 miraculose,
1518 1647 1676 1686 completa
1699 1647 1883 1682 tentatione,
1906 1652 2013 1686 pastus
2037 1652 2093 1682 est,
2116 1647 2234 1686 angelis
2255 1647 2350 1677 mini-

1298 1691 1476 1725 strantibus.
1499 1690 1547 1720 Ex
1570 1690 1633 1720 hoc
1657 1690 1742 1720 enim
1765 1695 1893 1739 apparet
1916 1689 2015 1730 quod,
2031 1691 2112 1720 sicut
2134 1690 2252 1730 absque
2275 1700 2351 1730 pec·

2375 1349 2426 1371 Cf.
2432 1349 2490 1370 Tun.
2500 1349 2529 1370 de
2540 1350 2584 1378 Os-

2368 1375 2411 1402 fic.
2426 1375 2464 1396 lib.
2479 1375 2511 1396 111
2534 1381 2559 1397 ca

2374 1407 2414 1422 xxi
2433 1401 2487 1427 (Ed.
2507 1382 2584 1422 'l'eu-

2375 1427 2540 1453 ner1;Sue10n.
2556 1427 2586 1448 de

1299 1740 1368 1765 cato
1387 1729 1577 1764 miraculum
1592 1733 1667 1763 fecit
1682 1732 1720 1763 de
1735 1733 1909 1763 ministerio
1925 1733 2122 1772 angelorum,
2138 1733 2180 1763 ita
2196 1734 2351 1773 potuisset

1299 1777 1338 1808 de
1362 1777 1570 1808 conversione
1593 1776 1704 1816 lapidis
1726 1777 1759 1806 in
1781 1785 1908 1816 panem.

1353 1820 1404 1851 Ad
1431 1821 1495 1850 hoc
1525 1819 1638 1850 dicitur
1667 1819 1755 1858 quod
1785 1818 1869 1849 aliud
1897 1825 1945 1849 est
1969 1819 2060 1858 loqui
2088 1819 2126 1849 de
2150 1819 2295 1849 Christo:
2321 1825 2351 1849 et

1300 1863 1386 1894 aliud
1407 1864 1499 1904 loqui
1521 1862 1559 1893 de
1581 1871 1664 1902 puro
1687 1863 1828 1893 homine.
1863 1862 1959 1898 Nam,
1983 1862 2023 1892 de
2045 1871 2126 1901 puro
2149 1863 2280 1892 homine
2303 1863 2352 1892 lo·

1301 1906 1440 1947 quendo,
1456 1905 1634 1937 verificatur
1658 1906 1746 1945 quod
1767 1906 1802 1936 in
1824 1906 1925 1936 littera
1948 1905 2070 1940 dicitur,
2093 1905 2212 1937 scilicet
2233 1906 2353 1938 inordi-

1300 1956 1410 1981 natum
1434 1959 1501 1980 esse
1524 1955 1560 1980 ut
1582 1949 1694 1989 aliquis
1717 1949 1905 1979 miraculose
1929 1949 2036 1980 cibum
2059 1949 2174 1979 habere
2196 1950 2280 1985 velit,
2297 1950 2352 1979 ubi

1300 1994 1339 2025 ad
1368 1995 1508 2024 humana
1537 1992 1674 2025 subsidia
1703 2002 1847 2023 recursus
1877 1998 1982 2032 potest
2011 1993 2128 2022 haberi.
2163 1993 2202 2022 Et
2229 2002 2266 2022 ex
2292 1993 2351 2022 hac

1300 2037 1472 2073 communi,
1488 2037 1610 2067 ratione
1632 2037 1754 2076 putavit
1770 2035 1914 2066 diabolus
1931 2035 2019 2075 quod
2035 2035 2188 2071 Christus,
2205 2037 2230 2065 si
2254 2045 2351 2076 purus

1299 2082 1399 2111 homo
1423 2085 1514 2116 esset,
1530 2084 1697 2119 peccatum
1714 2079 1889 2109 incurreret
1902 2078 1942 2108 ad
1957 2079 2145 2109 miraculum
2160 2078 2350 2109 recurrendo

1300 2124 1340 2155 de
1354 2124 1563 2156 conversione
1579 2122 1690 2162 lapidis
1705 2123 1738 2152 in
1753 2131 1880 2161 panem.
1900 2122 1963 2152 Sed
1977 2122 2141 2161 loquendo
2158 2122 2197 2152 de
2214 2122 2350 2158 Christo,

1301 2168 1357 2208 qui
1372 2172 1418 2199 est
1425 2167 1654 2199 universorum
1675 2166 1833 2196 Dominus
1849 2167 1876 2201 ',
1891 2166 2011 2204 absque
2034 2166 2123 2196 omni
2138 2171 2269 2205 peccato
2293 2175 2352 2205 po-

1300 2217 1378 2243 terat
1401 2217 1432 2241 et
1454 2209 1669 2241 convertendo
1692 2208 1831 2251 lapidem
1852 2210 1886 2239 in
1903 2218 2030 2249 panem,
2052 2214 2083 2239 et
2104 2209 2278 2240 ministerio
2297 2219 2353 2240 an·

1300 2254 1463 2297 gelorum,
1487 2259 1518 2283 et
1541 2253 1654 2293 quovis
1677 2252 1739 2282 alio
1763 2252 1821 2282 sibi
1843 2257 1932 2292 grato
1955 2251 2072 2288 modo,
2097 2252 2203 2282 cibum
2226 2253 2350 2283 habere.

1354 2298 1407 2327 Vl.
1432 2297 1468 2328 In
1490 2297 1697 2337 responsione
1721 2295 1759 2325 ad
1775 2296 1933 2336 quintum,
1957 2296 2055 2325 miror
2078 2305 2134 2325 cur
2156 2295 2351 2335 Augustinus

1302 2341 1412 2371 dixerit
1433 2341 1589 2371 incertum
1613 2348 1680 2369 esse
1704 2339 1848 2369 ordinem
1871 2339 2000 2368 istarum
2023 2339 2248 2368 tentationum:
2277 2347 2351 2368 cum

1302 2386 1421 2420 Lucas,
1444 2384 1518 2414 licet
1540 2383 1662 2414 tertiam
1685 2382 1771 2422 apud
1793 2382 1988 2412 Matthaeum
2011 2381 2153 2412 secundo
2175 2382 2296 2418 recitet,
2321 2387 2356 2412 et

1302 2427 1474 2459 secundam
1500 2427 1612 2457 ultimo
1642 2425 1772 2461 referat,
1795 2435 1862 2456 non
1886 2425 1961 2456 dicit
1987 2431 2095 2456 tamen
2120 2434 2202 2464 quae
2228 2425 2355 2457 illanm.

1301 2473 1388 2512 prior
1411 2471 1520 2507 fuerit,
1545 2476 1576 2502 et
1597 2475 1764 2510 propterea
1787 2479 1824 2500 ex
1847 2469 1935 2499 Luca
1956 2468 2064 2499 nullus
2092 2469 2221 2499 istarum
2252 2473 2352 2500 tenta-

1301 2516 1427 2546 tionum
1451 2514 1530 2544 ordo
1553 2514 1705 2553 temporis
1726 2513 1868 2550 habetur.
1893 2512 2069 2542 Matthaeus
2085 2517 2190 2543 autern
2207 2521 2352 2552 expresse

1303 2568 1411 2590 earum
1435 2557 1579 2588 ordinem
1599 2555 1774 2587 secundum
1793 2561 1918 2596 tempus
1941 2555 2083 2596 explicat,
2100 2555 2155 2585 ubi
2177 2554 2269 2584 dicit:
2290 2554 2352 2584 Ite-

1303 2612 1374 2633 rum
1398 2601 1567 2641 assumpsit
1588 2610 1659 2630 eum
1682 2600 1829 2630 diabolus
1851 2600 1883 2629 in
1906 2604 2043 2629 montem
2067 2598 2235 2629 esc-cessum.
2265 2596 2359 2629 Cum*

1304 2646 1390 2677 enim
1411 2645 1510 2675 semel
1527 2643 1664 2679 dixisset,
1679 2645 1777 2678 Tunc,
1795 2643 1913 2673 scilicet
1934 2647 2152 2673 consummata
2168 2642 2268 2681 prima
2283 2647 2357 2671 ten-

2378 2174 2387 2184 ·
2409 2172 2446 2195 Cf.
2472 2173 2504 2194 ad
2529 2173 2587 2195 Heb.

2379 2205 2429 2226 cap.
2444 2205 2458 2226 ι,
2474 2205 2531 2220 vers.
2547 2205 2567 2221 2.

1303 2690 1433 2725 tatione,
1451 2688 1622 2728 assumpsit
1643 2697 1715 2718 eum
1737 2687 1884 2718 diabolus
1898 2686 1931 2717 in
1954 2682 2096 2716 sanctam
2115 2685 2301 2721 Civitatem
2321 2690 2357 2716 et

1303 2738 1414 2782 postea
1430 2731 1576 2767 subdidit,
1593 2731 1713 2761 Iterum
1729 2730 1898 2770 assumpsit
1916 2730 1947 2759 in
1965 2734 2120 2759 montem:
2139 2734 2243 2778 aperte
2259 2737 2354 2759 mon·

1304 2777 1409 2808 stravit
1432 2785 1488 2816 per
1509 2775 1543 2816 ly
1567 2775 1680 2804 iterum
1704 2773 1792 2815 quod
1814 2772 1954 2803 secundo
1978 2773 2145 2812 assumpsit
2159 2772 2192 2801 in
2208 2776 2351 2802 montem

1304 2820 1359 2860 qui
1375 2820 1479 2859 primo
1496 2822 1705 2857 assumpserat
1727 2818 1760 2846 in
1782 2821 1922 2846 sanctam
1939 2815 2116 2845 Civitatem.
2141 2815 2188 2844 Ac
2211 2824 2267 2854 per
2289 2814 2351 2845 hoc

1303 2868 1390 2914 patet
1412 2861 1501 2902 quod
1524 2860 1603 2891 ordo
1626 2861 1671 2890 rei
1693 2865 1798 2900 gestae
1820 2859 1880 2889 fuit
1903 2858 1991 2898 quod
2013 2859 2116 2898 primo
2137 2863 2281 2888 tentatus
2292 2856 2354 2887 fuit

1304 2907 1338 2936 in
1364 2906 1507 2941 deserto,
1529 2904 1571 2934 ad
1600 2903 1690 2943 quod
1714 2913 1783 2933 non
1809 2908 1855 2932 est
1880 2907 2061 2942 assumptus
2085 2911 2103 2931 a
2129 2901 2272 2931 diabolo
2297 2900 2352 2931 sed

1305 2950 1418 2982 ductus
1446 2954 1492 2980 est
1520 2957 1540 2978 a
1571 2947 1693 2987 Spiritu
1719 2946 1854 2981 Sancto,
1884 2951 1920 2976 ut
1947 2950 2126 2978 tentaretur
2153 2954 2174 2975 a
2199 2943 2352 2980 αὶαὸοὶος

1305 2992 1445 3023 secundo
1472 2996 1608 3021 tentatus
1639 2999 1732 3029 supra
1754 2989 1944 3028 Templum,
1969 2997 2036 3029 quo
2065 2993 2253 3029 assumptus
2267 2992 2313 3017 est
2335 2997 2357 3026 ιιι

1305 3035 1450 3072 diabolo;
1475 3039 1505 3064 et
1527 3034 1618 3064 tertio
1637 3034 1670 3069 in
1685 3038 1795 3062 monte
1812 3032 1945 3068 excelso,
1963 3041 2028 3073 quo
2045 3032 2159 3062 iterum
2173 3035 2353 3110 assumffiums

1305 3084 1351 3109 est
1374 3088 1391 3108 a
1413 3077 1666 3108 diab0102nam
1689 3075 1713 3106 si
1737 3076 1814 3107 haec
1837 3076 1870 3105 in
1892 3079 2003 3105 monte
2028 3071 2245 3117 praecessisset
2267 3083 2277 3103 1

1305 3130 1399 3161 supra
1421 3120 1604 3160 Templum,
1620 3128 1687 3149 non
1703 3118 1829 3149 dixisset
1844 3118 2030 3154 Matthaeus,
2044 3117 2167 3155 Rerum
2185 3117 2356 3185 assumpsit

1304 3174 1376 3196 eum
1398 3163 1545 3204 diabotus
1566 3163 1599 3193 in
1623 3167 1770 3192 montem.

1359 3208 1445 3240 Cum
1459 3202 1566 3239 autem
1589 3206 1678 3239 audis
1694 3211 1893 3245 assumptum
1906 3205 2083 3240 Dominmn
2099 3214 2116 3234 a
2131 3203 2278 3238 diabolo.
2285 3212 2360 3236 nort

1304 3251 1457 3290 intelligas
1481 3255 1641 3292 portatum
1665 3258 1759 3290 super
1782 3248 1911 3290 dorsum
1934 3254 1989 3279 aut
2012 3248 2131 3279 collum
2153 3247 2282 3289 diaboli,
2294 3245 2359 3287 ,5ςά

1305 3292 1435 3324 ductum
1460 3303 1477 3323 a
1501 3292 1637 3323 diabolo.
1663 3291 1713 3322 Sic
1737 3291 1821 3322 enim
1846 3291 1939 3322 etiam
1956 3291 2098 3322 Christus
2114 3283 2283 3330 assumpsit
2294 3273 2353 3319 Pe-

1305 3342 1398 3372 trum,
1424 3336 1574 3366 Iacobum
1597 3341 1629 3365 et
1649 3336 1803 3366 Ioannem
1827 3335 1859 3364 in
1881 3339 2026 3369 montem,
2052 3339 2082 3364 et
2104 3334 2354 3374 transfiguratus

1305 3385 1352 3411 est
1373 3385 1447 3410 ante
1469 3389 1532 3415 eos,
1557 3385 1592 3409 ut
1615 3378 1741 3411 dicitur
1750 3379 1860 3411 Matth.
1876 3389 1939 3409 xvn
1955 3379 1998 3410 ἦ,
2380 3372 2469 3393 'Vm‘
2488 3378 2505 3396 '¹
2520 3376 2542 3391 ²·

861 3485 1692 3516 ψ

2182 3572 2212 3596 52
