2872 3970
176 442 190 453 ⁴
198 442 253 464 Loc.
265 440 303 462 cit.
313 445 390 466 supra.

194 2242 405 2267 ‘Psuxmwerm
450 2235 451 2240 ¹
480 2231 484 2237 ’

203 2761 216 2772 ·
229 2760 296 2782 Vers.
310 2766 344 2788 39.

211 3129 222 3139 ·
238 3127 302 3149 Vero.
317 3133 337 3155 7.

421 300 495 336 252

420 376 526 425 quod
555 382 610 412 est
637 373 806 423 potentia
835 383 989 411 sursum
1018 377 1054 406 et
1082 381 1163 406 non
1191 375 1288 405 actu.
1309 368 1376 417 VEt
1403 367 1480 402 hoc

419 429 551 474 modo,
572 435 614 464 ut
641 428 904 464 Damascenus
939 423 1039 469 dicit,
1069 422 1108 459 in
1132 422 1178 458 111
1202 421 1298 457 libro
1317 419 1348 465 ²⁸,
1378 419 1479 455 intel-

419 483 529 519 lectus
561 482 745 518 humanus
777 479 912 515 Christi
946 489 1020 513 non
1066 480 1148 525 eget
1187 474 1400 511 ascensione
1441 472 1478 508 in

419 535 565 571 Deum:
598 545 683 569 cum
709 534 754 569 sit
780 542 926 580 semper
952 530 1034 566 Deo
1071 529 1192 564 unitus
1219 531 1252 563 et
1277 523 1480 562 secundum

419 599 495 624 esse
512 585 722 636 personale,
746 590 779 621 et
805 582 1005 620 secundum
1034 583 1178 618 beatam
1206 577 1480 627 contemplatio-

473 717 500 752 ζ)
518 720 603 742 actus.
621 729 641 735 -
658 715 704 748 qui
722 718 762 740 est
779 717 855 739 actus
874 713 956 737 tertia.

1119 289 1381 337 QUAESTIO
1411 288 1518 334 XXI,
1547 285 1840 325 ARTICULUS
1867 288 1897 324 11

1534 377 1631 402 nem.
1653 387 1678 392 -
1697 365 1783 402 Alio
1810 365 1930 402 modo
1957 364 2095 402 dicitur
2120 371 2249 401 motus
2275 369 2376 400 actus
2398 362 2410 388 ζ
2428 363 2592 413 perfecti,

1534 418 1630 455 idest
1649 417 1839 455 existentis
1864 418 1904 455 in
1923 425 2030 454 actu:
2061 416 2157 454 sicut
2175 415 2378 464 intelligere
2398 423 2435 453 et
2458 415 2594 453 sentire

1534 470 1715 507 dicuntur
1737 470 1896 520 quidam
1914 477 2055 507 motus.
2085 470 2134 507 Et
2154 470 2230 506 hoc
2248 468 2368 505 modo
2387 468 2595 505 intellectus

1535 522 1675 560 Christi
1703 533 1857 573 semper
1882 521 2054 562 ascendit
2079 521 2119 559 in
2146 522 2295 559 Deum:
2326 520 2417 570 quia
2443 532 2598 570 semper

1535 576 1817 625 contemplatur
1843 573 1972 624 ipsum
1999 582 2042 612 ut
2069 587 2186 624 supra
2212 586 2252 611 se
2281 572 2515 611 existentem.

1096 788 1431 821 Commentaria.
1452 786 1705 819 cardinalis
1727 785 1928 819 Caietam

482 885 588 906 nunus
616 874 726 905 clarus.
747 891 770 895 -
791 871 828 903 In
850 879 985 911 corpore
1008 870 1103 900 unica
1126 868 1310 899 conclusio:
1342 865 1481 902 Christo,

424 888 653 950 Tsecundum
683 916 769 957 quod
796 921 843 946 est
871 915 980 950 homo,
1005 913 1154 944 convenit
1181 921 1288 942 orare.
1316 911 1481 941 Probatur.

423 964 533 994 Oratio
558 967 604 992 est
627 961 794 1001 explicatio
824 959 972 1000 propriae
994 957 1166 988 voluntatis
1194 955 1280 996 apud
1307 955 1424 990 Deum,
1448 960 1484 985 ut

423 1017 494 1038 eam
522 1006 661 1047 impleat.
694 1005 789 1044 Ergo,
813 1005 839 1034 si
861 1004 895 1034 in
919 1002 1046 1034 Christo
1078 1006 1158 1032 esset
1171 1005 1310 1031 ⁴tantum
1335 999 1483 1030 voluntas

422 1050 537 1086 divina,
554 1059 621 1080 non
645 1053 841 1089 competeret
864 1048 893 1077 ei
917 1056 1015 1077 orare.
1040 1046 1125 1086 Ergo
1151 1044 1289 1080 Christo,
1306 1043 1484 1075 secundum

423 1094 512 1135 quod
534 1094 629 1124 habet
651 1093 849 1123 voluntatem
872 1092 1056 1126 humanam,
1081 1089 1232 1120 convenit
1255 1097 1355 1119 orare.

477 1137 679 1168 Antecedens
695 1142 782 1177 patet
805 1146 844 1167 ex
867 1141 940 1165 ante
956 1134 1057 1165 dictis.
1075 1152 1097 1156 —
1119 1133 1361 1173 Consequentia
1383 1132 1486 1172 prima

422 1183 584 1222 probatur.
615 1181 701 1219 Quia
730 1181 835 1211 divina
865 1179 1012 1210 voluntas
1036 1183 1082 1208 est
1105 1187 1162 1218 per
1191 1178 1328 1217 seipsam
1357 1175 1484 1207 efficax:

423 1227 510 1257 iuxta
525 1226 697 1256 Psalmum.
713 1243 734 1248 -
751 1223 897 1255 Secunda
912 1233 988 1253 vero
1009 1222 1172 1262 probatur.
1196 1221 1282 1259 Quia
1296 1221 1330 1251 in
1347 1219 1485 1256 Christo,

423 1276 546 1311 praeter
562 1269 711 1305 divinam,
725 1274 771 1299 est
782 1269 922 1298 humana
937 1267 1094 1302 voluntas,
1108 1275 1191 1306 quae
1202 1274 1270 1296 non
1281 1274 1339 1305 per
1349 1264 1486 1305 seipsam

425 1320 472 1345 est
495 1313 614 1350 efficax,
638 1313 694 1344 sed
717 1323 780 1353 ope
803 1312 928 1343 divinae
951 1311 1074 1341 virtutis
1098 1315 1178 1350 eget.

480 1358 517 1388 II.
543 1358 578 1387 In
597 1358 807 1397 responsione
830 1356 869 1386 ad
891 1356 1042 1396 primum,
1058 1353 1141 1390 vide,
1158 1353 1297 1389 Novitie,
1315 1351 1404 1393 quod
1419 1352 1487 1382 Au-

426 1407 494 1433 ctor
517 1403 621 1442 primo
644 1402 788 1441 loquitur
811 1400 850 1430 de
874 1398 1001 1430 Christo
1025 1399 1148 1428 ratione
1174 1398 1334 1428 humanae
1356 1401 1487 1427 naturae

425 1451 614 1485 assumptae.
628 1446 668 1475 Et
684 1445 759 1475 dicit
774 1444 993 1474 necessitatem
1009 1442 1120 1472 orandi
1135 1441 1487 1481 non-omnipotentiam

425 1495 554 1521 naturae
571 1499 646 1520 suae
658 1490 826 1519 humanae.
836 1506 859 1511 —-
869 1486 993 1518 Deinde
1009 1486 1152 1526 loquitur
1164 1485 1203 1516 de
1215 1490 1285 1516 toto
1298 1484 1437 1515 Christo.
1447 1484 1488 1514 Et

426 1534 561 1573 assignat
576 1534 682 1573 plures
692 1534 835 1563 ‘rationes
851 1530 976 1562 orandi:
995 1530 1114 1560 scilicet
1130 1529 1204 1559 fidei
1219 1538 1296 1560 suae
1311 1528 1444 1564 deitatis,
1457 1533 1489 1558 et

426 1577 564 1617 exempli
587 1577 697 1608 nostri.

482 1621 532 1651 111.
557 1620 592 1650 In
615 1621 824 1661 responsione
848 1619 887 1649 ad
910 1617 1098 1653 secundum,
1121 1616 1204 1653 vide,
1230 1616 1375 1652 Curiose‚
1400 1614 1489 1655 quod

426 1664 592 1705 responsio
622 1670 682 1695 stat
709 1662 742 1694 in
765 1663 845 1694 hoc:
877 1662 966 1703 quod
996 1661 1140 1692 Christus
1170 1661 1304 1691 nescivit
1333 1659 1489 1690 Lazarum

426 1708 677 1739 resuscitandum
701 1707 861 1743 absolute;
885 1706 941 1737 sed
956 1706 1047 1736 scivit
1062 1706 1218 1736 Lazarum
1236 1702 1490 1735 resuscitandum

1536 865 1645 896 medio
1668 874 1727 896 suo
1752 865 1892 896 clamore
1907 866 1934 902 *‚
1951 871 2011 896 etc.
2041 866 2083 896 Et
2104 866 2207 897 simile
2223 870 2270 897 est
2293 866 2333 898 de
2355 866 2433 897 aliis.
2461 866 2504 898 Et
2523 865 2598 899 ideo

1537 920 1618 940 vana
1640 915 1687 940 est
1710 910 1874 950 quaestio:
1898 909 1950 942 Ad
1966 909 2044 950 quid
2067 915 2195 950 oportet
2216 915 2266 943 tot
2286 910 2394 944 media
2415 907 2600 951 apponere?

1538 953 1659 984 Eadem
1683 955 1770 985 enim
1786 959 1833 984 est
1846 954 2004 995 praevisio
2026 954 2155 985 termini
2170 959 2202 984 et
2215 953 2407 987 mediorum.
2430 955 2472 990 Et
2487 954 2600 988 endem

1539 1003 1586 1029 est
1609 998 1755 1039 quaestio
1779 1003 1811 1028 et
1833 998 1952 1030 solutio
1977 998 2134 1032 omnium.
2519 1029 2522 1032 Α

1593 1042 1646 1072 IV.
1671 1041 1706 1072 In
1736 1042 1946 1082 responsione
1974 1041 2015 1072 ad
2044 1041 2190 1079 tertium,
2217 1041 2307 1079 vide,
2334 1041 2480 1080 Noviu'e,
2511 1041 2602 1083 quod

1538 1096 1690 1118 ascensus
1705 1092 1752 1117 est
1766 1096 1888 1117 nomen
1902 1091 2011 1116 motus
2026 1087 2155 1127 proprie
2170 1085 2255 1116 dicti.
2276 1084 2479 1117 Translatum
2493 1091 2602 1117 autem

1539 1130 1579 1161 ad
1601 1136 1753 1167 mentem,
1777 1136 1884 1170 potest
1906 1129 2075 1170 dupliciter
2097 1131 2270 1161 convenire
2292 1131 2402 1167 menti,
2423 1129 2602 1161 secundum

1538 1175 1707 1216 proprium
1736 1175 1853 1206 mentis
1882 1180 2007 1211 actum,
2031 1175 2088 1214 qui
2117 1184 2190 1205 vere
2221 1179 2252 1205 et
2278 1175 2407 1215 proprie
2437 1179 2484 1205 est
2513 1179 2602 1205 actus

1540 1218 1686 1260 perfecti,
1716 1224 1795 1259 puta
1826 1218 2011 1258 intelligere.
2046 1218 2130 1248 Nam
2161 1223 2268 1258 potest
2298 1219 2399 1249 menti
2431 1218 2603 1250 convenire

1540 1272 1690 1295 ascensus
1710 1263 1763 1293 vel
1783 1272 1843 1303 per
1861 1262 1996 1294 modum
2018 1268 2127 1293 motus
2151 1263 2207 1302 qui
2230 1268 2319 1293 actus
2341 1268 2388 1294 est
2406 1261 2602 1303 imperfecti:

1541 1313 1573 1338 et
1595 1307 1640 1338 sic
1663 1307 1815 1337 convenit
1843 1306 1951 1343 nobis,
1976 1306 2032 1346 qui
2061 1316 2130 1336 non
2160 1316 2271 1337 sumus
2300 1312 2408 1337 mente
2438 1306 2604 1338 coniuncti

1541 1351 1697 1391 supernis,
1713 1350 1769 1381 sed
1784 1350 1946 1381 tendimus
1968 1350 2084 1381 mentis
2099 1351 2222 1381 actibus
2238 1350 2277 1381 ad
2292 1351 2355 1388 illa,
2372 1351 2455 1382 sicut
2468 1359 2603 1391 vapores

1541 1394 1718 1426 ascendunt
1739 1403 1875 1431 sursum,
1893 1394 1949 1435 qui
1973 1393 2012 1424 de
2034 1399 2116 1424 terra
2139 1394 2302 1425 elevantur
2325 1400 2356 1425 et
2378 1394 2514 1426 tendunt
2535 1404 2604 1426 sur-

1542 1449 1628 1475 sum;
1660 1444 1691 1470 et
1713 1439 1758 1469 sic
1790 1438 1908 1469 Christi
1936 1438 2037 1469 menti
2059 1447 2127 1469 non
2158 1439 2309 1469 convenit
2338 1448 2503 1476 ascensus,
2528 1439 2605 1479 quia

1542 1492 1668 1524 semper
1691 1487 1738 1513 est
1761 1490 1836 1513 cum
1865 1483 1956 1513 Deo:
1979 1500 2003 1506 -
2024 1482 2076 1512 vel
2098 1491 2156 1522 per
2184 1482 2320 1513 modum
2347 1487 2456 1514 motus
2479 1483 2536 1524 qui
2557 1488 2606 1515 est

1543 1533 1631 1558 actus
1654 1526 1796 1567 perfecti.
1820 1526 1861 1559 Et
1882 1527 1929 1557 sic
1951 1526 2103 1559 convenit
2125 1525 2253 1558 Christo
2277 1532 2309 1558 et
2330 1527 2429 1558 beatis
2455 1535 2605 1559 ascenms

1543 1571 1658 1602 mentis
1680 1571 1715 1601 in
1737 1571 1861 1602 Deum:
1886 1571 1971 1610 quia,
1987 1570 2089 1613 iuncti
2111 1570 2193 1607 Deo,
2219 1571 2477 1611 contemplantur
2497 1570 2606 1612 ipsum

1543 1620 1579 1645 ut
1595 1624 1690 1655 super
1713 1624 1756 1650 se,
1772 1613 1905 1654 perfecti
1928 1614 2201 1654 contemplatione
2215 1614 2311 1646 illius.
2335 1614 2425 1647 Sicut
2445 1623 2516 1652 nos,
2529 1623 2606 1647 cum

1544 1658 1801 1732 contemplassrlm‘iir
1824 1657 1954 1701 aliquid,
1978 1656 2115 1689 dicimur
2137 1658 2260 1690 moveri
2281 1658 2460 1690 secundum
2482 1658 2606 1698 intelle-

1545 1707 1633 1733 ctum
1655 1702 1690 1733 in
1714 1702 1721 1709 '
1747 1712 1770 1733 u
1794 1725 1801 1732 .

1195 1847 1514 1900 Aaricutus
1543 1854 1845 1898 SECUNDUS

708 1955 865 1987 UTRUM
889 1953 1078 1986 CHRISTO
1104 1951 1359 1983 CONVENIAT
1383 1950 1530 1982 ORARE
1553 1949 1793 1982 SECUNDUM
1816 1949 1935 1982 SUAM
1958 1948 2321 1982 SENSUALITATEM

1013 2031 1045 2057 111
1065 2031 1147 2062 Sem„
1168 2031 1226 2056 dist.
1244 2037 1304 2060 xvn.
1323 2034 1369 2055 art.
1391 2028 1414 2061 3,
1433 2028 1483 2062 qu·
1504 2028 1533 2060 33
1555 2028 1698 2061 Compend.
1720 2027 1817 2058 Theoi„
1837 2035 1892 2061 cap.
1911 2035 2031 2054 ccxxxut.

468 2143 509 2185 »1,ἶ
548 2147 619 2207 QZ<
640 2137 662 2161 ι)
682 2133 870 2160 SECUNDUM
885 2133 937 2159 stc
952 2131 1189 2158 paocam'run.
1209 2109 1372 2156 Videtur
1385 2117 1492 2167 quod

568 2177 632 2246 “3⁴1³
642 2176 793 2214 Christo
809 2174 1013 2212 conveniat
1023 2185 1134 2210 orare
1149 2172 1366 2209 secundum
1381 2183 1493 2208 suam

449 2235 578 2313 55⁴&ss
590 2236 634 2321 a&
641 2225 1223 2317 sensualitaterrgkpicittirgnim
1237 2225 1278 2262 in
1292 2225 1446 2314 Psaltmo
1460 2223 1493 2270 ¹⁸⁸,

487 2300 503 2315 s.
521 2284 585 2319 Ἦν)
622 2295 687 2319 ex
715 2293 880 2331 persona
971 2287 1068 2317 ristl:
1134 2291 1179 2316 or
1206 2290 1331 2315 meum
1350 2290 1371 2314 e
1402 2289 1493 2314 caro

433 2348 517 2373 mea
553 2335 809 2373 exultaverunt
836 2336 874 2370 in
902 2335 1026 2370 Deum
1057 2333 1193 2370 vivum.
1234 2331 1311 2369 Sed
1339 2342 1494 2367 sensua-

434 2389 514 2426 litas
542 2388 678 2425 dicitur
714 2387 903 2437 appetitus
931 2385 1066 2423 carnis.
1105 2386 1206 2433 Ergo
1243 2383 1383 2421 Christi
1411 2395 1494 2420 sen-

435 2441 586 2479 sualitas
613 2440 737 2490 potuit
764 2440 969 2477 ascendere
998 2439 1037 2476 in
1065 2439 1195 2475 Deum
1222 2437 1357 2474 vivum
1392 2437 1495 2473 exul-

435 2495 570 2532 tando:
601 2501 636 2530 et
663 2493 745 2542 pari
774 2493 930 2539 ratione,
961 2492 1120 2529 orando.

491 2559 524 2583 2.
554 2548 795 2591 PRAETEREA,
825 2546 906 2582 eius
942 2545 1095 2582 videtur
1122 2555 1204 2580 esse
1240 2554 1349 2580 orare
1386 2540 1496 2578 cuius

437 2607 492 2637 est
519 2599 734 2636 desiderare
772 2599 864 2636 illud
892 2598 999 2647 quod
1027 2597 1177 2647 petitur.
1218 2596 1294 2633 Sed
1323 2594 1497 2632 Christus

438 2652 568 2701 petivit
595 2652 738 2700 aliquid
765 2652 872 2701 quod
895 2650 1123 2688 desideravit
1151 2648 1385 2693 sensualitas,
1399 2656 1498 2684 ‘cum

439 2705 541 2750 dixit,
575 2707 755 2742 Transeat
773 2717 796 2741 a
815 2716 876 2741 me
893 2705 995 2741 calix
1022 2705 1096 2749 iste,
1117 2710 1159 2739 ut
1180 2702 1343 2739 habetur
1361 2701 1495 2738 Matth.

440 2770 521 2795 xxw
539 2758 570 2794 ²⁸.
600 2759 701 2806 Ergo
730 2757 950 2794 sensualitas
980 2755 1119 2794 Christi
1147 2755 1280 2793 oravit.

496 2811 529 2847 3.
560 2812 789 2855 Proximam,
810 2810 929 2858 magis
957 2818 1012 2846 est
1039 2808 1140 2846 uniri
1167 2809 1252 2845 Deo
1276 2807 1315 2844 in
1334 2819 1500 2856 persona

443 2875 560 2911 quam
597 2863 800 2900 ascendere
829 2863 868 2899 in
896 2864 1025 2899 Deum
1062 2874 1131 2911 per
1158 2860 1384 2898 orationem.
1423 2859 1500 2897 Sed

444 2916 663 2952 sensualitas
690 2916 758 2952 fuit
785 2923 981 2964 assumpta
1007 2928 1030 2952 a
1058 2916 1142 2952 Deo
1171 2914 1211 2951 in
1238 2913 1381 2950 unitate
1416 2924 1500 2961 per-

445 2981 578 3005 sonae:
609 2968 703 3005 sicut
731 2977 767 3005 et
785 2968 976 3018 quaelibet
998 2980 1087 3017 pars
1106 2969 1301 3004 humanae
1329 2974 1499 3003 naturae.

446 3022 546 3069 Ergo
583 3023 703 3058 multo
741 3021 860 3070 magis
897 3021 1020 3070 potuit
1056 3021 1260 3058 ascendere
1298 3019 1338 3056 in
1372 3020 1502 3056 Deum

448 3074 605 3111 orando.

502 3127 574 3163 St-:D
603 3138 745 3163 CONTRA
765 3138 830 3163 Εετ
854 3127 960 3174 quod
979 3127 1135 3176 Philipp.
1157 3138 1177 3163 11
1195 3125 1216 3148 ¹¹⁸
1235 3125 1372 3162 dicitur
1396 3124 1503 3174 quod

450 3178 566 3215 Filius
589 3178 672 3222 Dei,
701 3179 916 3214 secundum
944 3187 1119 3215 naturam
1140 3191 1258 3228 quam
1287 3177 1503 3227 assumpsit,

450 3238 504 3267 est
523 3232 559 3267 in
578 3230 849 3267 similitudinem
868 3231 1058 3267 hominum
1077 3233 1215 3279 factus.
1251 3231 1326 3268 Sed
1355 3230 1415 3267 alii
1435 3231 1504 3267 ho-

451 3283 574 3319 mines
602 3294 681 3319 non
709 3290 818 3318 orant
838 3283 1051 3319 secundum
1080 3283 1372 3320 sensualitatem.
1403 3283 1504 3331 Ergo

453 3346 523 3371 nec
551 3334 723 3371 Christus
742 3333 864 3370 oravit
891 3335 1103 3371 secundum
1133 3335 1423 3373 sensualitatem.

507 3388 727 3423 Resposmzo
746 3397 925 3422 DICENDUM
945 3387 1050 3433 quod
1066 3399 1173 3423 orare
1193 3388 1407 3424 secundum
1422 3400 1506 3425 sen-

509 3523 525 3539 οι
556 3522 642 3541 orare.
660 3530 678 3534 —
696 3522 775 3541 orare
793 3515 951 3541 sensualitas
970 3515 990 3547 1,
1010 3516 1168 3541 sensualitas
1188 3524 1266 3543 orare
1285 3518 1419 3545 editiones.

510 3549 524 3582 β
554 3550 694 3576 sensualia.
711 3565 730 3569 -
748 3550 872 3575 sensitiva
890 3549 920 3581 F,
938 3549 1072 3575 sensibilia
1091 3551 1164 3575 tertia
1183 3557 1282 3583 praeter
1301 3553 1319 3578 1.

510 3592 525 3617 γ
556 3584 710 3610 orationem.
728 3600 746 3604 -
764 3585 820 3610 Far:
838 3592 855 3609 a
875 3590 899 3609 et
918 3585 1003 3615 tertia;
1023 3585 1162 3610 rationem.

1547 2116 1762 2154 sualitatem
1788 2124 1913 2166 potest
1939 2116 2140 2166 dupliciter
2167 2116 2331 2166 intelligi.
2359 2117 2448 2159 Uno
2473 2115 2608 2166 modo,

1548 2170 1602 2207 sic
1639 2170 1747 2220 quod
1783 2169 1904 2207 oratio
1943 2169 1989 2206 sit
2022 2177 2128 2207 actus
2155 2170 2416 2208 sensualitatis.
2453 2170 2503 2209 Et
2532 2170 2611 2211 hoe

1548 2223 1668 2260 modo
1689 2222 1862 2260 Christus
1880 2222 2097 2260 secundum
2115 2223 2399 2261 sensualitatem
2425 2234 2507 2266 non
2525 2235 2610 2262 ora-

1547 2275 1612 2312 vit.
1635 2275 1738 2323 Quia
1757 2275 1839 2312 eius
1858 2275 2081 2313 sensualitas
2099 2275 2274 2316 eiusdem
2292 2283 2452 2316 naturae
2470 2283 2508 2319 et
2524 2277 2610 2331 spe-

1549 2328 1619 2366 ciei
1646 2328 1715 2365 fuit
1742 2328 1781 2365 in
1810 2328 1962 2366 Christo
1982 2335 2019 2365 et
2045 2328 2085 2365 in
2113 2328 2235 2366 nobis.
2270 2329 2313 2366 ln
2340 2328 2452 2367 nobis
2479 2327 2611 2371 autern

1549 2393 1630 2419 non
1657 2389 1782 2431 potest
1809 2393 1918 2418 orare
1938 2386 1974 2429 ²,
2003 2381 2145 2431 duplici
2172 2381 2329 2419 ratione.
2367 2380 2498 2420 Primo
2525 2380 2610 2436 qui—

1550 2435 1662 2480 dem,
1691 2434 1783 2484 quia
1810 2441 1939 2472 motus
1976 2433 2225 2471 sensualitatis
2261 2445 2343 2473 non
2373 2441 2502 2486 potest
2515 2430 2610 2473 'sefi-

1551 2486 1696 2525 sualiass
1713 2488 1996 2524 transcendere:
2019 2494 2056 2524 et
2073 2486 2162 2524 ideo
2181 2498 2262 2524 non
2279 2494 2404 2537 potest
2422 2487 2462 2524 in
2480 2484 2611 2527 Deum

1551 2540 1769 2586 ascendere,
1789 2540 1897 2590 quod
1915 2539 2120 2589 requiritur
2137 2539 2186 2577 ad
2214 2540 2426 2578 orationem
2447 2545 2474 2577 ἵ.
2490 2562 2516 2568 -
2544 2539 2612 2579 Se-

1552 2594 1694 2640 cundo,
1715 2593 1806 2643 quia
1833 2592 1954 2630 oratio
1982 2592 2162 2642 importat
2180 2594 2378 2642 quandam
2406 2592 2612 2638 ordinatio-

1552 2659 1656 2692 nem,
1676 2653 1792 2696 prout
1818 2645 1953 2695 aliquis
1976 2645 2165 2682 desiderat
2185 2645 2329 2696 aliquid
2357 2645 2467 2696 quasi
2485 2658 2508 2684 a
2525 2640 2612 2685 Dee

1552 2699 1812 2749 implendum:
1843 2706 1879 2735 et
1897 2699 1973 2735 hoc
1991 2705 2047 2735 est
2065 2697 2182 2735 solius
2201 2698 2368 2736 rationis.
2397 2698 2509 2737 Unde
2527 2695 2612 2743 dra-

1553 2753 1606 2790 tio
1634 2759 1690 2789 est
1717 2759 1822 2789 actus
1841 2751 2016 2788 rationis:
2045 2758 2088 2788 ut
2108 2751 2148 2788 in
2168 2750 2347 2789 Secunda
2370 2750 2479 2792 Parte
2497 2749 2520 2775 ‘²
2539 2752 2612 2794 'ha-

1554 2805 1678 2843 bitum
1706 2811 1771 2841 est.
2120 2804 2122 2806 '

1607 2857 1694 2895 Alio
1721 2857 1842 2894 modo
1861 2864 1985 2906 potest
2012 2856 2086 2894 dici
2106 2856 2241 2907 aliquis
2268 2868 2378 2897 orare
2397 2854 2543 2897 secund

1555 2910 1859 2956 sensualitatem,
1888 2909 1979 2959 quia
2016 2909 2156 2947 scilicet
2192 2909 2274 2948 eius
2310 2909 2405 2950 ratio
2423 2906 2438 2933 ὃ
2465 2921 2561 2952 omn

1555 2965 1640 3002 Deo
1659 2962 1861 3012 proposuit
1886 2963 1992 3012 quod
2013 2970 2092 3000 erat
2110 2962 2149 3000 in
2177 2962 2347 3015 appetitu
2365 2955 2615 3002 sensualitatis

1555 3016 1686 3067 ipsius.
1716 3017 1764 3053 Et
1785 3016 2002 3052 secundum
2029 3016 2117 3064 hoc,
2137 3015 2311 3056 Christus
2332 3015 2455 3053 oravit
2480 3009 2615 3054 secuis-

1556 3070 1652 3107 dum
1667 3068 1964 3106 sensualitatem:
1980 3067 2211 3118 inquantum
2225 3068 2363 3107 scilicet
2377 3066 2458 3106 eius
2469 3067 2616 3119 oratio*

1557 3121 1793 3172 exprimebat
1821 3121 2069 3159 sensualitatis
2097 3122 2290 3168 affectum,
2319 3129 2504 3172 tanquam
2531 3129 2615 3163 sen'-

1558 3175 1737 3213 sualitatis
1765 3174 1961 3213 advocata.
1991 3174 2040 3212 Et
2066 3174 2154 3219 hoc,
2173 3182 2216 3212 ut
2243 3186 2314 3212 nos
2339 3174 2390 3212 'de
2410 3173 2533 3213 tribus
2559 3170 2616 3211 in-

1558 3235 1727 3266 strueret.
1766 3227 1910 3274 Primo,
1938 3235 1982 3264 ut
2009 3227 2225 3265 ostenderet
2251 3238 2292 3265 se
2319 3234 2452 3268 veram
2478 3227 2616 3265 huma-

1559 3293 1650 3319 nam
1679 3289 1856 3318 naturam
1884 3280 2152 3330 assumpsisse,
2181 3289 2272 3318 cum
2299 3277 2481 3319 om'nibus
2508 3286 2617 3319 nam·

1560 3334 1701 3372 ralibus
1729 3333 1939 3371 affectibus.
1977 3333 2171 3379 Secundo,
2199 3340 2243 3370 ut
2268 3332 2484 3370 ostenderet
2510 3331 2619 3382 quod

1562 3387 1711 3425 homini
1739 3387 1834 3434 licet,
1858 3387 2074 3424 secundum
2102 3386 2314 3424 naturalem
2341 3385 2534 3432 affectum,
2554 3385 2619 3422 ali-

1614 3519 1640 3554 δ)
1659 3521 1739 3547 ratio.
1756 3533 1776 3540 --
1793 3520 1896 3551 Ten-tim
1919 3519 2015 3546 oratio.
2033 3532 2053 3540 ·-
2070 3519 2121 3545 Pno
2142 3517 2286 3552 propos-68
2305 3517 2382 3550 quod
2403 3520 2472 3547 erm
2491 3516 2622 3550 F⁰P⁰nff²

1561 3556 1638 3623 quoii)
1651 3556 1791 3616 ἳίαιεῗζ·
1809 3591 1879 3616 ratio
1899 3590 1972 3616 tertia
1991 3595 2093 3625 praeter
2110 3590 2139 3616 P.

2625 867 2711 895 qua
2756 855 2787 867 '⁴'

2626 903 2686 922 ven.
2698 902 2737 928 ⁴3,
2752 897 2779 930 '²'-

2790 1378 2791 1381 „
2790 1257 2791 1261 „
2791 1194 2797 1198 ,
2780 1143 2784 1145 Ι
2776 1086 2795 1108 ¹.
2775 1007 2792 1059 ..t-z..

2801 1742 2807 1783 ..-
2797 1698 2804 1718 --..
2779 1570 2802 1625 '‘f-2.
2800 1542 2801 1547 „
2790 1502 2804 1514 ,ς

2846 1647 2858 1757 *van-v„
2846 1516 2852 1631 «.,,...-,,.,
