2872 3970
387 284 458 320 150

241 374 251 390 ε
383 375 474 400 nem
503 374 641 399 eorum
667 367 677 383 Ξ
707 361 745 398 in
774 374 873 411 quae
902 369 1036 411 potest.
1065 383 1090 387 —
1120 361 1325 408 Quaedam
1353 372 1447 396 vero
1473 357 1477 423 1

384 424 471 453 sunt
499 427 579 452 non
606 417 733 452 solum
762 415 800 452 in
820 414 988 464 potentia
1017 413 1157 460 divina,
1179 413 1246 450 sed
1274 412 1389 450 etiam
1409 412 1447 449 in

382 468 552 518 potentia
580 476 785 505 creaturae.
816 469 864 505 Et
892 467 1116 504 huiusmodi
1143 466 1276 503 omnia
1307 477 1448 513 cogno-

384 521 451 558 scit
470 520 599 558 anima
620 521 759 558 Christi
788 520 826 557 in
846 520 987 557 Verbo.
1019 518 1323 568 Comprehendit
1345 517 1449 555 enim

384 574 422 611 in
442 574 571 611 Verbo
592 573 719 610 omnis
747 581 941 610 creaturae
962 572 1186 610 essentiam:
1217 579 1253 608 et
1271 583 1340 620 per
1359 583 1449 608 con-

385 638 550 676 sequens
587 626 796 675 potentiam
828 634 863 663 et
890 625 1088 672 virtutem,
1120 633 1155 661 et
1184 624 1316 661 omnia
1350 636 1450 673 quae

384 688 473 717 sunt
500 680 539 716 in
567 679 737 728 potentia
765 687 970 716 creaturae.

438 735 494 769 An
523 745 658 769 PR1MUM
686 744 784 769 ERGO
813 743 994 769 DICENDUM
1022 731 1129 780 quod
1165 730 1257 767 illud
1287 730 1451 766 verbum

384 785 648 822 intellexerunt
676 784 790 821 Arius
819 792 854 821 et
884 783 1121 828 Eunomius,
1151 795 1231 820 non
1260 790 1452 832 quantum

385 838 433 876 ad
462 837 659 875 scientiam
688 837 852 882 animae,
875 849 995 887 quarn
1024 837 1063 873 in
1093 835 1245 873 Christo
1274 847 1354 873 non
1382 848 1452 885 po-

384 891 537 938 nebant,
558 899 599 928 ut
628 902 744 939 supra
762 889 782 912 ’¹‘
808 890 954 927 dictum
983 898 1056 926 est:
1088 889 1156 926 sed
1184 897 1375 938 quantum
1403 889 1452 926 ad

241 950 256 979 t:
385 942 557 981 divinam
577 942 836 991 cognitionem
858 942 953 989 Filii,
974 955 1090 992 quern
1114 941 1125 968 t
1144 943 1342 991 ponebant
1370 954 1452 979 esse

384 997 577 1034 minorem
592 997 702 1033 Patre
718 1003 908 1045 quantum
923 996 972 1033 ad
987 994 1196 1032 scientiam.
1213 1017 1238 1022 —-
1255 995 1332 1033 Sed
1351 995 1453 1032 istud

384 1057 482 1086 stare
502 1061 582 1086 non
601 1057 736 1099 potest.
767 1049 870 1096 Quia
883 1061 956 1098 per
982 1050 1142 1086 Verbum
1161 1049 1236 1085 Dei
1241 1049 1352 1097 facta
1370 1054 1454 1086 sunt

143 898 155 909 ⁴
171 896 217 924 Qu.
237 902 259 922 v,
279 898 320 917 art.
336 901 356 924 3.

146 1110 156 1120 ·
170 1109 236 1131 Vers·
251 1115 271 1138 3·
384 1104 524 1149 omnia,
540 1110 582 1139 ut
601 1101 739 1140 dicitur
757 1103 860 1139 Ioan.
878 1114 887 1139 1
904 1101 943 1139 *ε
972 1110 1018 1148 et,
1035 1102 1132 1139 inter
1151 1101 1233 1149 alia,
1249 1102 1346 1139 facta
1365 1109 1454 1139 sunt

385 1155 501 1192 etiarn
515 1167 585 1205 per
603 1155 733 1205 ipsum
749 1155 881 1192 omnia
899 1163 1087 1205 tempora.
1113 1154 1220 1192 Nihil
1235 1163 1365 1196 autem
1385 1167 1454 1205 per

385 1208 515 1258 ipsum
542 1209 686 1246 factum
715 1216 770 1245 est
797 1209 904 1258 quod
931 1208 979 1245 ab
1009 1221 1056 1246 eo
1085 1208 1291 1256 ignoretur.

437 1261 586 1299 Dicitur
622 1274 712 1310 ergo
741 1261 886 1299 nescire
924 1261 1029 1298 diem
1067 1269 1103 1298 et
1135 1262 1274 1298 horam
1303 1261 1452 1309 iudicii,

384 1315 476 1364 quia
504 1327 583 1352 non
611 1314 697 1352 facit
725 1314 839 1352 scire:
870 1314 1122 1363 interrogatus
1141 1314 1246 1352 enim
1275 1315 1323 1352 ab
1350 1316 1454 1365 Apo-

145 1373 155 1382 ·
170 1371 236 1393 Vm·
252 1371 273 1398 6,
289 1377 309 1398 ⁷·
384 1368 488 1405 stolis
508 1380 624 1418 super
652 1369 738 1413 hoc,
762 1369 843 1405 Act.
865 1380 874 1404 1
893 1367 923 1415 ³¹⁵,
954 1368 1029 1404 hoc
1049 1367 1102 1404 eis
1122 1367 1244 1405 noluit
1271 1370 1452 1406 revelare.

145 1426 155 1435 ⁸
170 1423 235 1445 Vers.
254 1429 284 1445 12.

385 1421 490 1458 Sicut
519 1434 539 1458 e
567 1420 758 1458 contrario
796 1420 930 1469 legitur
961 1422 1052 1458 Gen.
1081 1433 1151 1458 xxu
1170 1421 1209 1458 *z
1250 1422 1367 1459 Nunc
1394 1435 1455 1460 co·-

383 1476 502 1524 gnoui
528 1475 628 1523 quod
645 1476 774 1510 timeas
802 1475 937 1520 Deum,
958 1473 1064 1520 idest,
1085 1475 1201 1511 Nunc
1227 1486 1457 1524 cognoscere

145 1530 358 1579 {bfflf>;³⁵·gg¹5r¹{;²4
374 1528 458 1575 feci
474 1527 504 1563 ²¹⁶.
543 1527 692 1564 Dicitur
728 1534 858 1563 autem
888 1527 1000 1563 Pater
1034 1526 1140 1573 scire,
1171 1539 1218 1563 eo
1247 1528 1355 1576 quod
1384 1529 1455 1565 hu-

144 1574 278 1632 gratans.
296 1590 356 1612 ⁷0⁸1>-
384 1580 554 1617 iusmodi
582 1579 841 1628 cognitionem
861 1579 1013 1616 tradidit
1042 1579 1149 1616 Filio.
1180 1580 1292 1617 Unde
1321 1580 1359 1618 in
1380 1581 1456 1618 hoc

384 1633 468 1682 ipso
498 1633 605 1682 quod
625 1632 772 1679 dicitur,
794 1635 866 1670 nisi
890 1634 1013 1679 Pater,
1034 1633 1147 1670 datur
1166 1633 1319 1682 intelligi
1348 1635 1455 1683 quod

242 1697 257 1719 η
385 1686 504 1723 Filius
524 1694 729 1734 cognoscat
749 1692 778 1732 ⁷¹,
800 1698 879 1723 non
909 1687 1036 1723 solum
1063 1694 1255 1735 quantum
1283 1687 1332 1724 ad
1361 1687 1457 1724 divi-

386 1751 479 1776 nam
498 1747 688 1786 naturam,
710 1740 776 1776 sed
806 1739 921 1776 etiam
948 1747 1139 1788 quantum
1158 1740 1207 1776 ad
1227 1740 1456 1778 humanam.

387 1792 501 1839 Quia,
521 1800 564 1829 ut
584 1793 886 1841 Chrysostomus
905 1800 1194 1840 argumentatur
1211 1793 1241 1839 ³¹²,
1260 1795 1295 1830 si
1314 1795 1459 1831 Christo

386 1847 532 1883 homini
557 1846 683 1882 datum
718 1851 769 1882 est
796 1851 835 1882 ut
860 1847 951 1882 sciat
986 1846 1143 1895 qualiter
1170 1852 1338 1895 oporteat
1366 1848 1459 1884 iudi-

386 1910 486 1944 care,
508 1899 607 1948 quod
633 1904 684 1935 est
711 1900 853 1943 maius,·
890 1899 1004 1936 multo
1033 1900 1157 1949 magis
1185 1899 1312 1936 datum
1350 1906 1401 1937 est
1428 1903 1463 1937 ei

385 1953 481 1989 scire
509 1952 609 2001 quod
635 1957 684 1988 est
712 1954 846 1998 minus,
865 1952 1001 1989 scilicet
1028 1957 1170 2001 tempus
1198 1953 1334 1990 iudicii.

148 1801 157 1809 ⁸
166 1798 237 1820 Hom.
244 1797 359 1823 LXXVII,

147 1826 176 1846 al.
195 1823 320 1851 LXXVIII,
335 1825 359 1845 ln

147 1851 231 1873 Mami.

442 2068 464 2098 ε)
484 2075 587 2094 eorum.
605 2081 624 2086 —
641 2068 736 2092 hor-um
756 2067 798 2096 Gl,
818 2067 936 2092 omnium
956 2067 1091 2093 editiones.

441 2104 467 2136 ζ)
486 2112 572 2137 quem.
590 2117 610 2122 -
627 2104 712 2133 PGlc,·
730 2110 820 2135 quam.

441 2140 468 2172 η)
487 2143 640 2173 cognoscat.
658 2154 678 2158 -
695 2141 839 2173 cognoscat
860 2141 886 2163 et
905 2139 948 2170 Gl,
963 2139 1101 2172 cognoscit
1118 2141 1145 2163 et
1164 2139 1186 2163 H
1207 2143 1232 2163 et
1251 2139 1386 2166 editiones.

442 2175 466 2209 θ)
487 2177 581 2208 ipsum.
600 2189 619 2194 -
637 2175 699 2200 Om.
712 2175 794 2199 tertia.
807 2189 826 2193 —
844 2174 954 2207 ignorat
973 2174 1012 2199 Ea
1032 2180 1056 2199 et
1075 2175 1164 2205 tertia;
1184 2174 1332 2207 ignoraret.

443 2213 461 2245 ι)
476 2211 631 2244 perfectius.
649 2225 669 2230 —
692 2211 826 2235 intantum
846 2210 996 2244 perfectius
1019 2209 1108 2241 tertia3
1134 2217 1183 2243 pro
1209 2210 1272 2242 quia
1296 2218 1364 2240 eam,
1389 2211 1460 2244 quod

388 2255 446 2273 eam
466 2248 540 2272 tertia
559 2252 662 2280 praeter
681 2246 698 2272 l.

1104 281 1366 328 QUAESTlo
1396 281 1452 327 x,
1488 280 1781 318 ARTICULUS
1809 281 1838 317 11

1558 359 1744 407 Origenes
1769 367 1899 397 tamen
1928 361 2003 398 hoc
2032 360 2188 410 exponit
2206 361 2226 384 ’¹‘
2253 362 2301 399 de
2331 362 2482 401 Christo
2510 376 2568 401 se-

1504 413 1678 449 cundum
1715 425 1849 462 corpus
1885 415 1978 460 eius,
2008 414 2107 463 quod
2141 420 2192 451 est
2224 415 2390 452 Ecclesia
2408 415 2438 463 *,
2468 428 2567 466 quae

1505 466 1580 502 hoc
1599 465 1728 514 ipsum
1747 463 1759 487 θ
1787 473 1941 515 tempus
1969 466 2126 515 ignorat.
2147 489 2173 494 —-
2201 467 2373 514 Quidam
2391 468 2419 514 *χ
2439 477 2568 506 autem

1505 517 1636 555 dicunt
1660 518 1737 555 hoc
1764 530 1846 556 esse
1874 518 2160 567 intelligendum
2189 520 2236 557 de
2265 520 2361 557 Filio
2389 521 2462 558 Dei
2480 522 2570 559 ado-

1505 570 1622 620 ptivo,
1652 582 1732 608 non
1761 571 1808 608 de
1837 572 2010 609 naturali.

1559 625 1615 660 AD
1644 635 1835 662 SECUNDUM
1862 637 2044 663 DICENDUM
2072 626 2179 675 quod
2208 626 2315 663 Deus
2342 627 2544 675 perfectius
2563 634 2571 649 ‘

1506 677 1701 724 cognoscit
1729 689 1840 714 suam
1869 677 2072 715 essentiam
2107 690 2227 728 quam
2254 679 2384 717 anima
2412 679 2571 727 Christi,

1506 729 1597 779 quia
1617 742 1701 766 eam
1723 730 2027 779 comprehendit.
2053 732 2102 768 Et
2120 731 2207 769 ideo
2227 732 2422 780 cognoscit
2440 732 2572 770 omnia

1507 793 1587 819 non
1615 783 1743 820 solum
1771 795 1871 832 quae
1907 791 1996 821 sunt
2022 784 2062 821 in
2090 792 2176 822 actu
2205 785 2420 823 secundum
2448 786 2571 836 quod—

1507 848 1677 885 cumque
1705 843 1870 885 tempuS,
1899 848 1999 885 quae
2027 836 2165 874 dicitur
2198 849 2429 886 cognoscere
2456 841 2572 877 scien-

1506 890 1556 926 tia
1584 890 1753 934 visionis;
1788 889 1855 926 sed
1884 889 1999 927 etiam
2034 891 2167 927 omnia
2192 903 2465 942 quaecumque
2491 892 2572 942 ipse

1507 949 1632 991 potest
1659 942 1801 989 facere,
1831 954 1931 991 quae
1960 942 2098 980 dicitur
2133 955 2363 992 cognoscere
2392 957 2461 994 per
2486 947 2572 983 sim-

1501 996 1639 1045 plicem
1668 996 1960 1045 intelligentiam,
1980 1003 2023 1032 ut
2050 995 2089 1032 in
2118 996 2248 1034 Primo
2263 996 2283 1019 *
2301 997 2477 1035 habitum
2506 1006 2571 1036 est.

1509 1049 1586 1086 Scit
1614 1060 1704 1097 ergo
1724 1048 1854 1086 anima
1883 1047 2022 1086 Christi
2042 1049 2174 1086 omnia
2200 1062 2300 1099 quae
2328 1051 2435 1088 Deus
2458 1049 2498 1088 in
2517 1063 2574 1088 se-

1508 1102 1592 1152 ipso
1612 1101 1807 1150 cognoscit
1825 1113 1895 1151 per
1922 1101 2117 1139 scientiam
2138 1102 2316 1140 visionis:
2346 1115 2426 1141 non
2445 1111 2574 1142 tamen

1508 1155 1641 1192 omnia
1669 1167 1769 1204 quae
1789 1155 1895 1192 Deus
1923 1154 1962 1192 in
1991 1154 2117 1204 seipso
2137 1155 2331 1204 cognoscit
2357 1168 2428 1206 per
2454 1156 2575 1194 scien·

1508 1209 1600 1246 tiam
1620 1207 1801 1258 simplicis
1820 1206 2096 1256 intelligentiae.
2118 1209 2166 1245 Et
2185 1209 2235 1246 ita
2253 1210 2363 1259 plura
2383 1209 2450 1247 scit
2469 1210 2576 1248 Deus

1510 1262 1548 1300 in
1577 1261 1704 1311 seipso
1732 1273 1852 1311 quam
1880 1261 2010 1299 anima
2039 1261 2189 1299 Christi.

1562 1316 1619 1352 An
1646 1327 1805 1352 ‘mariun
1833 1326 2014 1352 melerinum
2043 1315 2150 1364 quod
2179 1315 2369 1365 quantitas
2397 1315 2575 1354 scientiae

1510 1381 1590 1406 non
1618 1370 1746 1406 solum
1783 1366 1988 1405 attenditur
2015 1368 2230 1405 secundum
2264 1381 2473 1406 numerum
2506 1368 2576 1407 sei-

1509 1422 1657 1468 bilium,
1678 1422 1745 1458 sed
1773 1421 1888 1458 etiam
1917 1421 2133 1458 secundum
2161 1421 2366 1459 claritatem
2396 1421 2576 1471 cognitio-

1510 1475 1580 1513 nis.
1611 1474 1802 1522 Quamvis
1822 1474 1933 1523 igitur
1951 1473 2106 1511 scientia
2125 1474 2277 1512 animae
2298 1474 2437 1512 Christi
2456 1487 2576 1524 quam

1510 1529 1626 1566 habet
1641 1528 1679 1564 in
1694 1527 1835 1574 Verbo,
1851 1526 2072 1576 parificetur
2086 1527 2262 1564 scientiae
2284 1527 2442 1565 visionis
2456 1541 2576 1577 quam

1510 1583 1618 1619 Deus
1637 1581 1752 1618 habet
1780 1580 1819 1617 in
1839 1579 1977 1629 seipso,
1998 1588 2189 1629 quantum
2213 1580 2262 1617 ad
2282 1593 2489 1618 numerum
2510 1581 2578 1619 sci-

1510 1634 1669 1680 bilium;
1698 1633 1855 1671 scientia
1882 1641 2012 1670 tamen
2031 1633 2104 1670 Dei
2132 1633 2279 1670 excedit
2307 1633 2346 1670 in
2369 1633 2576 1682 infinitum,

1511 1695 1699 1738 quantum
1722 1687 1770 1724 ad
1790 1685 1999 1724 claritatem
2023 1685 2261 1734 cognitionis,
2283 1686 2481 1724 scientiam
2501 1686 2578 1724 ani-

1513 1754 1600 1779 mae
1621 1739 1772 1778 Christi.
1803 1739 1907 1788 Quia
1935 1741 2067 1777 lumen
2087 1739 2300 1777 increatum
2327 1739 2448 1777 divini
2475 1739 2580 1778 intel-

1513 1797 1632 1832 lectus
1652 1794 1690 1831 in
1719 1793 1915 1830 infinitum
1935 1791 2081 1830 excedit
2109 1794 2241 1830 lumen
2263 1801 2436 1830 creatum
2455 1793 2579 1843 quod-

1514 1860 1684 1897 cumque
1704 1854 1903 1896 receptum
1923 1845 1962 1883 in
1990 1845 2120 1883 anima
2140 1845 2290 1893 Christi,
2311 1858 2392 1883 non
2420 1847 2549 1884 solum
2563 1852 2579 1869 ¹*

1515 1908 1707 1951 quantum
1722 1900 1770 1937 ad
1785 1899 1951 1937 modum
1965 1898 2234 1947 cognoscendi,
2246 1899 2314 1936 sed
2329 1899 2445 1937 etiam
2459 1911 2579 1949 quan-

1515 1963 1600 1992 tum
1629 1954 1678 1991 ad
1706 1965 1916 1990 numerum
1935 1951 2136 1999 scibilium,
2157 1959 2199 1989 ut
2226 1951 2373 1989 dictum
2401 1959 2458 1990 est
2474 1952 2507 1990 *.

1563 2069 1588 2103 κ)
1609 2076 1660 2094 non
1676 2069 1770 2094 solum.
1782 2083 1801 2087 —
1814 2068 1888 2093 Licet
1902 2068 2022 2093 absolute
2035 2067 2167 2100 loquendo
2179 2067 2293 2093 scientia
2307 2067 2400 2093 divina
2413 2066 2459 2102 (de
2470 2068 2583 2095 scientia

1509 2105 1603 2130 divina
1622 2105 1664 2138 pli
1680 2109 1706 2129 et
1719 2105 1742 2133 b,
1757 2103 1790 2129 de
1806 2103 1918 2129 scientia
1938 2103 2031 2128 divina
2049 2103 2163 2128 scientia
2182 2103 2275 2128 diuina
2293 2104 2344 2137 εΗ)
2363 2103 2480 2130 excedat
2497 2105 2582 2131 scien-

1510 2141 1577 2166 tiam
1602 2140 1710 2165 am'mae
1737 2139 1838 2165 Christi
1861 2138 1977 2172 (Christi
2001 2139 2108 2164 animae
2127 2139 2155 2170 F,
2174 2139 2282 2164 animae
2304 2139 2407 2165 Christi
2429 2142 2459 2164 ut
2481 2140 2582 2167 dictum

1511 2179 1552 2202 est
1570 2175 1591 2210 l)
1611 2184 1664 2201 non
1683 2176 1768 2201 solum
1789 2175 1809 2199 F
1828 2179 1854 2199 et
1871 2174 1955 2200 tertia.

1067 2316 1401 2350 commentaria
1424 2295 1676 2351 cardinalis
1698 2317 1900 2351 Caietani

450 2399 557 2419 nurus
581 2387 756 2419 sumendus
773 2393 819 2418 est
842 2393 878 2418 ut
902 2394 1009 2418 sonat:
1035 2388 1068 2418 in
1091 2397 1228 2428 corpore
1250 2397 1392 2428 namque
1412 2398 1460 2418 ar-

391 2401 538 2464 Tticuli
562 2433 783 2473 distinguetur.

444 2479 479 2508 In
503 2487 639 2518 corpore
663 2483 737 2507 sunt
759 2483 821 2508 tres
845 2477 1088 2512 conclusiones,
1119 2477 1207 2507 iuxta
1232 2477 1291 2507 tria
1317 2477 1461 2507 membra

389 2523 600 2553 distinctionis
624 2531 688 2562 qua
704 2522 907 2562 distinguitur
930 2526 1011 2560 quot
1026 2520 1132 2551 modis
1152 2526 1259 2561 potest
1274 2520 1461 2552 distribuere

388 2568 420 2608 ly
445 2567 564 2597 omnia.
601 2566 636 2596 In
666 2567 768 2596 littera
794 2566 889 2606 igitur
919 2565 955 2595 fit
980 2565 1050 2595 talis
1077 2564 1238 2595 distinctio
1265 2565 1460 2596 bimembris.

389 2612 438 2652 Ly
462 2611 571 2642 omnia
603 2616 710 2650 potest
738 2611 822 2640 sumi
844 2609 895 2640 vel
918 2610 1058 2649 proprie,
1083 2614 1114 2639 et
1139 2609 1185 2640 sic
1213 2608 1372 2640 distribuit
1401 2619 1461 2650 pro

390 2656 540 2686 omnibus
565 2664 647 2695 quae
664 2654 861 2694 quandoque
877 2659 951 2684 actu
974 2653 1153 2684 secundum
1177 2653 1310 2693 aliquod
1333 2659 1461 2695 tempus

390 2706 480 2731 sunt:
505 2699 555 2730 vel
578 2699 678 2739 large,
703 2704 734 2729 et
757 2699 801 2729 sic
825 2697 983 2728 distn'buit
1006 2698 1102 2728 etiam
1125 2707 1184 2738 pro
1208 2698 1258 2728 his
1281 2708 1364 2739 quae
1387 2704 1462 2729 sunt

389 2745 422 2775 in
446 2745 590 2785 potentia
612 2752 781 2783 nunquam
799 2742 929 2773 reducta
945 2741 984 2772 ad
1001 2748 1117 2773 actum.
1142 2742 1182 2772 Et
1205 2742 1268 2772 hoc
1291 2742 1462 2773 subdistin-

390 2790 497 2829 guitur
520 2789 553 2819 in
577 2788 643 2818 duo
667 2788 824 2818 membra:
850 2788 925 2827 quia
948 2787 998 2817 vel
1022 2787 1055 2817 in
1079 2787 1223 2827 potentia
1247 2786 1353 2817 divina
1376 2787 1461 2823 sola;

390 2834 441 2864 vel
464 2843 531 2864 non
555 2833 588 2862 in
604 2833 672 2863 sola
690 2832 835 2872 potentia
851 2831 966 2867 divina,
984 2830 1039 2862 sed
1055 2831 1151 2861 etiam
1167 2831 1200 2861 in
1216 2832 1361 2871 potentia
1377 2841 1462 2862 crea-

391 2884 490 2908 turae.
523 2877 572 2908 Ex
597 2877 714 2917 quibus
737 2881 824 2916 patet
854 2874 944 2916 quod
967 2885 1005 2906 ex
1029 2876 1176 2906 universa
1199 2875 1404 2907 distinctione
1432 2882 1462 2907 et

391 2921 656 2953 subdistinctione
679 2921 737 2951 tria
759 2925 884 2951 tantum
907 2920 1051 2951 membra
1072 2920 1326 2951 constituuntur:
1352 2926 1383 2951 et
1406 2922 1461 2957 sic,

391 2967 478 2997 iuxta
501 2966 721 2996 membrorum
744 2965 862 2995 horum
877 2973 1060 3001 numerum,
1084 2964 1184 2995 tribus
1200 2964 1463 2996 conclusionibus

392 3010 603 3051 respondetur
627 3010 774 3050 quaesito
789 3010 816 3039 *ἦ

448 3055 485 3085 ῙῙ.
510 3055 614 3085 Prima
642 3060 704 3084 est:
737 3054 854 3084 Anima
885 3053 1006 3084 Christi
1037 3053 1127 3084 novit
1156 3053 1188 3084 in
1223 3053 1322 3084 Verbo
1353 3054 1462 3085 omnia

389 3099 545 3140 proprie:
567 3099 629 3129 hoc
651 3103 706 3134 est,
731 3108 814 3139 quae
836 3097 1029 3139 quandoque
1044 3098 1077 3128 in
1094 3102 1168 3128 actu
1186 3103 1271 3134 sunt,
1288 3103 1385 3129 erunt
1406 3104 1465 3129 aut

385 3144 537 3185 suerunt.
570 3143 725 3173 Probatur
748 3143 863 3182 primo,
888 3142 1043 3172 absolute.
1067 3142 1158 3173 Licet
1180 3143 1262 3173 inter
1284 3143 1463 3174 intellectus

395 3190 504 3218 beatos
528 3188 566 3217 sit
590 3186 779 3222 differentia,
810 3186 891 3216 nulli
914 3186 1089 3217 intellectui
1113 3187 1207 3217 beato
1231 3186 1319 3218 deest
1342 3197 1464 3228 cogno-

395 3241 482 3262 scere
510 3231 544 3261 in
567 3230 675 3261 Verbo
699 3230 808 3260 omnia
840 3239 922 3270 quae
954 3229 993 3260 ad
1016 3231 1121 3270 ipsum
1149 3237 1302 3271 spectant.
1338 3231 1401 3262 Sed
1424 3231 1464 3263 ad

396 3276 559 3306 Christum
584 3280 615 3304 et
638 3274 706 3304 eius
730 3273 915 3313 dignitatem
939 3280 1081 3314 spectant
1105 3276 1224 3306 omnia.
1249 3276 1334 3316 Ergo
1358 3277 1464 3307 anima

397 3319 513 3349 Christi
530 3318 697 3358 cognoscit
712 3318 744 3347 in
761 3318 868 3348 Verbo
886 3318 1004 3348 omnia.
1023 3336 1046 3340 —
1065 3319 1220 3349 Probatur
1235 3321 1351 3351 minor.
1376 3320 1462 3351 Tum

397 3363 472 3402 quia
495 3363 603 3394 omnia
630 3362 758 3392 Christo
781 3361 921 3392 subiecta
944 3367 1029 3392 sunt.
1054 3362 1140 3393 Tum
1160 3363 1235 3403 quia
1255 3370 1301 3394 est
1321 3365 1463 3396 omnium

398 3407 496 3437 iudex
519 3407 710 3437 constitutus
733 3415 753 3436 a
777 3405 858 3436 Deo.

452 3451 607 3481 Probatur
623 3449 776 3485 secundo,
794 3449 901 3490 quoad
918 3450 1127 3489 cogitationes
1142 3451 1327 3482 hominurn:
1354 3458 1463 3483 aucto-

398 3495 487 3525 ritate
512 3495 639 3525 loannis
662 3504 693 3524 11.

454 3538 504 3568 111.
531 3539 623 3569 Circa
646 3539 732 3568 hunc
757 3547 953 3578 processum,
979 3537 1112 3568 dubium
1130 3539 1282 3569 occurrit:
1309 3540 1463 3579 quoniam

399 3583 578 3623 propositio
603 3582 709 3613 dicens
735 3582 863 3612 cuilibet
887 3582 980 3612 beato
1005 3582 1174 3612 convenire
1199 3582 1287 3622 quod
1311 3583 1415 3614 videat
1430 3584 1463 3614 in

155 3013 165 3022 ⁴
181 3011 216 3033 Cf.
232 3017 294 3033 num.
308 3017 332 3037 u,
344 3017 366 3037 v,

155 3043 186 3059 u.

1511 2389 1619 2420 Verbo
1644 2389 1943 2430 omnia,spectantia
1958 2389 1998 2420 ad
2013 2398 2057 2425 se,
2074 2388 2292 2420 difficultatem
2307 2389 2435 2430 patitur.
2460 2389 2582 2430 Seque-

1511 2439 1599 2464 retur
1622 2435 1709 2465 enim
1732 2444 1771 2465 ex
1793 2434 1872 2474 ipsa,
1897 2434 2070 2465 coniuncta
2091 2432 2294 2474 praecedenti
2316 2434 2533 2474 propositioni
2547 2434 2581 2466 in

1512 2479 1615 2509 littera
1629 2479 1763 2519 positae,
1780 2478 1910 2515 scilicet,
1931 2477 2072 2514 Quilibet
2085 2478 2196 2508 beatus
2211 2481 2302 2508 tanto
2312 2478 2414 2519 plura
2431 2478 2463 2508 in
2481 2478 2581 2510 Verbo

1513 2523 1683 2564 cognoscit
1710 2527 1832 2563 quanto
1858 2522 2037 2564 perfectius
2060 2521 2145 2552 videt
2172 2521 2323 2558 Verbum,
2355 2521 2445 2563 quod
2467 2522 2583 2563 aliquis

1514 2573 1641 2597 sanctus
1664 2567 1771 2598 minus
1794 2567 1915 2603 beatus,
1939 2571 2017 2606 puta
2032 2572 2160 2596 sanctus
2181 2566 2353 2602 Antonius,
2378 2571 2460 2598 esset
2482 2568 2583 2608 magis

1514 2612 1625 2642 beatus
1641 2611 1740 2642 altero
1757 2611 1897 2642 beatiore
1913 2620 1956 2647 se,
1980 2616 2059 2651 puta
2073 2610 2183 2641 sanc‘to
2200 2610 2311 2641 Petro:
2337 2610 2426 2651 quod
2441 2611 2584 2652 implicat

1514 2655 1769 2686 contradictoria.
1794 2655 1835 2686 Et
1857 2660 1944 2695 patet
1967 2655 2106 2695 sequela,
2131 2655 2238 2695 posito
2255 2654 2345 2695 quod
2367 2655 2460 2696 plura
2474 2656 2583 2697 singu-

1514 2700 1591 2730 laria
1616 2705 1762 2740 spectent
1792 2698 1832 2730 ad
1858 2705 2004 2730 sanctum
2030 2699 2212 2730 Antonium
2242 2709 2341 2739 quam
2370 2699 2411 2730 ad
2437 2706 2584 2733 sanctum

1514 2745 1661 2780 Petrum,
1694 2744 1769 2784 quia
1792 2743 1895 2774 multo
1919 2743 2026 2784 plures
2054 2745 2214 2774 orationes
2238 2743 2428 2775 emittuntur
2449 2743 2489 2775 ad
2511 2754 2584 2776 san-

1515 2794 1604 2819 ctum
1627 2788 1808 2818 Antonium
1839 2797 1937 2828 quam
1960 2789 2022 2818 sint
2045 2788 2215 2828 singularia
2245 2788 2420 2828 spectantia
2446 2788 2486 2820 ad
2511 2797 2583 2820 san-

1515 2838 1605 2863 ctum
1627 2832 1768 2867 Petrum,
1792 2841 1891 2872 quern
1914 2841 2012 2863 nemo
2036 2832 2226 2873 interpellat.

1571 2875 1622 2907 Ad
1638 2877 1701 2907 hoc
1713 2876 1828 2907 dicitur
1840 2876 1930 2916 quod
1945 2877 2124 2917 propositio
2137 2876 2246 2908 dicens
2262 2877 2439 2918 quemlibet
2453 2877 2582 2909 beatum

1515 2920 1622 2951 videre
1645 2921 1679 2951 in
1702 2921 1809 2951 Verbo
1834 2921 1943 2951 omnia
1966 2922 2141 2961 spectantia
2163 2921 2204 2952 ad
2219 2931 2262 2957 se,
2286 2927 2392 2962 potest
2415 2921 2584 2962 dupliciter

1516 2965 1664 3005 intelligi:
1686 2965 1805 2995 scilicet
1820 2965 1870 2995 vel
1886 2965 2070 3001 formaliter,
2086 2966 2136 2996 vel
2153 2966 2326 2996 causaliter.
2351 2965 2384 2997 Si
2399 2965 2582 3003 formaliter,

1516 3019 1627 3040 sensus
1651 3015 1697 3039 est
1721 3009 1809 3050 quod
1833 3010 1901 3050 ipsa
1928 3010 2008 3040 visio
2033 3010 2128 3040 Verbi
2152 3015 2199 3040 est
2221 3010 2316 3041 etiam
2337 3009 2417 3040 visio
2437 3014 2583 3050 spectan-

1516 3055 1597 3085 tium
1622 3053 1661 3084 ad
1684 3063 1727 3084 se.
1760 3053 1800 3084 Et
1823 3054 1867 3084 sic
1890 3059 2018 3094 sumpta
2040 3055 2220 3095 propositio
2243 3053 2427 3094 intelligitur
2449 3052 2488 3084 de
2511 3063 2583 3094 spe-

1517 3099 1675 3129 ctantibus
1699 3098 1737 3129 ad
1761 3099 1890 3129 beatum
1913 3104 1991 3129 tunc
2015 3107 2090 3129 cum
2113 3099 2218 3139 primo
2241 3097 2278 3128 fit
2300 3098 2426 3128 beatus:
2458 3102 2489 3128 et
2515 3107 2582 3129 non

1518 3143 1557 3174 de
1580 3143 1796 3183 spectantibus
1819 3148 1931 3183 postea
1954 3142 1993 3173 ad
2016 3143 2133 3183 ipsum.
2164 3142 2329 3181 Quoniam
2350 3141 2429 3172 haec
2455 3150 2512 3182 per
2535 3152 2583 3173 re-

1517 3187 1710 3218 velationem
1734 3187 1865 3218 habent:
1890 3193 1926 3218 ut
1949 3192 2036 3228 patet
2058 3187 2098 3218 de
2121 3186 2250 3227 angelis
2270 3185 2327 3226 qui
2349 3186 2525 3226 spectantia
2543 3186 2583 3217 ad

1517 3232 1605 3272 ipsos
1628 3231 1667 3262 de
1684 3231 1893 3271 dispositione
1909 3231 2109 3272 populorum
2124 3230 2184 3261 sibi
2199 3229 2446 3261 commissorum
2461 3231 2582 3261 nescie-

1517 3276 1611 3312 bant,
1643 3281 1679 3306 ut
1708 3281 1839 3307 testatur
1870 3285 1983 3306 eorum
2013 3284 2121 3316 pugna
2150 3274 2262 3314 viginti
2295 3279 2327 3304 et
2356 3282 2424 3304 uno
2459 3273 2581 3311 diebus,

1518 3320 1599 3351 Dan.
1617 3330 1635 3350 x
1652 3329 1720 3360 cap.
1739 3321 1755 3337 *
1779 3320 1819 3350 Et
1838 3321 1882 3350 sic
1906 3319 1945 3350 ad
1969 3319 2185 3350 obiectionem
2211 3317 2326 3349 dicitur
2349 3316 2438 3357 quod
2461 3318 2582 3359 impos-

1518 3365 1607 3395 sibile
1631 3370 1677 3395 est
1700 3365 1790 3405 plura
1814 3364 1983 3404 singularia
2005 3368 2146 3403 spectare
2169 3361 2209 3393 ad
2225 3362 2333 3392 minus
2356 3362 2485 3392 beatum
2505 3368 2582 3394 tunc

1519 3408 1649 3449 quando
1674 3409 1778 3448 primo
1802 3407 1838 3439 fit
1861 3409 1981 3439 beatus.
2006 3407 2170 3445 Quoniam
2193 3415 2231 3436 ex
2247 3406 2310 3436 hoc
2326 3406 2397 3446 ipso
2417 3406 2506 3446 quod
2522 3417 2582 3448 po-

1516 3453 1602 3483 nitur
1625 3453 1731 3483 minus
1755 3453 1880 3487 beatus,
1904 3451 2035 3492 ponitur
2058 3450 2147 3491 quod
2170 3450 2251 3481 visio
2275 3460 2332 3481 sua
2355 3450 2387 3480 in
2411 3450 2518 3482 Verbo
2543 3452 2582 3483 ad

1516 3497 1668 3537 pauciora
1691 3506 1724 3527 se
1749 3495 1906 3532 extendat,
1930 3501 1966 3526 ut
1987 3495 2021 3526 in
2044 3495 2145 3526 littera
2168 3493 2292 3525 dicitur.

1573 3540 1606 3570 Si
1629 3550 1705 3570 vero
1729 3540 1920 3580 intelligatur
1949 3539 2014 3570 sive
2038 3538 2210 3569 formaliter
2236 3539 2301 3570 sive
2325 3539 2506 3576 causaliter,
2537 3541 2581 3572 sic

1519 3589 1564 3614 est
1587 3593 1713 3618 sensus,
1728 3583 1816 3624 quod
1840 3583 1973 3624 quilibet
1996 3583 2106 3614 beatus
2129 3582 2231 3619 videt,
2255 3583 2304 3614 vel
2328 3582 2502 3615 formaliter
2531 3585 2581 3616 vel

2594 369 2698 417 5132251·
2709 369 2772 392 ⁸¹¹
2781 370 2806 393 *¹
2821 395 2822 398 =

2596 421 2648 443 ‘Ad
2656 421 2747 444 Coton.
2754 427 2805 452 cap.
2818 419 2820 422 ’

2595 454 2612 472 1.
2627 454 2687 470 vers.
2701 454 2738 476 ²4·
2816 459 2819 462 ν

2597 511 2606 520 ·
2620 509 2706 532 Rabnn.
2721 495 2820 533 Comi

2596 536 2620 557 in
2628 535 2711 558 Matua.
2722 536 2738 558 l.
2746 535 2819 566 V'lnf·

2597 563 2772 615 ἛξἜῑῖἷῆ
2801 579 2821 612 ,⁴

2596 595 2671 668 iaz:
2679 614 2715 663 εἰ,-
2727 614 2809 664 aa
2822 651 2823 654 ,

2597 667 2811 696 xxiv‚36,Badliu⁸.
2816 679 2817 682 =

2701 705 2710 721 ι
2816 707 2817 711 ,

2601 998 2612 1010 “
2623 997 2670 1026 Qu.
2680 1002 2730 1026 xlv,
2738 999 2781 1020 art.
2795 986 2812 1013 ν’

2607 1955 2616 1965 ·
2626 1953 2652 1976 In
2660 1952 2790 1982 σοι-μκή
2806 1938 2827 1989 ,τί

2610 3321 2619 3330 ·
2642 3320 2708 3343 vm.
2731 3325 2768 3350 ης

2610 3353 2669 3370 ver».
2683 3352 2770 3375 amn.
2812 3375 2815 3378 y
2859 3371 2861 3374 ⁴
