2872 3970
47 590 170 625 sm

71 664 73 670 ¹
102 659 125 676 ΙΙ.

167 605 234 654 ΧῧΡ·

957 309 1219 357 QUAESTIO
1248 309 1350 356 XVI,
1381 308 1672 346 ARTICULUS
1702 310 1736 345 X

318 388 351 424 3.
380 389 619 435 PRAETEREA,
649 387 838 437 quidquid
873 386 1112 436 praedicatur
1147 387 1193 423 de
1222 399 1317 436 quo-

262 451 430 489 cumque
459 440 616 477 homine
644 440 859 477 secundum
883 439 990 488 quod
1018 440 1150 485 homo,
1170 439 1317 488 praedi-

261 499 368 529 catur
394 493 442 530 de
470 505 517 530 eo
536 505 606 542 per
624 505 663 529 se
683 500 719 529 et
746 491 983 541 simpliciter:
1014 491 1117 528 idem
1140 491 1244 528 enim
1264 500 1318 528 est

254 557 328 594 per
353 557 403 591 se,
424 553 460 582 et
486 545 686 582 secundum
715 545 813 594 quod
839 546 968 594 ipsum,
994 552 1035 580 ut
1064 543 1199 581 dicitur
1226 544 1265 580 in
1283 545 1318 581 V

259 598 472 647 Metaphys.
492 597 513 620 ²⁸²
542 598 618 635 Sed
647 598 742 634 haec
770 604 825 633 est
851 597 961 634 falsa:
1001 598 1164 633 Christus
1183 603 1233 634 est
1245 609 1318 646 per

258 661 299 686 se
324 656 358 686 et
383 650 594 699 simpliciter
629 655 811 687 creatura.
851 650 951 697 Ergo
985 648 1098 685 etiam
1134 650 1228 686 haec
1263 657 1317 686 est

258 702 367 739 falsa:
394 703 568 748 Christus,
587 702 788 739 secundum
809 702 907 751 quod
925 703 1048 747 homo,
1064 707 1114 738 est
1132 708 1314 739 creatura.

313 755 387 792 SED
415 766 576 799 CONTRA,
606 766 722 791 omne
750 754 857 803 quod
886 762 959 802 est,
987 755 1048 790 vel
1077 762 1132 790 est
1161 755 1318 791 Creator

259 808 320 844 vel
347 814 530 844 creatura.
561 807 638 844 Sed
657 807 753 843 haec
771 814 827 844 est
853 807 961 844 falsa:
995 808 1168 853 Christus,
1188 819 1316 844 secun-

258 859 346 896 dum
365 860 464 908 quod
480 860 603 905 homo,
623 865 673 896 est
695 860 861 896 Creator.
891 860 992 907 Ergo
1020 860 1114 896 haec
1133 867 1188 895 est
1206 871 1314 896 vera:

261 913 435 958 Christus,
463 912 664 948 secundum
694 912 792 961 quod
817 913 940 958 homo,
970 918 1020 948 est
1046 918 1228 949 creatura.

312 965 535 1002 Respownsso
563 976 743 1002 DiOENnUM
772 964 890 1013 quod.
912 976 1002 1001 cum
1031 964 1177 1011 dicitur,
1211 965 1315 1001 Chri-

257 1022 332 1054 stus
358 1017 559 1054 secundum
579 1017 677 1066 quod
702 1018 825 1063 homo,
846 1018 922 1054 hoc
940 1029 1086 1054 nornen
1109 1018 1219 1054 homo
1247 1029 1315 1065 po-

258 1077 328 1106 test
356 1068 500 1106 resumi
526 1069 566 1106 in
595 1069 892 1118 reduplicatione
916 1071 978 1106 vel
1001 1069 1145 1106 ratione
1173 1082 1316 1119 suppo-

259 1121 329 1167 siti,
358 1123 420 1159 vel
447 1121 592 1159 ratione
629 1130 797 1159 naturae.
838 1122 878 1159 Si
905 1122 1064 1171 quidem
1101 1130 1317 1159 resumatur

259 1174 404 1212 ratione
432 1174 630 1224 suppositi,
650 1187 742 1211 cum
770 1174 1014 1224 suppositum
1037 1175 1231 1211 humanae
1251 1187 1316 1212 na-

259 1234 365 1264 turae
393 1227 433 1264 in
453 1227 604 1264 Christo
633 1227 679 1264 sit
706 1235 904 1264 aeternum
924 1235 960 1264 et
978 1226 1200 1273 increatum,
1222 1228 1317 1264 haec

260 1279 328 1317 erit
345 1280 456 1318 falsa:
481 1281 655 1326 Christus,
670 1281 870 1318 secundum
891 1280 989 1329 quod
1005 1281 1128 1326 homo,
1145 1287 1195 1317 est
1213 1292 1316 1318 crea-

259 1338 354 1370 tura.
384 1332 424 1370 Si
451 1345 544 1370 vero
573 1340 789 1370 resumatur
817 1333 961 1370 ratione
990 1333 1184 1370 humanae
1208 1341 1317 1370 natu-

260 1397 337 1431 rae,
352 1385 405 1422 sic
424 1393 479 1422 est
497 1397 607 1422 vera:
631 1385 722 1435 quia
741 1385 885 1422 ratione
905 1387 1098 1422 humanae
1119 1393 1275 1422 naturae
1291 1385 1316 1430 β,

260 1437 340 1475 sive
360 1439 575 1476 secundum
594 1439 808 1476 humanam
837 1446 1025 1484 naturam,
1046 1438 1224 1475 convenit
1248 1438 1318 1475 sibi

260 1502 341 1527 esse
370 1499 594 1538 creaturam,
623 1499 666 1528 ut
694 1503 809 1541 supra
827 1491 847 1513 ’¹‘
875 1491 1020 1528 dictum
1048 1499 1113 1527 est.

315 1542 525 1581 Sciendum
552 1552 681 1581 tamen
705 1544 812 1604 quod
840 1556 985 1581 nomen
1004 1543 1057 1580 sic
1076 1551 1318 1593 resumptum

259 1595 300 1633 in
327 1596 625 1646 reduplicatione
653 1597 773 1645 magis
800 1597 954 1646 proprie
981 1604 1130 1633 tenetur
1153 1609 1223 1645 pro
1253 1609 1317 1634 na-

259 1656 345 1686 tura
372 1661 492 1698 quam
519 1662 590 1698 pro
619 1650 837 1698 supposito:
868 1649 1074 1686 resumitur
1092 1649 1195 1686 enim
1222 1649 1261 1686 in
1279 1650 1318 1686 vi

259 1702 476 1750 praedicati,
497 1702 604 1752 quod
622 1710 772 1739 tenetur
794 1702 999 1739 formaliter
1016 1702 1053 1748 *3
1083 1702 1186 1738 idem
1215 1702 1319 1739 enim

260 1762 316 1791 est
343 1754 465 1802 dictu,
499 1757 662 1792 Christus
696 1755 896 1792 secundum
925 1756 1023 1804 quod
1054 1757 1186 1801 homo,
1216 1767 1260 1791 ac
1289 1755 1317 1791 si

260 1807 459 1853 diceretur,
484 1809 646 1845 Christus
672 1809 873 1845 secundum
893 1808 991 1857 quod
1016 1813 1065 1844 est
1083 1809 1193 1844 homo
1213 1813 1240 1844 Υ.
1271 1808 1319 1844 Et

259 1859 347 1897 ideo
376 1861 471 1898 haec
499 1869 554 1897 est
572 1861 692 1909 magis
711 1861 958 1897 concedenda
977 1873 1096 1909 quam
1124 1860 1316 1908 neganda:

263 1914 446 1960 Christus,
475 1914 675 1950 secundum
713 1914 811 1963 quod
836 1915 967 1959 homo,
998 1919 1048 1949 est
1081 1919 1263 1949 creatura.
1294 1935 1318 1939 —

312 2043 328 2078 β
357 2045 422 2070 sic...
442 2048 563 2071 naturae.
582 2059 601 2064 —
618 2046 680 2070 DFa
699 2050 723 2070 et
741 2045 828 2075 tertia;
848 2053 901 2070 om.

311 2044 339 2150 g}
357 2081 443 2106 homo.
459 2094 480 2099 -
498 2081 539 2106 EF
559 2086 584 2105 et
602 2081 674 2105 tertia
692 2079 751 2113 (sed
770 2081 779 2105 l
797 2088 850 2121 om:
869 2088 927 2107 ac...
946 2081 1050 2114 homo);
1069 2088 1122 2106 om.

350 2116 565 2148 pertraheretur.
583 2131 602 2135 -
619 2117 773 2141 traheretur
789 2120 872 2141 tertia.

2353 310 2426 346 215

1374 386 1413 424 Si
1440 395 1569 423 tamen
1598 387 1800 423 adderetur
1827 386 1970 436 aliquid
1997 399 2066 436 per
2093 387 2199 436 quod
2234 388 2426 436 pertrahe-

1373 438 1476 476 retur
1493 437 1506 461 δ
1535 439 1583 476 ad
1603 439 1857 489 suppositum,
1878 447 1975 476 esset
1993 439 2202 488 propositio
2222 440 2342 488 magis
2362 452 2426 476 ne-

1371 492 1496 540 ganda
1515 504 1634 540 quam
1653 492 1913 528 concedenda:
1935 500 2027 541 puta
2046 492 2076 528 si
2095 492 2295 529 diceretur:
2321 494 2427 529 Chri-

1370 551 1459 590 stus,
1487 545 1688 581 secundum
1716 544 1814 593 quod
1839 546 1898 581 hic
1924 546 2050 590 homo,
2080 551 2130 581 est
2157 551 2338 582 creatura.

1420 598 1481 642 ,Ao
1510 609 1643 633 PmMUM
1672 609 1769 634 ERGO
1797 609 1977 634 DICENDUM
2006 598 2124 646 quod,
2145 597 2228 633 licet
2255 597 2426 634 Christus

1372 661 1451 686 non
1480 649 1525 686 sit
1552 650 1724 686 humana
1752 657 1905 695 natura,
1937 658 1991 686 est
2018 657 2147 686 tamen
2176 650 2321 686 habens
2355 650 2426 686 hu-

1372 714 1529 739 manam
1557 709 1744 738 naturam.
1783 702 1940 738 Nomen
1976 710 2104 738 autem
2133 708 2325 739 creaturae
2361 714 2426 739 na-

1371 762 1454 791 tum
1483 762 1537 791 est
1564 753 1774 803 praedicari
1801 766 1880 790 non
1905 755 2030 791 solum
2059 755 2106 791 de
2135 755 2338 802 abstractis,
2360 755 2427 791 sed

1371 807 1486 844 etiam
1514 808 1561 844 de
1590 806 1793 844 concretis:
1834 806 1996 844 dicimus
2025 807 2128 844 enim
2157 808 2263 857 quod
2297 809 2426 845 huma-

1371 862 1465 896 nitas
1493 866 1543 896 est
1569 865 1752 905 creatura,
1778 867 1813 895 et
1840 860 1947 908 quod
1975 861 2085 897 homo
2114 867 2164 896 est
2190 867 2371 897 creatura.

1423 914 1480 949 AD
1509 924 1695 949 SECUNDUM
1724 923 1903 949 DICENDUM
1936 913 2042 960 quod
2071 914 2108 962 ly
2135 914 2262 960 homo,
2292 925 2426 950 secun-

1371 965 1466 1001 dum
1504 965 1611 1013 quod
1647 964 1802 1013 ponitur
1834 964 1873 1000 in
1901 965 2092 1012 subiecto,
2122 966 2240 1013 magis
2278 965 2426 1015 respicit

1371 1018 1634 1066 suppositum:
1669 1017 1884 1053 secundum
1912 1026 2040 1054 autem
2069 1019 2176 1067 quod
2203 1018 2359 1067 ponitur
2386 1019 2426 1055 in

1371 1069 1691 1118 reduplicafione,
1720 1069 1839 1117 magis
1868 1070 2016 1118 respicit
2044 1078 2219 1108 naturam
2237 1071 2268 1117 ³¹⁶,
2298 1079 2339 1107 ut
2372 1071 2426 1107 di-

1371 1131 1476 1159 ctum
1505 1130 1560 1158 est
1578 1122 1608 1158 ²⁸.
1643 1123 1691 1158 Et
1718 1121 1808 1170 quia
1836 1130 1971 1159 natura
1999 1131 2053 1159 est
2080 1132 2222 1169 creata,
2252 1123 2426 1172 supposi—

1370 1184 1454 1212 tum
1482 1187 1574 1211 vero
1604 1174 1827 1220 increatum,
1852 1174 1951 1222 ideo,
1979 1175 2062 1212 licet
2090 1188 2170 1212 non
2197 1177 2427 1213 concedatur

1371 1228 1440 1265 ista
1468 1226 1696 1276 simpliciter,
1725 1228 1798 1263 Iste
1825 1228 1935 1264 homo
1954 1232 1966 1248 ε
1995 1234 2044 1264 est
2071 1234 2263 1274 creatura,
2293 1240 2426 1265 conce-

1372 1281 1473 1317 ditur
1499 1287 1628 1316 tamen
1648 1279 1736 1315 ista:
1771 1280 1944 1326 Christus,
1963 1281 2162 1317 secundum
2190 1281 2286 1330 quod
2303 1283 2426 1327 homo,

1372 1340 1422 1370 est
1449 1338 1631 1370 creatura.

1426 1387 1482 1422 An
1509 1397 1667 1422 TERTIUM
1695 1396 1874 1421 DICENDUM
1894 1386 2000 1433 quod
2020 1385 2172 1422 cuilibet
2195 1386 2342 1422 homini
2361 1386 2428 1435 qui

1373 1447 1427 1475 est
1455 1437 1697 1487 suppositum
1726 1437 1841 1473 solius
1863 1445 2019 1474 naturae
2048 1439 2253 1485 humanae,
2274 1451 2428 1488 compe-

1371 1492 1413 1528 tit
1440 1491 1547 1540 quod
1575 1501 1654 1526 non
1682 1489 1820 1526 habeat
1856 1502 1936 1526 esse
1965 1490 2036 1527 nisi
2073 1491 2288 1528 secundum
2320 1499 2428 1528 natu-

1373 1557 1453 1582 ram
1484 1545 1708 1580 humanam.
1739 1542 1787 1578 Et
1814 1542 1901 1579 ideo
1930 1543 1977 1579 de
2006 1543 2176 1592 quolibet
2203 1544 2265 1581 tali
2285 1556 2427 1593 suppo-

1372 1597 1442 1634 sito
1472 1595 1661 1645 sequitur,
1691 1594 1722 1631 si
1750 1595 1964 1632 secundum
1999 1597 2106 1644 quod
2135 1604 2189 1632 est
2224 1597 2344 1633 homo
2373 1605 2429 1634 est

1373 1658 1554 1695 creatura,
1576 1648 1683 1696 quod
1711 1647 1756 1683 sit
1774 1656 1946 1684 creatura
1965 1648 2192 1697 simpliciter.
2223 1650 2299 1686 Sed
2320 1649 2427 1686 Chri-

1372 1711 1451 1739 stus
1479 1714 1558 1738 non
1587 1702 1713 1737 solum
1742 1707 1796 1736 est
1824 1701 2066 1749 suppositum
2094 1702 2287 1738 humanae
2320 1710 2428 1739 natu-

1373 1768 1453 1802 rae,
1484 1755 1550 1791 sed
1579 1753 1693 1790 etiam
1721 1751 1890 1799 divinae,
1921 1754 2136 1790 secundum
2164 1766 2282 1802 quam
2315 1755 2429 1791 habet

1373 1820 1453 1844 esse
1482 1807 1704 1844 increatum.
1735 1805 1783 1840 Et
1809 1804 1896 1842 ideo
1925 1818 2004 1842 non
2033 1806 2215 1855 sequitur,
2236 1807 2266 1843 si
2295 1819 2428 1843 secun-

1373 1861 1468 1897 dum
1497 1861 1603 1908 quod
1630 1859 1751 1894 homo
1781 1865 1835 1893 est
1863 1867 2044 1905 creatura,
2073 1859 2180 1907 quod
2212 1859 2431 1908 simpliciter

1373 1921 1418 1949 Slt
1446 1921 1628 1950 creatura.

1374 2080 1379 2085 ¹
1422 2044 1443 2077 ε)
1465 2045 1652 2105 Iste1h0m0.—
1670 2047 1758 2071 Homo
1777 2046 1844 2078 HpG
1858 2050 1882 2070 et
1895 2046 1932 2073 bc,
1949 2045 2036 2069 Homo
2059 2044 2181 2069 Christus
2194 2045 2228 2074 Ρ;
2247 2045 2431 2077 simpliciter...

1371 2084 1422 2105 ista
1441 2088 1494 2106 om.
1526 2100 1531 2106 .

931 2196 1265 2229 Commentaria
1285 2196 1537 2229 Cardinalis
1559 2197 1759 2230 Caietani

321 2286 426 2306 rrimus
457 2276 558 2306 clarus
581 2280 617 2306 ut
636 2281 736 2306 sonat.
752 2294 775 2298 -
797 2276 833 2306 In
857 2285 991 2316 corpore
1007 2276 1128 2306 articuli
1145 2275 1209 2306 duo
1226 2275 1317 2306 fiunt.

262 2288 444 2355 TPrimo,
462 2319 576 2350 dicitur
592 2319 670 2360 quid
694 2325 801 2359 potest
824 2319 886 2350 dici
911 2319 1152 2359 distinguendo:
1177 2320 1240 2349 hoc
1261 2325 1317 2355 est,

261 2363 350 2404 quod
368 2369 502 2404 utraque
524 2373 595 2404 pars
611 2364 756 2394 sustineri
778 2369 884 2403 potest
908 2373 982 2393 cum
1006 2363 1218 2399 distinctione,
1243 2363 1319 2403 quia

259 2408 293 2449 ly
314 2409 409 2438 homo
432 2413 538 2447 potest
566 2413 646 2438 stare
668 2408 719 2438 vel
742 2417 800 2447 pro
825 2413 952 2443 natura,
975 2408 1025 2438 vel
1048 2417 1107 2447 pro
1138 2408 1316 2447 supposito.

315 2451 475 2488 Secundo,
499 2452 532 2482 in
556 2461 653 2492 quam
676 2457 798 2492 partem
821 2452 860 2482 sit
882 2452 989 2491 potius
1013 2451 1246 2482 declinandum.
1278 2451 1319 2481 Et

261 2495 327 2527 duo
350 2495 508 2526 dicuntur.
536 2496 696 2532 Primum,
721 2495 804 2526 circa
825 2496 1023 2536 propositam
1045 2496 1316 2536 propositionem,

261 2539 396 2570 scilicet:
424 2539 579 2575 Christus,
595 2539 769 2570 secundum
787 2539 873 2580 quod
887 2540 993 2575 homo,
1018 2544 1065 2570 est
1079 2545 1240 2574 creatura,
1257 2539 1317 2575 vel,

261 2583 400 2624 incoepit
421 2593 497 2614 esse.
521 2583 562 2614 Et
585 2583 698 2614 dicitur
722 2583 811 2623 quod
833 2584 867 2614 in
885 2589 1007 2624 partem
1023 2583 1239 2613 affirmativam
1263 2583 1317 2613 de-

261 2626 444 2658 clinandum
461 2633 522 2658 est:
545 2628 620 2668 quia
635 2628 667 2668 ly
681 2627 776 2658 homo
799 2633 925 2658 tenetur
940 2627 1121 2663 formaliter,
1135 2628 1210 2667 quia
1225 2628 1319 2657 habet

260 2673 326 2702 vim
349 2670 528 2712 praedicati.
553 2689 574 2694 -
598 2671 792 2708 Secundum,
810 2672 892 2702 circa
907 2671 1036 2702 alteram
1051 2672 1317 2711 propositionem,

261 2716 397 2747 scilicet:
424 2715 579 2751 Christus,
595 2713 768 2746 secundum
791 2715 876 2756 quod
898 2716 1072 2751 hie-homo,
1097 2721 1143 2746 est
1157 2721 1318 2751 creatura,

262 2765 326 2795 aut,
351 2759 489 2799 incoepit
510 2769 585 2790 esse.
621 2759 662 2790 Et
684 2759 799 2790 dicitur
829 2759 918 2800 quod
940 2760 973 2789 in
997 2765 1118 2799 partem
1140 2760 1319 2799 negativam

262 2802 487 2834 declinandum
511 2808 572 2833 est:
605 2804 679 2843 quia
701 2803 734 2843 ly
755 2803 807 2833 hic
832 2804 925 2833 trahit
947 2803 1106 2834 hominem
1137 2803 1176 2834 ad
1199 2813 1319 2844 suppo-

262 2848 368 2878 situm.

318 2891 354 2921 ΙΙ.
371 2891 445 2921 Hoc
460 2891 494 2920 in
508 2890 582 2920 loco
599 2889 725 2920 adverte
741 2890 840 2930 quod,
857 2891 932 2930 quia
947 2891 1004 2920 ista
1019 2891 1208 2931 propositio,
1227 2891 1320 2921 Chri-

261 2939 329 2966 stus
352 2939 400 2965 est
421 2939 588 2969 creatura,
618 2943 686 2964 non
709 2939 756 2964 est
778 2935 945 2974 reprobata
971 2935 1046 2974 quia
1069 2935 1203 2965 omnino
1226 2933 1319 2970 falsa,

263 2978 319 3010 sed
342 2979 418 3018 quia
438 2978 573 3008 Arianos
595 2987 712 3008 sonans
727 2979 754 3013 ’ξ
785 2977 874 3014 ideo,
905 2987 980 3008 cum
1002 2978 1042 3008 de
1067 2979 1126 3008 ista
1151 2978 1251 3009 modo
1274 2984 1321 3009 est

263 3023 424 3064 quaestio,
451 3022 613 3057 Christus,
643 3021 817 3052 secundum
839 3021 925 3062 quod
946 3021 1056 3057 homo,
1083 3027 1130 3052 est
1152 3027 1320 3058 creatura,

263 3066 369 3097 minor
392 3066 536 3106 quaestio
562 3070 623 3096 est:
649 3070 680 3095 et
701 3065 789 3095 nulla
812 3064 850 3095 de
874 3064 1016 3100 falsitate,
1033 3064 1089 3095 sed
1112 3065 1151 3096 de
1174 3075 1245 3096 usu.
1280 3066 1320 3096 Et

263 3110 322 3140 ista
345 3109 475 3150 quidem
495 3109 542 3140 uti
557 3109 640 3144 licet,
657 3108 709 3138 illa
724 3118 807 3138 non:
833 3109 908 3148 quia
923 3109 956 3139 in
978 3109 1031 3138 illa
1047 3118 1121 3139 cum
1137 3109 1214 3139 Ario
1231 3119 1320 3140 com-

263 3155 517 3189 municaremus,
546 3154 579 3183 in
608 3153 666 3182 ista
693 3161 769 3182 non.
804 3152 925 3182 Verum
955 3151 1081 3183 adverte
1109 3153 1213 3192 quod,
1246 3162 1320 3183 cum

265 3197 305 3228 de
321 3197 447 3228 Christo
467 3206 571 3227 sermo
588 3206 675 3226 sacer
690 3196 832 3236 loquitur
848 3201 879 3226 et
901 3195 1064 3236 distinguit
1086 3205 1123 3226 ea
1145 3205 1227 3236 quae
1243 3206 1320 3227 con-

265 3242 398 3272 veniunt
419 3241 465 3272 illi
487 3241 610 3271 ratione
637 3245 768 3270 naturae
800 3244 996 3279 assumptae,
1027 3249 1152 3279 semper
1174 3241 1273 3270 utitur
1288 3241 1321 3280 ly

266 3284 464 3326 inquantum,
481 3291 535 3315 aut
556 3284 589 3324 ly
604 3284 776 3314 secundum
792 3283 887 3324 quod,
904 3288 1068 3322 sumptum
1091 3282 1319 3323 specificative:

268 3327 402 3359 dicimus
425 3329 511 3359 enim
542 3327 630 3368 quod
654 3327 813 3364 Christus,
837 3327 1009 3358 secundum
1032 3327 1118 3367 quod
1139 3327 1250 3362 homo,
1275 3332 1321 3357 est

269 3371 455 3409 crucifixus,
486 3372 646 3412 sepultus,
683 3371 844 3402 descendit
878 3370 917 3401 ad
945 3370 1080 3406 inferos,
1111 3370 1320 3410 praedicavit,

269 3415 408 3446 ascendit
429 3416 462 3446 in
485 3416 669 3456 Templum,
694 3415 897 3445 circumcisus
921 3420 975 3450 est,
993 3419 1051 3444 etc.
1077 3413 1210 3444 Constat
1232 3423 1321 3444 nam-

270 3467 334 3498 que
355 3459 444 3500 quod
466 3460 500 3490 in
522 3460 571 3490 his
594 3465 625 3490 et
647 3459 801 3489 similibus
831 3459 863 3499 ly
887 3459 1074 3499 inquantum
1103 3467 1170 3488 non
1196 3463 1322 3488 tenetur

269 3501 501 3542 reduplicative,
525 3505 677 3544 quoniam
700 3508 811 3533 natura
825 3503 964 3532 humana
978 3511 1045 3532 non
1062 3507 1107 3532 est
1122 3511 1178 3541 per
1194 3511 1227 3532 se
1242 3503 1320 3532 ratio

269 3545 390 3582 talium,
414 3546 470 3577 sed
491 3547 591 3578 multa
614 3557 670 3587 per
693 3546 838 3577 accidens
861 3547 985 3581 insunt,
1010 3551 1046 3576 ut
1068 3551 1170 3585 patet:
1199 3545 1254 3576 sed
1276 3551 1322 3576 te-

270 3593 364 3619 netur
385 3590 594 3630 specificative
608 3614 615 3627 ‚
646 3591 800 3631 quoniam
829 3589 989 3630 specificat
1017 3599 1086 3620 eam
1116 3595 1237 3629 partem
1266 3599 1322 3620 seu

1372 2275 1592 2306 conditionem
1615 2286 1678 2316 qua
1692 2277 1801 2306 insunt
1816 2276 1910 2312 haec;
1934 2276 2015 2307 sicut
2032 2285 2106 2306 cum
2122 2275 2244 2312 dicitur,
2269 2277 2428 2317 Aethiops,

1371 2320 1544 2350 secundum
1568 2320 1653 2360 quod
1675 2321 1767 2350 habet
1789 2319 1905 2356 dentes,
1930 2326 1976 2350 est
1998 2320 2098 2350 albus.
2127 2319 2219 2350 Unde
2245 2325 2275 2350 et
2297 2321 2331 2350 in
2354 2330 2428 2360 pro-

1371 2364 1488 2403 posito,
1513 2364 1587 2394 licet
1608 2365 1709 2404 possit
1723 2365 1822 2394 teneri
1838 2363 2072 2404 reduplicative,
2090 2364 2165 2403 quia
2180 2373 2247 2394 esse
2263 2364 2428 2395 hominem

1373 2413 1419 2438 est
1441 2417 1498 2447 per
1521 2418 1554 2438 se
1577 2409 1655 2438 ratio
1680 2408 1769 2448 quod
1784 2409 1823 2438 sit
1842 2413 1991 2444 creatura,
2016 2418 2033 2438 a
2049 2407 2169 2438 Sanctis
2185 2413 2292 2438 tamen
2308 2417 2428 2438 assum-

1372 2458 1464 2492 ptum
1487 2452 1611 2482 videtur
1633 2452 1846 2492 principaliter
1868 2457 1903 2482 ut
1926 2457 2050 2482 tenetur
2066 2451 2290 2491 specificative:
2315 2457 2351 2482 ut
2374 2451 2428 2482 de-

1371 2501 1501 2526 notetur
1523 2496 1612 2536 quod
1636 2506 1702 2527 esse
1717 2501 1900 2527 creaturam
1923 2506 1990 2527 non
2006 2496 2155 2526 convenit
2171 2495 2297 2526 Christo
2314 2505 2427 2526 secun-

1373 2539 1450 2570 dum
1473 2541 1686 2580 suppositum,
1707 2540 1762 2571 sed
1785 2539 1962 2570 secundum
1985 2546 2129 2570 naturam
2153 2545 2364 2579 assumptam;
2397 2545 2428 2571 et

1372 2584 1514 2614 similiter
1537 2585 1676 2624 incipere
1699 2594 1774 2615 esse.
1807 2585 1927 2614 Verum
1957 2585 2038 2614 inter
2059 2584 2114 2613 has
2138 2583 2214 2613 duas
2245 2593 2282 2613 ex
2306 2583 2428 2623 praedi-

1373 2628 1430 2658 ctis
1453 2633 1539 2668 patet
1562 2627 1752 2659 differentia:
1778 2628 1866 2668 quod
1888 2628 1941 2658 illa
1963 2628 2129 2667 reprobata
2152 2633 2198 2657 est
2219 2633 2255 2657 ut
2277 2627 2359 2657 male
2375 2637 2427 2658 so-

1372 2681 1451 2702 nans
1464 2673 1497 2708 *3
1521 2673 1579 2702 ista
1594 2677 1630 2702 ut
1645 2672 1721 2702 falsa
1732 2673 1776 2702 ⁸.
1802 2672 1846 2702 Ita
1862 2671 1950 2712 quod
1966 2671 2100 2702 dicimus
2115 2672 2206 2701 istam
2223 2680 2289 2701 esse
2306 2670 2425 2706 falsam,

1376 2715 1522 2746 Christus
1545 2716 1683 2756 incoepit
1704 2723 1789 2746 esse:
1811 2717 1902 2746 istam
1925 2720 2031 2746 autern
2054 2725 2174 2750 veram,
2201 2715 2354 2750 Christus,
2380 2715 2428 2745 in-

1373 2765 1527 2800 quantum
1549 2761 1654 2796 homo,
1680 2759 1816 2800 incoepit
1838 2769 1914 2790 esse.

1429 2804 1480 2834 III.
1506 2804 1652 2834 Occurrit
1674 2809 1781 2834 autem
1804 2804 1908 2833 statim
1931 2804 1982 2833 hic
2005 2802 2128 2838 Scotus‚
2148 2803 2181 2832 in
2198 2811 2252 2842 qu.
2269 2810 2291 2831 11
2314 2803 2383 2833 dist.
2397 2813 2428 2832 xr

1374 2847 1415 2877 111
1431 2847 1527 2883 Sent„
1553 2848 1705 2878 obiiciens
1730 2847 1818 2887 quod
1840 2847 2019 2887 propositio
2036 2845 2219 2876 affirmativa
2234 2845 2310 2876 falsa
2325 2856 2363 2876 ex
2378 2856 2427 2877 re-

1374 2891 1548 2931 pugnantia
1570 2891 1790 2926 terminorum‚
1814 2900 1881 2920 non
1904 2890 1940 2920 fit
1954 2899 2027 2920 vera
2050 2899 2106 2929 per
2129 2888 2265 2919 additam
2289 2889 2427 2930 redupli-

1375 2936 1533 2965 cationem
1556 2935 1607 2964 vel
1630 2934 1925 2964 determinationem
1948 2943 2015 2963 non
2037 2933 2203 2963 tollentem
2225 2933 2310 2963 illam
2333 2943 2428 2973 repu-

1374 2979 1551 3018 gnantiam.
1576 2978 1638 3008 Sed
1661 2977 1867 3017 reduplicatio
1891 2978 2018 3017 proprie
2042 2982 2167 3016 sumpta
2189 2986 2256 3006 non
2280 2977 2429 3008 diminuit

1375 3023 1508 3053 alterum
1532 3027 1724 3052 extremum:
1750 3022 1824 3061 quia
1847 3026 1893 3051 est
1916 3020 2134 3051 determinatio
2159 3021 2289 3050 extremi
2312 3021 2351 3051 ad
2375 3031 2428 3052 ex-

1374 3072 1521 3096 tremum.
1557 3066 1641 3104 Ergo
1665 3065 1732 3104 ipsa
1762 3074 1828 3094 non
1851 3064 1990 3094 verificat
2012 3064 2151 3103 aliquam
2173 3065 2428 3104 propositionem

1375 3119 1456 3150 quae
1479 3110 1546 3139 sine
1569 3108 1818 3148 reduplicatione
1841 3107 1900 3138 fuit
1923 3107 2008 3138 falsa.
2033 3107 2065 3138 Si
2088 3108 2183 3148 igitur
2205 3108 2262 3138 ista
2279 3114 2325 3138 est
2340 3108 2426 3146 falsa,

1377 3154 1522 3184 Christus
1545 3152 1683 3192 incoepit
1697 3161 1772 3187 esse,
1796 3152 1854 3181 ista
1868 3161 1935 3182 non
1952 3157 1998 3182 est
2012 3160 2095 3187 vera,
2122 3151 2276 3187 Christus,
2293 3153 2428 3193 inquan-

1375 3202 1440 3227 tum
1463 3197 1568 3230 homo,
1593 3196 1730 3236 incoepit
1752 3204 1826 3226 esse.
1851 3195 1892 3226 Et
1914 3196 1986 3231 hoc,
2010 3195 2174 3235 loquendo
2199 3195 2238 3225 de
2253 3196 2428 3236 reduplica-

1374 3241 1437 3271 tiva
1460 3240 1596 3279 propria.

1430 3284 1470 3314 Et
1492 3283 1577 3313 addit
1600 3282 1698 3323 quod,
1722 3282 1886 3323 loquendo
1903 3283 1942 3313 de
1957 3284 2025 3323 ipsa
2040 3282 2260 3323 specificafive,
2284 3285 2428 3323 quamvis

1375 3328 1413 3357 sit
1435 3337 1518 3362 vera,
1543 3332 1588 3357 est
1610 3333 1717 3357 tamen
1740 3327 1928 3367 impropria:
1954 3327 2107 3367 quoniam
2124 3327 2250 3358 deberet
2266 3327 2428 3367 specifica-

1374 3372 1419 3401 tio
1443 3380 1476 3401 se
1499 3376 1606 3400 tenere
1631 3380 1668 3401 ex
1689 3376 1777 3410 parte
1800 3370 1986 3410 praedicati,
2010 3376 2097 3410 puta,
2124 3370 2269 3402 Christus
2292 3371 2430 3412 incoepit

1375 3424 1442 3445 esse
1464 3414 1637 3445 secundum
1660 3414 1827 3445 hominem.
1859 3414 1947 3445 Sicut
1969 3424 2035 3444 non
2059 3420 2105 3444 est
2127 3415 2254 3454 propria
2276 3415 2344 3451 illa,
2368 3417 2429 3446 Ae-

1376 3459 1487 3498 thiops,
1511 3458 1683 3488 secundum
1706 3458 1792 3499 quod
1813 3458 1906 3489 habet
1927 3458 2050 3494 dentes,
2075 3463 2122 3488 est
2143 3458 2252 3489 albus:
2275 3458 2330 3489 sed
2352 3459 2428 3495 ista,

1375 3502 1524 3542 Aethiops
1547 3507 1594 3533 est
1615 3502 1706 3532 albus
1727 3502 1900 3533 secundum
1924 3502 2040 3532 dentes.

1430 3546 1471 3576 Et
1491 3546 1568 3576 haec
1585 3546 1646 3576 sint
1661 3546 1751 3576 allata
1767 3545 1874 3586 quoad
1889 3546 1974 3576 illam
1990 3546 2252 3595 propositionem,
2272 3546 2428 3581 Christus,

1377 3590 1564 3630 inquantum
1587 3590 1691 3626 homo,
1717 3590 1854 3630 incoepit
1875 3599 1956 3626 esse,
1981 3590 2068 3629 quia,
2093 3589 2178 3629 apud
2201 3599 2277 3626 nos,
2301 3591 2359 3620 ista
2382 3595 2430 3620 est

2551 446 2565 471 ΘΙ

2453 1076 2464 1087 ·
2479 1075 2505 1097 D.
2522 1081 2582 1104 ¹05²·

2453 1133 2464 1143 ·
2477 1131 2501 1153 In
2516 1137 2622 1159 corpore.

2553 1246 2564 1262 Ξ

2454 2678 2464 2688 ·
2479 2678 2529 2700 Art.
2547 2678 2570 2700 8.

2454 2705 2475 2715 ⁸·
2488 2705 2539 2726 Art.
2554 2705 2658 2732 praeced.
