2912 4030
430 255 464 279 VI

556 323 605 376 C)
641 322 875 362 Vaticanus
912 319 999 374 750
1033 333 1143 360 saec.
1178 331 1253 359 x1v
1287 319 1476 367 iunioris,
1512 318 1711 359 foliorum
1749 329 1836 369 214
1878 317 1997 371 (nota
2038 321 2114 359 161
2156 318 2221 358 bis
2263 317 2472 367 occurrit;
2522 324 2622 373 post

436 387 511 426 181
553 398 686 425 unum
720 383 868 423 folium
904 389 1006 423 nota
1039 388 1176 430 caret;
1211 381 1310 422 ideo
1346 387 1448 421 nota
1488 382 1568 421 182
1605 386 1702 434 apte
1738 379 1877 433 cadit).
1912 380 2021 420 Foll.
2054 392 2127 432 1-4
2150 394 2175 420 a
2198 380 2369 420 librario
2404 379 2550 428 Index,
2580 380 2622 421 in

429 448 548 488 cuius
594 447 676 486 fine
721 445 979 500 Expliciunt
1018 444 1133 484 tituli
1178 444 1304 484 tercie
1341 443 1490 497 partis
1522 442 1692 496 fratris
1733 442 1874 482 thome
1916 441 1969 482 de
2009 443 2179 496 aquino.
2225 442 2390 482 ordinis
2417 441 2623 496 fratrum

420 508 755 563 predicatorum.
791 508 885 547 Deo
912 507 1103 560 gracias.
1140 506 1232 546 Fol.
1260 516 1348 556 214
1384 510 1508 559 recto¹
1526 516 1550 544 2
1577 505 1656 545 col.
1690 503 1936 544 venialium.
1970 504 2065 546 Deo
2092 504 2285 558 gracias.
2321 503 2623 545 Correctiones

427 584 589 625 paucae
623 576 746 617 sunt;
783 576 828 609 ut
851 569 1080 622 plurimum
1114 567 1408 608 homoteleuta
1441 566 1603 607 omissa
1636 565 1875 606 restituunt.
1908 562 2102 608 Dorsum
2136 566 2271 607 ultimi
2297 566 2386 606 folii
2409 566 2625 620 posterior

429 646 581 673 manus
616 631 808 685 implevit
841 630 975 670 tribus
1010 630 1116 670 locis
1151 629 1194 670 S.
1219 629 1417 669 Thomae
1453 642 1505 668 ex
1528 628 1624 681 QQ.
1650 628 1802 682 Dispp.
1828 623 1952 681 qn..11
1975 628 2029 669 de
2053 628 2241 669 Caritate
2269 635 2344 668 art.
2377 641 2390 668 1
2408 641 2422 668 1
2451 627 2506 668 ad
2532 640 2570 676 2,
2595 630 2623 670 6

429 701 470 735 et
504 696 552 742 8,
587 707 773 747 quorum
807 692 996 733 rubricas
1032 691 1259 732 describo:
1294 691 1451 731 Nota...
1482 689 1689 743 quomodo
1721 690 1866 730 omnia
1899 702 2011 742 quae
2025 691 2153 743 fiunt
2181 690 2335 730 debent
2363 691 2406 730 in
2432 689 2624 743 gloriam

427 757 499 797 dei
528 755 721 810 referri...
756 754 963 808 quomodo
995 753 1228 794 secundum
1260 766 1409 793 veram
1441 752 1667 806 caritatem
1701 751 1824 804 debet
1853 751 2108 805 quandoque
2139 751 2300 792 dimitti
2327 751 2625 806 contemplatio

419 821 603 872 propter
631 817 816 857 salutem
840 816 1075 871 proximi...
1110 814 1317 868 quomodo
1348 813 1582 855 secundum
1614 827 1764 854 veram
1798 814 2025 854 caritatem
2057 817 2223 868 oportet
2250 813 2358 854 velle
2389 813 2568 854 dissolvi
2586 817 2630 855 et

426 894 519 920 esse
551 893 646 920 cum
686 879 865 919 Christo.

553 942 610 996 D)
645 941 880 981 Vaticanus
922 939 1065 993 10157
1102 952 1212 979 saec.
1248 951 1321 979 xlv
1356 938 1533 979 iunioris
1567 938 1636 978 vel
1671 937 1828 986 medii;
1870 937 2018 978 ultima
2050 937 2251 978 soliorum
2287 943 2390 978 nota
2424 943 2488 978 est
2528 939 2624 991 173,

428 1003 506 1044 sed
540 1010 712 1043 notator
754 1016 885 1043 unum
929 1002 1078 1042 folium
1112 1007 1211 1056 post
1252 1014 1335 1042 100
1370 1000 1627 1056 praeterivit.
1675 1000 1850 1040 Nomen
1893 999 2080 1040 auctoris
2114 1013 2139 1039 a
2173 1012 2303 1039 manu
2339 999 2498 1040 librarii
2537 1013 2626 1040 non
2698 1021 2701 1024 ·

428 1066 622 1113 occurrit,
648 1065 748 1119 quia
781 1070 898 1104 extra
931 1070 1094 1104 textum
1128 1064 1265 1118 spatia
1298 1063 1450 1104 rubrae
1483 1063 1716 1117 scripturae
1740 1062 1952 1103 destinata
1974 1061 2055 1102 alia
2079 1075 2232 1102 manus
2256 1074 2394 1115 eaque
2416 1060 2628 1103 redentior

429 1128 552 1183 nigro
587 1127 790 1181 implevit.
826 1127 898 1167 Ab
933 1127 1012 1166 hac
1046 1139 1174 1166 manu
1209 1132 1310 1180 post
1340 1126 1574 1166 venialium
1608 1125 1677 1165 fol.
1711 1126 1794 1165 168
1819 1125 1906 1165 imo
1928 1124 2128 1178 Explicit
2156 1124 2290 1164 tercia
2315 1125 2431 1178 pars
2461 1137 2628 1165 summe

416 1189 585 1244 fratris
625 1190 767 1229 thome
798 1188 851 1229 de
883 1189 1042 1242 aquino
1082 1201 1214 1242 quam
1248 1189 1458 1243 perficere
1489 1201 1572 1228 non
1608 1187 1756 1242 potuit
1793 1189 1929 1227 morte
1961 1188 2210 1240 preventus.
2244 1185 2298 1226 de
2329 1185 2627 1227 convenieucia

429 1252 752 1292 lncarnacionis
789 1251 953 1291 Clzristi
987 1251 1148 1303 questio
1182 1251 1346 1304 prima.
1397 1250 1648 1304 Sequuntur
1686 1248 1793 1289 tituli
1828 1248 2121 1290 Articulorum
2155 1248 2196 1288 in
2237 1260 2366 1289 manu
2407 1248 2628 1303 scriptoris

430 1320 583 1362 textus,
610 1314 712 1354 dum
735 1313 881 1354 titulos
905 1313 1221 1365 Quaestionum
1244 1313 1314 1353 illa
1337 1325 1486 1353 recens
1521 1325 1673 1352 manus
1707 1311 1848 1360 addit;
1882 1311 1937 1351 ab
1966 1310 2120 1351 eadem
2143 1310 2214 1351 fol.
2246 1321 2327 1363 172
2353 1316 2470 1351 recto
2501 1323 2515 1351 1
2546 1310 2626 1352 col.

429 1376 688 1430 Expliciunt
723 1375 913 1429 capitula
946 1376 1073 1416 tercie
1102 1375 1251 1429 partis
1289 1388 1457 1416 summe
1485 1373 1651 1429 fratris
1684 1374 1826 1415 thome
1863 1373 1916 1414 de
1957 1373 2128 1426 aquino.
2179 1373 2369 1414 Textum
2409 1372 2630 1427 praecedit

430 1438 578 1479 folium
613 1438 704 1478 sine
739 1443 867 1486 nota;
903 1437 1022 1491 quod
1056 1450 1185 1477 verso
1236 1437 1429 1492 margine
1480 1435 1689 1491 superiori
1723 1450 1749 1476 a
1782 1449 1911 1476 manu
1952 1435 2091 1476 adhuc
2126 1434 2351 1475 recentiori
2393 1435 2525 1475 habet
2558 1449 2629 1476 ru-

431 1501 510 1540 bro
551 1500 658 1540 liber
693 1500 837 1539 sancti
870 1499 1011 1539 iacobi
1046 1500 1089 1538 in
1130 1499 1274 1539 insula
1314 1499 1457 1540 leodii.
1493 1500 1535 1538 et
1569 1501 1635 1538 est
1670 1498 1804 1539 tercia
1847 1500 1958 1552 pars
1995 1509 2162 1538 summe
2208 1497 2354 1537 sancti
2394 1497 2538 1538 thome
2576 1494 2630 1538 de

431 1563 600 1615 aquino.
639 1561 824 1615 gloriosi
865 1561 1059 1601 doctoris.
1101 1560 1154 1601 de
1194 1560 1344 1600 ordine
1382 1561 1722 1615 predicatorum.
1773 1560 1866 1600 Fol.
1909 1561 1992 1600 168
2026 1571 2156 1599 verso
2205 1558 2400 1614 margine
2442 1558 2630 1601 inferiori

432 1625 582 1664 eadem
606 1638 734 1664 manu
758 1624 887 1664 rubro
911 1624 1027 1664 hanc
1048 1623 1226 1663 terciam
1257 1625 1427 1676 partem
1459 1635 1627 1663 summe
1646 1622 1792 1662 sancti
1820 1621 1962 1662 thome
1982 1620 2036 1661 de
2057 1621 2199 1661 akino.
2218 1620 2406 1674 gloriosi
2430 1622 2630 1663 doctoris.

431 1687 483 1727 de
516 1687 664 1727 ordine
691 1686 896 1740 fratrum
926 1685 1264 1740 predicatorum.
1300 1685 1404 1725 emit
1432 1698 1602 1725 nonnus
1629 1683 1868 1738 philippus.
1903 1683 2142 1724 monachus
2174 1685 2218 1723 et
2244 1683 2448 1724 sacerdos
2480 1696 2630 1726 mona·

430 1749 556 1789 sterii
583 1749 727 1789 sancti
754 1748 894 1788 iacobi
923 1747 1113 1802 apostoli.
1137 1746 1306 1802 fratris
1337 1746 1509 1788 domini.
1533 1747 1577 1786 in
1600 1745 1745 1786 insula
1779 1745 1915 1786 leodii.
1939 1747 2061 1786 orate
2085 1747 2172 1799 pro
2197 1758 2256 1785 eo.
2279 1744 2458 1800 fratres
2489 1745 2630 1801 deum.

433 1811 589 1852 Codex
628 1824 714 1851 non
755 1810 812 1850 ita
851 1823 1009 1864 paucas
1051 1809 1339 1850 correctiones
1379 1809 1531 1856 habet,
1567 1823 1591 1848 a
1633 1821 1764 1848 manu
1797 1807 1977 1856 librarii;
2024 1807 2183 1861 quibus
2224 1814 2442 1848 corrector
2476 1808 2631 1863 (quem

433 1874 562 1914 alium
586 1887 611 1913 a
633 1873 805 1913 librario
840 1872 970 1913 fuisse
1005 1885 1092 1912 non
1127 1871 1251 1920 dico;
1286 1871 1395 1911 inter
1428 1864 1659 1925 scripturas
1692 1870 1836 1925 potius
1871 1882 2001 1923 quam
2027 1870 2136 1910 inter
2157 1869 2357 1910 homines
2392 1869 2632 1928 distinguo)

433 1935 577 1990 parvis
610 1935 757 1976 litteris
792 1935 1028 1989 praeivisse
1062 1934 1278 1988 aliquibus
1311 1933 1418 1974 10615
1453 1933 1646 1974 cernitur.
1694 1933 1824 1973 Plura
1855 1937 1999 1972 tamen
2041 1931 2139 1973 loca
2181 1931 2456 1973 emendanda
2489 1933 2632 1977 solum
2692 1951 2696 1954 ’

435 1998 628 2053 margine
662 2003 822 2052 puncto
857 1997 938 2038 sub
973 1997 1130 2037 lineola
1163 1996 1414 2037 indicantur.

559 2060 611 2114 E)
646 2060 881 2100 Vaticanus
917 2059 1066 2100 Ottob.
1103 2070 1189 2111 207
1226 2071 1335 2099 saec.
1370 2070 1466 2106 x111;
1503 2057 1699 2098 ultimum
1732 2057 1883 2097 folium
1918 2062 2091 2097 notatur
2131 2057 2227 2104 188,
2263 2056 2340 2096 sed
2375 2056 2486 2097 inter
2510 2057 2566 2111 75
2593 2063 2636 2100 et

438 2124 494 2176 76
529 2136 662 2163 unum
696 2122 843 2162 folium
879 2135 966 2162 non
1001 2127 1183 2162 notatur.
1218 2122 1266 2161 In
1305 2126 1422 2161 textu
1458 2120 1567 2160 duae
1602 2126 1702 2161 sunt
1734 2120 1934 2160 lacunae:
1970 2133 2041 2173 qu.
2076 2131 2166 2159 an
2199 2124 2275 2159 art.
2308 2131 2332 2159 2
2367 2119 2423 2160 ad
2459 2132 2498 2168 2,
2533 2112 2636 2175 post

435 2185 569 2225 verba
592 2187 635 2224 et
645 2187 910 2238 permanent
939 2187 1073 2231 reatu,
1099 2183 1294 2238 sequitur
1314 2183 1394 2223 lioc
1415 2183 1507 2237 ipso
1529 2182 1648 2236 quod
1674 2185 1870 2223 movetur
1889 2181 1944 2222 ab
1967 2184 2121 2236 agente
2144 2181 2389 2236 principali
2408 2187 2500 2231 etc.‚
2521 2192 2635 2238 quae

435 2247 648 2301 pertinent
680 2246 734 2286 ad
769 2252 843 2287 art.
869 2258 896 2298 4
919 2245 974 2286 ad
1000 2259 1051 2295 2;
1096 2259 1207 2299 quae
1241 2245 1419 2285 articulo
1451 2257 1474 2285 2
1511 2244 1668 2285 desunt
1699 2244 1902 2298 antiquus
1946 2249 2163 2285 corrector
2196 2244 2390 2299 margine
2424 2244 2635 2299 superiori

435 2309 523 2349 folii
547 2308 732 2357 addidit;
768 2309 976 2362 reliquam
999 2309 1176 2348 lacunae
1198 2313 1363 2362 partem
1387 2313 1508 2347 notat
1530 2307 1723 2363 margine
1746 2306 1928 2347 laterali:
1963 2304 2034 2347 liic
2055 2306 2259 2359 deficiunt
2271 2306 2360 2347 due
2381 2307 2632 2360 questiones.

437 2371 519 2423 Qu.
554 2383 675 2411 van
708 2377 782 2410 art.
821 2382 858 2424 7,
894 2376 994 2425 post
1026 2370 1290 2411 solutionem
1327 2369 1506 2409 secundi
1545 2369 1786 2425 argumenti
1820 2369 2015 2423 sequitur
2046 2368 2208 2409 solutio
2245 2368 2357 2409 tertii
2391 2369 2663 2424 argumenti·

435 2433 598 2474 articuli
642 2433 890 2486 sequentis;
940 2438 1156 2473 corrector
1195 2431 1389 2486 margine
1429 2431 1575 2485 posuit
1614 2445 1784 2472 crucem
1827 2431 1956 2471 solito
1991 2430 2212 2471 maiorem.
2263 2430 2388 2482 Quae
2422 2431 2488 2472 his
2526 2431 2636 2474 locis

436 2495 640 2536 deficiunt
688 2495 844 2549 scripta
892 2495 1023 2535 fuisse
1072 2507 1202 2548 super
1245 2493 1462 2548 margines
1511 2493 1707 2534 laterales
1755 2493 1926 2548 penitus
1974 2492 2137 2533 recisos
2186 2492 2388 2533 foliorum
2434 2495 2636 2536 186-188

437 2557 643 2612 suspicari
677 2557 858 2597 fortasse
891 2557 1000 2597 licet.
1041 2556 1262 2597 Librarius
1295 2555 1365 2596 fol.
1408 2568 1422 2595 1
1464 2555 1657 2611 margine
1700 2555 1911 2610 superiori
1955 2555 2085 2596 rubro
2129 2554 2238 2595 liber
2276 2556 2434 2596 tercius
2470 2569 2638 2598 summe

424 2620 594 2674 fratris
627 2619 696 2672 (ex
717 2617 812 2672 fris
845 2619 1001 2660 rasuris
1042 2618 1200 2659 factum
1235 2623 1299 2658 est
1329 2618 1366 2672 s)
1401 2617 1542 2658 thome
1574 2618 1627 2658 de
1659 2619 1818 2671 aquino
1860 2617 2026 2658 ordinis
2052 2616 2260 2672 fratrum
2292 2617 2634 2671 predicatorum.

437 2683 544 2722 Post
575 2681 809 2721 venialium
832 2681 933 2721 nihil
967 2680 1106 2728 addit;
1141 2680 1331 2721 Indicem
1355 2680 1442 2720 non
1467 2680 1608 2720 habet.
1644 2680 1911 2734 Frequenter
1945 2686 2161 2720 correctus
2185 2685 2262 2728 est,
2286 2679 2463 2734 antiqua
2485 2694 2634 2732 manu;

439 2744 563 2784 huius
597 2743 848 2797 scripturam
873 2743 945 2783 ubi
968 2743 1153 2797 primum
1188 2742 1371 2782 occurrit
1404 2741 1489 2796 (fol.
1522 2755 1535 2782 1
1567 2748 1683 2782 recto
1699 2756 1841 2798 marg.
1866 2742 2018 2783 dextro
2054 2741 2270 2783 corrector
2302 2741 2423 2782 addit
2444 2743 2642 2785 convenit

438 2806 523 2845 sibi
552 2805 807 2858 inquantum
841 2808 907 2845 est
935 2804 1164 2845 rationalis
1194 2803 1429 2845 secundum
1461 2818 1598 2852 suam,
1626 2799 1813 2858 quae‘in
1847 2804 2055 2859 principio
2091 2804 2284 2858 corporis
2307 2804 2431 2858 primi
2455 2804 2637 2846 Articuli

442 2867 604 2907 omissa
631 2867 775 2921 erant),
799 2867 995 2907 librarius
1029 2867 1223 2922 margine
1258 2866 1442 2907 inferiori
1476 2866 1681 2907 rescribit.
1717 2867 1784 2907 Ex
1806 2867 1888 2908 hoc
1918 2867 2177 2907 sufficienter
2209 2872 2338 2921 patet,
2364 2866 2442 2907 etsi
2471 2872 2637 2909 ceterae

442 2928 728 2969 correctiones
763 2943 849 2969 non
885 2929 1088 2983 repetitae
1122 2935 1222 2969 sunt
1254 2929 1296 2969 in
1330 2929 1538 2983 scriptura
1570 2935 1724 2975 textus,
1759 2929 1915 2970 librum
1949 2929 2052 2970 dum
2085 2928 2224 2969 adhuc
2266 2929 2382 2983 apud
2416 2928 2636 2971 librarium

442 2991 695 3031 versabatur
729 2997 965 3031 correctum
1001 3004 1108 3032 esse.

567 3052 618 3106 F)
653 3053 887 3092 Vaticanus
913 3063 999 3106 747
1025 3066 1133 3093 saec.
1158 3066 1231 3093 x1v
1254 3052 1518 3107 incipientis;
1553 3053 1748 3093 ultimum
1772 3053 1920 3094 folium
1946 3059 2119 3094 notatur
2141 3052 2243 3105 452,
2268 3052 2346 3093 sed
2369 3058 2470 3106 post
2492 3062 2576 3106 170
2596 3058 2637 3093 et

447 3113 532 3155 235
557 3114 705 3154 solium
739 3119 911 3154 notator
943 3115 1169 3168 praeteriit.
1194 3114 1328 3155 Index
1352 3115 1449 3167 QQ.
1473 3127 1585 3155 I-LIX
1609 3121 1792 3170 occupat
1813 3116 1898 3157 foll.
1931 3118 2017 3164 1-6,
2042 3122 2278 3156 ceterarum
2295 3113 2399 3167 -ΩΩ,
2417 3113 2502 3154 soll.
2524 3125 2635 3168 274-

447 3187 547 3228 277.
584 3175 677 3216 Fol.
720 3188 732 3215 1
775 3176 904 3215 rubro
938 3176 1155 3230 Incipiunt
1183 3177 1301 3218 tituli
1329 3177 1456 3217 tercie
1486 3178 1634 3232 partis
1655 3177 1823 3232 fratris
1855 3178 1996 3219 thome
2027 3177 2080 3218 de
2111 3177 2281 3231 aquino.
2315 3175 2380 3215 Et
2403 3176 2552 3230 primo
2583 3175 2637 3218 de

446 3237 735 3277 convenientia
768 3237 1080 3278 incarnationis
1107 3238 1276 3279 Cliristi.
1300 3239 1506 3280 Rubrica.
1532 3239 1625 3280 Fol.
1654 3250 1677 3293 7
1703 3240 1832 3280 rubro
1856 3240 2014 3295 Incipit
2031 3239 2140 3280 liber
2159 3237 2287 3278 tercie
2311 3235 2458 3291 partis
2467 3237 2637 3292 fratris

448 3299 588 3338 thome
608 3298 661 3339 de
682 3299 851 3351 aquino.
886 3299 949 3339 Et
969 3300 1116 3352 primo
1148 3299 1200 3339 de
1231 3302 1520 3342 convenientia
1553 3302 1866 3343 incarnationis
1893 3301 2064 3343 Christi.
2087 3299 2335 3352 Racbrica).
2359 3298 2467 3339 Post
2485 3299 2635 3340 venia-

449 3359 553 3399 lium
587 3359 700 3400 nihil.
729 3383 778 3390 ——
807 3361 891 3400 Pro
915 3359 1018 3414 fris,
1054 3360 1124 3400 fol.
1151 3372 1189 3413 7,
1215 3369 1428 3403 corrector
1462 3363 1623 3404 codicis
1657 3364 1876 3405 substituit
1908 3363 1986 3411 b¹ti‚
2021 3361 2133 3402 idest
2165 3361 2288 3402 beati.
2324 3360 2392 3400 Ex
2427 3373 2479 3400 eo
2515 3361 2635 3415 quod

449 3420 642 3461 librarius
678 3422 928 3462 correctoris
962 3421 1168 3462 lectiones
1197 3423 1426 3464 maximam
1461 3431 1624 3479 partem
1648 3438 1727 3465 sua
1748 3426 1956 3480 scriptura
1977 3422 2154 3477 repetiit,
2179 3428 2298 3463 aetas
2320 3422 2636 3464 correctionum

451 3488 566 3535 patet
585 3496 591 3522 2
628 3489 749 3522 natae
774 3489 871 3523 sunt
895 3497 992 3523 cum
1015 3483 1136 3524 libro.
1160 3484 1207 3523 In
1230 3484 1366 3537 prirna
1388 3484 1524 3525 littera
1546 3492 1686 3526 textus
1713 3486 1754 3538 Q
1776 3487 1902 3527 frater
1917 3484 2231 3527 Dominicanus
2254 3483 2392 3538 pictus
2415 3484 2635 3526 aureolam

452 3543 604 3591 habet;
640 3544 738 3584 item
762 3544 831 3585 sol.
860 3546 946 3597 278
970 3545 1009 3585 111
1035 3545 1170 3599 prima
1203 3545 1339 3586 littera
1361 3547 1408 3587 P.
1435 3546 1588 3587 Codex
1611 3560 1715 3602 ergo
1741 3548 1849 3589 circa
1871 3554 2041 3602 tempus
2065 3545 2415 3587 Canonizationis
2449 3546 2635 3587 auctoris

452 3605 632 3658 scriptus
672 3618 764 3645 esse
800 3606 978 3646 videtur.
1015 3631 1073 3635 —
1108 3607 1294 3647 Pertinet
1328 3607 1381 3647 ad
1416 3608 1569 3648 seriem
1611 3609 1807 3650 codicum
1842 3609 2149 3650 Vaticanorum
2190 3606 2432 3663 grandioris
2472 3608 2636 3649 formae
