2872 3970
2446 259 2518 285 XLV

335 329 437 383 ipsis
462 328 643 370 mendae
677 329 956 376 inveniantur,
981 329 1111 384 longe
1146 335 1288 369 tamen
1311 335 1410 368 sunt
1432 343 1457 369 a
1480 329 1786 382 depravatione
1822 328 2054 369 editionum
2081 343 2191 382 quae
2214 336 2313 383 post
2336 336 2517 370 mortem

335 389 526 431 Caietani
560 389 820 444 prodierunt.
861 390 936 430 Illa
969 390 1064 430 loca
1098 389 1352 445 corrigenda
1385 396 1504 430 erant
1537 403 1648 444 quae
1682 396 1920 430 curatorem
1962 390 2160 430 editionis
2195 392 2229 431 B
2264 391 2517 446 effugerunt,

335 465 432 492 cum
455 452 608 492 horum
643 450 988 492 emendationem
1013 465 1099 491 non
1124 452 1203 492 nisi
1227 465 1322 492 raro
1347 452 1388 491 in
1412 452 1554 507 aliqua
1586 452 1813 506 posteriori
1849 452 2034 492 editione
2070 452 2215 492 datum
2238 453 2292 492 sit
2314 453 2517 494 invenire.

335 513 477 554 Sensu
499 526 605 553 vero
638 512 823 553 auctoris
858 513 935 553 rite
968 519 1183 567 percepto,
1209 526 1319 567 opus
1354 527 1536 568 magnae
1571 513 1828 554 difficultatis
1862 527 1948 554 non
1984 519 2083 561 erat,
2109 527 2205 554 cum
2238 514 2323 554 fere
2353 528 2440 555 non
2464 515 2516 554 de

333 574 417 614 alio
453 580 604 629 agatur
637 587 767 628 quam
802 573 855 614 de
879 574 1024 614 litteris
1059 575 1205 614 erratis
1236 580 1308 615 aut
1331 575 1384 615 de
1406 575 1621 628 particulis
1654 575 1969 616 accidentaliter
2003 575 2174 615 omissis
2197 575 2265 615 vel
2295 576 2517 617 adiunctis.

334 636 659 677 Correctionem
692 641 882 677 nostram
916 636 1048 676 lector
1081 649 1251 690 semper
1284 636 1472 677 inveniet
1504 636 1731 677 indicatam
1765 638 1833 677 vel
1858 637 1898 677 in
1934 637 2125 691 margine
2158 637 2422 692 paginarum,
2448 639 2516 678 vel

331 697 500 738 uncinis
532 696 701 744 additis,
724 697 793 737 vel
817 697 858 737 in
883 698 1060 738 elencho
1095 711 1224 751 quem
1258 698 1508 738 subiicimus
1542 698 1820 739 variantium:
1858 712 1943 752 qua
1965 699 2165 747 admissa,
2191 712 2243 739 ex
2266 699 2451 739 editione
2476 701 2518 739 A

334 771 419 800 una
452 771 549 798 cum
583 758 956 800 emendationibus
1002 759 1200 800 editionis
1234 759 1270 799 B
1305 759 1482 800 efficitur
1523 766 1663 803 textus
1706 760 1871 816 integer
1911 766 1952 802 et
1992 773 2140 814 purus,
2182 760 2254 814 qui
2288 760 2440 803 mirum
2476 761 2516 801 in

335 819 513 860 modum
547 826 734 874 praestat
767 820 823 860 illi
857 820 929 874 qui
964 834 1041 875 pro
1076 826 1193 861 textu
1229 820 1421 861 Caietani
1459 822 1593 876 vulgo
1639 822 1846 876 recipitur.
1891 822 1984 862 Nec
2024 822 2093 862 illa
2130 823 2225 862 loca
2264 822 2518 877 corrigenda

334 887 454 922 erant
485 881 528 921 in
562 881 731 936 quibus,
766 882 863 922 licet
895 882 1056 936 aliquid
1088 882 1228 922 minus
1262 882 1445 923 accurati
1480 883 1599 937 quod
1622 883 1675 923 ad
1699 883 1930 924 dictionem
1954 883 2102 924 attinet
2134 884 2351 931 habeatur,
2375 890 2517 924 tamen

335 942 389 984 de
421 955 551 986 sensu
585 943 771 984 auctoris
804 943 926 984 locus
967 942 1191 984 dubitandi
1231 957 1317 984 non
1355 944 1615 998 relinquitur.
1667 945 1875 999 Quisquis
1915 946 2026 987 enim
2062 945 2253 986 Caietani
2297 946 2519 985 volumina

333 1004 529 1052 volverit,
565 1005 646 1046 scit
676 1005 829 1059 ipsum,
864 1005 918 1045 de
953 1005 1188 1045 maioribus
1221 1005 1460 1054 sollicitum,
1497 1019 1584 1045 non
1618 1006 1904 1062 infrequenter
1927 1007 1980 1047 de
2006 1007 2191 1047 dictione
2225 1007 2279 1047 ad
2312 1007 2516 1051 amussim

335 1072 483 1106 exacta
515 1066 657 1106 minus
690 1078 848 1107 curare.
883 1066 1249 1109 Pronuntiationis
1284 1066 1440 1107 modus
1475 1067 1656 1121 explicat
1689 1068 1791 1108 illud
1814 1082 1852 1116 a,
1888 1069 1985 1109 loco
2014 1069 2078 1116 ab,
2115 1075 2210 1109 ante
2244 1069 2516 1121 Hieronymo,

334 1141 405 1181 qu.
439 1140 525 1176 Lm,
560 1134 633 1168 art.
668 1129 709 1177 3,
745 1142 782 1169 n.
817 1141 858 1169 11.

457 1190 592 1229 Prout
623 1202 752 1243 supra
785 1189 981 1238 diximus,
1006 1190 1048 1230 in
1082 1191 1218 1244 prima
1251 1189 1438 1231 editione
1473 1190 1538 1230 bis
1573 1190 1786 1230 invenitur
1824 1191 2025 1231 elenchus
2058 1197 2159 1246 post
2190 1192 2517 1245 impressionem

333 1249 651 1305 castigatorum.
688 1250 811 1303 Quae
845 1257 989 1293 tamen
1023 1252 1248 1307 castigatio
1282 1252 1594 1305 aliquantulum
1617 1252 1766 1292 leviter
1799 1253 1969 1293 videtur
1990 1253 2099 1293 facta
2127 1252 2269 1293 fuisse.
2304 1254 2423 1293 Loca
2457 1252 2517 1292 sic

333 1311 540 1367 castigata
573 1317 760 1365 quatuor
791 1318 902 1353 sunt.
943 1329 962 1350 α
988 1313 1096 1355 Item
1130 1313 1172 1354 in
1207 1326 1418 1354 commen.
1443 1327 1483 1366 q.
1509 1325 1548 1364 4.
1573 1327 1630 1353 ar.
1655 1326 1695 1365 4.
1720 1313 1790 1356 fol.
1817 1327 1867 1356 21
1899 1328 1963 1355 co.
1996 1328 2009 1354 1
2039 1314 2079 1355 li.
2105 1316 2164 1366 46
2199 1314 2342 1368 (nobis
2366 1329 2404 1354 n.
2429 1327 2515 1362 vm,

332 1374 357 1414 l.
400 1386 464 1421 11,
497 1386 548 1413 10
583 1387 608 1413 a
640 1373 728 1428 fin.)
762 1373 820 1413 ibi
855 1379 896 1414 et
930 1374 1136 1429 quoniam
1170 1387 1223 1416 ex
1261 1373 1508 1416 huiusmodi
1543 1375 1734 1416 actiones
1776 1375 2028 1432 imaginatas
2062 1382 2135 1416 aut
2167 1376 2400 1416 intellectas
2433 1382 2517 1416 ter-

333 1434 484 1475 minari
517 1434 573 1475 ad
606 1447 686 1476 res.
721 1435 817 1490 lege
851 1449 904 1476 ex
936 1435 1185 1478 huiusmodi
1225 1436 1464 1478 actionibus
1498 1436 1740 1492 imaginatis
1773 1444 1846 1478 aut
1879 1438 2100 1479 intellectis
2134 1444 2210 1479 etc.
2246 1463 2304 1467 —
2338 1439 2443 1482 Item
2475 1438 2516 1478 in

334 1510 398 1537 co.
434 1510 474 1550 q.
510 1495 568 1537 35
602 1510 659 1537 ar.
696 1496 721 1537 5
755 1497 812 1537 fo.
847 1498 907 1538 80
941 1511 1006 1538 co.
1042 1499 1069 1538 3
1104 1498 1131 1538 li
1167 1511 1217 1538 21
1259 1498 1402 1552 (nobis
1436 1512 1474 1539 n.
1510 1511 1597 1547 x1V,
1632 1499 1655 1539 l.
1691 1499 1734 1553 3)
1769 1500 1865 1555 lege
1898 1506 2018 1554 pater
2049 1500 2128 1540 hac
2166 1500 2416 1554 paternitate
2451 1513 2516 1539 re-

334 1557 457 1612 spicit
494 1558 606 1598 hunc
645 1558 779 1600 filium
813 1565 890 1601 etc.
926 1558 1105 1613 (omisso
1140 1573 1197 1602 sc.
1232 1560 1369 1600 verbo
1400 1561 1573 1614 primo).
1607 1585 1666 1590 —
1700 1562 1866 1602 Rursus
1901 1561 1941 1601 in
1977 1568 2204 1602 comment.
2240 1576 2280 1616 q.
2316 1561 2373 1615 59
2407 1575 2463 1602 ar.
2490 1560 2515 1601 5

332 1620 403 1660 fol.
446 1633 529 1672 119
563 1633 626 1660 co.
663 1622 690 1661 3
725 1621 765 1662 li.
799 1632 852 1672 41
894 1620 1035 1674 (nobis
1060 1636 1098 1662 n.
1131 1635 1164 1670 1,
1195 1622 1219 1663 l.
1251 1622 1318 1676 16)
1352 1622 1449 1662 loco
1474 1622 1500 1662 li
1536 1622 1757 1665 effectibus
1790 1624 1886 1678 lege
1921 1623 2137 1664 fructibus.
2175 1647 2225 1656 -
2266 1623 2422 1676 Quone
2458 1622 2514 1663 52

333 1695 389 1722 ar.
417 1693 443 1722 2
477 1681 531 1722 so.
563 1693 646 1734 109
671 1695 734 1723 co.
759 1683 786 1724 3
811 1682 851 1724 li.
874 1695 919 1724 Χ1
941 1683 984 1723 in
1012 1696 1121 1725 com.
1147 1683 1289 1737 (nobis
1323 1698 1361 1724 n.
1396 1696 1451 1732 111,
1487 1684 1511 1724 l.
1554 1696 1617 1735 14,
1661 1683 1728 1738 15)
1762 1685 1816 1724 ad
1850 1685 1877 1724 li
1912 1685 2068 1725 sanctis
2106 1685 2216 1725 adde
2251 1685 2441 1739 patribus
2477 1690 2518 1724 et

333 1744 430 1798 lege
462 1743 599 1798 glorie
633 1744 675 1784 in
708 1744 866 1785 sanctis
899 1745 1091 1798 patribus
1126 1751 1246 1787 etc.›.
1284 1769 1342 1774 ——
1377 1745 1437 1786 Ut
1469 1751 1717 1788 contextum
1750 1746 1927 1787 intuenti
1962 1747 2200 1800 apparebit,
2236 1753 2320 1788 tres
2354 1747 2517 1803 priores

334 1805 593 1845 mutationes
628 1819 714 1846 non
747 1812 848 1846 sunt
881 1805 1088 1847 dicendae
1128 1806 1434 1847 correctiones:
1471 1820 1549 1847 nec
1583 1820 1655 1847 eas
1695 1807 1824 1847 editio
1860 1808 1894 1847 B
1929 1814 1971 1848 et
2003 1809 2136 1848 Piana
2169 1814 2428 1862 receperunt.
2470 1808 2517 1849 In

333 1866 526 1907 secundo
551 1867 728 1908 elencho
753 1868 936 1909 occurrit
958 1868 1040 1909 hoc
1064 1868 1118 1909 de
1140 1874 1258 1910 textu
1280 1868 1414 1908 sancti
1449 1869 1663 1912 Thomae:
1704 1885 1721 1906 ‹
1752 1868 1910 1921 Quone
1946 1869 2003 1921 54
2028 1875 2092 1910 est
2114 1870 2155 1910 in
2181 1870 2381 1910 omnibus
2415 1869 2516 1910 mihi

333 1928 437 1968 visis
472 1928 693 1969 codicibus
726 1929 942 1970 secundus
976 1930 1066 1971 arti.
1101 1936 1183 1971 tex.
1218 1930 1503 1984 transpositus
1537 1930 1609 1984 qui
1645 1944 1696 1971 .n.
1733 1930 1772 1970 in
1808 1944 2013 1984 processu
2052 1937 2118 1973 est
2156 1932 2303 1973 tertius
2344 1931 2519 1972 deberet

335 2003 430 2030 esse
471 1990 686 2031 secundus
721 1997 762 2031 et
795 2004 818 2032 e
858 2004 1071 2032 converso
1122 1998 1168 2032 ut
1211 1992 1252 2032 in
1296 1992 1562 2046 quaestionis
1610 1992 1763 2033 introne
1807 1993 1918 2033 clare
1950 1999 2066 2048 patet
2094 2007 2134 2034 »2
2171 1993 2218 2034 cf.
2260 1993 2315 2033 ibi
2355 1999 2429 2033 art.
2478 2005 2515 2040 2,

333 2057 420 2092 not.
457 2072 492 2100 α,
528 2058 602 2093 art.
637 2053 677 2102 3,
713 2059 800 2094 not.
838 2073 874 2096 α.

457 2114 616 2155 Pianae
650 2114 850 2155 editionis
884 2127 1144 2164 recensores,
1180 2115 1222 2156 in
1260 2115 1428 2156 Monito
1463 2116 1518 2156 ad
1551 2116 1675 2156 Pium
1710 2116 1957 2165 Lectorem,
1992 2122 2200 2157 testantur
2233 2130 2280 2158 se
2314 2117 2518 2158 nonnulla

333 2174 552 2216 amovisse
575 2189 602 2216 a
625 2175 956 2219 Commentariis
981 2177 1191 2218 Caietani:
1231 2193 1249 2214 «ι
1279 2177 1536 2218 Curavimus
1560 2178 1704 2232 itaque
1725 2194 1760 2226 ›,
1796 2178 2004 2232 inquiunt,
2045 2195 2062 2216 ‹
2091 2185 2137 2220 ut
2160 2193 2289 2234 quam
2314 2179 2516 2219 emenda-

333 2237 496 2277 tissime
531 2237 872 2291 imprimerentur
913 2239 1059 2279 omnia
1098 2238 1254 2280 amotis
1298 2240 1444 2287 etiam,
1481 2252 1534 2279 ex
1571 2239 1735 2281 eisdem
1769 2240 2098 2289 commentariis,
2133 2246 2261 2295 atque
2296 2241 2517 2295 expunctis

334 2298 535 2339 omnibus
579 2299 703 2348 locis,
739 2299 856 2341 iuxta
895 2300 1027 2341 nostri
1069 2300 1231 2342 ordinis
1269 2300 1530 2350 sanctiones,
1566 2302 1639 2357 qui
1683 2308 1783 2358 post
1823 2301 1993 2343 decreta
2026 2302 2302 2343 Tridentinae
2335 2302 2515 2356 Synodi,

333 2361 536 2401 lectorem
569 2366 768 2414 poterant
801 2361 990 2405 detinere
1024 2361 1215 2411 dubium,
1249 2363 1318 2406 vel
1352 2376 1632 2416 suspensum;
1668 2376 1780 2416 quos
1814 2363 2030 2412 videlicet,
2065 2365 2134 2406 vel
2168 2364 2349 2418 ipsemet
2382 2364 2516 2404 Com-

334 2428 547 2463 mentator
577 2423 731 2463 vive-ns
765 2423 1081 2471 emendaverat,
1117 2429 1159 2464 et
1191 2424 1226 2465 si
1260 2424 1439 2471 viveret,
1477 2425 1770 2466 emendasset:
1805 2426 1886 2474 vel,
1921 2426 1980 2466 uti
2016 2425 2216 2474 diximus,
2251 2425 2516 2466 falsariorum

334 2490 376 2524 et
409 2483 638 2537 impiorum
672 2484 850 2539 perfidia
882 2491 1175 2527 temeraverat.
1227 2487 1283 2530 Et
1316 2486 1577 2543 quibusdam
1615 2487 1706 2527 aliis
1741 2487 1794 2530 de
1832 2487 2035 2528 mandato
2071 2487 2336 2528 Sanctissimi
2370 2487 2424 2527 D.
2459 2486 2512 2527 N.

333 2546 388 2585 D.
422 2545 487 2585 Pii
521 2545 666 2587 divina
698 2546 969 2601 providentia
1010 2548 1154 2602 Papae
1193 2547 1341 2599 Quinti
1380 2548 1558 2589 sublatis
1588 2565 1622 2589 ›.
1678 2549 1910 2590 Curatores
1958 2549 2119 2593 nullum
2165 2549 2365 2590 indicium
2414 2548 2516 2591 dant

335 2619 486 2647 eorum
519 2620 630 2662 quae
663 2609 935 2650 sustulerunt.
971 2609 1091 2650 Loca
1124 2621 1235 2664 quae
1270 2610 1512 2651 invenimus
1547 2610 1588 2650 in
1621 2611 1755 2651 Piana
1789 2611 1961 2659 omissa,
1997 2611 2201 2651 asterisco
2235 2610 2513 2669 signavimus,

335 2674 376 2709 et
408 2672 529 2709 sunt:
551 2668 648 2722 Qu.
671 2682 789 2719 ΧΧΧ1,
823 2676 900 2711 art.
925 2670 969 2720 5,
989 2684 1103 2712 num.
1137 2683 1200 2721 1v;
1237 2671 1318 2723 Qu.
1344 2684 1494 2720 ΧΧΧΙΧ,
1518 2678 1593 2712 art.
1620 2683 1658 2726 7,
1682 2686 1796 2713 num.
1820 2685 1867 2721 11;
1904 2672 1987 2725 Qu.
2012 2684 2128 2721 XLVI,
2153 2679 2226 2713 art.
2253 2671 2291 2719 5,
2317 2685 2430 2712 num.
2454 2683 2512 2719 Ν,

333 2731 384 2770 ln
419 2731 540 2770 cuius
574 2763 581 2770 .
618 2763 625 2770 .
705 2731 943 2784 deficare&
976 2732 1058 2785 Qu.
1094 2745 1180 2781 LIV,
1215 2739 1288 2774 art.
1324 2735 1364 2782 3,
1400 2747 1514 2774 num.
1553 2745 1591 2774 v,

459 2793 527 2832 De
562 2791 823 2834 editionibus
856 2793 1063 2834 Patavina
1096 2795 1196 2834 anni
1226 2796 1339 2847 1698
1374 2801 1415 2835 et
1447 2796 1647 2835 Romana
1679 2796 1778 2835 anni
1810 2797 1922 2848 1773
1947 2795 2131 2835 diximus
2162 2795 2201 2834 in
2237 2795 2361 2834 citata
2383 2795 2512 2835 Prae-

333 2854 493 2895 fatione
526 2867 623 2908 pag.
659 2866 808 2895 xxxin.
854 2855 965 2896 Cum
999 2855 1103 2896 haec
1137 2856 1249 2896 illam
1283 2856 1338 2897 ad
1369 2857 1578 2898 amussim
1612 2863 1827 2910 sequatur,
1859 2856 1971 2896 idem
2006 2863 2070 2896 est
2103 2856 2157 2896 de
2190 2862 2369 2909 utraque
2403 2856 2513 2896 iudi-

334 2917 458 2957 cium.
493 2916 679 2955 Textum
714 2928 868 2970 nempe
901 2917 1059 2958 Pianae
1095 2917 1315 2966 exhibent,
1355 2918 1569 2972 aliquibus
1610 2918 1821 2965 correctis,
1858 2917 2051 2971 pluribus
2092 2917 2239 2971 eisque
2280 2930 2302 2959 e
2343 2918 2511 2959 notabi-

333 2977 512 3018 lioribus
547 2977 693 3017 erratis
726 2976 817 3017 sine
855 2978 1155 3021 emendatione
1189 2980 1466 3022 conservatis.
1513 2979 1645 3032 Quod
1679 2979 1713 3018 si
1747 2978 1998 3018 Patavinam
2031 2991 2161 3033 saepe
2195 2979 2511 3026 contulerimus,

334 3053 422 3080 non
462 3039 561 3079 ideo
602 3044 690 3079 erat
735 3038 836 3092 quia
877 3039 1038 3093 aliquid
1079 3040 1268 3081 utilitatis
1311 3041 1410 3081 inde
1448 3041 1641 3081 derivare
1684 3040 1958 3093 putabamus,
1999 3040 2076 3080 sed
2116 3046 2162 3080 ut
2200 3053 2428 3094 possemus
2470 3041 2510 3081 in

334 3101 472 3142 lucem
505 3113 666 3156 ponere
700 3100 895 3140 ultimum
928 3105 1084 3142 statum
1119 3102 1311 3143 Caietani
1349 3108 1501 3143 textuS.
1546 3101 1678 3154 Quod
1712 3101 1824 3143 enim
1858 3101 2060 3150 sciamus,
2097 3102 2210 3146 nulla
2248 3108 2511 3142 commenta-

334 3163 494 3205 riorum
527 3162 658 3204 editio
693 3168 792 3216 post
824 3162 1068 3202 Romanam
1100 3163 1198 3203 anni
1239 3165 1352 3216 1773
1387 3163 1494 3204 facta
1539 3169 1614 3203 est.
1664 3163 1896 3204 Patavinae
1936 3163 2115 3204 litteram
2150 3164 2191 3203 D
2226 3164 2509 3218 assignamus.

459 3225 526 3265 Ex
548 3224 740 3264 subiecta
772 3223 916 3264 tabula
938 3222 1191 3264 variantium
1224 3225 1455 3265 lectionum
1490 3224 1619 3265 editio
1653 3224 1850 3279 princeps
1875 3231 1917 3266 et
1937 3224 2069 3266 Piana
2091 3225 2281 3281 integrae
2305 3225 2510 3280 cognosci

334 3292 543 3340 possunt;
578 3285 710 3326 editio
733 3284 1020 3326 Bononiensis
1054 3285 1152 3325 anni
1183 3284 1296 3328 1528
1321 3292 1491 3326 notatur
1524 3285 1670 3339 quoad
1693 3299 1743 3326 ea
1765 3286 1860 3327 loca
1883 3286 1924 3326 in
1948 3287 2104 3340 quibus
2128 3288 2170 3327 A
2193 3293 2235 3328 et
2255 3288 2288 3327 P
2313 3286 2511 3326 differunt

334 3347 404 3388 vel
444 3347 597 3388 ambae
641 3353 808 3396 errant;
856 3346 986 3387 editio
1027 3346 1234 3386 Patavina
1272 3347 1370 3387 anni
1411 3349 1524 3399 1698
1558 3347 1760 3402 signatur,
1801 3348 1871 3388 vel
1911 3361 1964 3388 ex
2004 3348 2238 3390 omissione
2279 3348 2511 3388 notationis

334 3409 622 3464 cognoscitur,
657 3409 699 3449 in
733 3409 912 3465 singulis
945 3407 1050 3449 locis
1083 3407 1156 3450 ubi
1190 3408 1314 3450 lectio
1347 3408 1481 3450 Piana
1514 3409 1706 3450 reiicitur.

476 3609 586 3633 sunum
606 3609 706 3634 Timor.
726 3609 757 3634 D.
771 3609 885 3634 Tnoxiu:
905 3609 937 3634 T.
956 3609 1020 3634 V111.
2324 3613 2346 3645 s
