2872 3970
2379 249 2486 275 XXXIX

429 326 554 366 Titus
587 322 832 365 Bostrensis
865 334 983 370 vero,
1009 322 1081 375 qui
1116 322 1243 361 etiam
1278 321 1319 360 in
1354 320 1513 360 Glossa
1547 319 1712 360 citatur:
1765 336 1783 356 ‹
1820 319 1935 371 Quin
1977 319 2034 359 ob
2068 319 2111 359 id
2155 333 2351 374 quoque,
2387 333 2487 374 prae

307 387 469 435 ceteris,
493 385 738 441 pastoribus
771 383 1028 424 beneficium
1060 383 1143 423 hoc
1177 382 1350 437 obtigit,
1382 381 1484 435 quia
1517 394 1618 435 prae
1652 381 1801 421 ceteris
1836 381 2050 434 simplices
2085 381 2260 435 dolique
2295 388 2488 422 exsortes

307 454 445 489 erant:
480 448 752 488 sectabantur
785 445 898 486 enirn
931 445 1070 485 adhuc
1103 450 1298 484 veterum
1336 443 1704 483 consuetudinem.
1755 443 1868 482 Nam
1906 448 1953 482 ut
1994 443 2278 491 Patriarchae,
2317 450 2358 484 et
2396 444 2488 498 ipse

308 510 435 550 etiam
469 510 660 562 Moyses,
683 506 910 562 pascendis
943 506 1152 562 gregibus
1186 505 1408 559 quondam
1442 504 1590 544 intenti
1624 510 1753 552 erant,
1777 504 1835 544 ita
1867 507 1979 544 nunc
2012 504 2091 558 ipsi
2125 518 2300 559 quoque
2329 522 2363 546 ».

434 632 517 684 Qu.
540 643 691 679 XXXVI,
715 636 790 670 art.
816 641 853 683 7,
871 643 959 684 arg.
989 642 1027 669 1:
1068 645 1086 666 «
1115 628 1231 669 Dicit
1252 628 1366 668 enim
1389 627 1661 683 Augustinus
1685 627 1726 667 in
1750 627 1942 681 quodam
1966 627 2177 668 Sermone
2201 628 2487 683 Epiphaniae:

307 695 427 734 Dum
459 693 619 748 pendet
651 692 706 732 ad
740 692 874 732 ubera
908 697 949 732 et
981 690 1128 730 vilium
1163 690 1320 744 patitur
1352 691 1474 730 Deus
1507 690 1802 729 involumenta
1835 702 2088 742 pannorum,
2122 696 2295 743 repente
2329 704 2490 732 novum

309 756 363 796 de
397 755 517 796 caelo
551 754 671 794 sidus
705 753 923 793 effulsit».

433 816 553 857 Idem
577 815 619 856 in
646 815 809 856 Calena
830 815 996 861 Aurea,
1021 814 1170 854 Matth.
1195 826 1285 867 cap.
1309 825 1350 860 11,
1374 826 1413 860 a,
1438 813 1520 852 sub
1541 812 1785 865 Augustini
1814 813 2012 852 nomine:
2048 812 2125 853 sed
2156 826 2242 853 non
2266 814 2492 855 invenitur.

435 939 518 992 Qu.
541 950 692 986 XXXIX,
715 944 791 978 art.
815 940 856 986 6,
880 937 935 977 ad
969 949 1017 989 4:
1057 953 1075 974 ‹
1105 937 1227 978 Sicut
1261 936 1601 989 chrysostomus
1635 937 1747 985 dicit,
1773 950 1870 977 cum
1903 938 2132 991 oportebat
2169 938 2331 979 delictis
2366 939 2492 994 igno-

307 1014 440 1050 scere,
466 1000 586 1054 quod
608 1000 655 1040 fit
678 1000 719 1040 in
754 999 982 1054 baptismo,
1007 998 1295 1039 mansuetudo
1319 998 1560 1039 necessaria
1584 1004 1689 1039 erat:
1725 1011 1834 1052 quae
1869 999 2186 1040 demonstratur
2208 1000 2249 1040 in
2279 1001 2494 1041 columba.

311 1063 401 1104 Sed
434 1063 508 1104 ubi
543 1061 686 1116 adepti
720 1074 869 1102 sumus
902 1060 1095 1116 gratiam,
1122 1066 1252 1101 restat
1285 1059 1428 1100 iudicii
1461 1066 1652 1113 tempus:
1687 1061 1806 1113 quod
1840 1061 2103 1116 significatur
2134 1075 2210 1116 per
2243 1062 2387 1118 ignem
2416 1079 2450 1103 ».

441 1124 603 1165 Catena
636 1124 680 1164 in
712 1124 818 1163 Luc.
843 1136 932 1176 cap.
956 1135 1013 1170 111,
1032 1135 1111 1175 g..·
1147 1137 1166 1159 «ι
1199 1121 1535 1173 chrysostomus.
1570 1117 1652 1161 Vel
1686 1135 1798 1162 nunc
1827 1129 1874 1162 ut
1895 1124 2268 1164 mansuetudinem
2303 1124 2495 1179 magistri

312 1187 508 1234 declaret,
544 1186 587 1225 in
619 1185 762 1239 specie
807 1183 1054 1224 columbina
1097 1188 1298 1237 apparet;
1333 1183 1375 1223 in
1408 1183 1665 1223 Pentecoste
1705 1189 1847 1223 autem
1889 1184 2257 1237 quemadmodum
2292 1186 2415 1240 ignis,
2450 1192 2496 1226 ut

312 1247 514 1288 ostendat
545 1259 746 1300 poenam.
781 1245 893 1285 Cum
927 1244 1039 1285 enim
1074 1245 1304 1298 oportebat
1336 1244 1500 1284 delictis
1534 1245 1771 1299 ignoscere,
1796 1246 2082 1286 mansuetudo
2117 1247 2357 1288 necessaria
2380 1253 2495 1295 erat;

311 1309 390 1350 sed
422 1314 470 1349 ut
501 1308 646 1361 adepti
678 1319 829 1348 sumus
861 1305 1056 1362 gratiam,
1091 1311 1223 1346 restat
1256 1305 1464 1346 examinis
1498 1311 1540 1345 et
1572 1305 1715 1346 iudicii
1748 1312 1917 1360 tempus
1946 1323 1981 1347 ».

436 1370 536 1411 Non
571 1369 686 1424 apud
720 1368 1095 1422 Chrysostomum,
1119 1367 1198 1408 sed
1231 1366 1347 1421 apud
1381 1367 1642 1422 Gregorium
1673 1368 1882 1423 Magnum
1914 1368 2058 1409 homil.
2090 1370 2215 1410 XXX
2238 1371 2281 1410 in
2310 1371 2498 1424 Evang..

311 1439 358 1474 ut
397 1433 439 1473 in
472 1432 666 1487 margine
699 1436 889 1478 notatur,
919 1429 1024 1470 haec
1058 1429 1286 1478 sententia,
1320 1428 1418 1469 licet
1450 1429 1542 1469 aliis
1575 1429 1720 1470 verbis
1754 1443 1967 1484 expressa,
2003 1430 2227 1472 invenitur.

439 1555 522 1607 Qu.
546 1566 617 1602 XL,
641 1559 716 1594 art.
742 1566 774 1600 1,
799 1566 888 1608 arg.
906 1554 960 1594 3:
989 1569 1007 1590 «
1036 1552 1165 1594 Unde
1188 1552 1414 1607 Remigius
1436 1555 1569 1607 super
1587 1553 1746 1593 Matth.
1761 1568 1775 1593 .·
1796 1553 1898 1594 Tria
1921 1554 2083 1609 refugia
2106 1555 2260 1610 legitur
2281 1557 2498 1598 Dominus

312 1617 528 1665 habuisse,
563 1615 720 1663 navim,
756 1621 961 1663 montem,
997 1620 1039 1655 et
1071 1614 1316 1662 desertum;
1359 1614 1415 1654 ad
1455 1627 1642 1668 quorum
1682 1614 1873 1663 alterum,
1915 1617 2274 1671 quotiescumque
2308 1633 2332 1658 a
2364 1619 2502 1660 turbis

313 1678 693 1733 comprimebatur,
742 1676 1126 1717 conscendebat».
1175 1677 1237 1716 Ita
1284 1676 1412 1716 etiam
1454 1676 1496 1715 in
1535 1676 1697 1716 Calena
1738 1676 1903 1724 Aurea,
1948 1679 2096 1719 Matth.
2142 1692 2231 1733 cap.
2268 1692 2306 1729 V,
2343 1695 2380 1729 a,
2416 1683 2497 1722 sub

315 1741 490 1781 nomine
522 1737 721 1792 Remigii.
758 1739 822 1779 Cf.
847 1739 1090 1779 Comment.
1115 1737 1160 1778 S.
1184 1738 1381 1778 Thomae
1416 1737 1457 1777 in
1491 1738 1654 1785 Matth.,
1687 1750 1776 1791 cap.
1801 1750 1887 1786 Vm,
1912 1752 1957 1787 c,·
1990 1740 2062 1780 ubi
2096 1747 2239 1782 tamen
2273 1743 2326 1784 de
2360 1746 2500 1785 Remi-

314 1803 388 1858 gio
423 1802 523 1842 nihil
558 1801 669 1841 dicit.

372 1905 378 1908 ,
438 1865 485 1904 In
519 1862 780 1903 bibliotheca
812 1861 1004 1902 Palatina
1036 1860 1370 1901 Vindobonensi
1405 1867 1521 1901 extat
1567 1861 1706 1902 codex
1745 1863 2057 1917 manuscriptus
2097 1864 2290 1919 signatus
2331 1881 2370 1907 n.
2415 1868 2502 1921 715

315 1926 483 1981 (Theol.
515 1925 628 1978 107).
663 1938 718 1965 m.
742 1936 813 1964 X11.
845 1925 928 1964 188
961 1924 987 1964 f.
1023 1923 1248 1964 continens
1282 1923 1652 1964 Commentarium
1685 1924 1727 1964 in
1762 1925 2049 1980 Evangelium
2073 1926 2276 1968 Matthaei
2311 1929 2383 1982 qui
2416 1930 2504 1970 Re-

315 1988 449 2044 migio
484 1986 859 2028 Autissiodorensi
892 1986 1157 2026 adscribitur.
1193 1986 1286 2026 Fol.
1314 1987 1370 2038 73
1404 1998 1546 2034 verso,
1570 1986 1643 2026 ubi
1675 1987 1894 2042 glossatur
1926 1987 2028 2028 illud
2063 2001 2153 2042 cap.
2179 2000 2398 2038 V111,verS.
2438 1994 2502 2040 18,

283 2102 286 2104 Β
316 2050 443 2092 iussit
471 2050 535 2090 ire
566 2052 691 2089 trans
713 2047 892 2102 fretum,
919 2048 980 2088 sic
1012 2048 1218 2103 legimus:
1257 2063 1276 2084 ‹
1306 2045 1407 2099 Qtff)
1442 2048 1520 2088 tria
1554 2048 1709 2103 legitur
1741 2048 1943 2089 habuisse
1977 2050 2140 2105 refugia
2173 2063 2446 2106 compressus
2480 2068 2505 2094 a

316 2112 464 2160 turbis,
489 2111 624 2159 navis,
649 2110 820 2158 montis,
846 2116 887 2151 et
920 2110 1077 2151 deserti
1105 2126 1140 2150 ».
1190 2109 1394 2163 Aliquem
1432 2115 1574 2150 tamen
1609 2111 1812 2165 Remigio
1852 2111 2137 2165 antiquiorem
2171 2112 2296 2154 huius
2330 2122 2506 2156 annota-

317 2174 447 2215 tionis
480 2179 702 2214 auctorem
733 2172 864 2213 fuisse
897 2178 1085 2227 apparet.
1119 2171 1233 2212 Nam

442 2234 948 2288 Pseudo-Hieronymus,
981 2234 1178 2288 Exposit.
1215 2233 1419 2285 Quatuor
1449 2234 1671 2286 Evaitgeb,
1707 2234 1855 2274 Matth.
1892 2248 1981 2289 cap.
2006 2246 2051 2282 V,
2086 2248 2196 2276 vers.
2240 2250 2286 2277 1:
2333 2254 2351 2274 ‹
2381 2238 2506 2279 Chri-

319 2304 410 2338 stus
433 2297 512 2337 tria
545 2297 708 2352 refugia
740 2296 906 2345 habuit,
931 2302 978 2336 ut
1008 2296 1175 2351 fugeret
1207 2295 1366 2344 turbas,
1390 2295 1432 2335 in
1467 2301 1627 2344 monte,
1655 2296 1697 2336 in
1732 2295 1916 2344 deserto,
1940 2296 1982 2337 in
2017 2310 2127 2337 nave
2162 2309 2291 2352 super
2323 2312 2439 2340 mare
2467 2317 2502 2340 ›.

443 2358 635 2399 Isidorus
682 2372 871 2413 quoque,
913 2358 983 2398 De
1020 2359 1111 2399 Vet.
1146 2360 1189 2398 et
1217 2358 1338 2398 Now
1372 2358 1479 2398 Test.
1526 2357 1714 2409 Quaest„
1761 2371 1831 2411 qu.
1866 2370 2015 2407 XXXVI,
2058 2372 2172 2400 num.
2209 2359 2293 2400 50:
2346 2377 2364 2398 ‹
2403 2362 2505 2401 Tria

321 2421 484 2476 refugia
517 2421 696 2462 Domini
729 2421 951 2461 habebant·
980 2420 1088 2472 (sic),
1124 2419 1168 2460 id
1203 2425 1278 2468 est,
1313 2420 1355 2460 in
1390 2425 1548 2467 monte,
1584 2420 1625 2460 in
1661 2419 1844 2468 deserto,
1879 2426 1921 2460 et
1952 2420 1994 2460 in
2028 2434 2144 2461 mare
2172 2437 2207 2461 ³».

445 2544 566 2592 Ibid.,
589 2545 631 2585 in
655 2557 862 2599 corpore:
902 2560 920 2581 ‹
949 2545 1006 2584 Et
1039 2544 1150 2590 ideo,
1174 2549 1221 2583 ut
1244 2543 1585 2597 Chrysostomus
1619 2542 1730 2591 dicit,
1761 2543 1858 2584 licet
1891 2543 1932 2584 in
1967 2543 2122 2584 eodem
2156 2545 2252 2584 loco
2288 2545 2504 2586 manendo

244 2627 247 2630 >
323 2612 472 2660 posset
506 2606 700 2647 Christus
728 2623 746 2644 »
785 2612 863 2647 etc.
891 2606 1017 2646 Idem
1051 2606 1092 2646 in
1132 2605 1293 2646 eatena
1325 2606 1491 2653 Aurea,
1527 2606 1631 2645 Luc.
1667 2619 1755 2659 cap.
1780 2617 1836 2654 IV,
1860 2605 1898 2653 k,
1933 2606 2106 2646 nomine
2145 2606 2442 2659 Chrysostomi.

449 2729 533 2781 Qu.
556 2741 642 2777 XL1,
667 2735 742 2769 art.
768 2742 806 2777 2,
830 2729 886 2769 ad
909 2731 958 2770 3:
987 2746 1006 2767 «ι
1035 2729 1224 2782 Quidam
1259 2729 1405 2770 dicunt
1437 2742 1589 2770 omnes
1612 2729 1870 2770 tentationes
1899 2730 2028 2770 factas
2051 2730 2180 2770 fuisse
2203 2730 2244 2770 in
2269 2730 2439 2771 deserto
2469 2749 2503 2773 ».

449 2791 496 2830 In
535 2790 762 2832 Comment.
795 2791 840 2831 in
872 2792 1043 2838 Matth.,
1081 2805 1170 2846 cap.
1194 2803 1251 2840 IV,
1287 2805 1325 2839 a,
1361 2804 1491 2845 super
1522 2803 1632 2832 vers.
1658 2793 1698 2839 8,
1732 2792 1776 2831 in
1809 2795 2002 2838 montem,
2039 2791 2083 2832 S.
2107 2791 2300 2832 Thomas
2334 2793 2503 2834 scribit:

331 2870 349 2891 ‹
378 2853 585 2893 Rabanus
620 2851 731 2900 dicit,
767 2852 886 2906 quod
920 2853 998 2894 iste
1039 2867 1165 2894 mons
1207 2860 1296 2894 erat
1328 2853 1369 2893 in
1404 2853 1588 2901 deserto,
1624 2853 1724 2907 quia
1763 2853 1999 2894 secundum
2044 2866 2140 2893 eum
2185 2866 2336 2894 omnes
2368 2860 2505 2896 tenta—

325 2915 465 2955 tiones
499 2914 540 2954 in
575 2913 746 2954 deserto
780 2914 948 2955 fuerunt
976 2931 1010 2955 ».
1047 2915 1109 2955 Cf.
1144 2915 1310 2956 Raban.
1350 2915 1576 2955 Comment.
1611 2915 1655 2955 in
1688 2915 1845 2955 Matth.
1880 2914 1950 2955 lib.
1985 2915 2014 2962 Ι,
2049 2928 2139 2968 cap.
2174 2927 2230 2955 1v.

452 3037 534 3089 Qu.
570 3049 654 3084 XLI,
689 3042 763 3076 art.
800 3048 853 3087 4:
894 3052 912 3074 ‹
939 3037 1206 3091 Respondeo
1241 3037 1482 3086 dicendum,
1518 3036 1637 3090 quod
1671 3036 1861 3084 tentatio,
1897 3049 2007 3090 quae
2041 3042 2105 3077 est
2127 3037 2181 3077 ab
2205 3037 2340 3086 hoste,
2365 3038 2411 3079 fit
2431 3052 2509 3093 per

329 3098 508 3140 modum
543 3097 849 3153 suggestionis,
885 3103 931 3138 ut
965 3098 1202 3153 Gregorius
1236 3099 1336 3139 dicit
1364 3116 1399 3140 ›.

454 3161 702 3216 Gregorius,
738 3159 882 3200 homil.
916 3159 1021 3199 XVI
1054 3160 1097 3200 in
1130 3161 1334 3214 Evang..·
1371 3177 1389 3197 ‹
1418 3160 1576 3200 Tribus
1622 3159 1763 3200 modis
1807 3160 1984 3200 tentatio
2026 3161 2176 3215 agitur,
2211 3162 2506 3216 suggestione,

331 3222 612 3263 delectatione
647 3228 689 3262 et
721 3233 947 3262 consensu.
983 3221 1040 3261 Et
1072 3234 1152 3262 nos
1186 3235 1283 3262 cum
1315 3228 1529 3262 tentamur
1561 3221 1813 3275 plerumque
1847 3221 1888 3261 in
1921 3221 2260 3271 delectationem,
2285 3229 2358 3264 aut
2380 3224 2506 3265 etiam

329 3284 371 3324 in
407 3297 666 3324 consensum
699 3283 892 3331 labimur,
917 3282 1017 3336 quia
1039 3282 1092 3323 de
1127 3283 1263 3323 carnis
1297 3289 1473 3336 peccato
1507 3283 1755 3338 propagati,
1789 3283 1831 3324 in
1866 3284 1992 3324 nobis
2020 3284 2123 3338 ipsis
2158 3285 2283 3325 etiam
2317 3285 2506 3340 gerimus

331 3345 444 3386 unde
479 3346 708 3386 certamina
739 3346 972 3386 toleremus
1000 3360 1035 3384 ».

455 3407 672 3463 Magister,
707 3408 744 3447 II
778 3407 905 3454 Sent„
942 3406 1036 3446 dist.
1071 3418 1158 3454 xxl,
1193 3418 1283 3460 cap.
1317 3407 1456 3446 Porro
1486 3406 1714 3454 sciendum,
1742 3420 1794 3447 ex
1816 3407 2006 3462 Hugone
2032 3422 2056 3448 a
2080 3407 2123 3449 S.
2149 3408 2258 3448 Vict.
2283 3409 2508 3462 sequentia

331 3468 485 3509 habet:
525 3486 543 3507 ‹
572 3469 771 3510 Exterior
803 3468 979 3510 tentatio
1015 3474 1089 3516 est,
1125 3467 1299 3521 quando
1343 3467 1470 3509 nobis
1513 3468 1774 3509 extrinsecus
1814 3469 1971 3509 malum
2004 3469 2227 3510 visibiliter
2263 3469 2508 3525 suggeritur

330 3529 469 3571 verbo
501 3531 571 3571 vel
605 3531 732 3586 signo
765 3531 923 3585 aliquo,
958 3535 1004 3570 ut
1035 3529 1103 3570 ille
1137 3529 1203 3570 cui
1236 3530 1294 3579 fit,
1319 3530 1373 3570 ad
1407 3543 1666 3571 consensum
1699 3530 1861 3585 peccati
1896 3530 2102 3572 declinet:
2139 3537 2179 3572 et
2202 3531 2296 3572 talis
2328 3531 2508 3572 tentatio
