2872 3970
232 2093 240 2102 ¹
257 2091 293 2113 cf.
309 2097 371 2112 num.
387 2096 416 2111 vt.

234 2219 244 2229 ⁴
257 2219 292 2241 Cf.
309 2224 373 2240 num.
396 2224 444 2245 seq.

234 2394 243 2403 ⁸
260 2393 324 2414 Vers.
339 2399 377 2419 44.

235 2487 244 2496 ¹
253 2486 287 2507 De
296 2485 345 2507 Ciu.
354 2485 445 2506 Deilib.

234 2512 295 2539 Xill,
315 2518 365 2539 cap.
381 2517 446 2533 xxiii.

241 3232 249 3241 ⁸
264 3230 301 3254 Cf.
312 3230 409 3253 Ari-tot.
425 3230 454 3252 de

243 3257 299 3279 Gen.
309 3258 332 3278 et
343 3255 453 3284 Corrupt.

240 3284 282 3308 ¹⁵²⁷*
294 3282 314 3330 ἑ·
329 3288 452 3330 “isat

240 3315 292 3357 13:2¹.
309 3315 355 3360 3123,
371 3341 424 3356 m..
446 3324 451 3330 ·

459 283 532 323 512

1139 280 1415 332 ‚QUAESTIO
1444 279 1547 326 mv,

1583 278 1874 318 ARTICULUS
1899 279 1948 318 111

1113 451 1115 454 Α
1137 411 1482 446 Commentaria.
1496 409 1749 446 cardinalis
1771 408 1974 443 Caietam

522 513 628 533 tronus
650 508 685 532 ut
713 506 815 532 sonat.
832 517 853 524 -
879 501 914 531 In
938 509 1074 541 corpore
1102 509 1166 529 una
1190 498 1374 531 conclusio:
1402 497 1528 537 Corpus

462 515 644 578 TChristi
668 545 849 576 resurrexit
871 544 1048 586 integrum,
1072 542 1194 574 scilicet
1215 551 1288 572 cum
1318 541 1470 572 carnibus
1498 545 1529 571 et

462 591 594 627 ossibus,
613 595 670 621 etc.
694 590 850 620 Probatur
869 588 1046 628 dupliciter.
1071 587 1189 623 Primo,
1207 586 1375 619 ostensive.
1401 584 1528 627 Corpus

463 635 581 666 Christi
604 635 637 665 in
660 634 891 664 resurreetione
919 631 979 662 fuit
1009 631 1149 662 eiusdem
1181 635 1320 660 naturae
1342 634 1374 660 et
1395 629 1530 659 alterius

461 679 601 724 gloriae.
626 679 712 718 Ergo
732 683 838 711 toturn
861 676 972 708 habuit
988 674 1146 716 quidquid
1160 675 1299 718 pertinet
1321 673 1362 707 ed
1383 678 1529 706 naturam

464 723 608 767 corporis
623 722 766 752 humani.
790 721 876 760 Ergo
890 719 1000 750 omnia
1014 720 1074 752 ista
1090 718 1220 749 fuerunt
1235 718 1268 748 in
1285 726 1421 757 corpore
1437 716 1529 747 Chri-

463 768 513 798 sti.
536 784 559 788 —
582 765 730 797 Secunda
753 764 985 804 consequentia
1007 763 1171 807 probatur.
1203 761 1289 800 Quia
1310 762 1390 791 haec
1420 761 1530 795 omnia

463 811 624 852 pertinent
646 809 686 840 ad
701 814 848 839 naturam
863 808 997 838 humani
1013 807 1167 846 corporis.
1191 823 1214 830 -—
1237 805 1362 836 Deinde
1377 805 1531 845 probatur

465 854 555 896 quod
586 855 665 888 haec
698 853 807 885 omnia
836 851 1031 891 integraliter
1063 850 1194 884 fuerunt
1215 850 1250 882 in
1273 849 1412 882 Christo.
1445 847 1531 886 Quia

464 899 554 933 aliter
576 907 644 930 non
668 896 779 929 fuisset
807 895 996 930 resurrectio
1020 893 1177 935 perfecta,
1201 894 1227 925 si
1249 903 1318 924 non
1350 892 1461 927 fuisset
1482 893 1531 923 in-

464 948 622 983 tegratum
646 939 804 983 quidquid
826 949 884 982 per
905 944 1044 972 mortem
1068 937 1233 972 ceciderat.
1265 938 1306 969 Et
1325 936 1532 971 confirmatur

464 987 651 1018 auctoritate
685 984 835 1014 Domini:
872 983 1018 1027 Capillus
1045 982 1084 1013 de
1107 982 1210 1023 capite
1237 987 1342 1013 vestro
1371 991 1436 1022 non
1454 990 1532 1022 perv

466 1031 530 1066 ibit,
556 1035 616 1060 etc.
891 1051 897 1056 .

519 1072 682 1108 Secunde,
706 1073 860 1112 probatur
876 1071 1042 1102 conclusio
1066 1070 1106 1101 ab
1129 1070 1292 1110 opposito.
1316 1070 1403 1108 Quia
1426 1069 1532 1102 dicere

465 1127 584 1159 corpus
607 1117 725 1151 Christi.
749 1116 886 1150 caruisse
908 1115 1050 1156 panibus
1072 1114 1269 1147 naturalibus
1292 1114 1435 1145 humano
1463 1122 1532 1144 cor-

465 1163 546 1203 pori,
568 1161 705 1201 pertinet
728 1159 767 1190 ad
791 1169 931 1192 errorem
954 1159 1114 1202 Eutychii,
1130 1158 1198 1191 duo
1221 1158 1365 1192 dicentis.
1389 1158 1533 1190 Primum

466 1213 528 1238 est:
565 1206 692 1246 Corpus
725 1209 871 1238 nostrum
895 1203 928 1237 in
954 1203 1192 1237 resurrectione
1220 1203 1284 1236 erit
1314 1201 1532 1247 impalpabile,

466 1251 567 1282 ventis
590 1258 728 1292 aereque
749 1247 907 1279 subtilius.
931 1247 1077 1278 Alterum
1101 1252 1163 1278 est:
1191 1246 1346 1284 Christus,
1357 1251 1436 1287 post
1457 1255 1533 1277 con-

456 1296 597 1337 firmata
620 1292 721 1324 corda
744 1291 976 1332 discipulorum
993 1291 1213 1333 palpantium,
1238 1300 1332 1322 omne
1354 1290 1441 1332 quod
1463 1294 1535 1321 erat

467 1340 500 1371 in
524 1347 562 1369 eo
580 1337 761 1379 palpabile,
787 1337 819 1366 in
842 1336 1049 1368 subtilitatem
1073 1335 1215 1376 aliquam
1246 1334 1381 1376 redegit.
1412 1334 1534 1366 Contra

434 1397 438 1401 ·
467 1382 557 1424 quod
581 1381 759 1415 secundum
791 1380 912 1414 dietum
934 1381 1094 1413 rationem
1125 1379 1272 1419 Gregorii
1294 1379 1419 1412 Auctor
1444 1378 1535 1409 affert

466 1428 589 1468 primm
612 1431 643 1459 et
658 1425 758 1465 ipsius
774 1424 925 1467 Eutychii
940 1425 1181 1458 revocationem
1197 1422 1330 1461 deinde;
1354 1423 1534 1457 etdemum

467 1471 569 1511 arguit
593 1479 630 1500 ex
654 1479 760 1503 errore
782 1468 953 1501 Valentini.

523 1515 616 1546 Clara
639 1518 713 1546 sunt
735 1513 768 1543 in
790 1513 894 1543 littera
910 1512 1019 1545 omnia
1042 1511 1291 1552 intelligentibus
1315 1510 1405 1551 quod
1428 1511 1534 1546 omnis

466 1559 602 1590 mutatio
622 1558 744 1598 species
769 1556 927 1597 quaedam
950 1556 1062 1587 mortis
1087 1562 1143 1586 est.

521 1603 560 1634 11.
575 1602 612 1633 In
628 1601 892 1641 responsionibus
908 1606 1180 1641 argumentorum,
1193 1605 1225 1630 ct
1240 1600 1273 1630 in
1290 1607 1436 1640 corpore,
1452 1598 1534 1629 duae

466 1656 602 1688 magnae
625 1646 829 1686 quaestiones
851 1650 979 1678 restant.
1003 1644 1108 1677 Prima
1133 1650 1195 1680 est,
1219 1653 1303 1683 quae
1325 1643 1466 1674 indecisa
1488 1644 1535 1673 vi-

468 1692 568 1728 detur.
588 1695 720 1732 propter
743 1690 843 1722 varias
865 1690 1053 1729 opiniones:
1078 1690 1128 1722 An
1153 1692 1239 1719 totus
1259 1688 1398 1730 sanguis
1415 1687 1536 1720 Christi

468 1737 500 1769 in
520 1735 674 1781 passione
697 1733 819 1778 effusus
842 1733 1060 1767 resurrexerit
1087 1743 1159 1767 cum
1194 1741 1243 1765 eo.
1268 1749 1288 1754 -
1312 1731 1460 1764 Secunda
1489 1737 1536 1764 est

467 1789 567 1811 nova:
592 1780 660 1815 An,
686 1778 814 1810 Christo
840 1782 1039 1821 resurgente,
1067 1777 1248 1819 oportuerit
1268 1777 1462 1821 sanguinem
1488 1786 1536 1807 se-

416 1822 419 1823 ’
468 1833 540 1855 cum
565 1831 773 1854 reassumere.

523 1868 647 1898 Primae
671 1866 868 1907 quaestionis
882 1865 1006 1896 Auctor
1028 1871 1116 1895 tenet
1130 1870 1253 1906 partem
1266 1863 1487 1895 ›affimativam
1503 1865 1535 1895 in

469 1912 590 1947 littera,
614 1911 647 1941 in
671 1910 881 1950 responsione
914 1909 954 1939 ad
983 1910 1112 1940 tertium
1125 1932 1133 1945 ,
1159 1908 1268 1949 quoad
1290 1909 1480 1948 sanguinem
1502 1910 1536 1940 in

469 1956 619 1998 passione
642 1953 796 1988 effusum:
822 1963 859 1985 ea
878 1954 1011 1989 ratione,
1027 1954 1104 1994 quia
1125 1958 1192 1985 eret
1214 1952 1255 1986 de
1270 1953 1400 1986 veritate
1423 1953 1536 1986 huma-

470 2009 531 2034 nae
553 2005 694 2033 naturae.
727 1998 768 2031 Et
791 1998 824 2030 in
849 2006 984 2042 corpore
1017 1997 1141 2031 mituli
1173 1996 1355 2040 adiungitur
1378 1997 1485 2039 quod,
1508 1998 1536 2028 si

470 2053 539 2075 non
562 2043 673 2073 fuisset
704 2042 896 2083 integratum
929 2040 1088 2083 quidquid
1110 2051 1167 2083 per
1190 2046 1329 2072 mortem
1362 2040 1536 2078 ceciderat,

470 2097 538 2119 non
554 2086 668 2118 fuisset
690 2085 879 2116 resurrectio
903 2085 1044 2125 perfecta
1059 2086 1086 2115 ⁴.

526 2130 693 2162 Secundae
722 2135 830 2163 autem
861 2130 1059 2169 quaestionis
1090 2138 1159 2159 non
1192 2129 1280 2159 solus
1311 2128 1453 2164 Auctor,
1481 2128 1536 2159 sed

473 2175 654 2211 eommunis
678 2179 710 2208 et
731 2174 961 2213 theologorum
985 2179 1016 2205 et
1038 2173 1200 2205 Ecclesiae
1234 2173 1389 2203 sententia
1414 2178 1537 2212 partem

471 2225 559 2255 tenet
581 2218 800 2253 affirmativam
816 2218 842 2248 ’ἢ

528 2263 580 2298 111.
604 2262 682 2299 Sed,
707 2268 742 2295 ut
765 2263 803 2295 ab
827 2262 887 2294 hac
911 2261 1028 2298 ordiar,
1050 2261 1189 2295 occurrit
1216 2261 1298 2294 mihi
1318 2270 1474 2301 magnum
1497 2261 1536 2295 de

473 2318 510 2339 ea
533 2307 677 2343 dubium,
703 2312 734 2337 et
757 2311 981 2347 argumentum
998 2305 1118 2339 ducens
1142 2305 1181 2336 ad
1203 2310 1328 2345 partem
1347 2305 1536 2345 negativam.

472 2351 524 2382 Ad
547 2352 638 2382 cuius
661 2351 875 2388 intellectum,
899 2350 1040 2381 recolere
1069 2355 1198 2391 oportet
1220 2359 1258 2380 ex
1282 2348 1426 2383 doctrina
1447 2350 1537 2382 Pauli

472 2396 638 2436 Apostoli,
660 2395 675 2425 ·l
699 2395 842 2426 aci-Cor.
858 2404 898 2424 xv
914 2396 948 2431 “,
974 2394 1064 2434 quod
1095 2403 1212 2434 corpus
1238 2398 1385 2424 nostrum
1412 2394 1465 2425 hic
1492 2399 1539 2424 est

473 2440 630 2475 animale,
654 2444 806 2480 resurget
826 2444 932 2471 autem
954 2439 1147 2479 spirituale:
1172 2443 1214 2474 et,
1229 2437 1409 2468 secundum
1424 2438 1538 2478 Augu-

473 2485 593 2518 stinum
609 2486 640 2520 *,
663 2483 775 2518 tandiu
799 2492 917 2523 corpus
940 2489 986 2516 est
1009 2484 1146 2517 animale
1173 2482 1316 2534 quandiu
1336 2482 1460 2522 ,indiget
1481 2482 1538 2516 aii-

473 2534 594 2564 mento,
619 2534 650 2562 et
673 2538 730 2568 per
752 2528 941 2569 oppositum
963 2533 1041 2562 tunc
1058 2533 1104 2559 est
1119 2527 1282 2569 spirituale
1306 2536 1380 2560 cum
1403 2536 1472 2559 non
1489 2527 1538 2559 in-

473 2573 558 2616 diget
582 2572 718 2614 amplius
751 2571 913 2603 alimento.
947 2571 995 2606 Ex
1019 2582 1083 2614 qua
1109 2571 1254 2603 doctrina
1284 2570 1418 2603 habetur
1449 2569 1539 2612 quod

474 2626 591 2657 corpus
615 2616 732 2647 Christi
755 2616 901 2651 surrexit,
925 2625 994 2647 non
1017 2616 1170 2651 animale,
1195 2614 1251 2646 sed
1273 2614 1452 2655 spirituale,
1475 2614 1538 2646 hoc

475 2667 530 2698 est,
554 2670 623 2693 non
645 2660 792 2700 indigens
815 2660 984 2690 alimento.

526 2705 596 2739 Sub
628 2705 688 2738 hac
721 2709 829 2736 autem
860 2704 1043 2744 theologica
1074 2704 1244 2735 traditione
1275 2703 1472 2735 subsumitur
1501 2711 1542 2733 ex

474 2749 680 2790 philosophia
702 2747 792 2789 quod
814 2748 942 2788 sanguis
965 2749 999 2779 in
1025 2757 1162 2788 corpore
1185 2748 1328 2781 humano
1351 2747 1431 2782 nihil
1453 2746 1540 2779 aliud

476 2799 522 2829 est
545 2803 643 2834 quam
672 2793 861 2826 alimentum
883 2793 1016 2826 humani
1048 2793 1206 2833 corporis:
1237 2797 1273 2823 ut
1299 2801 1446 2832 expresse
1467 2792 1540 2825 Ari-

475 2838 614 2874 stoteleS‚
638 2838 671 2867 in
694 2837 722 2867 11
745 2836 784 2867 de
804 2836 956 2867 Partibus
974 2837 1126 2872 Animal„
1151 2846 1220 2879 cap.
1235 2846 1281 2872 111,
1305 2835 1391 2872 dicit,
1414 2845 1540 2879 ponens

475 2883 664 2922 sanguinem
681 2890 749 2911 esse
765 2880 912 2911 ultimum
929 2880 1116 2914 alimentum
1139 2881 1172 2911 in
1192 2889 1328 2920 corpore
1344 2879 1539 2916 animalium,

477 2931 508 2956 et
530 2925 676 2957 alimenti
697 2925 809 2966 gratia
832 2924 942 2955 datum
966 2925 1160 2956 animalibus
1180 2935 1198 2957 a
1216 2929 1337 2955 natura.
1361 2923 1447 2964 Ergo
1471 2933 1542 2954 cor-

477 2979 538 3010 pus
553 2970 671 3002 Christi
685 2978 855 3009 resurgens
864 2978 932 3000 non
948 2968 1084 3009 indiguit
1100 2970 1270 3009 sanguine:
1295 2967 1438 2999 eiusdem
1453 2968 1541 2998 enim

477 3014 607 3047 tationis
631 3019 678 3047 est
696 3013 839 3054 'induere
857 3013 1008 3046 elirnento
1032 3014 1184 3050 interiori,
1200 3013 1251 3046 vel
1267 3013 1423 3047 exteriori.
1447 3011 1541 3047 unde

477 3058 563 3093 idem
587 3064 633 3092 est
657 3056 761 3092 dicere
785 3067 902 3098 eorpus
926 3057 1043 3093 Christi
1066 3063 1140 3098 post
1162 3057 1428 3091 resurrectionem
1460 3055 1541 3091 indi-

478 3111 550 3142 gere
575 3102 746 3145 sanguine,
771 3105 802 3131 et
824 3100 965 3143 indigere
995 3101 1164 3132 alimento:
1194 3101 1283 3141 quod
1311 3106 1357 3132 est
1383 3110 1452 3131 esse
1475 3100 1541 3135 ani-

478 3146 571 3181 male,
589 3150 621 3176 et
642 3155 710 3176 non
726 3143 905 3185 spirituale.
931 3144 971 3179 Et
987 3154 1063 3180 cum
1078 3145 1280 3182 alimentum,¹
1293 3150 1541 3185 quantumcum-

479 3198 542 3229 que
567 3190 727 3225 ultimum‚
743 3198 810 3219 non
825 3190 873 3219 ⁴*sit
893 3194 967 3219 actu
989 3198 1061 3229 pars
1078 3189 1231 3225 animalis,
1248 3188 1304 3220 sed
1327 3190 1470 3229 potentia
1493 3194 1542 3220 to-

479 3240 549 3266 tum
562 3233 752 3273 &nequitur
768 3232 859 3273 quud
873 3234 1000 3272 sanguis
1015 3242 1084 3263 non
1099 3234 1138 3267 sit
1154 3243 1226 3274 pars
1245 3233 1400 3270 intimans,
1416 3239 1448 3264 et
1465 3242 1543 3264 eon-

480 3283 650 3317 sequenter
672 3287 732 3307 nec
756 3277 909 3307 hominis:
936 3282 967 3307 et
983 3277 1071 3316 quod
1096 3278 1222 3317 sanguis
1246 3287 1312 3307 non
1337 3282 1383 3307 est
1406 3277 1446 3311 de
1461 3278 1542 3312 int&

479 3322 589 3361 gritate
612 3322 771 3351 humanae
788 3326 928 3356 naturae,
953 3321 1107 3360 quoniam
1126 3322 1286 3361 integrum
1310 3327 1356 3351 est
1380 3322 1431 3351 cui
1456 3321 1543 3352 nulla

480 3366 617 3404 partium
642 3365 738 3395 deest.
772 3365 813 3394 Et
845 3365 920 3405 quia
943 3374 1054 3397 verum
1088 3375 1154 3395 non
1187 3364 1273 3395 addit
1302 3374 1370 3395 rem
1404 3365 1542 3405 aliquam

481 3418 575 3447 supra
599 3418 672 3444 ens,
697 3408 831 3441 eandem
855 3408 942 3439 enim
965 3417 1032 3439 rem
1063 3408 1219 3448 significat
1241 3418 1359 3441 aurum
1383 3418 1479 3450 quam
1503 3410 1543 3440 si-

480 3451 609 3491 gnificat
631 3461 750 3487 aurum
772 3461 893 3487 uerum,
911 3457 942 3483 et
965 3452 1010 3483 sic
1026 3451 1065 3483 de
1087 3453 1173 3488 aliis:
1197 3451 1271 3484 ideo
1287 3453 1431 3492 sequitur
1454 3453 1544 3493 quod

481 3495 587 3526 nullus
604 3496 730 3535 sanguis
754 3501 799 3525 est
823 3495 861 3525 de
885 3495 1014 3525 veritate
1038 3496 1196 3526 humanae
1219 3502 1360 3532 naturae,
1377 3497 1452 3536 quia
1476 3506 1543 3528 non

481 3544 527 3569 est
551 3539 591 3569 de
613 3539 790 3578 integritate
813 3539 891 3569 eius.
915 3557 937 3561 -
959 3538 1027 3568 Nec
1052 3539 1154 3569 obstat
1182 3539 1271 3580 quod
1302 3542 1475 3581 exsangues
1499 3540 1543 3570 ef-

483 3583 553 3613 fecti
579 3583 743 3617 morimur,
768 3588 821 3612 aut
844 3583 962 3612 mortui
987 3592 1106 3612 sumus.
1131 3582 1304 3613 Attestatur
1321 3583 1406 3614 enim
1424 3582 1487 3614 hoc
1505 3584 1542 3614 ad

1582 495 1700 530 dictam
1722 495 1962 537 philosophiam
1994 495 2084 536 quod
2107 495 2234 536 sanguis
2258 501 2304 526 est
2327 494 2366 526 de
2389 495 2575 526 necessitate
2597 505 2646 526 re-

1582 540 1718 580 quisitus
1741 539 1780 570 ad
1801 540 1900 570 vitam
1916 539 2103 571 animalium
2121 539 2309 570 habentium
2333 540 2540 580 sanguineum
2565 548 2647 580 quo-

1581 585 1679 620 niam,
1700 589 1735 615 ut
1758 585 1791 614 in
1815 583 1842 615 11
1865 584 1905 615 de
1923 584 2041 617 Anima
2056 585 2073 601 ⁴'
2096 583 2220 620 dicitur,
2237 582 2351 614 tandiu
2373 583 2486 614 uiuunt
2502 582 2647 624 quandiu

1582 628 1727 658 aluntur.

1639 671 1806 712 lungendo
1830 681 1906 712 ergo
1929 672 2169 712 philosophiam
2191 671 2383 713 theologiae,
2407 670 2581 703 dicendum
2602 672 2648 713 izi-

1584 716 1676 748 detur
1699 715 1789 756 quod
1811 716 1939 756 sanguis
1961 716 2099 756 pertinet
2121 714 2162 746 ad
2183 714 2404 749 necessitatem
2421 715 2556 755 humaui
2569 724 2648 753 4091·-

1583 761 1670 802 poris
1703 758 1882 791 secundum
1904 760 2003 795 vitam
2029 759 2218 796 animalem,
2243 759 2319 800 quia
2342 763 2388 790 est
2410 755 2649 795 ultiman-

1584 810 1746 835 mentum:
1772 809 1804 835 et
1818 813 1886 835 non
1902 805 2039 845 pertinet
2061 803 2101 834 ad
2115 801 2336 834 necessitatem
2350 802 2488 837 humani
2505 802 2649 846 corporis

1584 848 1770 889 spiritualis,
1795 848 1890 890 quale
1913 848 1974 883 fuit
1995 857 2114 888 corpus
2137 847 2254 879 Christi
2277 847 2312 880 in
2333 846 2575 883 resurreetione.
2593 844 2651 884 'Et

1585 892 1764 925 secundum
1786 892 1864 928 h0c‚'
1884 901 1961 926 cum
1982 891 2108 929 dicitur,
2135 892 2252 925 Totum
2266 890 2353 931 quod
2363 899 2428 933 per
2449 895 2650 930 mortemne

1585 937 1671 974 cidit,
1689 936 1878 972 resurrexit,
1894 937 1924 968 si
1936 937 2087 981 perfecta
2109 941 2157 968 est
2179 934 2384 973 resurrectio,
2406 934 2651 976 intelligendum

1586 987 1633 1012 est
1663 980 1702 1012 de
1725 985 1795 1011 toto
1819 980 1910 1022 quod
1933 986 1980 1011 est
2009 980 2049 1011 de
2070 980 2258 1011 necessitate
2289 979 2434 1020 corporis
2462 978 2596 1018 humani
2616 979 2651 1020 iq*

1586 1030 1669 1056 statu
1684 1034 1742 1055 seu
1756 1024 1820 1055 vita
1843 1024 2014 1065 spirituali:
2039 1029 2071 1055 et
2093 1033 2161 1055 non
2178 1023 2217 1055 de
2233 1028 2303 1054 toto
2318 1023 2497 1059 necessario
2521 1023 2560 1054 ad
2579 1022 2651 1064 cor&

1586 1079 1647 1110 pus
1669 1069 1849 1099 humanum
1871 1069 1905 1099 in
1928 1073 2011 1099 statu
2033 1077 2091 1098 seu
2113 1068 2177 1098 vita
2199 1066 2338 1100 animali.
2619 1057 2646 1087 ζ’

1588 1142 1601 1148 ,
1642 1113 1678 1143 ln
1702 1113 1890 1153 oppositum
1913 1118 2021 1143 autem
2045 1117 2092 1142 est
2114 1112 2297 1143 communis
2326 1111 2489 1143 Ecclesiae
2518 1118 2651 1144 sem-t

1587 1163 1619 1188 et
1633 1158 1667 1192 in
1690 1162 1889 1189 sacramento
1909 1156 2026 1189 Altaris
2047 1157 2160 1188 vinum
2183 1164 2376 1192 conversum
2390 1155 2425 1187 in
2440 1154 2651 1193 Clu-iniam-

1587 1202 1731 1245 guinem,
1755 1210 1855 1243 quern
1877 1200 2014 1234 fatemur
2035 1201 2070 1233 in
2093 1199 2211 1234 Christi
2234 1209 2371 1241 corpore
2394 1209 2472 1233 esse.
2558 1213 2607 1241 m,
2632 1228 2633 1237 2

1644 1245 1695 1276 1v.
1719 1244 1771 1276 Ad
1793 1245 1876 1276 hanc
1900 1245 2123 1285 quaestionem
2155 1243 2269 1275 dicitur
2297 1242 2387 1286 quod
2409 1242 2555 1284 sanguis,
2574 1242 2653 1283 lice}

1587 1290 1627 1320 sit
1649 1298 1721 1330 pars
1743 1290 1776 1320 in
1800 1290 1945 1330 potentia
1976 1293 2123 1329 respectu
2156 1288 2258 1320 carnis
2289 1292 2320 1318 et
2341 1286 2654 1324 membrorum,‘'est

1587 1338 1695 1365 tamen
1718 1342 1794 1364 cum
1819 1333 1883 1364 hoc
1907 1333 2003 1363 etiam
2025 1341 2097 1373 pars
2123 1333 2157 1364 in
2179 1337 2253 1363 actu
2285 1336 2433 1372 respectu
2463 1331 2563 1362 totius
2585 1330 2653 1363 iniss

1587 1378 1688 1414 maiis,
1704 1378 1747 1408 ita
1770 1377 1861 1418 quod
1885 1382 1932 1408 est
1955 1382 1987 1408 et
2008 1377 2140 1408 materia
2161 1377 2317 1408 mentiens
2335 1376 2474 1416 partium
2494 1375 2653 1416 poeoet'nae

1587 1432 1670 1459 rum,
1686 1427 1719 1453 et
1733 1421 1864 1455 materia
1879 1430 2074 1461 permanens
2091 1426 2240 1462 respectu
2255 1421 2367 1452 totius:
2392 1421 2476 1452 sieut
2494 1419 2654 1459 clemona

1587 1467 1621 1497 in
1644 1465 1768 1497 mundo
1788 1471 1862 1496 sunt
1877 1471 1980 1506 partes
2003 1466 2036 1496 in
2060 1465 2204 1506 potentia
2220 1469 2252 1496 et
2265 1464 2397 1497 materia
2418 1464 2652 1505 transiens&

1588 1516 1685 1551 pectu
1708 1511 1902 1547 mixtorum,
1926 1514 1958 1540 et
1980 1515 2055 1540 sunt
2086 1514 2191 1550 partes
2213 1509 2247 1540 in
2270 1513 2344 1539 actu
2366 1513 2398 1538 et
2419 1508 2552 1548 materia
2579 1509 2654 1557 pcr-

1588 1563 1721 1588 manens
1753 1559 1900 1594 respectu
1922 1553 2072 1588 universi.
2105 1553 2326 1595 probaturque
2350 1552 2413 1583 hoc
2437 1561 2476 1583 ex
2498 1558 2539 1587 eo
2563 1551 2654 1628 qgod

1589 1598 1702 1642 triplex
1726 1598 1920 1638 compositio
1943 1598 1977 1628 in
2000 1597 2128 1630 animali
2150 1596 2331 1633 invenitur,
2355 1601 2391 1627 ut
2412 1595 2563 1628 habetur·
2617 1594 2655 1628 ‘11

1589 1642 1630 1674 de
1643 1642 1794 1675 Panibus
1808 1641 1949 1673 Animal.
1965 1643 2001 1672 *z
2025 1641 2127 1682 prinu
2144 1647 2191 1673 est
2206 1640 2401 1681 compositio
2417 1649 2456 1672 ex
2469 1640 2655 1678 felmeum,
2681 1633 2726 1663 ·'
2763 1674 2765 1681 ¹

1590 1697 1647 1721 seu
1671 1695 1785 1719 eorum
1807 1686 1993 1723 virtutibus:
2017 1685 2158 1727 munda
2173 1690 2220 1719 est
2235 1695 2274 1716 ex
2289 1685 2431 1726 partibus
2452 1684 2654 1723 saulam

1590 1737 1668 1771 puta
1691 1740 1803 1767 carne,
1827 1739 1915 1766 osse,
1938 1739 2056 1767 natvm
2079 1730 2171 1764 tertia
2193 1735 2240 1763 est
2260 1739 2302 1760 ,ex
2324 1729 2466 1770 partibus
2486 1729 2655 1774 Ιιεκκᾳςει-

1590 1777 1676 1812 neis,
1700 1781 1736 1806 ut
1758 1784 1872 1811 manu,
1897 1774 2019 1814 capite,
2043 1779 2103 1805 etc.
2127 1773 2180 1807 Ad
2201 1773 2338 1817 primam
2361 1778 2470 1812 autem
2492 1769 2655 1822 compd-

1590 1821 1714 1853 tionem
1737 1823 1858 1859 spectat
1884 1818 2077 1859 compositio
2113 1817 2256 1851 animalis
2280 1827 2318 1849 ex
2339 1813 2549 1855 humoribus,
2566 1818 2656 1865 quo·

1590 1873 1662 1894 rum
1686 1872 1770 1895 unus
1790 1869 1838 1893 est
1851 1862 1989 1902 sanguis.
2012 1862 2055 1892 Et
2068 1863 2248 1903 propterea,
2265 1859 2543 1903 quemadmodum
2565 1859 2656 1895 euni}

1590 1908 1745 1948 ponentis
1760 1913 1825 1937 tam
1840 1906 1874 1937 in
1890 1905 2032 1937 secunda
2046 1914 2144 1946 quam
2167 1907 2201 1937 in
2216 1906 2307 1937 tertie
2322 1905 2658 1946 compositio-aem

1590 1956 1696 1991 partes
1716 1951 1751 1983 in
1774 1955 1847 1982 actu
1870 1950 2030 1986 animalis,
2054 1950 2099 1984 ita
2121 1949 2351 1990 componentia
2376 1950 2411 1982 in
2431 1943 2655 1991 pmffssm—
2700 1978 2702 1980 ,
2749 1939 2772 1986 ,’

1591 1995 1752 2036 positione
1783 1993 1967 2028 affirmanda
1988 1999 2064 2028 sunt
2093 1994 2183 2035 quod
2205 1999 2280 2026 sunt
2305 1999 2412 2034 partes
2433 1994 2474 2027 itiv
2488 1998 2566 2033 netu
2587 1993 2672 2035 api*-

1591 2038 1691 2072 malis.
1722 2038 1764 2069 Et
1785 2038 1877 2074 ideo,
1902 2038 1976 2069 licet
1998 2039 2031 2069 in
2054 2038 2286 2069 resurrectione
2315 2047 2384 2069 non
2413 2036 2453 2068 sit
2478 2038 2506 2068 'o'
2522 2047 2564 2086 ξιξ
2582 2035 2656 2080 fian-

1590 2084 1688 2124 guinc
1710 2088 1747 2114 ut
1770 2088 1817 2113 est
1839 2091 1911 2123 pars
1933 2083 1967 2112 in
1989 2083 2148 2125 potentia,
2173 2087 2220 2113 est
2242 2088 2350 2118 tamen
2373 2089 2457 2122 opus
2473 2081 2480 2089 ”
2507 2072 2658 2113 0¹ui⁴est

1591 2136 1663 2167 pars
1686 2127 1720 2157 in
1743 2130 1834 2156 actu:
1858 2126 2002 2166 alioquin
2024 2135 2093 2158 non
2116 2131 2292 2166 resurgeret
2312 2125 2415 2157 homo
2437 2120 2657 2167 inte'ssri'd'iss

1591 2170 1701 2202 ficeret
1728 2171 1814 2201 enim
1835 2170 1895 2201 sibi
1918 2170 2025 2210 aliqua
2047 2171 2186 2210 partium
2209 2170 2278 2202 eius
2300 2170 2335 2201 in
2357 2175 2442 2201 actu.

1645 2215 1685 2246 V.
1702 2215 1719 2232 ¹*
1734 2215 1824 2248 Haec
1839 2213 2006 2255 responsio
2022 2220 2070 2250 est
2084 2215 2171 2255 apud
2186 2224 2240 2248 me
2254 2214 2418 2254 ambigua:
2439 2214 2658 2255 ςιῄᾳρο*μ3ο
2684 2215 2694 2226 ·

1592 2259 1654 2294 deo
1670 2260 1893 2292 necessitatem
1906 2258 2052 2298 ponendi
2066 2259 2255 2299 sanguinem
2271 2264 2303 2291 et
2317 2259 2397 2291 alios
2410 2258 2564 2301 humores
2583 2267 2657 2301 esne

1592 2309 1696 2345 partes
1718 2304 1752 2334 in
1771 2309 1844 2337 actu
1867 2302 2022 2336 animalis
2048 2301 2253 2346 Compositio
2277 2301 2437 2345 siquidem
2455 2300 2659 2345 εῃίῃιαῐίιῃ

1592 2347 1782 2382 humoribus
1805 2346 1999 2379 sufficienter
2021 2347 2131 2378 salvari
2153 2346 2278 2380 videtur
2301 2347 2327 2378 si
2345 2346 2385 2377 sit
2408 2340 2659 2390 εοωροὲὶᾖῶὲέ

1592 2392 1783 2423 humoribus
1806 2397 1842 2422 ut
1863 2392 1996 2424 materia
2021 2397 2216 2423 transeunte.
2249 2390 2468 2422 Substantiam
2512 2394 2513 2397 ’
2539 2391 2542 2394 ’
2589 2391 2591 2393 ’

1593 2436 1736 2467 anirnalis
1758 2437 1930 2476 integritas,
1946 2436 1973 2466 si
1988 2434 2134 2467 fomento
2149 2444 2218 2467 non
2234 2441 2350 2476 egeret,
2367 2443 2406 2466 eut
2421 2434 2500 2466 solit
2512 2435 2660 2476 mm

1593 2481 1670 2517 aliis,
1694 2481 1816 2515 scilicet
1837 2480 1999 2516 membris,
2023 2485 2055 2511 et
2077 2480 2235 2518 carnibus,
2259 2479 2393 2516 ossibus,
2417 2484 2489 2517 etc..
2513 2483 2661 2518 com

1593 2524 1734 2558 videtur:
1764 2525 1918 2558 humores
1946 2529 2055 2560 autem
2083 2524 2254 2560 ministrati
2276 2523 2424 2559 videntur
2446 2533 2465 2555 a
2486 2529 2659 2565 μωμᾷ

1593 2574 1697 2612 partes
1720 2568 1841 2601 solidae
1865 2574 2112 2606 conserventur,
2136 2573 2168 2601 et
2189 2578 2258 2599 non
2280 2573 2317 2599 ut
2338 2567 2400 2608 ipsi
2422 2567 2609 2610 secundum
2623 2576 2658 2610 se

1592 2615 1752 2654 integrent
1774 2612 1901 2648 animal.
1926 2612 2028 2645 Cuius
2047 2609 2235 2653 oppositum
2254 2613 2415 2643 invenitur
2428 2611 2464 2643 in
2479 2599 2658 2655 elementi&

1595 2667 1677 2698 quae
1701 2657 1880 2688 secundum
1907 2666 1940 2687 se
1969 2666 2007 2687 ex
2029 2657 2132 2697 prima
2154 2657 2334 2688 intentione
2359 2661 2491 2688 naturae
2520 2652 2661 2688 stuta&

1593 2702 1771 2742 integritate
1803 2701 1960 2737 universi,
1984 2706 2021 2732 ut
2050 2706 2138 2741 patet
2158 2701 2192 2732 in
2217 2701 2228 2732 1
2255 2701 2344 2732 Cael.
2361 2699 2394 2736 ⁶,
2418 2705 2451 2732 et
2479 2692 2660 2743 quuf'pu·
2684 2701 2695 2714 ⁸
2718 2707 2730 2717 ⁹

1594 2746 1741 2779 accidens
1764 2751 1845 2778 >sunt
1873 2745 2005 2778 materia
2029 2745 2217 2779 mixtorum.
2250 2745 2292 2778 Et
2314 2744 2403 2782 ideo,
2425 2744 2489 2781 nisi
2502 2743 2604 2783 fib&
2622 2744 2658 2776 in

1595 2791 1783 2834 oppositum
1806 2790 1976 2826 obstarent,
1992 2789 2211 2823 rationabilius
2234 2789 2317 2822 forte
2331 2788 2489 2825 diceretur
2506 2789 2543 2825 ia
2554 2797 2659 2833 rw*

1594 2835 1736 2866 rectione
1759 2843 1827 2864 non
1849 2834 1968 2866 resumi
1997 2833 2160 2869 humores.
2192 2833 2277 2873 Quia
2306 2839 2414 2870 tamen
2443 2842 2509 2871 non
2533 2837 2661 2875 oportet

1594 2888 1708 2921 sapere
1724 2878 1787 2911 nisi
1798 2877 1841 2908 ad
1850 2878 2053 2910 sobrietatem
2065 2879 2091 2914 ⁸⁹,
2104 2876 2236 2911 indubie
2252 2876 2447 2911 credendum
2463 2876 2520 2918 est,
2531 2875 2660 2919 sanctim
2686 2878 2696 2889 ⁸

1595 2923 1702 2955 matris
1717 2922 1879 2954 Ecclesiae
1903 2922 2080 2953 docuinam
2103 2921 2281 2963 sequendo,
2297 2921 2487 2962 sanguinem
2500 2929 2578 2962 vere·
2588 2922 2660 2963 ‘etse
2711 2938 2716 2943 ·

1595 2968 1628 2998 in
1645 2966 1763 2998 Christi
1785 2974 1922 3007 corpore
1945 2972 2019 3007 post
2040 2967 2316 3003 resurrectionem,
2334 2966 2487 3006 quimus
2507 2966 2661 2998 κείου-
2711 2963 2722 2977 ·’

1595 3012 1707 3046 tutelis
1727 3011 1767 3043 de
1790 3011 1854 3043 hoc
1876 3020 1945 3046 non
1967 3017 2117 3052 appareat
2141 3017 2235 3045 certu.
2554 3038 2570 3045 ιι

1650 3055 1704 3088 VI.
1729 3055 1778 3088 De
1800 3056 1903 3099 prima
1917 3060 2026 3089 autem
2042 3056 2231 3096 quaestione
2245 3056 2273 3093 ⁸,
2289 3053 2661 3093 necconclusionishec'
2686 3052 2696 3064 ⁸

1596 3099 1779 3134 mediorum
1794 3098 1888 3130 video
1913 3098 2145 3136 certitudinem.
2170 3099 2252 3136 Nam
2268 3098 2348 3135 ratio
2371 3097 2552 3141 theologica
2565 3096 2660 3142 ‚ducit

1597 3144 1636 3177 ad
1659 3149 1782 3188 partem
1812 3142 2046 3177 affirmat-ivam:
2079 3149 2116 3174 ut
2138 3144 2171 3176 in
2193 3142 2296 3174 littera
2319 3142 2432 3179 habes,
2457 3143 2488 3173 et
2510 3142 2551 3182 in-
2567 3134 2659 3183 Qui-

1597 3189 1649 3220 lib.
1666 3188 1705 3225 V,
1722 3197 1777 3231 qu.
1794 3197 1837 3224 ιιι,
1862 3193 1917 3219 art.
1937 3197 1957 3218 1.
1980 3187 2075 3219 Ratio
2099 3193 2206 3219 autem
2229 3187 2379 3218 naturalis
2398 3185 2438 3218 ad
2453 3184 2579 3227 partem
2598 3187 2660 3230 poi

1596 3233 1658 3264 tius
1681 3231 1799 3263 ducere
1820 3231 2150 3272 videturnegativam.
2174 3231 2339 3271 Quoniam
2361 3231 2441 3262 nihii
2455 3229 2662 3271 prohibet&

1597 3276 1725 3311 Christo
1749 3276 1856 3313 fuisse,
1880 3276 2037 3317 passionis
2060 3281 2216 3316 tempores
2238 3275 2430 3316 namnum
2450 3274 2661 3311 nutrimen&-

1598 3321 1678 3358 lcm,
1704 3321 1759 3361 qui
1782 3331 1848 3351 non
1873 3326 1919 3351 est
1945 3321 1978 3351 in
2008 3321 2238 3351 resurrectione
2271 3325 2462 3360 assumptus.
2494 3318 2659 3356 Quoniam

1597 3375 1664 3396 non
1689 3371 1734 3395 est
1758 3365 1859 3395 maior
1875 3365 1954 3395 ratio
1979 3374 2076 3405 quare
2091 3369 2168 3395 tunc
2192 3373 2259 3395 non
2276 3363 2371 3394 fuerit
2393 3362 2571 3396 inclitisto
2587 3370 2658 3399 san-

1597 3410 1667 3449 guis
1689 3409 1932 3445 nutrimentalis,
1950 3414 1981 3440 et
2003 3408 2078 3440 alias
2093 3407 2205 3444 fuerit:
2229 3413 2260 3438 et
2282 3416 2400 3444 rursus.
2417 3415 2516 3446 quere
2537 3404 2571 3437 in
2586 3405 2658 3446 ipso

1597 3458 1675 3484 tunc
1697 3462 1784 3488 non.
1810 3458 1840 3483 et
1862 3453 1896 3483 in
1918 3452 1987 3484 aliie
2009 3452 2195 3483 hominibus
2227 3450 2373 3482 eiusdem
2402 3449 2511 3480 aetatis
2534 3449 2598 3485 sict
2627 3455 2661 3480 et

1597 3506 1714 3533 rursus,
1739 3506 1836 3537 quare
1860 3502 1937 3527 tunc
1969 3495 2120 3536 patiendo
2143 3504 2221 3531 non,
2245 3499 2286 3530 et,
2310 3494 2337 3525 si
2358 3502 2426 3524 non
2450 3492 2559 3524 fuisset
2580 3499 2661 3524 tune

1597 3549 1718 3580 passus,
1736 3539 1906 3570 fateremur
1928 3540 1961 3570 in
1985 3548 2024 3570 eo
2048 3538 2236 3579 sanguinem
2259 3537 2528 3573 nutrimentalem.
2553 3537 2586 3568 Si
2602 3547 2657 3574 au-

1597 3590 1662 3614 tern
1690 3585 1731 3614 in-
1748 3583 1875 3614 Christo
1908 3589 1985 3615 tunc
2010 3582 2071 3615 fuit
2100 3581 2332 3614 nutrimentalis
2363 3581 2511 3622 sanguis,
2535 3585 2659 3614 constat

2674 587 2757 638 §.⁶4²ss
