2872 3970
277 2217 287 2226 ⁴
301 2215 360 2237 lbid.

514 302 593 338 414

1293 435 1611 507 Aaricurus
1641 446 1966 503 QUARTUS
1969 412 2018 516 s
2051 500 2054 501 .
2148 455 2149 462 .
2280 447 2283 454 ’
2332 444 2389 470 ει

858 545 1015 577 UTRUM
1039 543 1252 575 CHRISTUS
1274 541 1539 573 DOCTRINAM
1562 542 1680 573 SUAM
1703 539 1929 574 DEBUERtT
1945 508 2145 575 Sempro
2152 517 2376 583 m)

522 731 591 802 :ff
600 762 658 789 v,
669 731 700 794 ³¹(
714 744 719 748 ’
731 753 798 794 pto
825 745 984 781 tradere.
1015 743 1209 792 Scriptura
1227 742 1332 779 enim
1349 742 1506 779 inventa
1524 749 1580 779 est

580 791 673 829 ’Ἦν
688 768 718 831 l«.
733 798 781 834 ad
813 797 889 833 hoc
929 796 1036 845 quod
1073 795 1245 832 doctrina
1285 793 1580 831 commendetur

521 850 732 887 memoriae
751 849 790 886 in
808 849 991 885 futurum.
1017 848 1094 884 Sed
1113 847 1284 884 doctrina
1307 846 1447 884 Christi
1465 846 1578 883 dura-

520 910 605 940 tura
625 909 703 938 erat
721 901 760 938 in
780 908 995 938 aeternum:
1023 900 1239 937 secundum
1253 899 1347 936 illud
1359 899 1454 937 Luc.
1470 898 1576 936 nst:

523 954 677 991 Caelum
697 960 730 990 et
748 959 848 990 terra
866 954 1092 989 transibunt:
1115 953 1230 989 verba
1253 957 1376 988 autem
1399 963 1484 989 mea
1503 963 1578 988 non

519 1008 725 1043 transibunt
744 1011 773 1042 ⁴².
802 1006 904 1052 Ergo
929 1004 1080 1041 videtur
1105 1004 1212 1052 quod
1242 1003 1416 1041 Christus
1438 1002 1579 1040 doctri-

519 1070 611 1095 nam
639 1070 750 1095 suam
778 1056 952 1094 debuerit
979 1056 1118 1105 scripto
1146 1055 1342 1093 mandare.

572 1122 607 1147 2.
638 1111 869 1156 Ριυιετειιειι,
889 1111 950 1146 lex
967 1116 1078 1146 vetus
1105 1108 1145 1145 in
1163 1108 1287 1156 figura
1306 1107 1446 1145 Christi
1472 1119 1578 1157 prae-

280 1171 291 1181 ·
304 1170 370 1191 Vm·
387 1177 405 1192 ¹-
518 1162 647 1199 cessit:
673 1163 888 1199 secundum
906 1161 998 1198 illud
1017 1162 1115 1198 Heb.
1136 1173 1159 1197 x
1177 1160 1214 1197 *z
1240 1161 1423 1198 Umbram
1441 1158 1578 1198 habet?

517 1216 581 1252 lex
596 1216 817 1263 futurorum
836 1216 1031 1251 bonorum.
1063 1213 1139 1250 Sed
1157 1214 1218 1250 lex
1235 1220 1346 1250 vetus
1364 1225 1388 1250 a
1405 1213 1491 1250 Deo
1508 1212 1579 1250 fuit

279 1272 290 1284 ⁸
305 1271 369 1293 vm.
386 1277 417 1294 ¹²·
518 1267 725 1316 descripta:
765 1267 981 1304 secundum
1017 1265 1110 1303 illud
1144 1265 1370 1303 Exod.xx1v
1392 1264 1431 1302 *z
1467 1266 1578 1303 Dabo

517 1321 582 1357 tibi
607 1320 698 1358 duas
725 1320 867 1357 tabulas
894 1319 1077 1369 lapideas,
1108 1323 1140 1355 et
1173 1319 1296 1368 legem
1327 1330 1374 1355 ac
1400 1318 1578 1355 mandata

518 1385 613 1422 quae
638 1373 778 1422 scripsi.
817 1372 918 1419 Ergo
946 1370 1098 1408 videtur
1125 1370 1231 1419 quod
1259 1369 1375 1408 etiam
1403 1369 1577 1408 Christus

517 1424 730 1463 doctrinam
758 1436 870 1461 suam
898 1424 1061 1460 scribere
1089 1421 1274 1460 debuerit.

572 1477 605 1513 3.
636 1478 867 1522 Pmermm,
897 1477 946 1513 ad
975 1475 1188 1521 Christum,
1217 1475 1284 1524 qui
1311 1482 1470 1513 venerat
1496 1475 1576 1513 illu-

515 1531 662 1567 minare
688 1531 743 1567 his
771 1531 836 1578 qui
860 1531 897 1566 in
925 1531 1083 1566 tenebris
1109 1534 1143 1565 et
1163 1530 1201 1565 in
1221 1530 1357 1566 umbra
1375 1529 1504 1566 mortis
1521 1539 1576 1565 se-

303 1584 324 1606 V
363 1591 418 1612 ·⁷9·
516 1583 611 1628 dent,
639 1589 682 1619 ut
709 1581 846 1619 dicitur
871 1582 966 1619 Luc.
987 1593 997 1618 1
1015 1581 1047 1626 ²⁸,
1076 1581 1288 1630 pertinebat
1307 1579 1445 1618 erroris
1468 1591 1577 1618 occa-

516 1635 666 1672 sionem
689 1634 904 1680 excludere,
924 1642 960 1671 et
979 1633 1083 1670 viam
1101 1633 1192 1670 fidei
1211 1633 1370 1683 aperire.
1401 1633 1478 1670 Sed
1500 1633 1578 1670 hoc

515 1687 662 1725 fecisset
695 1686 909 1724 doctrinam
944 1699 1055 1723 suam
1092 1686 1313 1723 scribendo:
1356 1685 1446 1722 dicit
1473 1684 1576 1723 enim

277 1741 287 1752 ¹
301 1740 358 1768 ΟΨ·
516 1740 764 1787 Augustinus,
790 1739 830 1776 in
849 1740 863 1776 1
883 1740 928 1776 de
950 1741 1123 1776 consens.
1143 1740 1292 1788 Evang.
1308 1738 1340 1784 ²¹²,
1360 1738 1469 1786 quod
1487 1738 1578 1774 solet

516 1793 713 1830 nonnullos
731 1804 881 1829 movere
899 1803 967 1828 cur
985 1793 1062 1841 ipse
1072 1792 1258 1828 Dominus
1272 1791 1363 1827 nihil
1379 1791 1576 1839 scripserit,

516 1851 554 1882 ut
572 1846 653 1882 aliis
674 1845 718 1881 de
737 1845 798 1881 illo
817 1846 1055 1881 scribentibus
1075 1855 1219 1880 necesse
1236 1845 1280 1880 sit
1298 1843 1459 1880 credere.
1488 1843 1578 1880 Hoc

516 1899 614 1934 enim
642 1897 695 1934 illi
720 1898 779 1934 vel
805 1898 972 1934 maxime
994 1898 1141 1945 pagani
1173 1901 1354 1945 quaerunt
1380 1897 1442 1944 qui
1473 1895 1576 1932 Chri-

515 1956 610 1987 stum
638 1949 790 1998 culpare
817 1955 879 1986 aut
906 1949 1164 1997 blasphemare
1191 1960 1265 1986 non
1293 1947 1445 1993 audent,
1473 1949 1578 1996 eique

515 2004 678 2040 tribuunt
713 2002 1054 2039 excellentissimam
1088 2003 1327 2050 sapientiam,
1356 2000 1421 2037 sed
1452 2005 1575 2037 tamen

515 2062 691 2104 tanquam
719 2055 870 2091 homi'nz.
899 2054 1108 2103 Discipulos
1125 2065 1214 2091 uero
1242 2055 1318 2090 eius
1345 2053 1469 2090 dicunt
1496 2064 1576 2089 ma—

514 2109 631 2158 gistro
658 2119 725 2144 suo
759 2107 918 2156 amplius
950 2108 1117 2143 tribuisse
1150 2118 1262 2155 quam
1290 2111 1389 2142 erat:
1427 2110 1465 2141 ut
1492 2116 1575 2141 eum

515 2161 652 2198 Filium
683 2161 757 2196 Dei
786 2159 966 2203 dicerent,
995 2165 1028 2195 et
1068 2160 1227 2196 Verbum
1259 2159 1351 2203 Dei,
1375 2169 1447 2206 per
1480 2157 1578 2206 quod

505 2214 616 2261 facta
643 2218 725 2250 sunt
753 2215 891 2249 omnia.
933 2213 982 2248 Et
1017 2219 1151 2260 postea
1183 2210 1312 2248 subdit
1329 2209 1364 2246 *z
1403 2210 1578 2247 Videntur

373 2277 389 2302 τ
515 2267 639 2315 parati
653 2266 775 2313 fuisse
793 2266 863 2302 hoc
890 2265 935 2301 de
953 2265 1015 2301 illo
1043 2264 1196 2301 credere
1215 2263 1313 2313 quod
1338 2263 1383 2299 de
1408 2274 1448 2299 se
1466 2264 1542 2318 ipse
1560 2267 1575 2290 Υ

513 2320 732 2368 scripsisset.
759 2330 833 2354 non
863 2317 961 2366 quod
985 2318 1053 2354 alii
1078 2317 1123 2354 de
1149 2317 1212 2354 illo
1234 2329 1309 2366 pro
1336 2327 1404 2352 suo
1422 2314 1576 2352 arbitrio

510 2371 796 2421 praedicassent.
839 2371 940 2418 Ergo
969 2369 1120 2406 videtur
1157 2369 1263 2418 quod
1293 2368 1467 2406 Christus
1494 2367 1575 2417 ipse

515 2423 729 2461 doctrinam
758 2435 869 2460 suam
897 2422 1035 2471 scripto
1063 2422 1211 2459 tradere
1239 2420 1424 2458 debuerit.

570 2477 643 2514 SED
673 2487 816 2514 CONTRA
844 2487 909 2512 Esr
937 2475 1043 2524 quod
1071 2474 1164 2511 nulli
1191 2474 1277 2511 libri
1304 2474 1353 2511 ab
1375 2485 1422 2510 eo
1450 2472 1578 2522 scripti

515 2529 706 2566 habentur
732 2529 772 2565 in
800 2540 947 2565 canone
977 2528 1206 2586 Scripturae

568 2583 791 2619 RESPONDEO
806 2593 986 2618 DICENDUM
1001 2580 1235 2617 conveniens
1250 2579 1363 2616 fuisse
1379 2579 1576 2616 Christum

516 2635 730 2671 doctrinam
759 2646 869 2670 suam
897 2646 977 2670 non
1006 2633 1208 2682 scripsisse.
1246 2632 1375 2669 Primo
1405 2631 1574 2691 quidem,

516 2695 673 2746 propter
698 2686 917 2734 dignitatem
941 2686 1070 2735 ipsius.
1101 2684 1366 2722 Excellentiori
1385 2684 1489 2722 enim
1508 2685 1575 2721 do-

517 2741 610 2777 ctori
638 2739 879 2776 excellentior
915 2739 1055 2775 modus
1084 2738 1277 2775 doctrinae
1314 2737 1485 2774 debetur.
1528 2738 1577 2774 Et

517 2793 604 2829 ideo
641 2792 810 2837 Christo,
839 2799 1024 2840 tanquam
1059 2790 1373 2828 excellentissimo
1408 2789 1575 2835 doctori,

518 2845 579 2882 hic
607 2845 747 2881 modus
775 2844 1031 2893 competebat,
1060 2851 1102 2880 ut
1130 2843 1342 2881 doctrinam
1370 2855 1481 2880 suam
1509 2854 1575 2879 au-

518 2897 686 2934 ditorum
714 2897 894 2934 cordibus
922 2897 1168 2946 imprimeret.
1199 2897 1359 2946 Propter
1386 2895 1493 2945 quod
1521 2895 1575 2932 di-

518 2950 614 2987 citur
641 2951 774 2986 Matth.
795 2962 840 2986 vn
858 2950 878 2972 ²¹⁶
881 2950 1018 3008 ‚quod
1047 2955 1126 2986 erat
1153 2950 1287 2987 docens
1306 2961 1367 2986 eos
1393 2950 1484 2985 sicut
1506 2960 1575 2997 po-

517 3009 678 3039 testatem
705 3003 854 3040 habens.
897 3002 1008 3039 Unde
1037 3002 1152 3039 etiam
1179 3002 1283 3050 apud
1318 3000 1475 3049 gentiles
1503 3001 1575 3050 Py-

518 3056 692 3102 thagoras
720 3063 756 3091 et
785 3056 973 3101 Socrates,
1000 3054 1068 3103 qui
1095 3055 1247 3092 fuerunt
1275 3053 1575 3091 excellentissimi

519 3108 709 3153 doctores,
739 3107 1022 3147 nihilscribere
1050 3108 1266 3144 voluerunt.
1298 3106 1444 3155 Scripta
1471 3105 1575 3143 enim

378 3156 392 3180 ³
519 3160 744 3197 ordinantur
764 3158 777 3181 ὅ
801 3159 850 3196 ad
878 3159 1170 3208 impressionem
1202 3159 1396 3196 doctrinae
1425 3158 1464 3195 in
1492 3169 1575 3195 cor-

519 3211 631 3249 dibus
659 3211 879 3249 auditorum
907 3211 1002 3248 sicut
1030 3212 1077 3249 ad
1106 3211 1237 3249 finem.

573 3265 765 3308 Secundo,
786 3271 942 3312 propter
961 3265 1219 3301 excellentiam
1247 3264 1442 3301 doctrinae
1467 3262 1575 3301 Chri-

520 3316 576 3359 sti,
606 3329 704 3365 quae
733 3315 860 3353 litteris
879 3317 1154 3364 comprehendi
1173 3329 1252 3354 non
1272 3325 1411 3365 potest:
1442 3328 1575 3354 secun-

574 3437 602 3468 α)
621 3441 663 3462 tra
683 3438 885 3467 si.1>unt-Pa;
905 3438 1043 3462 transient.

574 3471 599 3503 β)
619 3473 653 3496 ha
655 3473 703 3497 bet.
721 3452 854 3532 -ΙιαιῑιεικΞ
825 3480 855 3497 ns
857 3473 901 3531 Ρ.

574 3511 600 3539 Υ)
621 3515 675 3537 'pse
701 3522 719 3526 —-
740 3507 955 3531 Eiiodti.1!e

573 3541 598 3570 ὃ)
618 3542 676 3566 Scrt
654 3543 725 3573 ripta
743 3550 774 3567 cn
778 3543 811 3566 im
831 3550 863 3567 or
841 3515 910 3566 esd-m
895 3549 946 3566 nna
931 3545 1002 3567 ›rr-‚tu
1020 3555 1039 3560 -
1059 3542 1117 3566 Scri
1095 3542 1164 3573 riptu
1168 3550 1199 3566 ra
1218 3549 1240 3567 ct
1241 3544 1286 3568 tim
1306 3543 1449 3568 ordinatur
1468 3544 1520 3568 Plc.

574 3578 694 3610 t)caper
711 3585 817 3608 *pos
807 3577 1016 3601 ιιιιυιιειὶάιΡΙ.

1201 294 1462 341 QUAESTIO
1491 291 1942 340 XL11,÷ARTIGULU8-
1955 292 2006 338 W

523 668 527 669 γ
560 676 583 693 ’,ν
578 661 615 701 ἦ
618 660 691 692 812<
670 664 708 706 s
732 653 755 678 n
774 652 946 683 omarum
964 652 1016 677 s1c
1035 650 1269 676 pnocanrrun.
1291 638 1452 675 Videtur
1469 638 1577 686 quod
1631 637 1728 676 dum
1755 637 1849 676 illud
1874 640 1978 677 Ioan.
2007 640 2073 677 ult.
2091 639 2132 677 *z
2167 617 2263 679 siau
2271 647 2322 679 a
2346 623 2450 680 alia
2436 641 2695 695 annium
2749 691 2751 694 Α

548 692 576 712 ‘¹
571 670 711 754 “’·“ᾼὲ’ἔ
734 693 907 730 Christus
934 692 1147 729 doctrinam
1166 703 1278 728 suam
1298 689 1473 727 debuerit
1488 689 1578 727 scri-
1621 691 1717 738 fecit
1745 692 1872 737 Iesus,
1898 701 1996 741 quae
2026 694 2060 729 si
2086 694 2315 731 scribam
2312 706 2415 768 ⁸pen
2411 695 2605 745 ὤιμην,
2748 699 2754 717 ⁶

2212 385 2332 419 lium,
2373 386 2408 419 m
2446 392 2687 435 wemffi
2742 371 2756 386 z

2422 436 2466 470 ιιι
2502 438 2686 487 muumnp
2730 438 2762 463 '11

2243 499 2259 514 r*
2282 516 2298 520 ,.
2340 498 2439 524 trinit.
2435 488 2550 525 ιιυοὲι
2577 497 2688 533 m

2410 542 2617 576 Ε”ἱῑῧῙῘυῖἴὶῦ
2626 535 2693 590 ἡ
2726 534 2759 550 ,ἢ

2397 608 2404 625 2
2444 591 2689 646 ιψυωκυβ

1632 744 1751 792 ipsum
1778 745 1942 781 arbitror
1967 744 2148 782 mundum
2171 751 2332 795 capere·
2332 750 2412 784 ms
2430 749 2527 796 φάει
2560 768 2562 770 -
2583 764 2605 779 w

1630 800 1714 832 sunt
1740 795 1863 833 libros.
1906 796 2034 843 Quos,
2060 796 2177 834 sicut
2185 797 2423 846 Augustinus
2443 798 2616 847 dide&
2623 840 2626 842 .

1630 849 1748 897 spatio
1765 848 1935 885 locorum
1953 849 2191 886 credendum
2194 855 2247 887 est
2260 851 2459 888 mundun
2448 862 2608 901 capu
2627 838 2685 863 ⁴⁶¹⁷
2700 850 2703 851 ⁷

1625 911 1757 950 posse.-
1782 900 1848 937 sed
1872 902 2074 950 capacitate
2100 901 2300 952 legentium
2326 914 2479 953 compre
2534 922 2565 934 ιι

1626 963 1746 1002 posse.
1776 952 1819 990 Si
1835 959 1985 990 autem·
1983 953 2164 991 -Chnstus
2182 954 2330 1014 scripto
2346 966 2495 996 smm
2565 973 2614 988 2·
2642 999 2644 1003 .
2662 996 2666 999 .
2686 985 2691 1003 ;

1632 1005 1862 1051 mandasset,
1890 1004 1985 1042 nihil
2007 1005 2121 1043 altius
2144 1006 2196 1044 de
2215 1006 2297 1044 eius
2310 1007 2487 1045 domim
2662 1023 2700 1053 ,,’.

1633 1056 1902 1094 existimarent
1897 1069 2036 1107 quam
2060 1058 2186 1108 quod
2197 1068 2216 1095 s
2340 1070 2484 1107 rmeon
2500 1059 2565 1093 ''.'22t
2614 1074 2705 1090 ,ω

1684 1109 1828 1156 Tertio,
1848 1117 1891 1146 ut
1907 1109 2043 1147 ordine
2060 1110 2249 1160 quodam
2259 1111 2325 1149 ab·
2323 1111 2463 1161 ipso·-
2531 1111 2584 1147 -¹··

1632 1173 1769 1199 omnes
1802 1162 2039 1212 perveniret:
2075 1162 2181 1200 dum
2198 1163 2281 1213 ipse
2309 1163 2469 1201 seilicet
2481 1128 2534 1202 δ’·
2530 1163 2593 1194 -ἅι
2698 1167 2719 1205 ᾗ

1631 1218 1724 1251 suos
1741 1213 1963 1252 immediate
1980 1214 2124 1261 docuit,
2139 1215 2207 1264 qui
2224 1216 2483 1265 posumdum
2494 1216 2632 1255 alins·
2687 1227 2721 1271 4:

1631 1266 1683 1304 bo
1716 1273 1753 1304 et
1783 1266 1924 1316 scripto
1947 1267 2172 1305 docuerunt.
2203 1267 2244 1305 Si
2261 1271 2403 1306 autem
2400 1268 2579 1318 ipsein

1630 1317 1777 1368 psisset,
1797 1318 1879 1357 eius
1898 1319 2083 1358 doctrina
2087 1319 2308 1358 immediate
2326 1320 2382 1358 ad*
2394 1322 2548 1358 omne*
2605 1346 2607 1348 ·

1631 1371 1757 1408 nisset.
1799 1371 1910 1409 Unde
1938 1379 1976 1409 et
2002 1372 2051 1410 de
2079 1371 2274 1422 Sapientia
2296 1371 2461 1420 dicitur,-
2466 1371 2600 1432 Ptffl

1631 1424 1739 1473 quod
1766 1425 1863 1461 misit
1888 1424 2043 1462 ancillas
2068 1436 2155 1463 suas
2179 1436 2317 1463 uocare
2342 1425 2394 1463 ad
2408 1424 2618 1486 ιιιιΐθᾳὲὼΛ

1685 1476 1895 1514 Sciendum
1922 1484 2051 1514 tamen
2066 1484 2137 1523 est,
2151 1477 2253 1514 sicut
2269 1477 2547 1526 Augustinus·

1630 1530 1644 1566 1
1668 1529 1714 1566 de
1735 1530 1908 1566 Consens.
1937 1529 2126 1580 Evangst‘
2134 1558 2144 1575 ‚
2172 1529 2321 1579 aliquos
2341 1529 2363 1556 ῑ
2381 1529 2543 1590 gemitus

1630 1593 1756 1618 masse
1785 1581 1980 1619 Christum
2008 1582 2201 1631 quosdam
2218 1582 2335 1619 libros
2352 1581 2548 1632 smipsioee

1630 1641 1764 1671 nentes
1791 1634 1984 1683 quaedam
2011 1634 2170 1682 magica,
2199 1633 2341 1684 quibus
2368 1634 2505 1672 mira

1630 1686 1713 1724 bat:
1750 1698 1850 1736 quae
1881 1685 2081 1736 disciplina
2112 1686 2342 1724 Christiana
2357 1699 2405 1724 co

1629 1745 1752 1776 tamen
1781 1739 1836 1776 illi
1861 1740 1925 1788 qui
1953 1740 2088 1779 Christi
2112 1740 2226 1778 libros
2251 1739 2342 1777 tales
2366 1751 2411 1777 se.

1629 1797 1753 1837 mant,
1783 1791 1885 1829 nulla
1911 1792 2010 1829 talia
2016 1792 2168 1839 jaciunt
2195 1792 2320 1842 qualia
2346 1792 2459 1829 illm
2476 1791 2531 1856 do.
2575 1798 2581 1805 ‘

1629 1844 1761 1880 talibus
1776 1844 1916 1892 fecisse
1940 1845 2136 1881 mirantur.
2177 1845 2314 1882 Divino
2339 1845 2495 1883 ettam-¹

1629 1901 1757 1932 errant
1784 1902 1822 1932 ut
1848 1895 1993 1933 eosdem
2020 1896 2134 1934 libros
2159 1896 2213 1934 ad
2229 1897 2381 1935 Petrum
2400 1901 2440 1935 et
2444 1893 2631 1940 m

1629 1953 1716 1985 cant
1740 1954 1917 1997 tanquam
1936 1948 2124 1997 epistolari
2141 1949 2243 1986 titulo
2259 1942 2729 2000 praeno!‘ato-‹smutmflst¹

1629 2002 1667 2038 in
1689 2001 1860 2049 pluribus
1886 2001 1975 2038 locis
2001 2001 2125 2038 simul
2137 2012 2199 2038 eos
2226 2013 2311 2038 cum
2335 2002 2480 2039 Christo
2495 2001 2700 2052 Μ
2709 1999 2730 2048 ,33²

1629 2053 1771 2090 derunt.
1799 2053 1884 2090 Nec
1901 2055 2039 2090 mirum
2063 2055 2098 2090 si
2122 2066 2146 2090 a
2167 2055 2407 2104 pingentibus
2421 2053 2722 2104 fiam&

1629 2107 1724 2155 cepti
1733 2110 1826 2142 sunt.
1851 2106 1943 2143 Toto
1956 2107 2056 2142 enim
2069 2111 2234 2156 tempore
2251 2118 2324 2156 quo
2341 2107 2506 2143 Christus
2515 2104 2596 2143 ῠι
2717 2102 2719 2106 ’

1619 2158 1780 2195 'mortali
1795 2170 1880 2194 cum
1898 2159 1973 2194 suis
1990 2158 2174 2209 discipulis
2191 2160 2294 2205 vixit,
2313 2158 2485 2196 nondum
2490 2163 2604 2201 erat
2648 2156 2654 2161 ‘
2675 2148 2694 2160 ”
2687 2124 2727 2162 {F

1629 2211 1686 2247 lus
1711 2210 1908 2260 discipulus
1935 2211 2022 2248 eius.
2497 2224 2522 2246 ει
2534 2235 2544 2247 »,

1682 2264 1740 2300 An
1767 2275 1902 2300 ramum
1933 2274 2032 2300 aneo
2064 2275 2245 2301 monimum
2279 2263 2409 2313 quod,
2435 2238 2548 2302 siem

1629 2315 1750 2352 stinus
1777 2315 1878 2361 dicit,
1901 2315 1942 2352 in
1968 2315 2110 2353 eodem
2135 2314 2232 2353 libro
2250 2315 2282 2358 *,
2307 2317 2518 2354 omnibus

1627 2370 1702 2405 suis
1728 2374 1906 2418 tanquam
1925 2369 2101 2406 membris
2116 2369 2177 2405 sui
2192 2369 2360 2418 corporis
2389 2336 2603 2417 Chrixnis
2612 2409 2614 2412 ,

1629 2427 1690 2458 est.
1718 2423 1860 2470 Itaque,
1889 2433 1974 2457 cum
2002 2421 2056 2458 illi
2079 2422 2304 2471 scripserunt
2330 2433 2425 2470 quae
2449 2420 2552 2459 atu·
2608 2465 2610 2474 ι

1629 2479 1662 2510 et
1689 2474 1797 2519 dixit,
1826 2485 2060 2522 nequaquam
2087 2473 2282 2511 dicendum
2301 2479 2360 2510 est
2386 2473 2526 2535 quod'
2508 2484 2606 2524 μ

1627 2528 1822 2575 scripserit.
1857 2526 2162 2576 Quandoquidem
2180 2527 2350 2564 membra
2367 2527 2445 2563 eius
2464 2524 2551 2564 sar·

1627 2585 1710 2616 sunt
1739 2579 1847 2628 quod,
1871 2579 2029 2616 dictante
2054 2581 2183 2629 capite,
2205 2584 2470 2628 cognoverunt.
2513 2584 2551 2615 ι

1628 2634 1726 2668 enim
1755 2632 1815 2669 zlle
1842 2632 1887 2668 de
1912 2633 1986 2668 suis
2002 2633 2119 2679 factis
2146 2637 2179 2668 et
2197 2631 2299 2669 dictis
2327 2643 2394 2669 nos
2419 2624 2557 2681 legere
2579 2665 2581 2667 .

1628 2686 1698 2722 hoc
1731 2684 1965 2749 scribendum
2002 2683 2071 2720 illis
2106 2689 2283 2734 tanquam
2316 2685 2391 2721 suis
2421 2683 2602 2721 manibus
2629 2695 2711 2740 '‘v'ss‘

1624 2739 1780 2787 peravit.
2679 2761 2702 2800 ,ᾗ

1682 2791 1738 2826 An
1767 2802 1955 2827 secunaum
1983 2801 2163 2827 mceunuu
2191 2789 2309 2842 quod,
2329 2787 2420 2838 quia
2441 2789 2502 2826 lex
2518 2785 2660 2826 vetus
2671 2802 2707 2839 '.*5'

1629 2842 1868 2879 sensibilibus
1886 2841 2017 2890 figuris
2035 2841 2208 2887 dabatur,
2223 2839 2311 2879 ideo
2330 2841 2445 2878 etiam
2458 2851 2505 2878 00
2683 2839 2705 2866 ¹*-

1628 2903 1685 2932 ter
1712 2895 1952 2932 sensibilibus
1979 2894 2094 2942 signis
2122 2893 2258 2944 scripta
2284 2893 2364 2932 fuit.
2408 2893 2533 2931 Sed·

1631 2947 1781 2994 Christi,
1801 2959 1900 2997 quae
1927 2955 1982 2985 est
2000 2946 2063 2986 lex
2081 2948 2234 2998 Spim'tus
2251 2945 2391 2994 mtae‘,
2412 2944 2559 2986 scribi
2571 2946 2615 2988 ἐ

1630 3013 1703 3037 ηοη
1732 3006 1951 3047 atramento,
1969 2999 2036 3038 sed
2053 3001 2190 3050 Spiritu
2208 3000 2283 3037 Dei
2297 3001 2382 3045 vivi,
2403 3011 2479 3036 non
2499 2998 2537 3037 in
2581 3018 2585 3024 .

1628 3053 1792 3102 lapideis,
1811 3053 1876 3091 sed
1901 3055 1939 3090 in
1957 3052 2089 3090 tabulis
2107 3052 2230 3090 cordis
2251 3051 2503 3107 carnalibus,
2476 3049 2490 3075 ⁸
2522 3058 2566 3089 ut

1629 3106 1747 3143 stolus
1775 3105 1875 3151 dicit,
1904 3106 1934 3142 II
1957 3106 2043 3143 Cor.
2064 3116 2096 3142 m
2114 3104 2146 3142 *.

1682 3159 1739 3194 An
1775 3170 1933 3196 rem-mm
1964 3169 2144 3197 mci-:unum
2173 3157 2279 3208 quod
2307 3155 2358 3194 illi
2385 3156 2453 3207 qui
2479 3168 2498 3194 s
2539 3154 2571 3188 ¹·

1629 3211 1903 3261 Apostolorum
1923 3210 1971 3248 de
1991 3208 2142 3248 Christo
2161 3209 2315 3255 credere
2334 3209 2506 3255 nolunt¹‚
2526 3207 2606 3254 nec

1630 3263 1781 3302 Christo
1801 3262 1978 3301 scribenti
1996 3260 2254 3308 credidissent,
2268 3262 2317 3300 de
2331 3273 2412 3312 quo
2424 3260 2537 3312 opis:

1629 3316 1736 3365 quod
1763 3315 1918 3364 magicis
1945 3315 2089 3354 artibus
2115 3314 2261 3354 fecisset
2288 3314 2483 3353 miracula.

1681 3437 1799 3472 ζ)α1ιίις
1801 3446 1838 3464 οε.
1856 3438 2061 3468 -αειιοηὶςιι
2078 3437 2156 3464 ahos.

1682 3474 1710 3506 η)
1730 3474 1762 3498 de
1780 3474 1840 3498 Iirzb
1819 3474 1864 3499 ris.
1880 3473 1993 3499 -mn-ts
2011 3473 2039 3500 Ρ.
2055 3470 2110 3498 Pro
2127 3472 2217 3502 etIam,
2236 3471 2306 3497 enim
2324 3471 2406 3498 Pac.

1641 3527 1644 3530 .
1682 3507 1706 3542 0)
1725 3509 1829 3534 carnali
1826 3509 1887 3535 '.bus
1904 3508 2132 3540 -spn‘ruucuibus
2145 3508 2172 3533 Ρ.

1682 3544 1701 3578 ι)
1721 3544 1822 3569 nolunt.
1840 3557 1859 3562 -
1877 3543 1992 3568 noluerit
2011 3543 2034 3572 b,
2054 3542 2188 3568 noluerint
2206 3550 2228 3571 c,
2249 3543 2391 3567 noluerunt
2410 3541 2439 3567 Ρ.
