<?xml version="1.0" encoding="UTF-8"?>
<!DOCTYPE html PUBLIC "-//W3C//DTD XHTML 1.0 Transitional//EN"
    "http://www.w3.org/TR/xhtml1/DTD/xhtml1-transitional.dtd">
<html xmlns="http://www.w3.org/1999/xhtml" xml:lang="en" lang="en">
 <head>
  <title>
</title>
<meta http-equiv="Content-Type" content="text/html;charset=utf-8" />
  <meta name='ocr-system' content='tesseract 3.04.00' />
  <meta name='ocr-capabilities' content='ocr_page ocr_carea ocr_par ocr_line ocrx_word'/>
</head>
<body>
  <div class='ocr_page' id='page_1' title='image "./operaomniaiussui11thom_0276.png"; bbox 0 0 2872 3970; ppageno 0'>
   <div class='ocr_carea' id='block_1_1' title="bbox 275 1018 405 1045">
    <p class='ocr_par' dir='ltr' id='par_1_1' title="bbox 275 1018 405 1045">
     <span class='ocr_line' id='line_1_1' title="bbox 275 1018 405 1045; baseline -0.008 -5"><span class='ocrx_word' id='word_1_1' title='bbox 275 1026 288 1040; x_wconf 94' lang='lat' dir='ltr'>u</span> <span class='ocrx_word' id='word_1_2' title='bbox 303 1025 327 1045; x_wconf 83' lang='lat' dir='ltr'>n,</span> <span class='ocrx_word' id='word_1_3' title='bbox 337 1023 378 1040; x_wconf 85' lang='lat' dir='ltr'>art.</span> <span class='ocrx_word' id='word_1_4' title='bbox 385 1018 405 1039; x_wconf 73' lang='lat'>6.</span> 
     </span>
    </p>
   </div>
   <div class='ocr_carea' id='block_1_2' title="bbox 440 319 515 344">
    <p class='ocr_par' dir='ltr' id='par_1_2' title="bbox 440 319 515 344">
     <span class='ocr_line' id='line_1_2' title="bbox 440 319 515 344; baseline 0 0"><span class='ocrx_word' id='word_1_5' title='bbox 440 319 515 344; x_wconf 90' lang='lat'>220</span> 
     </span>
    </p>
   </div>
   <div class='ocr_carea' id='block_1_3' title="bbox 433 380 1499 1800">
    <p class='ocr_par' dir='ltr' id='par_1_3' title="bbox 435 380 1497 644">
     <span class='ocr_line' id='line_1_3' title="bbox 437 380 1497 433; baseline -0.005 -12"><span class='ocrx_word' id='word_1_6' title='bbox 437 386 498 421; x_wconf 86' lang='lat' dir='ltr'>vel</span> <span class='ocrx_word' id='word_1_7' title='bbox 525 386 638 430; x_wconf 87' lang='lat' dir='ltr'>Iesus,</span> <span class='ocrx_word' id='word_1_8' title='bbox 659 383 838 433; x_wconf 81' lang='lat' dir='ltr'>importat</span> <span class='ocrx_word' id='word_1_9' title='bbox 866 383 1035 420; x_wconf 91' lang='lat' dir='ltr'>distincte</span> <span class='ocrx_word' id='word_1_10' title='bbox 1055 382 1262 419; x_wconf 86' lang='lat' dir='ltr'>habentem</span> <span class='ocrx_word' id='word_1_11' title='bbox 1282 380 1497 417; x_wconf 91' lang='lat' dir='ltr'>humanita-</span> 
     </span>
     <span class='ocr_line' id='line_1_4' title="bbox 436 433 1497 483; baseline -0.005 -10"><span class='ocrx_word' id='word_1_12' title='bbox 436 444 526 483; x_wconf 86' lang='lat' dir='ltr'><strong>tem,</strong></span> <span class='ocrx_word' id='word_1_13' title='bbox 547 436 685 473; x_wconf 91' lang='lat' dir='ltr'>scilicet</span> <span class='ocrx_word' id='word_1_14' title='bbox 704 437 776 473; x_wconf 91' lang='lat' dir='ltr'>sub</span> <span class='ocrx_word' id='word_1_15' title='bbox 804 435 1061 473; x_wconf 85' lang='lat' dir='ltr'>determinatis</span> <span class='ocrx_word' id='word_1_16' title='bbox 1091 433 1389 471; x_wconf 90' lang='lat' dir='ltr'>individualibus</span> <span class='ocrx_word' id='word_1_17' title='bbox 1410 444 1497 481; x_wconf 93' lang='lat' dir='ltr'>pro-</span> 
     </span>
     <span class='ocr_line' id='line_1_5' title="bbox 435 485 1497 538; baseline -0.005 -12"><span class='ocrx_word' id='word_1_18' title='bbox 435 489 675 538; x_wconf 89' lang='lat' dir='ltr'>prietatibus:</span> <span class='ocrx_word' id='word_1_19' title='bbox 714 489 809 526; x_wconf 89' lang='lat' dir='ltr'>sicut</span> <span class='ocrx_word' id='word_1_20' title='bbox 837 497 872 525; x_wconf 92' lang='lat' dir='ltr'>et</span> <span class='ocrx_word' id='word_1_21' title='bbox 901 490 975 524; x_wconf 91' lang='lat' dir='ltr'>hoc</span> <span class='ocrx_word' id='word_1_22' title='bbox 1007 499 1152 524; x_wconf 92' lang='lat' dir='ltr'>nomen</span> <span class='ocrx_word' id='word_1_23' title='bbox 1180 487 1296 523; x_wconf 89' lang='lat' dir='ltr'>Filius</span> <span class='ocrx_word' id='word_1_24' title='bbox 1322 487 1395 522; x_wconf 89' lang='lat' dir='ltr'>Dei</span> <span class='ocrx_word' id='word_1_25' title='bbox 1427 485 1497 521; x_wconf 91' lang='lat' dir='ltr'>im-</span> 
     </span>
     <span class='ocr_line' id='line_1_6' title="bbox 436 538 1497 590; baseline -0.006 -11"><span class='ocrx_word' id='word_1_26' title='bbox 436 549 561 590; x_wconf 90' lang='lat' dir='ltr'>portat</span> <span class='ocrx_word' id='word_1_27' title='bbox 588 543 793 578; x_wconf 87' lang='lat' dir='ltr'>habentem</span> <span class='ocrx_word' id='word_1_28' title='bbox 822 540 999 577; x_wconf 83' lang='lat' dir='ltr'>deitatem</span> <span class='ocrx_word' id='word_1_29' title='bbox 1028 540 1100 577; x_wconf 91' lang='lat' dir='ltr'>sub</span> <span class='ocrx_word' id='word_1_30' title='bbox 1128 538 1378 576; x_wconf 89' lang='lat' dir='ltr'>determinata</span> <span class='ocrx_word' id='word_1_31' title='bbox 1408 549 1497 586; x_wconf 91' lang='lat' dir='ltr'>pro-</span> 
     </span>
     <span class='ocr_line' id='line_1_7' title="bbox 435 594 820 644; baseline -0.003 -13"><span class='ocrx_word' id='word_1_32' title='bbox 435 595 591 644; x_wconf 91' lang='lat' dir='ltr'>prietate</span> <span class='ocrx_word' id='word_1_33' title='bbox 619 594 820 643; x_wconf 92' lang='lat' dir='ltr'>personali.</span> 
     </span>
    </p>

    <p class='ocr_par' dir='ltr' id='par_1_4' title="bbox 433 642 1499 1800">
     <span class='ocr_line' id='line_1_8' title="bbox 489 642 1498 691; baseline -0.006 -7"><span class='ocrx_word' id='word_1_34' title='bbox 489 649 687 684; x_wconf 86' lang='lat' dir='ltr'>Numerus</span> <span class='ocrx_word' id='word_1_35' title='bbox 715 655 844 683; x_wconf 88' lang='lat' dir='ltr'>autem</span> <span class='ocrx_word' id='word_1_36' title='bbox 872 645 1060 683; x_wconf 87' lang='lat' dir='ltr'>dualitatis</span> <span class='ocrx_word' id='word_1_37' title='bbox 1088 644 1126 681; x_wconf 93' lang='lat' dir='ltr'>in</span> <span class='ocrx_word' id='word_1_38' title='bbox 1157 643 1308 680; x_wconf 90' lang='lat' dir='ltr'>Christo</span> <span class='ocrx_word' id='word_1_39' title='bbox 1341 642 1498 691; x_wconf 91' lang='lat' dir='ltr'>ponitur</span> 
     </span>
     <span class='ocr_line' id='line_1_9' title="bbox 435 696 1497 748; baseline -0.006 -12"><span class='ocrx_word' id='word_1_40' title='bbox 435 700 534 737; x_wconf 90' lang='lat' dir='ltr'>circa</span> <span class='ocrx_word' id='word_1_41' title='bbox 561 700 661 748; x_wconf 90' lang='lat' dir='ltr'>ipsas</span> <span class='ocrx_word' id='word_1_42' title='bbox 690 707 855 736; x_wconf 90' lang='lat' dir='ltr'>naturas.</span> <span class='ocrx_word' id='word_1_43' title='bbox 893 700 941 735; x_wconf 92' lang='lat' dir='ltr'>Et</span> <span class='ocrx_word' id='word_1_44' title='bbox 968 698 1076 742; x_wconf 90' lang='lat' dir='ltr'>ideo,</span> <span class='ocrx_word' id='word_1_45' title='bbox 1107 696 1136 732; x_wconf 92' lang='lat' dir='ltr'>si</span> <span class='ocrx_word' id='word_1_46' title='bbox 1165 696 1302 732; x_wconf 86' lang='lat' dir='ltr'>ambae</span> <span class='ocrx_word' id='word_1_47' title='bbox 1339 703 1497 732; x_wconf 89' lang='lat' dir='ltr'>naturae</span> 
     </span>
     <span class='ocr_line' id='line_1_10' title="bbox 436 748 1497 800; baseline -0.006 -11"><span class='ocrx_word' id='word_1_48' title='bbox 436 753 475 789; x_wconf 92' lang='lat' dir='ltr'>in</span> <span class='ocrx_word' id='word_1_49' title='bbox 503 753 689 789; x_wconf 91' lang='lat' dir='ltr'>abstracto</span> <span class='ocrx_word' id='word_1_50' title='bbox 717 751 1026 800; x_wconf 86' lang='lat' dir='ltr'>praedicarentur</span> <span class='ocrx_word' id='word_1_51' title='bbox 1053 750 1101 786; x_wconf 93' lang='lat' dir='ltr'>de</span> <span class='ocrx_word' id='word_1_52' title='bbox 1131 748 1294 794; x_wconf 91' lang='lat' dir='ltr'>Christo,</span> <span class='ocrx_word' id='word_1_53' title='bbox 1320 759 1497 796; x_wconf 90' lang='lat' dir='ltr'>sequere-</span> 
     </span>
     <span class='ocr_line' id='line_1_11' title="bbox 434 800 1497 854; baseline -0.006 -13"><span class='ocrx_word' id='word_1_54' title='bbox 434 813 497 841; x_wconf 88' lang='lat' dir='ltr'>tur</span> <span class='ocrx_word' id='word_1_55' title='bbox 524 805 630 854; x_wconf 92' lang='lat' dir='ltr'>quod</span> <span class='ocrx_word' id='word_1_56' title='bbox 660 804 831 840; x_wconf 90' lang='lat' dir='ltr'>Christus</span> <span class='ocrx_word' id='word_1_57' title='bbox 851 811 948 839; x_wconf 91' lang='lat' dir='ltr'>esset</span> <span class='ocrx_word' id='word_1_58' title='bbox 967 803 1057 839; x_wconf 92' lang='lat' dir='ltr'>duo.</span> <span class='ocrx_word' id='word_1_59' title='bbox 1089 801 1165 838; x_wconf 89' lang='lat' dir='ltr'>Sed</span> <span class='ocrx_word' id='word_1_60' title='bbox 1189 800 1279 849; x_wconf 92' lang='lat' dir='ltr'>quia</span> <span class='ocrx_word' id='word_1_61' title='bbox 1308 800 1407 836; x_wconf 86' lang='lat' dir='ltr'>duae</span> <span class='ocrx_word' id='word_1_62' title='bbox 1431 811 1497 837; x_wconf 90' lang='lat' dir='ltr'>na-</span> 
     </span>
     <span class='ocr_line' id='line_1_12' title="bbox 435 852 1497 904; baseline -0.006 -10"><span class='ocrx_word' id='word_1_63' title='bbox 435 865 541 894; x_wconf 91' lang='lat' dir='ltr'>turae</span> <span class='ocrx_word' id='word_1_64' title='bbox 569 869 649 893; x_wconf 90' lang='lat' dir='ltr'>non</span> <span class='ocrx_word' id='word_1_65' title='bbox 677 856 945 904; x_wconf 87' lang='lat' dir='ltr'>praedicantur</span> <span class='ocrx_word' id='word_1_66' title='bbox 963 856 1011 891; x_wconf 92' lang='lat' dir='ltr'>de</span> <span class='ocrx_word' id='word_1_67' title='bbox 1032 854 1183 891; x_wconf 90' lang='lat' dir='ltr'>Christo</span> <span class='ocrx_word' id='word_1_68' title='bbox 1212 853 1283 889; x_wconf 92' lang='lat' dir='ltr'>nisi</span> <span class='ocrx_word' id='word_1_69' title='bbox 1311 860 1427 901; x_wconf 90' lang='lat' dir='ltr'>prout</span> <span class='ocrx_word' id='word_1_70' title='bbox 1451 852 1497 889; x_wconf 94' lang='lat' dir='ltr'>si-</span> 
     </span>
     <span class='ocr_line' id='line_1_13' title="bbox 433 905 1497 958; baseline -0.005 -12"><span class='ocrx_word' id='word_1_71' title='bbox 433 909 663 958; x_wconf 86' lang='lat' dir='ltr'>gnificantur</span> <span class='ocrx_word' id='word_1_72' title='bbox 689 909 728 944; x_wconf 90' lang='lat' dir='ltr'>in</span> <span class='ocrx_word' id='word_1_73' title='bbox 757 908 978 956; x_wconf 78' lang='lat' dir='ltr'>supposito,</span> <span class='ocrx_word' id='word_1_74' title='bbox 1009 914 1158 955; x_wconf 87' lang='lat' dir='ltr'>oportet</span> <span class='ocrx_word' id='word_1_75' title='bbox 1195 905 1412 942; x_wconf 89' lang='lat' dir='ltr'>secundum</span> <span class='ocrx_word' id='word_1_76' title='bbox 1440 916 1497 942; x_wconf 90' lang='lat' dir='ltr'>ra-</span> 
     </span>
     <span class='ocr_line' id='line_1_14' title="bbox 435 958 1498 1009; baseline -0.004 -11"><span class='ocrx_word' id='word_1_77' title='bbox 435 963 579 998; x_wconf 88' lang='lat' dir='ltr'>tionem</span> <span class='ocrx_word' id='word_1_78' title='bbox 608 960 794 1009; x_wconf 89' lang='lat' dir='ltr'>suppositi</span> <span class='ocrx_word' id='word_1_79' title='bbox 813 959 1023 1009; x_wconf 90' lang='lat' dir='ltr'>praedicari</span> <span class='ocrx_word' id='word_1_80' title='bbox 1052 959 1099 995; x_wconf 92' lang='lat' dir='ltr'>de</span> <span class='ocrx_word' id='word_1_81' title='bbox 1130 958 1281 995; x_wconf 91' lang='lat' dir='ltr'>Christo</span> <span class='ocrx_word' id='word_1_82' title='bbox 1301 971 1418 995; x_wconf 86' lang='lat' dir='ltr'>unum</span> <span class='ocrx_word' id='word_1_83' title='bbox 1436 959 1498 995; x_wconf 89' lang='lat' dir='ltr'>vel</span> 
     </span>
     <span class='ocr_line' id='line_1_15' title="bbox 434 1010 1497 1061; baseline -0.004 -10"><span class='ocrx_word' id='word_1_84' title='bbox 434 1015 516 1051; x_wconf 86' lang='lat' dir='ltr'>duo.</span> <span class='ocrx_word' id='word_1_85' title='bbox 548 1014 719 1060; x_wconf 90' lang='lat' dir='ltr'>Quidam</span> <span class='ocrx_word' id='word_1_86' title='bbox 748 1021 877 1049; x_wconf 89' lang='lat' dir='ltr'>autem</span> <span class='ocrx_word' id='word_1_87' title='bbox 897 1013 916 1034; x_wconf 72' lang='lat'>&#39;¹‘</span> <span class='ocrx_word' id='word_1_88' title='bbox 943 1019 1157 1061; x_wconf 88' lang='lat' dir='ltr'>posuerunt</span> <span class='ocrx_word' id='word_1_89' title='bbox 1185 1011 1223 1047; x_wconf 91' lang='lat' dir='ltr'>in</span> <span class='ocrx_word' id='word_1_90' title='bbox 1245 1010 1397 1048; x_wconf 91' lang='lat' dir='ltr'>Christo</span> <span class='ocrx_word' id='word_1_91' title='bbox 1417 1011 1497 1048; x_wconf 89' lang='lat' dir='ltr'>duo</span> 
     </span>
     <span class='ocr_line' id='line_1_16' title="bbox 435 1063 1498 1115; baseline -0.004 -11"><span class='ocrx_word' id='word_1_92' title='bbox 435 1066 650 1115; x_wconf 88' lang='lat' dir='ltr'>supposita,</span> <span class='ocrx_word' id='word_1_93' title='bbox 682 1066 746 1101; x_wconf 91' lang='lat' dir='ltr'>sed</span> <span class='ocrx_word' id='word_1_94' title='bbox 776 1077 896 1102; x_wconf 90' lang='lat' dir='ltr'>unam</span> <span class='ocrx_word' id='word_1_95' title='bbox 933 1076 1160 1114; x_wconf 88' lang='lat' dir='ltr'>personam:</span> <span class='ocrx_word' id='word_1_96' title='bbox 1201 1075 1301 1113; x_wconf 90' lang='lat' dir='ltr'>quae</span> <span class='ocrx_word' id='word_1_97' title='bbox 1338 1063 1498 1113; x_wconf 91' lang='lat' dir='ltr'>quidem</span> 
     </span>
     <span class='ocr_line' id='line_1_17' title="bbox 434 1116 1496 1166; baseline -0.003 -10"><span class='ocrx_word' id='word_1_98' title='bbox 434 1120 584 1156; x_wconf 89' lang='lat' dir='ltr'>videtur</span> <span class='ocrx_word' id='word_1_99' title='bbox 612 1131 651 1155; x_wconf 93' lang='lat' dir='ltr'>se</span> <span class='ocrx_word' id='word_1_100' title='bbox 680 1119 833 1164; x_wconf 87' lang='lat' dir='ltr'>habere,</span> <span class='ocrx_word' id='word_1_101' title='bbox 855 1117 1072 1154; x_wconf 90' lang='lat' dir='ltr'>secundum</span> <span class='ocrx_word' id='word_1_102' title='bbox 1100 1128 1238 1153; x_wconf 88' lang='lat' dir='ltr'>eorum</span> <span class='ocrx_word' id='word_1_103' title='bbox 1258 1116 1496 1166; x_wconf 88' lang='lat' dir='ltr'>opinionem,</span> 
     </span>
     <span class='ocr_line' id='line_1_18' title="bbox 433 1169 1497 1221; baseline -0.003 -12"><span class='ocrx_word' id='word_1_104' title='bbox 433 1180 617 1221; x_wconf 90' lang='lat' dir='ltr'>tanquam</span> <span class='ocrx_word' id='word_1_105' title='bbox 646 1170 890 1220; x_wconf 88' lang='lat' dir='ltr'>suppositum</span> <span class='ocrx_word' id='word_1_106' title='bbox 909 1171 1147 1218; x_wconf 89' lang='lat' dir='ltr'>completum</span> <span class='ocrx_word' id='word_1_107' title='bbox 1175 1169 1310 1206; x_wconf 88' lang='lat' dir='ltr'>ultima</span> <span class='ocrx_word' id='word_1_108' title='bbox 1327 1170 1497 1219; x_wconf 91' lang='lat' dir='ltr'>comple-</span> 
     </span>
     <span class='ocr_line' id='line_1_19' title="bbox 433 1221 1497 1272; baseline -0.003 -11"><span class='ocrx_word' id='word_1_109' title='bbox 433 1225 547 1262; x_wconf 87' lang='lat' dir='ltr'>tione.</span> <span class='ocrx_word' id='word_1_110' title='bbox 588 1225 635 1261; x_wconf 88' lang='lat' dir='ltr'>Et</span> <span class='ocrx_word' id='word_1_111' title='bbox 663 1224 771 1270; x_wconf 90' lang='lat' dir='ltr'>ideo,</span> <span class='ocrx_word' id='word_1_112' title='bbox 801 1223 891 1272; x_wconf 91' lang='lat' dir='ltr'>quia</span> <span class='ocrx_word' id='word_1_113' title='bbox 927 1222 1124 1271; x_wconf 90' lang='lat' dir='ltr'>ponebant</span> <span class='ocrx_word' id='word_1_114' title='bbox 1158 1221 1198 1258; x_wconf 88' lang='lat' dir='ltr'>in</span> <span class='ocrx_word' id='word_1_115' title='bbox 1227 1222 1379 1259; x_wconf 90' lang='lat' dir='ltr'>Christo</span> <span class='ocrx_word' id='word_1_116' title='bbox 1417 1223 1497 1259; x_wconf 92' lang='lat' dir='ltr'>duo</span> 
     </span>
     <span class='ocr_line' id='line_1_20' title="bbox 434 1274 1497 1326; baseline -0.004 -11"><span class='ocrx_word' id='word_1_117' title='bbox 434 1277 649 1326; x_wconf 90' lang='lat' dir='ltr'>supposita,</span> <span class='ocrx_word' id='word_1_118' title='bbox 679 1276 854 1313; x_wconf 87' lang='lat' dir='ltr'>dicebant</span> <span class='ocrx_word' id='word_1_119' title='bbox 884 1275 1080 1312; x_wconf 88' lang='lat' dir='ltr'>Christum</span> <span class='ocrx_word' id='word_1_120' title='bbox 1109 1287 1190 1312; x_wconf 92' lang='lat' dir='ltr'>esse</span> <span class='ocrx_word' id='word_1_121' title='bbox 1219 1275 1292 1312; x_wconf 88' lang='lat' dir='ltr'>duo</span> <span class='ocrx_word' id='word_1_122' title='bbox 1319 1274 1497 1312; x_wconf 90' lang='lat' dir='ltr'>neutrali-</span> 
     </span>
     <span class='ocr_line' id='line_1_21' title="bbox 434 1327 1497 1378; baseline -0.003 -11"><span class='ocrx_word' id='word_1_123' title='bbox 434 1339 511 1376; x_wconf 87' lang='lat' dir='ltr'>ter;</span> <span class='ocrx_word' id='word_1_124' title='bbox 550 1330 617 1366; x_wconf 93' lang='lat' dir='ltr'>sed</span> <span class='ocrx_word' id='word_1_125' title='bbox 645 1329 735 1378; x_wconf 92' lang='lat' dir='ltr'>quia</span> <span class='ocrx_word' id='word_1_126' title='bbox 762 1329 957 1378; x_wconf 89' lang='lat' dir='ltr'>ponebant</span> <span class='ocrx_word' id='word_1_127' title='bbox 985 1340 1104 1365; x_wconf 89' lang='lat' dir='ltr'>unam</span> <span class='ocrx_word' id='word_1_128' title='bbox 1138 1339 1367 1377; x_wconf 87' lang='lat' dir='ltr'>personam,</span> <span class='ocrx_word' id='word_1_129' title='bbox 1397 1327 1497 1364; x_wconf 92' lang='lat' dir='ltr'>dice-</span> 
     </span>
     <span class='ocr_line' id='line_1_22' title="bbox 434 1381 1497 1420; baseline -0.003 0"><span class='ocrx_word' id='word_1_130' title='bbox 434 1384 525 1420; x_wconf 90' lang='lat' dir='ltr'>bant</span> <span class='ocrx_word' id='word_1_131' title='bbox 545 1382 740 1420; x_wconf 90' lang='lat' dir='ltr'>Christum</span> <span class='ocrx_word' id='word_1_132' title='bbox 760 1394 840 1418; x_wconf 89' lang='lat' dir='ltr'>esse</span> <span class='ocrx_word' id='word_1_133' title='bbox 861 1394 977 1418; x_wconf 87' lang='lat' dir='ltr'>unum</span> <span class='ocrx_word' id='word_1_134' title='bbox 996 1381 1207 1418; x_wconf 89' lang='lat' dir='ltr'>masculine</span> <span class='ocrx_word' id='word_1_135' title='bbox 1227 1386 1266 1417; x_wconf 74' lang='lat'>⁷¹:</span> <span class='ocrx_word' id='word_1_136' title='bbox 1291 1392 1384 1418; x_wconf 90' lang='lat' dir='ltr'>nam</span> <span class='ocrx_word' id='word_1_137' title='bbox 1403 1393 1497 1417; x_wconf 91' lang='lat' dir='ltr'>neu-</span> 
     </span>
     <span class='ocr_line' id='line_1_23' title="bbox 434 1433 1497 1483; baseline -0.002 -11"><span class='ocrx_word' id='word_1_138' title='bbox 434 1444 537 1472; x_wconf 87' lang='lat' dir='ltr'>trum</span> <span class='ocrx_word' id='word_1_139' title='bbox 574 1448 693 1483; x_wconf 84' lang='lat' dir='ltr'>genus</span> <span class='ocrx_word' id='word_1_140' title='bbox 731 1434 900 1482; x_wconf 85' lang='lat' dir='ltr'>designat</span> <span class='ocrx_word' id='word_1_141' title='bbox 938 1433 1122 1483; x_wconf 88' lang='lat' dir='ltr'>quiddam</span> <span class='ocrx_word' id='word_1_142' title='bbox 1162 1433 1324 1470; x_wconf 86' lang='lat' dir='ltr'>informe</span> <span class='ocrx_word' id='word_1_143' title='bbox 1363 1440 1400 1470; x_wconf 88' lang='lat' dir='ltr'>et</span> <span class='ocrx_word' id='word_1_144' title='bbox 1427 1433 1497 1470; x_wconf 90' lang='lat' dir='ltr'>im-</span> 
     </span>
     <span class='ocr_line' id='line_1_24' title="bbox 434 1485 1499 1538; baseline -0.002 -13"><span class='ocrx_word' id='word_1_145' title='bbox 434 1489 663 1538; x_wconf 82' lang='lat' dir='ltr'>perfectum;</span> <span class='ocrx_word' id='word_1_146' title='bbox 706 1499 826 1535; x_wconf 83' lang='lat' dir='ltr'>genus</span> <span class='ocrx_word' id='word_1_147' title='bbox 865 1495 994 1524; x_wconf 91' lang='lat' dir='ltr'>autem</span> <span class='ocrx_word' id='word_1_148' title='bbox 1032 1486 1290 1523; x_wconf 88' lang='lat' dir='ltr'>masculinum</span> <span class='ocrx_word' id='word_1_149' title='bbox 1328 1485 1499 1534; x_wconf 80' lang='lat' dir='ltr'>designat</span> 
     </span>
     <span class='ocr_line' id='line_1_25' title="bbox 435 1538 1498 1590; baseline -0.003 -12"><span class='ocrx_word' id='word_1_150' title='bbox 435 1541 620 1590; x_wconf 90' lang='lat' dir='ltr'>quiddam</span> <span class='ocrx_word' id='word_1_151' title='bbox 656 1541 860 1576; x_wconf 88' lang='lat' dir='ltr'>formatum</span> <span class='ocrx_word' id='word_1_152' title='bbox 898 1548 934 1576; x_wconf 91' lang='lat' dir='ltr'>et</span> <span class='ocrx_word' id='word_1_153' title='bbox 962 1540 1184 1588; x_wconf 88' lang='lat' dir='ltr'>perfectum.</span> <span class='ocrx_word' id='word_1_154' title='bbox 1222 1562 1247 1565; x_wconf 96' lang='lat'><strong>—</strong></span> <span class='ocrx_word' id='word_1_155' title='bbox 1279 1538 1498 1576; x_wconf 90' lang='lat' dir='ltr'>Nestoriani</span> 
     </span>
     <span class='ocr_line' id='line_1_26' title="bbox 434 1591 1498 1642; baseline -0.003 -11"><span class='ocrx_word' id='word_1_156' title='bbox 434 1602 584 1640; x_wconf 89' lang='lat' dir='ltr'>autem,</span> <span class='ocrx_word' id='word_1_157' title='bbox 614 1601 801 1642; x_wconf 90' lang='lat' dir='ltr'>ponentes</span> <span class='ocrx_word' id='word_1_158' title='bbox 830 1593 867 1629; x_wconf 92' lang='lat' dir='ltr'>in</span> <span class='ocrx_word' id='word_1_159' title='bbox 898 1593 1049 1629; x_wconf 91' lang='lat' dir='ltr'>Christo</span> <span class='ocrx_word' id='word_1_160' title='bbox 1083 1592 1179 1629; x_wconf 90' lang='lat' dir='ltr'>duas</span> <span class='ocrx_word' id='word_1_161' title='bbox 1207 1603 1412 1641; x_wconf 88' lang='lat' dir='ltr'>personas,</span> <span class='ocrx_word' id='word_1_162' title='bbox 1443 1591 1498 1628; x_wconf 87' lang='lat' dir='ltr'>cli-</span> 
     </span>
     <span class='ocr_line' id='line_1_27' title="bbox 434 1644 1497 1692; baseline -0.002 -9"><span class='ocrx_word' id='word_1_163' title='bbox 434 1648 569 1683; x_wconf 90' lang='lat' dir='ltr'>cebant</span> <span class='ocrx_word' id='word_1_164' title='bbox 590 1645 784 1683; x_wconf 87' lang='lat' dir='ltr'>Christum</span> <span class='ocrx_word' id='word_1_165' title='bbox 805 1657 884 1682; x_wconf 90' lang='lat' dir='ltr'>non</span> <span class='ocrx_word' id='word_1_166' title='bbox 914 1646 1040 1682; x_wconf 91' lang='lat' dir='ltr'>solum</span> <span class='ocrx_word' id='word_1_167' title='bbox 1060 1657 1142 1682; x_wconf 92' lang='lat' dir='ltr'>esse</span> <span class='ocrx_word' id='word_1_168' title='bbox 1171 1645 1243 1682; x_wconf 85' lang='lat' dir='ltr'>duo</span> <span class='ocrx_word' id='word_1_169' title='bbox 1267 1644 1497 1692; x_wconf 88' lang='lat' dir='ltr'>neutraliter,</span> 
     </span>
     <span class='ocr_line' id='line_1_28' title="bbox 434 1697 1498 1746; baseline -0.002 -10"><span class='ocrx_word' id='word_1_170' title='bbox 434 1700 501 1736; x_wconf 88' lang='lat' dir='ltr'>sed</span> <span class='ocrx_word' id='word_1_171' title='bbox 529 1699 643 1736; x_wconf 88' lang='lat' dir='ltr'>etiarn</span> <span class='ocrx_word' id='word_1_172' title='bbox 672 1699 763 1736; x_wconf 88' lang='lat' dir='ltr'>duos</span> <span class='ocrx_word' id='word_1_173' title='bbox 788 1698 1010 1735; x_wconf 89' lang='lat' dir='ltr'>masculine.</span> <span class='ocrx_word' id='word_1_174' title='bbox 1041 1720 1066 1724; x_wconf 94' lang='lat'><strong>—</strong></span> <span class='ocrx_word' id='word_1_175' title='bbox 1095 1697 1198 1745; x_wconf 86' lang='lat' dir='ltr'>Quia</span> <span class='ocrx_word' id='word_1_176' title='bbox 1217 1709 1310 1734; x_wconf 90' lang='lat' dir='ltr'>vero</span> <span class='ocrx_word' id='word_1_177' title='bbox 1330 1710 1402 1734; x_wconf 91' lang='lat' dir='ltr'>nos</span> <span class='ocrx_word' id='word_1_178' title='bbox 1429 1709 1498 1746; x_wconf 93' lang='lat' dir='ltr'>po-</span> 
     </span>
     <span class='ocr_line' id='line_1_29' title="bbox 434 1752 1498 1800; baseline -0.002 -11"><span class='ocrx_word' id='word_1_179' title='bbox 434 1753 562 1789; x_wconf 91' lang='lat' dir='ltr'>nimus</span> <span class='ocrx_word' id='word_1_180' title='bbox 591 1752 630 1788; x_wconf 92' lang='lat' dir='ltr'>in</span> <span class='ocrx_word' id='word_1_181' title='bbox 660 1752 811 1788; x_wconf 90' lang='lat' dir='ltr'>Christo</span> <span class='ocrx_word' id='word_1_182' title='bbox 831 1763 952 1788; x_wconf 89' lang='lat' dir='ltr'>unam</span> <span class='ocrx_word' id='word_1_183' title='bbox 980 1763 1189 1800; x_wconf 89' lang='lat' dir='ltr'>personam</span> <span class='ocrx_word' id='word_1_184' title='bbox 1209 1758 1244 1787; x_wconf 93' lang='lat' dir='ltr'>et</span> <span class='ocrx_word' id='word_1_185' title='bbox 1264 1762 1389 1787; x_wconf 90' lang='lat' dir='ltr'>unum</span> <span class='ocrx_word' id='word_1_186' title='bbox 1409 1762 1498 1800; x_wconf 92' lang='lat' dir='ltr'>sup-</span> 
     </span>
    </p>
   </div>
   <div class='ocr_carea' id='block_1_4' title="bbox 307 1803 1499 1855">
    <p class='ocr_par' dir='ltr' id='par_1_5' title="bbox 307 1803 1499 1855">
     <span class='ocr_line' id='line_1_30' title="bbox 307 1803 1499 1855; baseline -0.002 -13"><span class='ocrx_word' id='word_1_187' title='bbox 307 1817 331 1832; x_wconf 65' lang='lat' dir='ltr'>ar</span> <span class='ocrx_word' id='word_1_188' title='bbox 358 1817 378 1837; x_wconf 58' lang='lat'>2⁷</span> <span class='ocrx_word' id='word_1_189' title='bbox 401 1827 405 1831; x_wconf 81' lang='lat'><strong>·</strong></span> <span class='ocrx_word' id='word_1_190' title='bbox 434 1805 614 1855; x_wconf 89' lang='lat' dir='ltr'>positum,</span> <span class='ocrx_word' id='word_1_191' title='bbox 644 1813 686 1841; x_wconf 92' lang='lat' dir='ltr'>ut</span> <span class='ocrx_word' id='word_1_192' title='bbox 714 1817 760 1841; x_wconf 89' lang='lat' dir='ltr'>ex</span> <span class='ocrx_word' id='word_1_193' title='bbox 788 1803 989 1853; x_wconf 91' lang='lat' dir='ltr'>praedictis</span> <span class='ocrx_word' id='word_1_194' title='bbox 1008 1803 1028 1826; x_wconf 71' lang='lat'>‘¹‘</span> <span class='ocrx_word' id='word_1_195' title='bbox 1055 1811 1170 1852; x_wconf 90' lang='lat' dir='ltr'>patet,</span> <span class='ocrx_word' id='word_1_196' title='bbox 1191 1803 1363 1853; x_wconf 89' lang='lat' dir='ltr'>sequitur</span> <span class='ocrx_word' id='word_1_197' title='bbox 1391 1803 1499 1852; x_wconf 93' lang='lat' dir='ltr'>quod</span> 
     </span>
    </p>
   </div>
   <div class='ocr_carea' id='block_1_5' title="bbox 194 1912 314 1940">
    <p class='ocr_par' dir='ltr' id='par_1_6' title="bbox 194 1912 314 1940">
     <span class='ocr_line' id='line_1_31' title="bbox 194 1912 314 1940; baseline -0.008 -6"><span class='ocrx_word' id='word_1_198' title='bbox 194 1916 203 1924; x_wconf 77' lang='lat'>⁸</span> <span class='ocrx_word' id='word_1_199' title='bbox 221 1913 248 1934; x_wconf 90' lang='lat' dir='ltr'>D.</span> <span class='ocrx_word' id='word_1_200' title='bbox 264 1912 314 1940; x_wconf 83' lang='lat'>598.</span> 
     </span>
    </p>
   </div>
   <div class='ocr_carea' id='block_1_6' title="bbox 208 2758 407 2812">
    <p class='ocr_par' dir='ltr' id='par_1_7' title="bbox 208 2758 407 2812">
     <span class='ocr_line' id='line_1_32' title="bbox 208 2758 407 2786; baseline 0.005 -7"><span class='ocrx_word' id='word_1_201' title='bbox 208 2760 217 2768; x_wconf 76' lang='lat'>⁸</span> <span class='ocrx_word' id='word_1_202' title='bbox 226 2758 281 2786; x_wconf 81' lang='lat' dir='ltr'>Cap.</span> <span class='ocrx_word' id='word_1_203' title='bbox 290 2765 320 2779; x_wconf 57' lang='lat' dir='ltr'>xi.</span> <span class='ocrx_word' id='word_1_204' title='bbox 330 2759 407 2780; x_wconf 75' lang='lat' dir='ltr'>-Imer</span> 
     </span>
     <span class='ocr_line' id='line_1_33' title="bbox 208 2785 346 2812; baseline 0.007 -7"><span class='ocrx_word' id='word_1_205' title='bbox 208 2785 270 2812; x_wconf 85' lang='lat' dir='ltr'>Opp.</span> <span class='ocrx_word' id='word_1_206' title='bbox 285 2787 346 2812; x_wconf 84' lang='lat' dir='ltr'>Aug.</span> 
     </span>
    </p>
   </div>
   <div class='ocr_carea' id='block_1_7' title="bbox 307 2918 319 2943">
    <p class='ocr_par' dir='ltr' id='par_1_8' title="bbox 307 2918 319 2943">
     <span class='ocr_line' id='line_1_34' title="bbox 307 2918 319 2943; baseline 0 0"><span class='ocrx_word' id='word_1_207' title='bbox 307 2918 319 2943; x_wconf 85' lang='lat'>0</span> 
     </span>
    </p>
   </div>
   <div class='ocr_carea' id='block_1_8' title="bbox 213 3019 421 3093">
    <p class='ocr_par' dir='ltr' id='par_1_9' title="bbox 213 3019 421 3093">
     <span class='ocr_line' id='line_1_35' title="bbox 215 3019 421 3066; baseline 0 -26"><span class='ocrx_word' id='word_1_208' title='bbox 215 3021 223 3029; x_wconf 81' lang='lat'>⁸</span> <span class='ocrx_word' id='word_1_209' title='bbox 242 3019 313 3066; x_wconf 64' lang='lat' dir='ltr'>Epist.</span> <span class='ocrx_word' id='word_1_210' title='bbox 332 3019 369 3043; x_wconf 74' lang='lat' dir='ltr'>Cl,</span> <span class='ocrx_word' id='word_1_211' title='bbox 389 3020 421 3040; x_wconf 79' lang='lat' dir='ltr'>ad</span> 
     </span>
     <span class='ocr_line' id='line_1_36' title="bbox 213 3045 420 3093; baseline 0.005 -27"><span class='ocrx_word' id='word_1_212' title='bbox 213 3045 259 3093; x_wconf 49' lang='lat' dir='ltr'>gf</span> <span class='ocrx_word' id='word_1_213' title='bbox 270 3045 300 3093; x_wconf 47' lang='lat' dir='ltr'>id..</span> <span class='ocrx_word' id='word_1_214' title='bbox 317 3051 332 3072; x_wconf 74' lang='grc' dir='ltr'>ι,</span> <span class='ocrx_word' id='word_1_215' title='bbox 344 3047 372 3066; x_wconf 79' lang='lat' dir='ltr'>nl.</span> <span class='ocrx_word' id='word_1_216' title='bbox 389 3047 420 3067; x_wconf 88' lang='lat'>0-</span> 
     </span>
    </p>
   </div>
   <div class='ocr_carea' id='block_1_9' title="bbox 434 1858 1506 2753">
    <p class='ocr_par' dir='ltr' id='par_1_10' title="bbox 434 1858 1499 1958">
     <span class='ocr_line' id='line_1_37' title="bbox 435 1858 1499 1907; baseline -0.002 -12"><span class='ocrx_word' id='word_1_217' title='bbox 435 1859 607 1895; x_wconf 90' lang='lat' dir='ltr'>dicamus</span> <span class='ocrx_word' id='word_1_218' title='bbox 636 1858 742 1907; x_wconf 91' lang='lat' dir='ltr'>quod</span> <span class='ocrx_word' id='word_1_219' title='bbox 771 1869 851 1894; x_wconf 91' lang='lat' dir='ltr'>non</span> <span class='ocrx_word' id='word_1_220' title='bbox 879 1859 1006 1894; x_wconf 90' lang='lat' dir='ltr'>solum</span> <span class='ocrx_word' id='word_1_221' title='bbox 1030 1858 1194 1893; x_wconf 80' lang='lat' dir='ltr'>Christus</span> <span class='ocrx_word' id='word_1_222' title='bbox 1222 1862 1272 1893; x_wconf 91' lang='lat' dir='ltr'>est</span> <span class='ocrx_word' id='word_1_223' title='bbox 1296 1869 1391 1893; x_wconf 89' lang='lat' dir='ltr'>unus</span> <span class='ocrx_word' id='word_1_224' title='bbox 1418 1869 1499 1893; x_wconf 88' lang='lat' dir='ltr'>ma-</span> 
     </span>
     <span class='ocr_line' id='line_1_38' title="bbox 434 1908 1349 1958; baseline -0.002 -10"><span class='ocrx_word' id='word_1_225' title='bbox 434 1911 590 1958; x_wconf 89' lang='lat' dir='ltr'>sculine,</span> <span class='ocrx_word' id='word_1_226' title='bbox 621 1911 688 1947; x_wconf 92' lang='lat' dir='ltr'>sed</span> <span class='ocrx_word' id='word_1_227' title='bbox 716 1910 831 1947; x_wconf 90' lang='lat' dir='ltr'>etiarn</span> <span class='ocrx_word' id='word_1_228' title='bbox 860 1916 910 1947; x_wconf 87' lang='lat' dir='ltr'>est</span> <span class='ocrx_word' id='word_1_229' title='bbox 938 1922 1053 1947; x_wconf 86' lang='lat' dir='ltr'>unum</span> <span class='ocrx_word' id='word_1_230' title='bbox 1082 1909 1301 1946; x_wconf 85' lang='lat' dir='ltr'>neutraliter</span> <span class='ocrx_word' id='word_1_231' title='bbox 1318 1908 1349 1946; x_wconf 70' lang='lat'>²¹².</span> 
     </span>
    </p>

    <p class='ocr_par' dir='ltr' id='par_1_11' title="bbox 434 1961 1503 2543">
     <span class='ocr_line' id='line_1_39' title="bbox 486 1961 1500 2011; baseline -0.002 -11"><span class='ocrx_word' id='word_1_232' title='bbox 486 1966 542 2001; x_wconf 81' lang='lat' dir='ltr'>An</span> <span class='ocrx_word' id='word_1_233' title='bbox 572 1976 707 2001; x_wconf 81' lang='lat' dir='ltr'>PRIMUM</span> <span class='ocrx_word' id='word_1_234' title='bbox 736 1975 833 2000; x_wconf 82' lang='lat' dir='ltr'>ERGO</span> <span class='ocrx_word' id='word_1_235' title='bbox 862 1975 1043 2000; x_wconf 70' lang='lat' dir='ltr'>mcaNDUM</span> <span class='ocrx_word' id='word_1_236' title='bbox 1072 1962 1180 2011; x_wconf 91' lang='lat' dir='ltr'>quod</span> <span class='ocrx_word' id='word_1_237' title='bbox 1207 1962 1373 1999; x_wconf 89' lang='lat' dir='ltr'>verbum</span> <span class='ocrx_word' id='word_1_238' title='bbox 1406 1961 1500 1998; x_wconf 90' lang='lat' dir='ltr'>illud</span> 
     </span>
     <span class='ocr_line' id='line_1_40' title="bbox 435 2015 1500 2065; baseline -0.003 -11"><span class='ocrx_word' id='word_1_239' title='bbox 435 2017 635 2065; x_wconf 87' lang='lat' dir='ltr'>Augustini</span> <span class='ocrx_word' id='word_1_240' title='bbox 650 2029 729 2053; x_wconf 93' lang='lat' dir='ltr'>non</span> <span class='ocrx_word' id='word_1_241' title='bbox 745 2024 800 2053; x_wconf 92' lang='lat' dir='ltr'>est</span> <span class='ocrx_word' id='word_1_242' title='bbox 815 2016 868 2052; x_wconf 92' lang='lat' dir='ltr'>sic</span> <span class='ocrx_word' id='word_1_243' title='bbox 883 2015 1170 2064; x_wconf 87' lang='lat' dir='ltr'>intelligendum</span> <span class='ocrx_word' id='word_1_244' title='bbox 1185 2015 1292 2064; x_wconf 90' lang='lat' dir='ltr'>quod</span> <span class='ocrx_word' id='word_1_245' title='bbox 1307 2016 1345 2064; x_wconf 92' lang='lat' dir='ltr'>ly</span> <span class='ocrx_word' id='word_1_246' title='bbox 1361 2020 1500 2052; x_wconf 89' lang='lat' dir='ltr'>utrum-</span> 
     </span>
     <span class='ocr_line' id='line_1_41' title="bbox 436 2067 1500 2120; baseline -0.003 -13"><span class='ocrx_word' id='word_1_247' title='bbox 436 2083 505 2120; x_wconf 85' lang='lat' dir='ltr'>que</span> <span class='ocrx_word' id='word_1_248' title='bbox 518 2078 691 2106; x_wconf 87' lang='lat' dir='ltr'>teneatur</span> <span class='ocrx_word' id='word_1_249' title='bbox 709 2082 756 2106; x_wconf 93' lang='lat' dir='ltr'>ex</span> <span class='ocrx_word' id='word_1_250' title='bbox 775 2077 880 2118; x_wconf 90' lang='lat' dir='ltr'>parte</span> <span class='ocrx_word' id='word_1_251' title='bbox 900 2068 1118 2118; x_wconf 89' lang='lat' dir='ltr'>praedicati,</span> <span class='ocrx_word' id='word_1_252' title='bbox 1135 2068 1244 2118; x_wconf 89' lang='lat' dir='ltr'>quasi</span> <span class='ocrx_word' id='word_1_253' title='bbox 1266 2067 1365 2105; x_wconf 91' lang='lat' dir='ltr'>dicat</span> <span class='ocrx_word' id='word_1_254' title='bbox 1393 2068 1500 2117; x_wconf 91' lang='lat' dir='ltr'>quod</span> 
     </span>
     <span class='ocr_line' id='line_1_42' title="bbox 440 2121 1501 2172; baseline -0.003 -12"><span class='ocrx_word' id='word_1_255' title='bbox 440 2124 602 2160; x_wconf 84' lang='lat' dir='ltr'>Christus</span> <span class='ocrx_word' id='word_1_256' title='bbox 628 2125 672 2159; x_wconf 87' lang='lat' dir='ltr'>sit</span> <span class='ocrx_word' id='word_1_257' title='bbox 700 2129 916 2172; x_wconf 83' lang='lat' dir='ltr'>utrumque:</span> <span class='ocrx_word' id='word_1_258' title='bbox 944 2121 1011 2158; x_wconf 88' lang='lat' dir='ltr'>sed</span> <span class='ocrx_word' id='word_1_259' title='bbox 1039 2129 1189 2158; x_wconf 89' lang='lat' dir='ltr'>tenetur</span> <span class='ocrx_word' id='word_1_260' title='bbox 1212 2133 1258 2157; x_wconf 92' lang='lat' dir='ltr'>ex</span> <span class='ocrx_word' id='word_1_261' title='bbox 1277 2128 1383 2170; x_wconf 90' lang='lat' dir='ltr'>parte</span> <span class='ocrx_word' id='word_1_262' title='bbox 1412 2121 1501 2157; x_wconf 94' lang='lat' dir='ltr'>sub-</span> 
     </span>
     <span class='ocr_line' id='line_1_43' title="bbox 436 2172 1501 2225; baseline -0.002 -13"><span class='ocrx_word' id='word_1_263' title='bbox 436 2175 530 2212; x_wconf 89' lang='lat' dir='ltr'>iecti.</span> <span class='ocrx_word' id='word_1_264' title='bbox 561 2177 609 2212; x_wconf 90' lang='lat' dir='ltr'>Et</span> <span class='ocrx_word' id='word_1_265' title='bbox 631 2183 723 2212; x_wconf 91' lang='lat' dir='ltr'>tunc</span> <span class='ocrx_word' id='word_1_266' title='bbox 742 2177 780 2224; x_wconf 90' lang='lat' dir='ltr'>ly</span> <span class='ocrx_word' id='word_1_267' title='bbox 799 2181 994 2225; x_wconf 86' lang='lat' dir='ltr'>utrumque</span> <span class='ocrx_word' id='word_1_268' title='bbox 1012 2174 1181 2224; x_wconf 88' lang='lat' dir='ltr'>ponitur&#39;,</span> <span class='ocrx_word' id='word_1_269' title='bbox 1202 2186 1282 2211; x_wconf 92' lang='lat' dir='ltr'>non</span> <span class='ocrx_word' id='word_1_270' title='bbox 1301 2172 1411 2223; x_wconf 87' lang='lat' dir='ltr'>quasi</span> <span class='ocrx_word' id='word_1_271' title='bbox 1430 2185 1501 2223; x_wconf 92' lang='lat' dir='ltr'>pro</span> 
     </span>
     <span class='ocr_line' id='line_1_44' title="bbox 437 2226 1502 2278; baseline -0.003 -13"><span class='ocrx_word' id='word_1_272' title='bbox 437 2229 590 2265; x_wconf 92' lang='lat' dir='ltr'>duobus</span> <span class='ocrx_word' id='word_1_273' title='bbox 628 2228 855 2278; x_wconf 88' lang='lat' dir='ltr'>suppositis,</span> <span class='ocrx_word' id='word_1_274' title='bbox 886 2228 952 2264; x_wconf 91' lang='lat' dir='ltr'>sed</span> <span class='ocrx_word' id='word_1_275' title='bbox 981 2239 1052 2276; x_wconf 90' lang='lat' dir='ltr'>pro</span> <span class='ocrx_word' id='word_1_276' title='bbox 1086 2227 1241 2264; x_wconf 92' lang='lat' dir='ltr'>duobus</span> <span class='ocrx_word' id='word_1_277' title='bbox 1278 2226 1502 2263; x_wconf 88' lang='lat' dir='ltr'>nominibus</span> 
     </span>
     <span class='ocr_line' id='line_1_45' title="bbox 438 2280 1502 2329; baseline -0.001 -11"><span class='ocrx_word' id='word_1_278' title='bbox 438 2281 736 2329; x_wconf 85' lang='lat' dir='ltr'>significantibus</span> <span class='ocrx_word' id='word_1_279' title='bbox 755 2282 852 2318; x_wconf 90' lang='lat' dir='ltr'>duas</span> <span class='ocrx_word' id='word_1_280' title='bbox 880 2288 1034 2318; x_wconf 85' lang='lat' dir='ltr'>naturas</span> <span class='ocrx_word' id='word_1_281' title='bbox 1054 2280 1094 2317; x_wconf 91' lang='lat' dir='ltr'>in</span> <span class='ocrx_word' id='word_1_282' title='bbox 1114 2287 1304 2317; x_wconf 90' lang='lat' dir='ltr'>concreto.</span> <span class='ocrx_word' id='word_1_283' title='bbox 1335 2280 1502 2317; x_wconf 87' lang='lat' dir='ltr'>Possum</span> 
     </span>
     <span class='ocr_line' id='line_1_46' title="bbox 439 2332 1503 2383; baseline -0.003 -12"><span class='ocrx_word' id='word_1_284' title='bbox 439 2334 542 2371; x_wconf 88' lang='lat' dir='ltr'>enim</span> <span class='ocrx_word' id='word_1_285' title='bbox 579 2334 703 2371; x_wconf 89' lang='lat' dir='ltr'>dicere</span> <span class='ocrx_word' id='word_1_286' title='bbox 741 2334 848 2383; x_wconf 91' lang='lat' dir='ltr'>quod</span> <span class='ocrx_word' id='word_1_287' title='bbox 886 2340 1101 2383; x_wconf 85' lang='lat' dir='ltr'>utrumque,</span> <span class='ocrx_word' id='word_1_288' title='bbox 1141 2332 1280 2369; x_wconf 91' lang='lat' dir='ltr'>scilicet</span> <span class='ocrx_word' id='word_1_289' title='bbox 1319 2333 1427 2369; x_wconf 89' lang='lat' dir='ltr'>Deus</span> <span class='ocrx_word' id='word_1_290' title='bbox 1467 2339 1503 2368; x_wconf 91' lang='lat' dir='ltr'>et</span> 
     </span>
     <span class='ocr_line' id='line_1_47' title="bbox 438 2386 1503 2437; baseline -0.004 -13"><span class='ocrx_word' id='word_1_291' title='bbox 438 2388 577 2434; x_wconf 89' lang='lat' dir='ltr'>homo,</span> <span class='ocrx_word' id='word_1_292' title='bbox 607 2393 658 2424; x_wconf 91' lang='lat' dir='ltr'>est</span> <span class='ocrx_word' id='word_1_293' title='bbox 683 2389 803 2434; x_wconf 86' lang='lat' dir='ltr'>Deus,</span> <span class='ocrx_word' id='word_1_294' title='bbox 827 2393 983 2437; x_wconf 88' lang='lat' dir='ltr'>propter</span> <span class='ocrx_word' id='word_1_295' title='bbox 1020 2387 1258 2436; x_wconf 82' lang='lat' dir='ltr'>accipientem</span> <span class='ocrx_word' id='word_1_296' title='bbox 1287 2386 1430 2421; x_wconf 88' lang='lat' dir='ltr'>Deum:</span> <span class='ocrx_word' id='word_1_297' title='bbox 1467 2391 1503 2420; x_wconf 88' lang='lat' dir='ltr'>et</span> 
     </span>
     <span class='ocr_line' id='line_1_48' title="bbox 439 2439 1503 2489; baseline -0.003 -12"><span class='ocrx_word' id='word_1_298' title='bbox 439 2446 644 2489; x_wconf 85' lang='lat' dir='ltr'>utrumque,</span> <span class='ocrx_word' id='word_1_299' title='bbox 675 2440 813 2477; x_wconf 87' lang='lat' dir='ltr'>scilicet</span> <span class='ocrx_word' id='word_1_300' title='bbox 840 2441 946 2476; x_wconf 91' lang='lat' dir='ltr'>Deus</span> <span class='ocrx_word' id='word_1_301' title='bbox 975 2446 1011 2476; x_wconf 91' lang='lat' dir='ltr'>et</span> <span class='ocrx_word' id='word_1_302' title='bbox 1038 2440 1173 2486; x_wconf 90' lang='lat' dir='ltr'>homo,</span> <span class='ocrx_word' id='word_1_303' title='bbox 1194 2443 1245 2475; x_wconf 90' lang='lat' dir='ltr'>est</span> <span class='ocrx_word' id='word_1_304' title='bbox 1272 2439 1396 2484; x_wconf 88' lang='lat' dir='ltr'>homo,</span> <span class='ocrx_word' id='word_1_305' title='bbox 1412 2449 1503 2487; x_wconf 90' lang='lat' dir='ltr'>pro—</span> 
     </span>
     <span class='ocr_line' id='line_1_49' title="bbox 434 2494 961 2543; baseline -0.002 -13"><span class='ocrx_word' id='word_1_306' title='bbox 434 2499 518 2542; x_wconf 85' lang='lat' dir='ltr'>pter</span> <span class='ocrx_word' id='word_1_307' title='bbox 545 2499 734 2543; x_wconf 87' lang='lat' dir='ltr'>acceptum</span> <span class='ocrx_word' id='word_1_308' title='bbox 762 2494 961 2530; x_wconf 84' lang='lat' dir='ltr'>hominem.</span> 
     </span>
    </p>

    <p class='ocr_par' dir='ltr' id='par_1_12' title="bbox 439 2542 1506 2753">
     <span class='ocr_line' id='line_1_50' title="bbox 493 2542 1504 2593; baseline -0.005 -10"><span class='ocrx_word' id='word_1_309' title='bbox 493 2547 548 2582; x_wconf 83' lang='lat' dir='ltr'>AD</span> <span class='ocrx_word' id='word_1_310' title='bbox 569 2558 758 2583; x_wconf 76' lang='lat' dir='ltr'>SECUNDUM</span> <span class='ocrx_word' id='word_1_311' title='bbox 776 2557 958 2582; x_wconf 83' lang='lat' dir='ltr'>DICENDUM</span> <span class='ocrx_word' id='word_1_312' title='bbox 978 2544 1097 2593; x_wconf 90' lang='lat' dir='ltr'>quod,</span> <span class='ocrx_word' id='word_1_313' title='bbox 1119 2555 1210 2580; x_wconf 92' lang='lat' dir='ltr'>cum</span> <span class='ocrx_word' id='word_1_314' title='bbox 1230 2542 1377 2589; x_wconf 87' lang='lat' dir='ltr'>dicitur,</span> <span class='ocrx_word' id='word_1_315' title='bbox 1398 2543 1504 2579; x_wconf 87' lang='lat' dir='ltr'>Chri-</span> 
     </span>
     <span class='ocr_line' id='line_1_51' title="bbox 439 2595 1504 2644; baseline -0.003 -10"><span class='ocrx_word' id='word_1_316' title='bbox 439 2605 512 2635; x_wconf 84' lang='lat' dir='ltr'>stus</span> <span class='ocrx_word' id='word_1_317' title='bbox 540 2605 590 2635; x_wconf 90' lang='lat' dir='ltr'>est</span> <span class='ocrx_word' id='word_1_318' title='bbox 617 2599 720 2636; x_wconf 87' lang='lat' dir='ltr'>aliud</span> <span class='ocrx_word' id='word_1_319' title='bbox 747 2604 779 2635; x_wconf 90' lang='lat' dir='ltr'>et</span> <span class='ocrx_word' id='word_1_320' title='bbox 807 2598 919 2644; x_wconf 86' lang='lat' dir='ltr'>aliud,</span> <span class='ocrx_word' id='word_1_321' title='bbox 950 2596 1092 2634; x_wconf 91' lang='lat' dir='ltr'>locutio</span> <span class='ocrx_word' id='word_1_322' title='bbox 1122 2604 1177 2632; x_wconf 89' lang='lat' dir='ltr'>est</span> <span class='ocrx_word' id='word_1_323' title='bbox 1205 2595 1435 2644; x_wconf 90' lang='lat' dir='ltr'>exponenda</span> <span class='ocrx_word' id='word_1_324' title='bbox 1462 2602 1504 2631; x_wconf 92' lang='lat' dir='ltr'>ut</span> 
     </span>
     <span class='ocr_line' id='line_1_52' title="bbox 441 2648 1506 2688; baseline -0.004 0"><span class='ocrx_word' id='word_1_325' title='bbox 441 2651 486 2687; x_wconf 91' lang='lat' dir='ltr'>sit</span> <span class='ocrx_word' id='word_1_326' title='bbox 514 2663 665 2688; x_wconf 89' lang='lat' dir='ltr'>sensus:</span> <span class='ocrx_word' id='word_1_327' title='bbox 704 2652 842 2688; x_wconf 86' lang='lat' dir='ltr'>habens</span> <span class='ocrx_word' id='word_1_328' title='bbox 879 2650 993 2687; x_wconf 89' lang='lat' dir='ltr'>aliam</span> <span class='ocrx_word' id='word_1_329' title='bbox 1022 2655 1055 2686; x_wconf 91' lang='lat' dir='ltr'>et</span> <span class='ocrx_word' id='word_1_330' title='bbox 1082 2650 1196 2686; x_wconf 86' lang='lat' dir='ltr'>aliam</span> <span class='ocrx_word' id='word_1_331' title='bbox 1234 2654 1418 2685; x_wconf 84' lang='lat' dir='ltr'>naturam.</span> <span class='ocrx_word' id='word_1_332' title='bbox 1457 2648 1506 2684; x_wconf 91' lang='lat' dir='ltr'>Et</span> 
     </span>
     <span class='ocr_line' id='line_1_53' title="bbox 442 2701 1506 2753; baseline -0.004 -12"><span class='ocrx_word' id='word_1_333' title='bbox 442 2705 517 2741; x_wconf 93' lang='lat' dir='ltr'>hoc</span> <span class='ocrx_word' id='word_1_334' title='bbox 553 2705 673 2741; x_wconf 91' lang='lat' dir='ltr'>modo</span> <span class='ocrx_word' id='word_1_335' title='bbox 712 2703 868 2753; x_wconf 89' lang='lat' dir='ltr'>exponit</span> <span class='ocrx_word' id='word_1_336' title='bbox 905 2701 1142 2750; x_wconf 85' lang='lat' dir='ltr'>Augustinus</span> <span class='ocrx_word' id='word_1_337' title='bbox 1179 2701 1218 2738; x_wconf 91' lang='lat' dir='ltr'>in</span> <span class='ocrx_word' id='word_1_338' title='bbox 1246 2701 1342 2739; x_wconf 90' lang='lat' dir='ltr'>libro</span> <span class='ocrx_word' id='word_1_339' title='bbox 1375 2706 1506 2738; x_wconf 88' lang='lat' dir='ltr'>contra</span> 
     </span>
    </p>
   </div>
   <div class='ocr_carea' id='block_1_10' title="bbox 410 2754 1507 2802">
    <p class='ocr_par' dir='ltr' id='par_1_13' title="bbox 410 2754 1507 2802">
     <span class='ocr_line' id='line_1_54' title="bbox 410 2754 1507 2802; baseline -0.004 -8"><span class='ocrx_word' id='word_1_340' title='bbox 410 2775 414 2780; x_wconf 96' lang='lat'>·</span> <span class='ocrx_word' id='word_1_341' title='bbox 442 2757 671 2794; x_wconf 87' lang='lat' dir='ltr'>Felicianum</span> <span class='ocrx_word' id='word_1_342' title='bbox 690 2756 727 2793; x_wconf 80' lang='lat' dir='ltr'>*z</span> <span class='ocrx_word' id='word_1_343' title='bbox 753 2756 832 2802; x_wconf 87' lang='lat' dir='ltr'>ubi,</span> <span class='ocrx_word' id='word_1_344' title='bbox 853 2767 944 2793; x_wconf 88' lang='lat' dir='ltr'>cum</span> <span class='ocrx_word' id='word_1_345' title='bbox 964 2754 1128 2801; x_wconf 87' lang='lat' dir='ltr'>dixisset,</span> <span class='ocrx_word' id='word_1_346' title='bbox 1149 2756 1195 2791; x_wconf 91' lang='lat' dir='ltr'>In</span> <span class='ocrx_word' id='word_1_347' title='bbox 1215 2754 1417 2791; x_wconf 85' lang='lat' dir='ltr'>mediatore</span> <span class='ocrx_word' id='word_1_348' title='bbox 1434 2754 1507 2790; x_wconf 84' lang='lat' dir='ltr'>Dei</span> 
     </span>
    </p>
   </div>
   <div class='ocr_carea' id='block_1_11' title="bbox 443 2807 1510 3267">
    <p class='ocr_par' dir='ltr' id='par_1_14' title="bbox 443 2807 1510 3267">
     <span class='ocr_line' id='line_1_55' title="bbox 443 2807 1506 2853; baseline -0.002 -8"><span class='ocrx_word' id='word_1_349' title='bbox 443 2815 475 2845; x_wconf 88' lang='lat' dir='ltr'>et</span> <span class='ocrx_word' id='word_1_350' title='bbox 502 2811 693 2847; x_wconf 87' lang='lat' dir='ltr'>hominum</span> <span class='ocrx_word' id='word_1_351' title='bbox 731 2809 833 2847; x_wconf 87' lang='lat' dir='ltr'>aliud</span> <span class='ocrx_word' id='word_1_352' title='bbox 858 2810 931 2845; x_wconf 89' lang='lat' dir='ltr'>Dei</span> <span class='ocrx_word' id='word_1_353' title='bbox 957 2809 1084 2853; x_wconf 88' lang='lat' dir='ltr'>Filius,</span> <span class='ocrx_word' id='word_1_354' title='bbox 1115 2807 1217 2844; x_wconf 85' lang='lat' dir='ltr'>aliud</span> <span class='ocrx_word' id='word_1_355' title='bbox 1252 2808 1411 2844; x_wconf 90' lang='lat' dir='ltr'>hominis</span> <span class='ocrx_word' id='word_1_356' title='bbox 1443 2807 1506 2844; x_wconf 89' lang='lat' dir='ltr'>Fi-</span> 
     </span>
     <span class='ocr_line' id='line_1_56' title="bbox 444 2860 1508 2910; baseline -0.003 -12"><span class='ocrx_word' id='word_1_357' title='bbox 444 2863 531 2908; x_wconf 87' lang='lat' dir='ltr'>lius,</span> <span class='ocrx_word' id='word_1_358' title='bbox 561 2862 708 2899; x_wconf 91' lang='lat' dir='ltr'>subdit:</span> <span class='ocrx_word' id='word_1_359' title='bbox 742 2877 761 2895; x_wconf 86' lang='lat'>«</span> <span class='ocrx_word' id='word_1_360' title='bbox 783 2862 898 2899; x_wconf 84' lang='lat' dir='ltr'>Aliud</span> <span class='ocrx_word' id='word_1_361' title='bbox 917 2877 960 2907; x_wconf 84' lang='lat'>»,</span> <span class='ocrx_word' id='word_1_362' title='bbox 991 2863 1164 2910; x_wconf 85' lang='lat' dir='ltr'>inquam,</span> <span class='ocrx_word' id='word_1_363' title='bbox 1188 2872 1263 2909; x_wconf 88' lang='lat' dir='ltr'>pro</span> <span class='ocrx_word' id='word_1_364' title='bbox 1291 2860 1508 2896; x_wconf 85' lang='lat' dir='ltr'>discretione</span> 
     </span>
     <span class='ocr_line' id='line_1_57' title="bbox 443 2911 1506 2964; baseline -0.003 -13"><span class='ocrx_word' id='word_1_365' title='bbox 443 2917 679 2952; x_wconf 84' lang='lat' dir='ltr'>substantiae:</span> <span class='ocrx_word' id='word_1_366' title='bbox 706 2927 780 2952; x_wconf 90' lang='lat' dir='ltr'>non</span> <span class='ocrx_word' id='word_1_367' title='bbox 804 2930 822 2948; x_wconf 89' lang='lat'>«</span> <span class='ocrx_word' id='word_1_368' title='bbox 841 2915 934 2952; x_wconf 89' lang='lat' dir='ltr'>alius</span> <span class='ocrx_word' id='word_1_369' title='bbox 951 2930 985 2960; x_wconf 85' lang='lat'>»,</span> <span class='ocrx_word' id='word_1_370' title='bbox 1000 2925 1074 2964; x_wconf 88' lang='lat' dir='ltr'>pro</span> <span class='ocrx_word' id='word_1_371' title='bbox 1095 2914 1232 2950; x_wconf 88' lang='lat' dir='ltr'>unitate</span> <span class='ocrx_word' id='word_1_372' title='bbox 1245 2911 1258 2934; x_wconf 69' lang='grc' dir='ltr'>θ</span> <span class='ocrx_word' id='word_1_373' title='bbox 1272 2924 1506 2962; x_wconf 89' lang='lat' dir='ltr'>personae.—</span> 
     </span>
     <span class='ocr_line' id='line_1_58' title="bbox 446 2965 1506 3016; baseline -0.002 -13"><span class='ocrx_word' id='word_1_374' title='bbox 446 2968 493 3003; x_wconf 90' lang='lat' dir='ltr'>Et</span> <span class='ocrx_word' id='word_1_375' title='bbox 521 2968 726 3016; x_wconf 85' lang='lat' dir='ltr'>Gregorius</span> <span class='ocrx_word' id='word_1_376' title='bbox 755 2967 1039 3013; x_wconf 87' lang='lat' dir='ltr'>Nazianzenus,</span> <span class='ocrx_word' id='word_1_377' title='bbox 1070 2965 1108 3003; x_wconf 91' lang='lat' dir='ltr'>in</span> <span class='ocrx_word' id='word_1_378' title='bbox 1137 2965 1307 3015; x_wconf 91' lang='lat' dir='ltr'>Epistola</span> <span class='ocrx_word' id='word_1_379' title='bbox 1335 2965 1386 3002; x_wconf 85' lang='lat' dir='ltr'>ad</span> <span class='ocrx_word' id='word_1_380' title='bbox 1415 2966 1506 3002; x_wconf 83' lang='lat' dir='ltr'>Che-</span> 
     </span>
     <span class='ocr_line' id='line_1_59' title="bbox 446 3017 1510 3070; baseline -0.001 -15"><span class='ocrx_word' id='word_1_381' title='bbox 446 3019 622 3057; x_wconf 89' lang='lat' dir='ltr'>lidonium</span> <span class='ocrx_word' id='word_1_382' title='bbox 640 3020 679 3058; x_wconf 77' lang='lat' dir='ltr'>*z</span> <span class='ocrx_word' id='word_1_383' title='bbox 711 3022 751 3058; x_wconf 89' lang='lat' dir='ltr'>Si</span> <span class='ocrx_word' id='word_1_384' title='bbox 768 3027 775 3042; x_wconf 74' lang='lat'>²</span> <span class='ocrx_word' id='word_1_385' title='bbox 804 3026 944 3070; x_wconf 83' lang='lat' dir='ltr'>oportet</span> <span class='ocrx_word' id='word_1_386' title='bbox 971 3019 1229 3069; x_wconf 79' lang='lat' dir='ltr'>compendiose</span> <span class='ocrx_word' id='word_1_387' title='bbox 1254 3018 1386 3064; x_wconf 87' lang='lat' dir='ltr'>dicere,</span> <span class='ocrx_word' id='word_1_388' title='bbox 1407 3017 1510 3055; x_wconf 89' lang='lat' dir='ltr'>aliud</span> 
     </span>
     <span class='ocr_line' id='line_1_60' title="bbox 449 3071 1508 3122; baseline -0.001 -14"><span class='ocrx_word' id='word_1_389' title='bbox 449 3073 590 3121; x_wconf 85' lang='lat' dir='ltr'>quidem</span> <span class='ocrx_word' id='word_1_390' title='bbox 619 3079 651 3110; x_wconf 90' lang='lat' dir='ltr'>et</span> <span class='ocrx_word' id='word_1_391' title='bbox 674 3074 777 3110; x_wconf 90' lang='lat' dir='ltr'>aliud</span> <span class='ocrx_word' id='word_1_392' title='bbox 802 3086 846 3110; x_wconf 89' lang='lat' dir='ltr'>ea</span> <span class='ocrx_word' id='word_1_393' title='bbox 874 3086 923 3110; x_wconf 89' lang='lat' dir='ltr'>ex</span> <span class='ocrx_word' id='word_1_394' title='bbox 950 3074 1079 3122; x_wconf 84' lang='lat' dir='ltr'>quibus</span> <span class='ocrx_word' id='word_1_395' title='bbox 1104 3072 1275 3110; x_wconf 79' lang='lat' dir='ltr'>Salvator</span> <span class='ocrx_word' id='word_1_396' title='bbox 1303 3077 1374 3108; x_wconf 89' lang='lat' dir='ltr'>est:</span> <span class='ocrx_word' id='word_1_397' title='bbox 1401 3071 1508 3120; x_wconf 87' lang='lat' dir='ltr'>siqui-</span> 
     </span>
     <span class='ocr_line' id='line_1_61' title="bbox 448 3124 1510 3174; baseline -0.001 -13"><span class='ocrx_word' id='word_1_398' title='bbox 448 3125 529 3161; x_wconf 89' lang='lat' dir='ltr'>dem</span> <span class='ocrx_word' id='word_1_399' title='bbox 558 3138 630 3162; x_wconf 90' lang='lat' dir='ltr'>non</span> <span class='ocrx_word' id='word_1_400' title='bbox 652 3126 747 3162; x_wconf 86' lang='lat' dir='ltr'>idem</span> <span class='ocrx_word' id='word_1_401' title='bbox 767 3132 817 3162; x_wconf 88' lang='lat' dir='ltr'>est</span> <span class='ocrx_word' id='word_1_402' title='bbox 836 3126 1013 3162; x_wconf 82' lang='lat' dir='ltr'>invisibile</span> <span class='ocrx_word' id='word_1_403' title='bbox 1040 3126 1183 3171; x_wconf 80' lang='lat' dir='ltr'>visibili,</span> <span class='ocrx_word' id='word_1_404' title='bbox 1205 3130 1238 3161; x_wconf 90' lang='lat' dir='ltr'>et</span> <span class='ocrx_word' id='word_1_405' title='bbox 1257 3124 1356 3174; x_wconf 86' lang='lat' dir='ltr'>quod</span> <span class='ocrx_word' id='word_1_406' title='bbox 1373 3125 1510 3174; x_wconf 84' lang='lat' dir='ltr'>absque</span> 
     </span>
     <span class='ocr_line' id='line_1_62' title="bbox 449 3177 1510 3227; baseline 0 -14"><span class='ocrx_word' id='word_1_407' title='bbox 449 3182 611 3226; x_wconf 84' lang='lat' dir='ltr'>tempore</span> <span class='ocrx_word' id='word_1_408' title='bbox 637 3180 671 3213; x_wconf 85' lang='lat' dir='ltr'>ei</span> <span class='ocrx_word' id='word_1_409' title='bbox 698 3178 795 3226; x_wconf 83' lang='lat' dir='ltr'>quod</span> <span class='ocrx_word' id='word_1_410' title='bbox 811 3180 877 3214; x_wconf 85' lang='lat' dir='ltr'>sub</span> <span class='ocrx_word' id='word_1_411' title='bbox 896 3184 1070 3227; x_wconf 87' lang='lat' dir='ltr'>tempore.</span> <span class='ocrx_word' id='word_1_412' title='bbox 1100 3179 1189 3215; x_wconf 89' lang='lat' dir='ltr'>Non</span> <span class='ocrx_word' id='word_1_413' title='bbox 1219 3183 1342 3215; x_wconf 87' lang='lat' dir='ltr'>autem</span> <span class='ocrx_word' id='word_1_414' title='bbox 1361 3177 1455 3214; x_wconf 86' lang='lat' dir='ltr'>alius</span> <span class='ocrx_word' id='word_1_415' title='bbox 1477 3182 1510 3213; x_wconf 84' lang='lat' dir='ltr'>et</span> 
     </span>
     <span class='ocr_line' id='line_1_63' title="bbox 450 3229 1249 3267; baseline 0.003 -2"><span class='ocrx_word' id='word_1_416' title='bbox 450 3229 564 3266; x_wconf 83' lang='lat' dir='ltr'>alius.-</span> <span class='ocrx_word' id='word_1_417' title='bbox 591 3231 691 3266; x_wconf 85' lang='lat' dir='ltr'>absit.</span> <span class='ocrx_word' id='word_1_418' title='bbox 720 3230 830 3266; x_wconf 90' lang='lat' dir='ltr'>Haec</span> <span class='ocrx_word' id='word_1_419' title='bbox 858 3231 955 3266; x_wconf 87' lang='lat' dir='ltr'>enim</span> <span class='ocrx_word' id='word_1_420' title='bbox 983 3233 1093 3267; x_wconf 85' lang='lat' dir='ltr'>ambo</span> <span class='ocrx_word' id='word_1_421' title='bbox 1122 3242 1249 3267; x_wconf 85' lang='lat' dir='ltr'>unum.</span> 
     </span>
    </p>
   </div>
   <div class='ocr_carea' id='block_1_12' title="bbox 451 3411 1506 3511">
    <p class='ocr_par' dir='ltr' id='par_1_15' title="bbox 451 3411 1506 3511">
     <span class='ocr_line' id='line_1_64' title="bbox 505 3411 1146 3442; baseline 0.003 -7"><span class='ocrx_word' id='word_1_422' title='bbox 505 3411 531 3442; x_wconf 72' lang='grc'>7,)</span> <span class='ocrx_word' id='word_1_423' title='bbox 551 3412 700 3436; x_wconf 77' lang='lat' dir='ltr'>masculine.</span> <span class='ocrx_word' id='word_1_424' title='bbox 719 3426 737 3430; x_wconf 88' lang='lat'>—-</span> <span class='ocrx_word' id='word_1_425' title='bbox 757 3412 775 3435; x_wconf 83' lang='grc' dir='ltr'><strong>Λ</strong></span> <span class='ocrx_word' id='word_1_426' title='bbox 798 3416 822 3436; x_wconf 86' lang='lat' dir='ltr'>et</span> <span class='ocrx_word' id='word_1_427' title='bbox 841 3412 926 3441; x_wconf 62' lang='lat' dir='ltr'>terum</span> <span class='ocrx_word' id='word_1_428' title='bbox 947 3411 971 3436; x_wconf 82' lang='lat' dir='ltr'>in</span> <span class='ocrx_word' id='word_1_429' title='bbox 993 3413 1146 3438; x_wconf 76' lang='lat' dir='ltr'>masculino.</span> 
     </span>
     <span class='ocr_line' id='line_1_65' title="bbox 505 3444 1506 3479; baseline 0.005 -9"><span class='ocrx_word' id='word_1_430' title='bbox 505 3444 529 3478; x_wconf 81' lang='lat'>0)</span> <span class='ocrx_word' id='word_1_431' title='bbox 548 3447 624 3476; x_wconf 78' lang='lat' dir='ltr'>alius,</span> <span class='ocrx_word' id='word_1_432' title='bbox 638 3454 688 3478; x_wconf 86' lang='lat' dir='ltr'>pro</span> <span class='ocrx_word' id='word_1_433' title='bbox 711 3447 821 3471; x_wconf 82' lang='lat' dir='ltr'>unitate.</span> <span class='ocrx_word' id='word_1_434' title='bbox 839 3461 857 3465; x_wconf 90' lang='lat'><em>-</em></span> <span class='ocrx_word' id='word_1_435' title='bbox 875 3446 894 3470; x_wconf 78' lang='lat' dir='ltr'>F</span> <span class='ocrx_word' id='word_1_436' title='bbox 914 3452 939 3471; x_wconf 77' lang='lat' dir='ltr'>et</span> <span class='ocrx_word' id='word_1_437' title='bbox 957 3446 1044 3476; x_wconf 53' lang='lat' dir='ltr'>tex-tiu</span> <span class='ocrx_word' id='word_1_438' title='bbox 1068 3450 1156 3472; x_wconf 82' lang='lat' dir='ltr'>autem</span> <span class='ocrx_word' id='word_1_439' title='bbox 1177 3455 1230 3479; x_wconf 83' lang='lat' dir='ltr'>pro</span> <span class='ocrx_word' id='word_1_440' title='bbox 1250 3449 1351 3474; x_wconf 81' lang='lat' dir='ltr'>unitate</span> <span class='ocrx_word' id='word_1_441' title='bbox 1370 3449 1399 3479; x_wconf 76' lang='lat' dir='ltr'>E,</span> <span class='ocrx_word' id='word_1_442' title='bbox 1419 3452 1506 3474; x_wconf 86' lang='lat' dir='ltr'>autem</span> 
     </span>
     <span class='ocr_line' id='line_1_66' title="bbox 451 3482 750 3511; baseline 0.01 -8"><span class='ocrx_word' id='word_1_443' title='bbox 451 3487 501 3511; x_wconf 74' lang='lat' dir='ltr'>per</span> <span class='ocrx_word' id='word_1_444' title='bbox 520 3482 646 3506; x_wconf 70' lang='lat' dir='ltr'>unitatem</span> <span class='ocrx_word' id='word_1_445' title='bbox 666 3482 750 3507; x_wconf 85' lang='lat' dir='ltr'>ceteri.</span> 
     </span>
    </p>
   </div>
   <div class='ocr_carea' id='block_1_13' title="bbox 509 3515 1508 3549">
    <p class='ocr_par' dir='ltr' id='par_1_16' title="bbox 509 3515 1508 3549">
     <span class='ocr_line' id='line_1_67' title="bbox 509 3515 1508 3549; baseline 0.006 -11"><span class='ocrx_word' id='word_1_446' title='bbox 509 3515 527 3548; x_wconf 88' lang='grc' dir='ltr'>ι)</span> <span class='ocrx_word' id='word_1_447' title='bbox 548 3515 581 3540; x_wconf 79' lang='lat' dir='ltr'>Et</span> <span class='ocrx_word' id='word_1_448' title='bbox 603 3517 774 3548; x_wconf 79' lang='lat' dir='ltr'>Gregorius...</span> <span class='ocrx_word' id='word_1_449' title='bbox 796 3516 835 3541; x_wconf 79' lang='lat' dir='ltr'>St.</span> <span class='ocrx_word' id='word_1_450' title='bbox 852 3530 870 3535; x_wconf 79' lang='lat'>—</span> <span class='ocrx_word' id='word_1_451' title='bbox 890 3516 924 3541; x_wconf 83' lang='lat' dir='ltr'>Et</span> <span class='ocrx_word' id='word_1_452' title='bbox 943 3515 1032 3549; x_wconf 80' lang='lat' dir='ltr'>(Unde</span> <span class='ocrx_word' id='word_1_453' title='bbox 1053 3516 1082 3549; x_wconf 89' lang='grc' dir='ltr'>Ρ)</span> <span class='ocrx_word' id='word_1_454' title='bbox 1105 3518 1278 3549; x_wconf 77' lang='lat' dir='ltr'>Gregorius...</span> <span class='ocrx_word' id='word_1_455' title='bbox 1294 3518 1358 3543; x_wconf 80' lang='lat' dir='ltr'>dicit</span> <span class='ocrx_word' id='word_1_456' title='bbox 1378 3518 1408 3544; x_wconf 79' lang='lat' dir='ltr'>Si</span> <span class='ocrx_word' id='word_1_457' title='bbox 1427 3519 1508 3544; x_wconf 78' lang='lat' dir='ltr'>tertia.</span> 
     </span>
    </p>
   </div>
   <div class='ocr_carea' id='block_1_14' title="bbox 1135 303 1916 351">
    <p class='ocr_par' dir='ltr' id='par_1_17' title="bbox 1135 303 1916 351">
     <span class='ocr_line' id='line_1_68' title="bbox 1135 303 1916 351; baseline 0 -9"><span class='ocrx_word' id='word_1_458' title='bbox 1135 304 1400 351; x_wconf 84' lang='lat' dir='ltr'><strong>QUAESTIO</strong></span> <span class='ocrx_word' id='word_1_459' title='bbox 1430 303 1550 350; x_wconf 82' lang='lat' dir='ltr'>xvn,</span> <span class='ocrx_word' id='word_1_460' title='bbox 1580 303 1874 342; x_wconf 87' lang='lat' dir='ltr'><strong>ARTICULUS</strong></span> <span class='ocrx_word' id='word_1_461' title='bbox 1900 305 1916 341; x_wconf 77' lang='grc' dir='ltr'>ι</span> 
     </span>
    </p>
   </div>
   <div class='ocr_carea' id='block_1_15' title="bbox 1551 383 2611 537">
    <p class='ocr_par' dir='ltr' id='par_1_18' title="bbox 1551 383 2611 537">
     <span class='ocr_line' id='line_1_69' title="bbox 1606 383 2610 431; baseline 0.003 -13"><span class='ocrx_word' id='word_1_462' title='bbox 1606 384 1663 419; x_wconf 84' lang='lat' dir='ltr'>At&gt;</span> <span class='ocrx_word' id='word_1_463' title='bbox 1682 395 1840 420; x_wconf 69' lang='lat' dir='ltr'>”ri-:mum</span> <span class='ocrx_word' id='word_1_464' title='bbox 1858 394 2039 419; x_wconf 80' lang='lat' dir='ltr'>mcENDUM</span> <span class='ocrx_word' id='word_1_465' title='bbox 2059 383 2167 431; x_wconf 92' lang='lat' dir='ltr'>quod</span> <span class='ocrx_word' id='word_1_466' title='bbox 2194 383 2289 420; x_wconf 87' lang='lat' dir='ltr'>haec</span> <span class='ocrx_word' id='word_1_467' title='bbox 2308 390 2363 419; x_wconf 91' lang='lat' dir='ltr'>est</span> <span class='ocrx_word' id='word_1_468' title='bbox 2381 383 2483 430; x_wconf 83' lang='lat' dir='ltr'>falsa,</span> <span class='ocrx_word' id='word_1_469' title='bbox 2507 385 2610 421; x_wconf 84' lang='lat' dir='ltr'>Chri-</span> 
     </span>
     <span class='ocr_line' id='line_1_70' title="bbox 1551 432 2611 486; baseline 0.002 -15"><span class='ocrx_word' id='word_1_470' title='bbox 1551 440 1625 471; x_wconf 91' lang='lat' dir='ltr'>stus</span> <span class='ocrx_word' id='word_1_471' title='bbox 1644 441 1694 472; x_wconf 86' lang='lat' dir='ltr'>est</span> <span class='ocrx_word' id='word_1_472' title='bbox 1712 441 1852 472; x_wconf 87' lang='lat' dir='ltr'>tantum</span> <span class='ocrx_word' id='word_1_473' title='bbox 1872 436 1994 480; x_wconf 86' lang='lat' dir='ltr'>homo,</span> <span class='ocrx_word' id='word_1_474' title='bbox 2011 435 2102 483; x_wconf 88' lang='lat' dir='ltr'>quia</span> <span class='ocrx_word' id='word_1_475' title='bbox 2121 447 2200 472; x_wconf 91' lang='lat' dir='ltr'>non</span> <span class='ocrx_word' id='word_1_476' title='bbox 2220 435 2384 472; x_wconf 88' lang='lat' dir='ltr'>excludit</span> <span class='ocrx_word' id='word_1_477' title='bbox 2403 432 2506 473; x_wconf 84' lang='lat' dir='ltr'>aliud</span> <span class='ocrx_word' id='word_1_478' title='bbox 2524 448 2611 486; x_wconf 92' lang='lat' dir='ltr'>sup-</span> 
     </span>
     <span class='ocr_line' id='line_1_71' title="bbox 1551 487 2611 537; baseline 0.002 -13"><span class='ocrx_word' id='word_1_479' title='bbox 1551 487 1743 536; x_wconf 90' lang='lat' dir='ltr'>positum,</span> <span class='ocrx_word' id='word_1_480' title='bbox 1773 487 1840 524; x_wconf 91' lang='lat' dir='ltr'>sed</span> <span class='ocrx_word' id='word_1_481' title='bbox 1868 487 1982 525; x_wconf 77' lang='lat' dir='ltr'>aliam</span> <span class='ocrx_word' id='word_1_482' title='bbox 2010 495 2206 524; x_wconf 88' lang='lat' dir='ltr'>naturam:</span> <span class='ocrx_word' id='word_1_483' title='bbox 2246 500 2293 524; x_wconf 92' lang='lat' dir='ltr'>eo</span> <span class='ocrx_word' id='word_1_484' title='bbox 2321 488 2428 537; x_wconf 91' lang='lat' dir='ltr'>quod</span> <span class='ocrx_word' id='word_1_485' title='bbox 2459 488 2611 526; x_wconf 87' lang='lat' dir='ltr'>termini</span> 
     </span>
    </p>
   </div>
   <div class='ocr_carea' id='block_1_16' title="bbox 1551 539 2650 589">
    <p class='ocr_par' dir='ltr' id='par_1_19' title="bbox 1551 539 2650 589">
     <span class='ocr_line' id='line_1_72' title="bbox 1551 539 2650 589; baseline 0.003 -13"><span class='ocrx_word' id='word_1_486' title='bbox 1551 539 1592 576; x_wconf 91' lang='lat' dir='ltr'>in</span> <span class='ocrx_word' id='word_1_487' title='bbox 1609 540 1828 589; x_wconf 84' lang='lat' dir='ltr'>praedicato</span> <span class='ocrx_word' id='word_1_488' title='bbox 1847 539 1960 589; x_wconf 88' lang='lat' dir='ltr'>positi</span> <span class='ocrx_word' id='word_1_489' title='bbox 1978 547 2156 577; x_wconf 87' lang='lat' dir='ltr'>tenentur</span> <span class='ocrx_word' id='word_1_490' title='bbox 2173 540 2380 577; x_wconf 90' lang='lat' dir='ltr'>formaliter</span> <span class='ocrx_word' id='word_1_491' title='bbox 2397 540 2428 577; x_wconf 70' lang='lat'>²¹².</span> <span class='ocrx_word' id='word_1_492' title='bbox 2459 541 2499 579; x_wconf 92' lang='lat' dir='ltr'>Si</span> <span class='ocrx_word' id='word_1_493' title='bbox 2516 553 2611 579; x_wconf 89' lang='lat' dir='ltr'>vero</span> <span class='ocrx_word' id='word_1_494' title='bbox 2639 548 2650 559; x_wconf 75' lang='lat'><strong><em>⁴</em></strong></span> 
     </span>
    </p>
   </div>
   <div class='ocr_carea' id='block_1_17' title="bbox 1551 592 2613 851">
    <p class='ocr_par' dir='ltr' id='par_1_20' title="bbox 1551 592 2613 851">
     <span class='ocr_line' id='line_1_73' title="bbox 1552 592 2612 643; baseline 0.002 -14"><span class='ocrx_word' id='word_1_495' title='bbox 1552 593 1756 629; x_wconf 87' lang='lat' dir='ltr'>adderetur</span> <span class='ocrx_word' id='word_1_496' title='bbox 1782 592 1926 642; x_wconf 89' lang='lat' dir='ltr'>aliquid</span> <span class='ocrx_word' id='word_1_497' title='bbox 1953 604 2022 641; x_wconf 91' lang='lat' dir='ltr'>per</span> <span class='ocrx_word' id='word_1_498' title='bbox 2047 593 2154 641; x_wconf 94' lang='lat' dir='ltr'>quod</span> <span class='ocrx_word' id='word_1_499' title='bbox 2181 593 2393 630; x_wconf 87' lang='lat' dir='ltr'>traheretur</span> <span class='ocrx_word' id='word_1_500' title='bbox 2411 599 2427 615; x_wconf 73' lang='lat'>²</span> <span class='ocrx_word' id='word_1_501' title='bbox 2454 593 2503 631; x_wconf 89' lang='lat' dir='ltr'>ad</span> <span class='ocrx_word' id='word_1_502' title='bbox 2522 605 2612 643; x_wconf 91' lang='lat' dir='ltr'>sup-</span> 
     </span>
     <span class='ocr_line' id='line_1_74' title="bbox 1551 645 2613 694; baseline 0.002 -12"><span class='ocrx_word' id='word_1_503' title='bbox 1551 645 1743 694; x_wconf 88' lang='lat' dir='ltr'>positum,</span> <span class='ocrx_word' id='word_1_504' title='bbox 1773 653 1870 682; x_wconf 90' lang='lat' dir='ltr'>esset</span> <span class='ocrx_word' id='word_1_505' title='bbox 1897 656 1989 682; x_wconf 88' lang='lat' dir='ltr'>vera</span> <span class='ocrx_word' id='word_1_506' title='bbox 2025 645 2187 683; x_wconf 90' lang='lat' dir='ltr'>locutio:</span> <span class='ocrx_word' id='word_1_507' title='bbox 2225 653 2338 694; x_wconf 87' lang='lat' dir='ltr'>puta,</span> <span class='ocrx_word' id='word_1_508' title='bbox 2372 647 2536 684; x_wconf 86' lang='lat' dir='ltr'>Christus</span> <span class='ocrx_word' id='word_1_509' title='bbox 2563 651 2613 684; x_wconf 85' lang='lat' dir='ltr'>est</span> 
     </span>
     <span class='ocr_line' id='line_1_75' title="bbox 1551 698 2612 748; baseline 0.001 -13"><span class='ocrx_word' id='word_1_510' title='bbox 1551 704 1692 735; x_wconf 86' lang='lat' dir='ltr'>tantum</span> <span class='ocrx_word' id='word_1_511' title='bbox 1721 699 1760 735; x_wconf 89' lang='lat' dir='ltr'>id</span> <span class='ocrx_word' id='word_1_512' title='bbox 1786 698 1885 748; x_wconf 87' lang='lat' dir='ltr'>quod</span> <span class='ocrx_word' id='word_1_513' title='bbox 1910 703 1961 735; x_wconf 90' lang='lat' dir='ltr'>est</span> <span class='ocrx_word' id='word_1_514' title='bbox 1987 699 2109 735; x_wconf 90' lang='lat' dir='ltr'>homo.</span> <span class='ocrx_word' id='word_1_515' title='bbox 2147 699 2240 735; x_wconf 91' lang='lat' dir='ltr'>Non</span> <span class='ocrx_word' id='word_1_516' title='bbox 2267 706 2397 735; x_wconf 88' lang='lat' dir='ltr'>tamen</span> <span class='ocrx_word' id='word_1_517' title='bbox 2435 710 2612 748; x_wconf 89' lang='lat' dir='ltr'>sequere-</span> 
     </span>
     <span class='ocr_line' id='line_1_76' title="bbox 1551 749 2613 801; baseline 0.001 -14"><span class='ocrx_word' id='word_1_518' title='bbox 1551 758 1614 787; x_wconf 90' lang='lat' dir='ltr'>tur</span> <span class='ocrx_word' id='word_1_519' title='bbox 1631 749 1645 773; x_wconf 67' lang='grc' dir='ltr'>λ</span> <span class='ocrx_word' id='word_1_520' title='bbox 1673 751 1780 800; x_wconf 90' lang='lat' dir='ltr'>quod</span> <span class='ocrx_word' id='word_1_521' title='bbox 1809 750 1855 787; x_wconf 92' lang='lat' dir='ltr'>sit</span> <span class='ocrx_word' id='word_1_522' title='bbox 1881 750 2022 799; x_wconf 86' lang='lat' dir='ltr'>aliquid</span> <span class='ocrx_word' id='word_1_523' title='bbox 2047 751 2150 787; x_wconf 87' lang='lat' dir='ltr'>aliud</span> <span class='ocrx_word' id='word_1_524' title='bbox 2167 763 2278 800; x_wconf 88' lang='lat' dir='ltr'>quam</span> <span class='ocrx_word' id='word_1_525' title='bbox 2305 752 2439 788; x_wconf 84' lang='lat' dir='ltr'>homo.-</span> <span class='ocrx_word' id='word_1_526' title='bbox 2465 751 2557 800; x_wconf 85' lang='lat' dir='ltr'>quia</span> <span class='ocrx_word' id='word_1_527' title='bbox 2574 753 2613 801; x_wconf 86' lang='lat' dir='ltr'>ly</span> 
     </span>
     <span class='ocr_line' id='line_1_77' title="bbox 1551 803 2611 851; baseline 0.001 -11"><span class='ocrx_word' id='word_1_528' title='bbox 1551 803 1664 850; x_wconf 87' lang='lat' dir='ltr'>aliud,</span> <span class='ocrx_word' id='word_1_529' title='bbox 1693 816 1785 840; x_wconf 93' lang='lat' dir='ltr'>cum</span> <span class='ocrx_word' id='word_1_530' title='bbox 1813 803 1859 839; x_wconf 92' lang='lat' dir='ltr'>sit</span> <span class='ocrx_word' id='word_1_531' title='bbox 1886 803 2087 840; x_wconf 90' lang='lat' dir='ltr'>relativum</span> <span class='ocrx_word' id='word_1_532' title='bbox 2116 803 2340 840; x_wconf 87' lang='lat' dir='ltr'>diversitatis</span> <span class='ocrx_word' id='word_1_533' title='bbox 2367 803 2611 851; x_wconf 83' lang='lat' dir='ltr'>substantiae,</span> 
     </span>
    </p>
   </div>
   <div class='ocr_carea' id='block_1_18' title="bbox 1550 855 2643 906">
    <p class='ocr_par' dir='ltr' id='par_1_21' title="bbox 1550 855 2643 906">
     <span class='ocr_line' id='line_1_78' title="bbox 1550 855 2643 906; baseline 0 -14"><span class='ocrx_word' id='word_1_534' title='bbox 1550 855 1706 906; x_wconf 88' lang='lat' dir='ltr'>proprie</span> <span class='ocrx_word' id='word_1_535' title='bbox 1734 856 1893 893; x_wconf 87' lang='lat' dir='ltr'>refertur</span> <span class='ocrx_word' id='word_1_536' title='bbox 1919 855 1969 892; x_wconf 86' lang='lat' dir='ltr'>ad</span> <span class='ocrx_word' id='word_1_537' title='bbox 1996 855 2261 905; x_wconf 86' lang='lat' dir='ltr'>suppositum,</span> <span class='ocrx_word' id='word_1_538' title='bbox 2294 855 2391 893; x_wconf 88' lang='lat' dir='ltr'>sicut</span> <span class='ocrx_word' id='word_1_539' title='bbox 2418 863 2454 893; x_wconf 89' lang='lat' dir='ltr'>et</span> <span class='ocrx_word' id='word_1_540' title='bbox 2481 855 2614 894; x_wconf 85' lang='lat' dir='ltr'>omnia</span> <span class='ocrx_word' id='word_1_541' title='bbox 2638 887 2643 892; x_wconf 85' lang='lat'>.</span> 
     </span>
    </p>
   </div>
   <div class='ocr_carea' id='block_1_19' title="bbox 1550 907 2622 2742">
    <p class='ocr_par' dir='ltr' id='par_1_22' title="bbox 1551 907 2613 1011">
     <span class='ocr_line' id='line_1_79' title="bbox 1552 907 2613 958; baseline 0 -12"><span class='ocrx_word' id='word_1_542' title='bbox 1552 909 1707 946; x_wconf 86' lang='lat' dir='ltr'>relativa</span> <span class='ocrx_word' id='word_1_543' title='bbox 1734 908 1907 946; x_wconf 87' lang='lat' dir='ltr'>facientia</span> <span class='ocrx_word' id='word_1_544' title='bbox 1933 909 2177 957; x_wconf 88' lang='lat' dir='ltr'>personalem</span> <span class='ocrx_word' id='word_1_545' title='bbox 2205 908 2439 946; x_wconf 85' lang='lat' dir='ltr'>relationem.</span> <span class='ocrx_word' id='word_1_546' title='bbox 2474 907 2613 958; x_wconf 84' lang='lat' dir='ltr'>Sequi-</span> 
     </span>
     <span class='ocr_line' id='line_1_80' title="bbox 1551 961 2407 1011; baseline 0.001 -13"><span class='ocrx_word' id='word_1_547' title='bbox 1551 969 1614 998; x_wconf 88' lang='lat' dir='ltr'>tur</span> <span class='ocrx_word' id='word_1_548' title='bbox 1641 970 1782 1007; x_wconf 87' lang='lat' dir='ltr'>autem,</span> <span class='ocrx_word' id='word_1_549' title='bbox 1810 963 1918 1011; x_wconf 82' lang='lat' dir='ltr'>Ergo</span> <span class='ocrx_word' id='word_1_550' title='bbox 1945 962 2053 998; x_wconf 81' lang='lat' dir='ltr'>habet</span> <span class='ocrx_word' id='word_1_551' title='bbox 2079 961 2194 998; x_wconf 87' lang='lat' dir='ltr'>aliam</span> <span class='ocrx_word' id='word_1_552' title='bbox 2221 967 2407 999; x_wconf 80' lang='lat' dir='ltr'>naturam.</span> 
     </span>
    </p>

    <p class='ocr_par' dir='ltr' id='par_1_23' title="bbox 1550 1013 2619 1844">
     <span class='ocr_line' id='line_1_81' title="bbox 1605 1013 2614 1063; baseline -0.001 -11"><span class='ocrx_word' id='word_1_553' title='bbox 1605 1015 1663 1051; x_wconf 82' lang='lat' dir='ltr'>An</span> <span class='ocrx_word' id='word_1_554' title='bbox 1691 1025 1863 1057; x_wconf 78' lang='lat' dir='ltr'><strong>QUARTUM</strong></span> <span class='ocrx_word' id='word_1_555' title='bbox 1886 1025 2068 1051; x_wconf 57' lang='lat' dir='ltr'>montinum</span> <span class='ocrx_word' id='word_1_556' title='bbox 2087 1013 2205 1063; x_wconf 90' lang='lat' dir='ltr'>quod,</span> <span class='ocrx_word' id='word_1_557' title='bbox 2225 1025 2317 1051; x_wconf 87' lang='lat' dir='ltr'>cum</span> <span class='ocrx_word' id='word_1_558' title='bbox 2337 1013 2484 1061; x_wconf 84' lang='lat' dir='ltr'>dicitur,</span> <span class='ocrx_word' id='word_1_559' title='bbox 2505 1013 2614 1051; x_wconf 59' lang='lat' dir='ltr'>Chri-</span> 
     </span>
     <span class='ocr_line' id='line_1_82' title="bbox 1551 1066 2615 1117; baseline -0.001 -13"><span class='ocrx_word' id='word_1_560' title='bbox 1551 1073 1625 1104; x_wconf 89' lang='lat' dir='ltr'>stus</span> <span class='ocrx_word' id='word_1_561' title='bbox 1652 1073 1703 1104; x_wconf 91' lang='lat' dir='ltr'>est</span> <span class='ocrx_word' id='word_1_562' title='bbox 1730 1067 1869 1117; x_wconf 83' lang='lat' dir='ltr'>aliquid</span> <span class='ocrx_word' id='word_1_563' title='bbox 1895 1066 1994 1116; x_wconf 86' lang='lat' dir='ltr'>quod</span> <span class='ocrx_word' id='word_1_564' title='bbox 2019 1072 2070 1103; x_wconf 87' lang='lat' dir='ltr'>est</span> <span class='ocrx_word' id='word_1_565' title='bbox 2095 1067 2218 1113; x_wconf 82' lang='lat' dir='ltr'>Pater,</span> <span class='ocrx_word' id='word_1_566' title='bbox 2239 1067 2277 1116; x_wconf 91' lang='lat' dir='ltr'>ly</span> <span class='ocrx_word' id='word_1_567' title='bbox 2299 1067 2441 1116; x_wconf 78' lang='lat' dir='ltr'>aliquid</span> <span class='ocrx_word' id='word_1_568' title='bbox 2460 1073 2615 1104; x_wconf 71' lang='lat' dir='ltr'>tenetur</span> 
     </span>
     <span class='ocr_line' id='line_1_83' title="bbox 1551 1118 2615 1169; baseline 0 -13"><span class='ocrx_word' id='word_1_569' title='bbox 1551 1132 1623 1169; x_wconf 90' lang='lat' dir='ltr'>pro</span> <span class='ocrx_word' id='word_1_570' title='bbox 1651 1127 1788 1157; x_wconf 87' lang='lat' dir='ltr'>natura</span> <span class='ocrx_word' id='word_1_571' title='bbox 1807 1119 1949 1165; x_wconf 87' lang='lat' dir='ltr'>divina,</span> <span class='ocrx_word' id='word_1_572' title='bbox 1970 1130 2070 1168; x_wconf 87' lang='lat' dir='ltr'>quae</span> <span class='ocrx_word' id='word_1_573' title='bbox 2098 1118 2213 1156; x_wconf 81' lang='lat' dir='ltr'>etiam</span> <span class='ocrx_word' id='word_1_574' title='bbox 2232 1119 2272 1156; x_wconf 89' lang='lat' dir='ltr'>in</span> <span class='ocrx_word' id='word_1_575' title='bbox 2291 1119 2478 1156; x_wconf 83' lang='lat' dir='ltr'>abstracto</span> <span class='ocrx_word' id='word_1_576' title='bbox 2505 1130 2615 1168; x_wconf 78' lang='lat' dir='ltr'>prae-</span> 
     </span>
     <span class='ocr_line' id='line_1_84' title="bbox 1552 1171 2615 1220; baseline -0.001 -10"><span class='ocrx_word' id='word_1_577' title='bbox 1552 1173 1700 1210; x_wconf 85' lang='lat' dir='ltr'>dicatur</span> <span class='ocrx_word' id='word_1_578' title='bbox 1718 1173 1766 1210; x_wconf 89' lang='lat' dir='ltr'>de</span> <span class='ocrx_word' id='word_1_579' title='bbox 1787 1173 1896 1209; x_wconf 88' lang='lat' dir='ltr'>Patre</span> <span class='ocrx_word' id='word_1_580' title='bbox 1917 1179 1953 1209; x_wconf 91' lang='lat' dir='ltr'>et</span> <span class='ocrx_word' id='word_1_581' title='bbox 1971 1171 2080 1209; x_wconf 87' lang='lat' dir='ltr'>Filio.</span> <span class='ocrx_word' id='word_1_582' title='bbox 2111 1171 2188 1209; x_wconf 81' lang='lat' dir='ltr'>Sed</span> <span class='ocrx_word' id='word_1_583' title='bbox 2216 1183 2307 1209; x_wconf 89' lang='lat' dir='ltr'>cum</span> <span class='ocrx_word' id='word_1_584' title='bbox 2336 1171 2483 1220; x_wconf 83' lang='lat' dir='ltr'>dicitur,</span> <span class='ocrx_word' id='word_1_585' title='bbox 2504 1172 2615 1209; x_wconf 73' lang='lat' dir='ltr'>‹Chri-</span> 
     </span>
     <span class='ocr_line' id='line_1_85' title="bbox 1550 1222 2615 1275; baseline -0.001 -12"><span class='ocrx_word' id='word_1_586' title='bbox 1550 1231 1624 1263; x_wconf 86' lang='lat' dir='ltr'>stus</span> <span class='ocrx_word' id='word_1_587' title='bbox 1652 1232 1703 1263; x_wconf 90' lang='lat' dir='ltr'>est</span> <span class='ocrx_word' id='word_1_588' title='bbox 1730 1225 1871 1275; x_wconf 85' lang='lat' dir='ltr'>aliquid</span> <span class='ocrx_word' id='word_1_589' title='bbox 1897 1225 1996 1274; x_wconf 85' lang='lat' dir='ltr'>quod</span> <span class='ocrx_word' id='word_1_590' title='bbox 2013 1237 2087 1262; x_wconf 90' lang='lat' dir='ltr'>non</span> <span class='ocrx_word' id='word_1_591' title='bbox 2115 1231 2167 1262; x_wconf 89' lang='lat' dir='ltr'>est</span> <span class='ocrx_word' id='word_1_592' title='bbox 2193 1226 2316 1271; x_wconf 90' lang='lat' dir='ltr'>Pater,</span> <span class='ocrx_word' id='word_1_593' title='bbox 2336 1226 2375 1274; x_wconf 94' lang='lat' dir='ltr'>ly</span> <span class='ocrx_word' id='word_1_594' title='bbox 2398 1222 2539 1274; x_wconf 75' lang='lat' dir='ltr'>aliquid</span> <span class='ocrx_word' id='word_1_595' title='bbox 2559 1231 2615 1262; x_wconf 71' lang='lat' dir='ltr'>te-</span> 
     </span>
     <span class='ocr_line' id='line_1_86' title="bbox 1552 1276 2616 1327; baseline -0.002 -11"><span class='ocrx_word' id='word_1_596' title='bbox 1552 1287 1664 1316; x_wconf 91' lang='lat' dir='ltr'>netur</span> <span class='ocrx_word' id='word_1_597' title='bbox 1691 1290 1772 1315; x_wconf 92' lang='lat' dir='ltr'>non</span> <span class='ocrx_word' id='word_1_598' title='bbox 1808 1290 1879 1327; x_wconf 91' lang='lat' dir='ltr'>pro</span> <span class='ocrx_word' id='word_1_599' title='bbox 1907 1277 1990 1327; x_wconf 89' lang='lat' dir='ltr'>ipsa</span> <span class='ocrx_word' id='word_1_600' title='bbox 2025 1285 2162 1314; x_wconf 89' lang='lat' dir='ltr'>natura</span> <span class='ocrx_word' id='word_1_601' title='bbox 2189 1278 2364 1314; x_wconf 88' lang='lat' dir='ltr'>humana</span> <span class='ocrx_word' id='word_1_602' title='bbox 2399 1276 2616 1315; x_wconf 89' lang='lat' dir='ltr'>secundum</span> 
     </span>
     <span class='ocr_line' id='line_1_87' title="bbox 1552 1329 2616 1381; baseline -0.002 -12"><span class='ocrx_word' id='word_1_603' title='bbox 1552 1332 1660 1381; x_wconf 91' lang='lat' dir='ltr'>quod</span> <span class='ocrx_word' id='word_1_604' title='bbox 1674 1330 1908 1379; x_wconf 88' lang='lat' dir='ltr'>significatur</span> <span class='ocrx_word' id='word_1_605' title='bbox 1920 1330 1960 1367; x_wconf 92' lang='lat' dir='ltr'>in</span> <span class='ocrx_word' id='word_1_606' title='bbox 1975 1330 2174 1376; x_wconf 87' lang='lat' dir='ltr'>abstracto,</span> <span class='ocrx_word' id='word_1_607' title='bbox 2190 1330 2257 1367; x_wconf 90' lang='lat' dir='ltr'>sed</span> <span class='ocrx_word' id='word_1_608' title='bbox 2273 1330 2489 1367; x_wconf 88' lang='lat' dir='ltr'>secundum</span> <span class='ocrx_word' id='word_1_609' title='bbox 2507 1329 2616 1379; x_wconf 90' lang='lat' dir='ltr'>quod</span> 
     </span>
     <span class='ocr_line' id='line_1_88' title="bbox 1552 1382 2616 1433; baseline -0.002 -12"><span class='ocrx_word' id='word_1_610' title='bbox 1552 1384 1785 1433; x_wconf 84' lang='lat' dir='ltr'>significatur</span> <span class='ocrx_word' id='word_1_611' title='bbox 1812 1383 1851 1421; x_wconf 91' lang='lat' dir='ltr'>in</span> <span class='ocrx_word' id='word_1_612' title='bbox 1879 1390 2074 1430; x_wconf 90' lang='lat' dir='ltr'>concreto;</span> <span class='ocrx_word' id='word_1_613' title='bbox 2104 1394 2184 1420; x_wconf 92' lang='lat' dir='ltr'>non</span> <span class='ocrx_word' id='word_1_614' title='bbox 2212 1382 2371 1432; x_wconf 90' lang='lat' dir='ltr'>quidem</span> <span class='ocrx_word' id='word_1_615' title='bbox 2399 1382 2616 1420; x_wconf 87' lang='lat' dir='ltr'>secundum</span> 
     </span>
     <span class='ocr_line' id='line_1_89' title="bbox 1553 1434 2616 1487; baseline -0.002 -13"><span class='ocrx_word' id='word_1_616' title='bbox 1553 1437 1797 1487; x_wconf 90' lang='lat' dir='ltr'>suppositum</span> <span class='ocrx_word' id='word_1_617' title='bbox 1825 1435 2065 1483; x_wconf 90' lang='lat' dir='ltr'>distinctum,</span> <span class='ocrx_word' id='word_1_618' title='bbox 2096 1435 2163 1472; x_wconf 92' lang='lat' dir='ltr'>sed</span> <span class='ocrx_word' id='word_1_619' title='bbox 2191 1435 2407 1472; x_wconf 91' lang='lat' dir='ltr'>secundum</span> <span class='ocrx_word' id='word_1_620' title='bbox 2439 1434 2616 1485; x_wconf 90' lang='lat' dir='ltr'>supposi-</span> 
     </span>
     <span class='ocr_line' id='line_1_90' title="bbox 1551 1487 2614 1538; baseline -0.002 -11"><span class='ocrx_word' id='word_1_621' title='bbox 1551 1498 1636 1527; x_wconf 90' lang='lat' dir='ltr'>tum</span> <span class='ocrx_word' id='word_1_622' title='bbox 1663 1489 1946 1535; x_wconf 89' lang='lat' dir='ltr'>indistinctum;</span> <span class='ocrx_word' id='word_1_623' title='bbox 1975 1495 2091 1538; x_wconf 88' lang='lat' dir='ltr'>prout</span> <span class='ocrx_word' id='word_1_624' title='bbox 2118 1487 2256 1525; x_wconf 90' lang='lat' dir='ltr'>scilicet</span> <span class='ocrx_word' id='word_1_625' title='bbox 2274 1488 2419 1525; x_wconf 89' lang='lat' dir='ltr'>substat</span> <span class='ocrx_word' id='word_1_626' title='bbox 2443 1495 2614 1535; x_wconf 87' lang='lat' dir='ltr'>naturae,</span> 
     </span>
     <span class='ocr_line' id='line_1_91' title="bbox 1552 1539 2616 1591; baseline -0.003 -11"><span class='ocrx_word' id='word_1_627' title='bbox 1552 1554 1632 1580; x_wconf 91' lang='lat' dir='ltr'>non</span> <span class='ocrx_word' id='word_1_628' title='bbox 1648 1550 1778 1580; x_wconf 91' lang='lat' dir='ltr'>autem</span> <span class='ocrx_word' id='word_1_629' title='bbox 1796 1541 2090 1591; x_wconf 88' lang='lat' dir='ltr'>proprietatibus</span> <span class='ocrx_word' id='word_1_630' title='bbox 2105 1540 2444 1578; x_wconf 90' lang='lat' dir='ltr'>individuantibus.</span> <span class='ocrx_word' id='word_1_631' title='bbox 2466 1541 2514 1578; x_wconf 93' lang='lat' dir='ltr'>Et</span> <span class='ocrx_word' id='word_1_632' title='bbox 2528 1539 2616 1578; x_wconf 90' lang='lat' dir='ltr'>ideo</span> 
     </span>
     <span class='ocr_line' id='line_1_92' title="bbox 1552 1593 2617 1644; baseline -0.002 -12"><span class='ocrx_word' id='word_1_633' title='bbox 1552 1608 1633 1632; x_wconf 93' lang='lat' dir='ltr'>non</span> <span class='ocrx_word' id='word_1_634' title='bbox 1661 1595 1834 1644; x_wconf 89' lang='lat' dir='ltr'>sequitur</span> <span class='ocrx_word' id='word_1_635' title='bbox 1852 1594 1959 1643; x_wconf 91' lang='lat' dir='ltr'>quod</span> <span class='ocrx_word' id='word_1_636' title='bbox 1980 1593 2154 1630; x_wconf 89' lang='lat' dir='ltr'>Christus</span> <span class='ocrx_word' id='word_1_637' title='bbox 2182 1593 2228 1630; x_wconf 91' lang='lat' dir='ltr'>sit</span> <span class='ocrx_word' id='word_1_638' title='bbox 2250 1594 2353 1630; x_wconf 87' lang='lat' dir='ltr'>aliud</span> <span class='ocrx_word' id='word_1_639' title='bbox 2370 1599 2403 1630; x_wconf 85' lang='lat' dir='ltr'>et</span> <span class='ocrx_word' id='word_1_640' title='bbox 2421 1593 2534 1640; x_wconf 85' lang='lat' dir='ltr'>aliud,</span> <span class='ocrx_word' id='word_1_641' title='bbox 2553 1594 2617 1630; x_wconf 91' lang='lat' dir='ltr'>vel</span> 
     </span>
     <span class='ocr_line' id='line_1_93' title="bbox 1553 1646 2616 1698; baseline -0.001 -13"><span class='ocrx_word' id='word_1_642' title='bbox 1553 1648 1661 1698; x_wconf 92' lang='lat' dir='ltr'>quod</span> <span class='ocrx_word' id='word_1_643' title='bbox 1680 1648 1726 1685; x_wconf 91' lang='lat' dir='ltr'>sit</span> <span class='ocrx_word' id='word_1_644' title='bbox 1744 1649 1840 1685; x_wconf 84' lang='lat' dir='ltr'>duo:</span> <span class='ocrx_word' id='word_1_645' title='bbox 1867 1646 1958 1696; x_wconf 88' lang='lat' dir='ltr'>quia</span> <span class='ocrx_word' id='word_1_646' title='bbox 1977 1646 2221 1696; x_wconf 87' lang='lat' dir='ltr'>suppositum</span> <span class='ocrx_word' id='word_1_647' title='bbox 2245 1646 2440 1683; x_wconf 88' lang='lat' dir='ltr'>humanae</span> <span class='ocrx_word' id='word_1_648' title='bbox 2458 1653 2616 1684; x_wconf 74' lang='lat' dir='ltr'>naturae</span> 
     </span>
     <span class='ocr_line' id='line_1_94' title="bbox 1553 1697 2619 1749; baseline -0.003 -11"><span class='ocrx_word' id='word_1_649' title='bbox 1553 1701 1592 1738; x_wconf 91' lang='lat' dir='ltr'>in</span> <span class='ocrx_word' id='word_1_650' title='bbox 1613 1701 1777 1747; x_wconf 87' lang='lat' dir='ltr'>Christo,</span> <span class='ocrx_word' id='word_1_651' title='bbox 1798 1699 1905 1749; x_wconf 89' lang='lat' dir='ltr'>quod</span> <span class='ocrx_word' id='word_1_652' title='bbox 1925 1706 1980 1736; x_wconf 90' lang='lat' dir='ltr'>est</span> <span class='ocrx_word' id='word_1_653' title='bbox 1998 1710 2163 1748; x_wconf 91' lang='lat' dir='ltr'>persona</span> <span class='ocrx_word' id='word_1_654' title='bbox 2190 1698 2274 1736; x_wconf 91' lang='lat' dir='ltr'>Filii</span> <span class='ocrx_word' id='word_1_655' title='bbox 2302 1698 2386 1746; x_wconf 90' lang='lat' dir='ltr'>Dei,</span> <span class='ocrx_word' id='word_1_656' title='bbox 2405 1710 2487 1736; x_wconf 90' lang='lat' dir='ltr'>non</span> <span class='ocrx_word' id='word_1_657' title='bbox 2508 1697 2619 1748; x_wconf 80' lang='lat' dir='ltr'>pom&#39;t</span> 
     </span>
     <span class='ocr_line' id='line_1_95' title="bbox 1553 1749 2617 1804; baseline -0.003 -13"><span class='ocrx_word' id='word_1_658' title='bbox 1553 1754 1592 1791; x_wconf 91' lang='lat' dir='ltr'>in</span> <span class='ocrx_word' id='word_1_659' title='bbox 1621 1765 1831 1791; x_wconf 91' lang='lat' dir='ltr'>numerum</span> <span class='ocrx_word' id='word_1_660' title='bbox 1851 1764 1942 1790; x_wconf 91' lang='lat' dir='ltr'>cum</span> <span class='ocrx_word' id='word_1_661' title='bbox 1968 1760 2103 1789; x_wconf 89' lang='lat' dir='ltr'>natura</span> <span class='ocrx_word' id='word_1_662' title='bbox 2131 1751 2274 1799; x_wconf 87' lang='lat' dir='ltr'>divina,</span> <span class='ocrx_word' id='word_1_663' title='bbox 2295 1763 2394 1802; x_wconf 89' lang='lat' dir='ltr'>quae</span> <span class='ocrx_word' id='word_1_664' title='bbox 2421 1749 2574 1802; x_wconf 71' lang='lat' dir='ltr'>praedi</span> <span class='ocrx_word' id='word_1_665' title='bbox 2601 1772 2617 1804; x_wconf 83' lang='lat'>.·</span> 
     </span>
     <span class='ocr_line' id='line_1_96' title="bbox 1553 1804 2602 1844; baseline -0.005 0"><span class='ocrx_word' id='word_1_666' title='bbox 1553 1815 1615 1844; x_wconf 91' lang='lat' dir='ltr'>tur</span> <span class='ocrx_word' id='word_1_667' title='bbox 1643 1807 1691 1844; x_wconf 92' lang='lat' dir='ltr'>de</span> <span class='ocrx_word' id='word_1_668' title='bbox 1720 1807 1830 1844; x_wconf 89' lang='lat' dir='ltr'>Patre</span> <span class='ocrx_word' id='word_1_669' title='bbox 1858 1813 1895 1842; x_wconf 92' lang='lat' dir='ltr'>et</span> <span class='ocrx_word' id='word_1_670' title='bbox 1922 1804 2030 1842; x_wconf 90' lang='lat' dir='ltr'>Filio.</span> <span class='ocrx_word' id='word_1_671' title='bbox 2599 1820 2602 1821; x_wconf 41' lang='lat'><em>⁷</em></span> 
     </span>
    </p>

    <p class='ocr_par' dir='ltr' id='par_1_24' title="bbox 1553 1854 2619 2226">
     <span class='ocr_line' id='line_1_97' title="bbox 1606 1854 2617 1907; baseline -0.004 -10"><span class='ocrx_word' id='word_1_672' title='bbox 1606 1861 1664 1897; x_wconf 84' lang='lat' dir='ltr'>AD</span> <span class='ocrx_word' id='word_1_673' title='bbox 1693 1871 1853 1903; x_wconf 79' lang='lat' dir='ltr'>QmNTUM</span> <span class='ocrx_word' id='word_1_674' title='bbox 1872 1870 2053 1895; x_wconf 66' lang='lat' dir='ltr'>memnon</span> <span class='ocrx_word' id='word_1_675' title='bbox 2073 1857 2180 1907; x_wconf 90' lang='lat' dir='ltr'>quod</span> <span class='ocrx_word' id='word_1_676' title='bbox 2199 1856 2238 1894; x_wconf 91' lang='lat' dir='ltr'>in</span> <span class='ocrx_word' id='word_1_677' title='bbox 2257 1856 2440 1907; x_wconf 89' lang='lat' dir='ltr'>mysterio</span> <span class='ocrx_word' id='word_1_678' title='bbox 2464 1854 2617 1901; x_wconf 66' lang='lat' dir='ltr'>divinae</span> 
     </span>
     <span class='ocr_line' id='line_1_98' title="bbox 1553 1909 2618 1959; baseline -0.004 -9"><span class='ocrx_word' id='word_1_679' title='bbox 1553 1912 1747 1950; x_wconf 85' lang='lat' dir='ltr'>Trinitatis</span> <span class='ocrx_word' id='word_1_680' title='bbox 1767 1919 1903 1949; x_wconf 86' lang='lat' dir='ltr'>natura</span> <span class='ocrx_word' id='word_1_681' title='bbox 1922 1910 2052 1948; x_wconf 90' lang='lat' dir='ltr'>divina</span> <span class='ocrx_word' id='word_1_682' title='bbox 2070 1909 2310 1959; x_wconf 88' lang='lat' dir='ltr'>praedicatur</span> <span class='ocrx_word' id='word_1_683' title='bbox 2337 1909 2376 1946; x_wconf 89' lang='lat' dir='ltr'>in</span> <span class='ocrx_word' id='word_1_684' title='bbox 2397 1910 2618 1947; x_wconf 57' lang='lat' dir='ltr'>abstracto*</span> 
     </span>
     <span class='ocr_line' id='line_1_99' title="bbox 1554 1960 2619 2014; baseline -0.004 -11"><span class='ocrx_word' id='word_1_685' title='bbox 1554 1966 1602 2003; x_wconf 88' lang='lat' dir='ltr'>de</span> <span class='ocrx_word' id='word_1_686' title='bbox 1620 1965 1742 2002; x_wconf 88' lang='lat' dir='ltr'>tribus</span> <span class='ocrx_word' id='word_1_687' title='bbox 1760 1964 1954 2014; x_wconf 88' lang='lat' dir='ltr'>personis:</span> <span class='ocrx_word' id='word_1_688' title='bbox 1985 1971 2020 2000; x_wconf 92' lang='lat' dir='ltr'>et</span> <span class='ocrx_word' id='word_1_689' title='bbox 2044 1963 2132 2000; x_wconf 92' lang='lat' dir='ltr'>ideo</span> <span class='ocrx_word' id='word_1_690' title='bbox 2151 1962 2371 2012; x_wconf 90' lang='lat' dir='ltr'>simpliciter</span> <span class='ocrx_word' id='word_1_691' title='bbox 2391 1969 2517 2012; x_wconf 88' lang='lat' dir='ltr'>potest</span> <span class='ocrx_word' id='word_1_692' title='bbox 2543 1960 2619 2000; x_wconf 76' lang='lat' dir='ltr'>dtc‘i</span> 
     </span>
     <span class='ocr_line' id='line_1_100' title="bbox 1554 2012 2618 2068; baseline -0.004 -12"><span class='ocrx_word' id='word_1_693' title='bbox 1554 2019 1661 2068; x_wconf 91' lang='lat' dir='ltr'>quod</span> <span class='ocrx_word' id='word_1_694' title='bbox 1689 2025 1762 2056; x_wconf 88' lang='lat' dir='ltr'>tres</span> <span class='ocrx_word' id='word_1_695' title='bbox 1783 2029 1970 2068; x_wconf 83' lang='lat' dir='ltr'>personae</span> <span class='ocrx_word' id='word_1_696' title='bbox 1996 2018 2067 2053; x_wconf 83' lang='lat' dir='ltr'>sint</span> <span class='ocrx_word' id='word_1_697' title='bbox 2095 2028 2221 2053; x_wconf 89' lang='lat' dir='ltr'>unum.</span> <span class='ocrx_word' id='word_1_698' title='bbox 2262 2015 2339 2053; x_wconf 90' lang='lat' dir='ltr'>Sed</span> <span class='ocrx_word' id='word_1_699' title='bbox 2366 2014 2407 2052; x_wconf 91' lang='lat' dir='ltr'>in</span> <span class='ocrx_word' id='word_1_700' title='bbox 2434 2012 2618 2066; x_wconf 64' lang='lat' dir='ltr'>mysterio</span> 
     </span>
     <span class='ocr_line' id='line_1_101' title="bbox 1554 2066 2619 2119; baseline -0.002 -10"><span class='ocrx_word' id='word_1_701' title='bbox 1554 2070 1824 2109; x_wconf 90' lang='lat' dir='ltr'>incarnationis</span> <span class='ocrx_word' id='word_1_702' title='bbox 1843 2082 1924 2107; x_wconf 93' lang='lat' dir='ltr'>non</span> <span class='ocrx_word' id='word_1_703' title='bbox 1943 2068 2212 2119; x_wconf 87' lang='lat' dir='ltr'>praedicantur</span> <span class='ocrx_word' id='word_1_704' title='bbox 2238 2068 2376 2106; x_wconf 88' lang='lat' dir='ltr'>ambae</span> <span class='ocrx_word' id='word_1_705' title='bbox 2402 2075 2561 2105; x_wconf 85' lang='lat' dir='ltr'>naturae</span> <span class='ocrx_word' id='word_1_706' title='bbox 2578 2066 2619 2107; x_wconf 89' lang='lat' dir='ltr'>in</span> 
     </span>
     <span class='ocr_line' id='line_1_102' title="bbox 1555 2118 2619 2171; baseline -0.005 -9"><span class='ocrx_word' id='word_1_707' title='bbox 1555 2125 1742 2162; x_wconf 87' lang='lat' dir='ltr'>abstracto</span> <span class='ocrx_word' id='word_1_708' title='bbox 1772 2123 1820 2160; x_wconf 91' lang='lat' dir='ltr'>de</span> <span class='ocrx_word' id='word_1_709' title='bbox 1849 2121 2022 2160; x_wconf 86' lang='lat' dir='ltr'>Christo:</span> <span class='ocrx_word' id='word_1_710' title='bbox 2052 2129 2088 2159; x_wconf 91' lang='lat' dir='ltr'>et</span> <span class='ocrx_word' id='word_1_711' title='bbox 2115 2121 2203 2159; x_wconf 90' lang='lat' dir='ltr'>ideo</span> <span class='ocrx_word' id='word_1_712' title='bbox 2223 2133 2303 2158; x_wconf 92' lang='lat' dir='ltr'>non</span> <span class='ocrx_word' id='word_1_713' title='bbox 2330 2128 2456 2171; x_wconf 89' lang='lat' dir='ltr'>potest</span> <span class='ocrx_word' id='word_1_714' title='bbox 2475 2118 2619 2171; x_wconf 71' lang='lat' dir='ltr'>simpli-</span> 
     </span>
     <span class='ocr_line' id='line_1_103' title="bbox 1555 2175 2261 2226; baseline -0.006 -11"><span class='ocrx_word' id='word_1_715' title='bbox 1555 2178 1647 2215; x_wconf 92' lang='lat' dir='ltr'>citer</span> <span class='ocrx_word' id='word_1_716' title='bbox 1674 2177 1748 2214; x_wconf 90' lang='lat' dir='ltr'>dici</span> <span class='ocrx_word' id='word_1_717' title='bbox 1776 2175 1884 2226; x_wconf 92' lang='lat' dir='ltr'>quod</span> <span class='ocrx_word' id='word_1_718' title='bbox 1916 2176 2080 2213; x_wconf 89' lang='lat' dir='ltr'>Christus</span> <span class='ocrx_word' id='word_1_719' title='bbox 2106 2176 2151 2212; x_wconf 86' lang='lat' dir='ltr'>sit</span> <span class='ocrx_word' id='word_1_720' title='bbox 2177 2175 2261 2211; x_wconf 87' lang='lat' dir='ltr'>duo.</span> 
     </span>
    </p>

    <p class='ocr_par' dir='ltr' id='par_1_25' title="bbox 1555 2225 2622 2637">
     <span class='ocr_line' id='line_1_104' title="bbox 1610 2225 2620 2277; baseline -0.003 -10"><span class='ocrx_word' id='word_1_721' title='bbox 1610 2231 1667 2267; x_wconf 84' lang='lat' dir='ltr'>An</span> <span class='ocrx_word' id='word_1_722' title='bbox 1703 2241 1845 2267; x_wconf 71' lang='lat' dir='ltr'>sax‘rum</span> <span class='ocrx_word' id='word_1_723' title='bbox 1879 2239 2061 2266; x_wconf 75' lang='lat' dir='ltr'>DicENDUM</span> <span class='ocrx_word' id='word_1_724' title='bbox 2095 2227 2202 2277; x_wconf 90' lang='lat' dir='ltr'>quod</span> <span class='ocrx_word' id='word_1_725' title='bbox 2231 2227 2304 2264; x_wconf 88' lang='lat' dir='ltr'>duo</span> <span class='ocrx_word' id='word_1_726' title='bbox 2339 2226 2476 2264; x_wconf 89' lang='lat' dir='ltr'>dicitur</span> <span class='ocrx_word' id='word_1_727' title='bbox 2509 2225 2620 2277; x_wconf 82' lang='lat' dir='ltr'>quasi</span> 
     </span>
     <span class='ocr_line' id='line_1_105' title="bbox 1555 2278 2619 2330; baseline -0.004 -10"><span class='ocrx_word' id='word_1_728' title='bbox 1555 2284 1702 2320; x_wconf 88' lang='lat' dir='ltr'>habens</span> <span class='ocrx_word' id='word_1_729' title='bbox 1731 2281 1970 2329; x_wconf 89' lang='lat' dir='ltr'>dualitatem,</span> <span class='ocrx_word' id='word_1_730' title='bbox 2000 2293 2081 2318; x_wconf 89' lang='lat' dir='ltr'>non</span> <span class='ocrx_word' id='word_1_731' title='bbox 2114 2279 2274 2330; x_wconf 91' lang='lat' dir='ltr'>quidem</span> <span class='ocrx_word' id='word_1_732' title='bbox 2301 2279 2341 2317; x_wconf 93' lang='lat' dir='ltr'>in</span> <span class='ocrx_word' id='word_1_733' title='bbox 2369 2279 2498 2329; x_wconf 88' lang='lat' dir='ltr'>aliquo</span> <span class='ocrx_word' id='word_1_734' title='bbox 2525 2278 2619 2327; x_wconf 70' lang='lat' dir='ltr'>alio,</span> 
     </span>
     <span class='ocr_line' id='line_1_106' title="bbox 1556 2332 2621 2385; baseline -0.004 -12"><span class='ocrx_word' id='word_1_735' title='bbox 1556 2337 1624 2373; x_wconf 91' lang='lat' dir='ltr'>sed</span> <span class='ocrx_word' id='word_1_736' title='bbox 1651 2336 1691 2373; x_wconf 93' lang='lat' dir='ltr'>in</span> <span class='ocrx_word' id='word_1_737' title='bbox 1710 2335 1793 2385; x_wconf 91' lang='lat' dir='ltr'>ipso</span> <span class='ocrx_word' id='word_1_738' title='bbox 1822 2335 1870 2371; x_wconf 88' lang='lat' dir='ltr'>de</span> <span class='ocrx_word' id='word_1_739' title='bbox 1890 2346 1970 2384; x_wconf 93' lang='lat' dir='ltr'>quo</span> <span class='ocrx_word' id='word_1_740' title='bbox 1998 2334 2078 2371; x_wconf 92' lang='lat' dir='ltr'>duo</span> <span class='ocrx_word' id='word_1_741' title='bbox 2097 2332 2375 2382; x_wconf 85' lang='lat' dir='ltr'>praedicantur.</span> <span class='ocrx_word' id='word_1_742' title='bbox 2399 2332 2466 2370; x_wconf 63' lang='lat' dir='ltr'>⁴Fit</span> <span class='ocrx_word' id='word_1_743' title='bbox 2489 2337 2621 2371; x_wconf 74' lang='lat' dir='ltr'>autem</span> 
     </span>
     <span class='ocr_line' id='line_1_107' title="bbox 1555 2384 2622 2438; baseline -0.005 -12"><span class='ocrx_word' id='word_1_744' title='bbox 1555 2387 1786 2438; x_wconf 89' lang='lat' dir='ltr'>praedicatio</span> <span class='ocrx_word' id='word_1_745' title='bbox 1822 2388 1869 2424; x_wconf 93' lang='lat' dir='ltr'>de</span> <span class='ocrx_word' id='word_1_746' title='bbox 1902 2386 2122 2436; x_wconf 90' lang='lat' dir='ltr'>supposito:</span> <span class='ocrx_word' id='word_1_747' title='bbox 2159 2385 2266 2435; x_wconf 91' lang='lat' dir='ltr'>quod</span> <span class='ocrx_word' id='word_1_748' title='bbox 2287 2384 2523 2434; x_wconf 83' lang='lat' dir='ltr'>importatur</span> <span class='ocrx_word' id='word_1_749' title='bbox 2543 2391 2622 2435; x_wconf 69' lang='lat' dir='ltr'>{per</span> 
     </span>
     <span class='ocr_line' id='line_1_108' title="bbox 1556 2435 2620 2486; baseline -0.005 -7"><span class='ocrx_word' id='word_1_750' title='bbox 1556 2443 1632 2479; x_wconf 91' lang='lat' dir='ltr'>hoc</span> <span class='ocrx_word' id='word_1_751' title='bbox 1650 2453 1796 2478; x_wconf 90' lang='lat' dir='ltr'>nornen</span> <span class='ocrx_word' id='word_1_752' title='bbox 1819 2441 1992 2477; x_wconf 88' lang='lat' dir='ltr'>Christus.</span> <span class='ocrx_word' id='word_1_753' title='bbox 2021 2437 2211 2485; x_wconf 88' lang='lat' dir='ltr'>Quamvis</span> <span class='ocrx_word' id='word_1_754' title='bbox 2230 2437 2342 2486; x_wconf 85' lang='lat' dir='ltr'>igitur</span> <span class='ocrx_word' id='word_1_755' title='bbox 2361 2435 2620 2476; x_wconf 72' lang='lat' dir='ltr'>Christus&#39;he-</span> 
     </span>
     <span class='ocr_line' id='line_1_109' title="bbox 1555 2488 2620 2539; baseline -0.003 -8"><span class='ocrx_word' id='word_1_756' title='bbox 1555 2495 1644 2531; x_wconf 91' lang='lat' dir='ltr'>beat</span> <span class='ocrx_word' id='word_1_757' title='bbox 1671 2493 1892 2531; x_wconf 89' lang='lat' dir='ltr'>dualitatem</span> <span class='ocrx_word' id='word_1_758' title='bbox 1919 2499 2156 2537; x_wconf 87' lang='lat' dir='ltr'>naturarum,</span> <span class='ocrx_word' id='word_1_759' title='bbox 2176 2489 2267 2539; x_wconf 88' lang='lat' dir='ltr'>quia</span> <span class='ocrx_word' id='word_1_760' title='bbox 2294 2497 2425 2527; x_wconf 90' lang='lat' dir='ltr'>tamen</span> <span class='ocrx_word' id='word_1_761' title='bbox 2451 2501 2533 2527; x_wconf 91' lang='lat' dir='ltr'>non</span> <span class='ocrx_word' id='word_1_762' title='bbox 2552 2488 2620 2528; x_wconf 84' lang='lat' dir='ltr'>ha-</span> 
     </span>
     <span class='ocr_line' id='line_1_110' title="bbox 1556 2541 2620 2594; baseline -0.005 -10"><span class='ocrx_word' id='word_1_763' title='bbox 1556 2548 1621 2584; x_wconf 91' lang='lat' dir='ltr'>bet</span> <span class='ocrx_word' id='word_1_764' title='bbox 1657 2546 1878 2584; x_wconf 88' lang='lat' dir='ltr'>dualitatem</span> <span class='ocrx_word' id='word_1_765' title='bbox 1919 2543 2229 2594; x_wconf 88' lang='lat' dir='ltr'>suppositorum,</span> <span class='ocrx_word' id='word_1_766' title='bbox 2267 2554 2349 2579; x_wconf 89' lang='lat' dir='ltr'>non</span> <span class='ocrx_word' id='word_1_767' title='bbox 2384 2549 2510 2592; x_wconf 88' lang='lat' dir='ltr'>potest</span> <span class='ocrx_word' id='word_1_768' title='bbox 2546 2541 2620 2580; x_wconf 77' lang='lat' dir='ltr'>dici</span> 
     </span>
     <span class='ocr_line' id='line_1_111' title="bbox 1558 2599 2145 2637; baseline -0.009 0"><span class='ocrx_word' id='word_1_769' title='bbox 1558 2612 1640 2637; x_wconf 89' lang='lat' dir='ltr'>esse</span> <span class='ocrx_word' id='word_1_770' title='bbox 1669 2599 1760 2636; x_wconf 91' lang='lat' dir='ltr'>duo.</span> <span class='ocrx_word' id='word_1_771' title='bbox 2141 2620 2145 2624; x_wconf 90' lang='lat'><em>-</em></span> 
     </span>
    </p>

    <p class='ocr_par' dir='ltr' id='par_1_26' title="bbox 1559 2647 2622 2742">
     <span class='ocr_line' id='line_1_112' title="bbox 1611 2647 2622 2699; baseline -0.003 -11"><span class='ocrx_word' id='word_1_772' title='bbox 1611 2654 1668 2688; x_wconf 82' lang='lat' dir='ltr'>&#39;AD</span> <span class='ocrx_word' id='word_1_773' title='bbox 1697 2663 1875 2688; x_wconf 73' lang='grc' dir='ltr'>εΕΡτιΜυΜ</span> <span class='ocrx_word' id='word_1_774' title='bbox 1902 2661 2083 2687; x_wconf 76' lang='lat' dir='ltr'>mCENDUM</span> <span class='ocrx_word' id='word_1_775' title='bbox 2111 2648 2219 2698; x_wconf 92' lang='lat' dir='ltr'>quod</span> <span class='ocrx_word' id='word_1_776' title='bbox 2247 2649 2403 2686; x_wconf 84' lang='lat' dir='ltr'>alterum</span> <span class='ocrx_word' id='word_1_777' title='bbox 2442 2647 2622 2699; x_wconf 72' lang='lat' dir='ltr'>importat</span> 
     </span>
     <span class='ocr_line' id='line_1_113' title="bbox 1559 2698 2622 2742; baseline -0.004 0"><span class='ocrx_word' id='word_1_778' title='bbox 1559 2704 1816 2742; x_wconf 88' lang='lat' dir='ltr'>diversitatem</span> <span class='ocrx_word' id='word_1_779' title='bbox 1844 2702 2065 2740; x_wconf 88' lang='lat' dir='ltr'>accidentis:</span> <span class='ocrx_word' id='word_1_780' title='bbox 2105 2709 2141 2738; x_wconf 92' lang='lat' dir='ltr'>et</span> <span class='ocrx_word' id='word_1_781' title='bbox 2168 2702 2256 2739; x_wconf 94' lang='lat' dir='ltr'>ideo</span> <span class='ocrx_word' id='word_1_782' title='bbox 2292 2701 2489 2738; x_wconf 84' lang='lat' dir='ltr'>diversitas</span> <span class='ocrx_word' id='word_1_783' title='bbox 2525 2698 2622 2740; x_wconf 83' lang='lat' dir='ltr'>acci-</span> 
     </span>
    </p>
   </div>
   <div class='ocr_carea' id='block_1_20' title="bbox 1559 2750 2654 2804">
    <p class='ocr_par' dir='ltr' id='par_1_27' title="bbox 1559 2750 2654 2804">
     <span class='ocr_line' id='line_1_114' title="bbox 1559 2750 2654 2804; baseline -0.005 -9"><span class='ocrx_word' id='word_1_784' title='bbox 1559 2757 1681 2795; x_wconf 91' lang='lat' dir='ltr'>dentis</span> <span class='ocrx_word' id='word_1_785' title='bbox 1719 2755 1858 2793; x_wconf 84' lang='lat' dir='ltr'>sufficit</span> <span class='ocrx_word' id='word_1_786' title='bbox 1894 2756 1943 2793; x_wconf 88' lang='lat' dir='ltr'>ad</span> <span class='ocrx_word' id='word_1_787' title='bbox 1975 2756 2051 2792; x_wconf 92' lang='lat' dir='ltr'>hoc</span> <span class='ocrx_word' id='word_1_788' title='bbox 2079 2755 2186 2804; x_wconf 92' lang='lat' dir='ltr'>quod</span> <span class='ocrx_word' id='word_1_789' title='bbox 2223 2753 2367 2803; x_wconf 91' lang='lat' dir='ltr'>aliquid</span> <span class='ocrx_word' id='word_1_790' title='bbox 2404 2750 2623 2804; x_wconf 68' lang='lat' dir='ltr'>simpiicite&#39;r</span> <span class='ocrx_word' id='word_1_791' title='bbox 2652 2772 2654 2776; x_wconf 50' lang='lat'><strong>⁴</strong></span> 
     </span>
    </p>
   </div>
   <div class='ocr_carea' id='block_1_21' title="bbox 1560 2805 2623 3283">
    <p class='ocr_par' dir='ltr' id='par_1_28' title="bbox 1560 2805 2623 3283">
     <span class='ocr_line' id='line_1_115' title="bbox 1560 2805 2622 2857; baseline -0.004 -10"><span class='ocrx_word' id='word_1_792' title='bbox 1560 2811 1707 2848; x_wconf 89' lang='lat' dir='ltr'>dicatur</span> <span class='ocrx_word' id='word_1_793' title='bbox 1734 2810 1902 2846; x_wconf 87' lang='lat' dir='ltr'>alterum.</span> <span class='ocrx_word' id='word_1_794' title='bbox 1932 2809 2009 2846; x_wconf 91' lang='lat' dir='ltr'>Sed</span> <span class='ocrx_word' id='word_1_795' title='bbox 2037 2808 2140 2845; x_wconf 85' lang='lat' dir='ltr'>aliud</span> <span class='ocrx_word' id='word_1_796' title='bbox 2166 2808 2346 2857; x_wconf 84' lang='lat' dir='ltr'>importat</span> <span class='ocrx_word' id='word_1_797' title='bbox 2364 2805 2622 2844; x_wconf 76' lang='lat' dir='ltr'>diversitatem</span> 
     </span>
     <span class='ocr_line' id='line_1_116' title="bbox 1560 2859 2623 2900; baseline -0.004 0"><span class='ocrx_word' id='word_1_798' title='bbox 1560 2862 1802 2900; x_wconf 87' lang='lat' dir='ltr'>substantiae.</span> <span class='ocrx_word' id='word_1_799' title='bbox 1834 2860 2052 2899; x_wconf 87' lang='lat' dir='ltr'>Substantia</span> <span class='ocrx_word' id='word_1_800' title='bbox 2070 2868 2201 2898; x_wconf 88' lang='lat' dir='ltr'>autem</span> <span class='ocrx_word' id='word_1_801' title='bbox 2222 2859 2360 2897; x_wconf 91' lang='lat' dir='ltr'>dicitur</span> <span class='ocrx_word' id='word_1_802' title='bbox 2386 2871 2467 2897; x_wconf 90' lang='lat' dir='ltr'>non</span> <span class='ocrx_word' id='word_1_803' title='bbox 2493 2859 2623 2897; x_wconf 85' lang='lat' dir='ltr'>so1um</span> 
     </span>
     <span class='ocr_line' id='line_1_117' title="bbox 1561 2910 2623 2963; baseline -0.005 -9"><span class='ocrx_word' id='word_1_804' title='bbox 1561 2924 1715 2962; x_wconf 89' lang='lat' dir='ltr'>natura,</span> <span class='ocrx_word' id='word_1_805' title='bbox 1746 2915 1812 2952; x_wconf 91' lang='lat' dir='ltr'>sed</span> <span class='ocrx_word' id='word_1_806' title='bbox 1841 2914 1956 2951; x_wconf 89' lang='lat' dir='ltr'>etiarn</span> <span class='ocrx_word' id='word_1_807' title='bbox 1985 2913 2249 2963; x_wconf 90' lang='lat' dir='ltr'>suppositum:</span> <span class='ocrx_word' id='word_1_808' title='bbox 2287 2920 2331 2950; x_wconf 89' lang='lat' dir='ltr'>ut</span> <span class='ocrx_word' id='word_1_809' title='bbox 2357 2911 2495 2950; x_wconf 90' lang='lat' dir='ltr'>dicitur</span> <span class='ocrx_word' id='word_1_810' title='bbox 2519 2910 2560 2950; x_wconf 86' lang='lat' dir='ltr'>in</span> <span class='ocrx_word' id='word_1_811' title='bbox 2579 2910 2623 2949; x_wconf 73' lang='lat' dir='ltr'>&#39;V</span> 
     </span>
     <span class='ocr_line' id='line_1_118' title="bbox 1560 2963 2622 3019; baseline -0.005 -12"><span class='ocrx_word' id='word_1_812' title='bbox 1560 2970 1773 3019; x_wconf 80' lang='lat' dir='ltr'>Metaphys.</span> <span class='ocrx_word' id='word_1_813' title='bbox 1793 2967 1813 2989; x_wconf 75' lang='lat'>&#39;¹‘</span> <span class='ocrx_word' id='word_1_814' title='bbox 1841 2967 1890 3004; x_wconf 91' lang='lat' dir='ltr'>Et</span> <span class='ocrx_word' id='word_1_815' title='bbox 1917 2967 2004 3004; x_wconf 89' lang='lat' dir='ltr'>ideo</span> <span class='ocrx_word' id='word_1_816' title='bbox 2034 2966 2230 3004; x_wconf 90' lang='lat' dir='ltr'>diversitas</span> <span class='ocrx_word' id='word_1_817' title='bbox 2258 2972 2416 3003; x_wconf 84' lang='lat' dir='ltr'>naturae</span> <span class='ocrx_word' id='word_1_818' title='bbox 2443 2976 2523 3003; x_wconf 85' lang='lat' dir='ltr'>non</span> <span class='ocrx_word' id='word_1_819' title='bbox 2546 2963 2622 3002; x_wconf 81' lang='lat' dir='ltr'>suf-</span> 
     </span>
     <span class='ocr_line' id='line_1_119' title="bbox 1561 3015 2622 3070; baseline -0.005 -11"><span class='ocrx_word' id='word_1_820' title='bbox 1561 3021 1639 3059; x_wconf 87' lang='lat' dir='ltr'>ficit</span> <span class='ocrx_word' id='word_1_821' title='bbox 1658 3022 1707 3059; x_wconf 87' lang='lat' dir='ltr'>ad</span> <span class='ocrx_word' id='word_1_822' title='bbox 1726 3022 1802 3058; x_wconf 91' lang='lat' dir='ltr'>hoc</span> <span class='ocrx_word' id='word_1_823' title='bbox 1819 3020 1925 3070; x_wconf 90' lang='lat' dir='ltr'>quod</span> <span class='ocrx_word' id='word_1_824' title='bbox 1945 3019 2090 3069; x_wconf 91' lang='lat' dir='ltr'>aliquid</span> <span class='ocrx_word' id='word_1_825' title='bbox 2109 3018 2327 3068; x_wconf 89' lang='lat' dir='ltr'>simpliciter</span> <span class='ocrx_word' id='word_1_826' title='bbox 2341 3017 2488 3055; x_wconf 88' lang='lat' dir='ltr'>dicatur</span> <span class='ocrx_word' id='word_1_827' title='bbox 2505 3015 2622 3063; x_wconf 79' lang='lat' dir='ltr'>aliud,</span> 
     </span>
     <span class='ocr_line' id='line_1_120' title="bbox 1562 3069 2623 3122; baseline -0.006 -10"><span class='ocrx_word' id='word_1_828' title='bbox 1562 3074 1634 3112; x_wconf 91' lang='lat' dir='ltr'>nisi</span> <span class='ocrx_word' id='word_1_829' title='bbox 1662 3073 1758 3111; x_wconf 87' lang='lat' dir='ltr'>adsit</span> <span class='ocrx_word' id='word_1_830' title='bbox 1785 3072 1982 3110; x_wconf 87' lang='lat' dir='ltr'>diversitas</span> <span class='ocrx_word' id='word_1_831' title='bbox 2011 3072 2227 3110; x_wconf 90' lang='lat' dir='ltr'>secundum</span> <span class='ocrx_word' id='word_1_832' title='bbox 2254 3069 2509 3122; x_wconf 89' lang='lat' dir='ltr'>suppositum.</span> <span class='ocrx_word' id='word_1_833' title='bbox 2535 3069 2623 3116; x_wconf 77' lang='lat' dir='ltr'>&#39;Sed</span> 
     </span>
     <span class='ocr_line' id='line_1_121' title="bbox 1562 3120 2622 3168; baseline -0.005 -4"><span class='ocrx_word' id='word_1_834' title='bbox 1562 3127 1759 3165; x_wconf 84' lang='lat' dir='ltr'>diversitas</span> <span class='ocrx_word' id='word_1_835' title='bbox 1778 3134 1936 3164; x_wconf 90' lang='lat' dir='ltr'>naturae</span> <span class='ocrx_word' id='word_1_836' title='bbox 1955 3125 2041 3163; x_wconf 87' lang='lat' dir='ltr'>facit</span> <span class='ocrx_word' id='word_1_837' title='bbox 2060 3125 2164 3163; x_wconf 88' lang='lat' dir='ltr'>aliud</span> <span class='ocrx_word' id='word_1_838' title='bbox 2192 3124 2407 3162; x_wconf 88' lang='lat' dir='ltr'>secundum</span> <span class='ocrx_word' id='word_1_839' title='bbox 2454 3121 2533 3168; x_wconf 88' lang='lat' dir='ltr'>uid,</span> <span class='ocrx_word' id='word_1_840' title='bbox 2553 3120 2622 3159; x_wconf 88' lang='lat' dir='ltr'>sci·</span> 
     </span>
     <span class='ocr_line' id='line_1_122' title="bbox 1563 3173 2623 3226; baseline -0.007 -8"><span class='ocrx_word' id='word_1_841' title='bbox 1563 3180 1647 3218; x_wconf 89' lang='lat' dir='ltr'>licet</span> <span class='ocrx_word' id='word_1_842' title='bbox 1675 3180 1891 3217; x_wconf 89' lang='lat' dir='ltr'>secundum</span> <span class='ocrx_word' id='word_1_843' title='bbox 1919 3187 2108 3226; x_wconf 88' lang='lat' dir='ltr'>naturam,</span> <span class='ocrx_word' id='word_1_844' title='bbox 2138 3177 2169 3215; x_wconf 93' lang='lat' dir='ltr'>si</span> <span class='ocrx_word' id='word_1_845' title='bbox 2196 3188 2276 3214; x_wconf 87' lang='lat' dir='ltr'>non</span> <span class='ocrx_word' id='word_1_846' title='bbox 2303 3174 2400 3214; x_wconf 84' lang='lat' dir='ltr'>adsit</span> <span class='ocrx_word' id='word_1_847' title='bbox 2455 3173 2623 3213; x_wconf 75' lang='lat' dir='ltr'>&#39;versitas</span> 
     </span>
     <span class='ocr_line' id='line_1_123' title="bbox 1563 3233 1761 3283; baseline -0.005 -12"><span class='ocrx_word' id='word_1_848' title='bbox 1563 3233 1761 3283; x_wconf 81' lang='lat' dir='ltr'>suppositi.</span> 
     </span>
    </p>
   </div>
   <div class='ocr_carea' id='block_1_22' title="bbox 1614 3407 2625 3517">
    <p class='ocr_par' dir='ltr' id='par_1_29' title="bbox 1614 3407 2625 3517">
     <span class='ocr_line' id='line_1_124' title="bbox 1615 3407 2148 3444; baseline -0.008 -8"><span class='ocrx_word' id='word_1_849' title='bbox 1615 3411 1641 3444; x_wconf 76' lang='grc' dir='ltr'>κ)</span> <span class='ocrx_word' id='word_1_850' title='bbox 1660 3411 1821 3436; x_wconf 80' lang='lat' dir='ltr'>traheretur.</span> <span class='ocrx_word' id='word_1_851' title='bbox 1840 3423 1858 3428; x_wconf 93' lang='lat'><em>-</em></span> <span class='ocrx_word' id='word_1_852' title='bbox 1872 3409 2078 3442; x_wconf 77' lang='lat' dir='ltr'>pertraheretur</span> <span class='ocrx_word' id='word_1_853' title='bbox 2095 3407 2148 3433; x_wconf 87' lang='lat' dir='ltr'>BD.</span> 
     </span>
     <span class='ocr_line' id='line_1_125' title="bbox 1614 3443 2100 3480; baseline -0.01 -8"><span class='ocrx_word' id='word_1_854' title='bbox 1614 3446 1643 3480; x_wconf 89' lang='grc' dir='ltr'>λ)</span> <span class='ocrx_word' id='word_1_855' title='bbox 1662 3450 1826 3479; x_wconf 77' lang='lat' dir='ltr'>sequeretur.</span> <span class='ocrx_word' id='word_1_856' title='bbox 1843 3459 1862 3464; x_wconf 92' lang='lat'>-</span> <span class='ocrx_word' id='word_1_857' title='bbox 1879 3444 2000 3478; x_wconf 75' lang='lat' dir='ltr'>sequitur</span> <span class='ocrx_word' id='word_1_858' title='bbox 2017 3443 2100 3468; x_wconf 75' lang='lat' dir='ltr'>tertia.</span> 
     </span>
     <span class='ocr_line' id='line_1_126' title="bbox 1615 3473 2625 3517; baseline -0.009 -10"><span class='ocrx_word' id='word_1_859' title='bbox 1615 3481 1644 3517; x_wconf 83' lang='grc' dir='ltr'>μ)</span> <span class='ocrx_word' id='word_1_860' title='bbox 1664 3483 1689 3507; x_wconf 79' lang='lat' dir='ltr'>in</span> <span class='ocrx_word' id='word_1_861' title='bbox 1710 3482 1854 3507; x_wconf 70' lang='lat' dir='ltr'>abstracto.</span> <span class='ocrx_word' id='word_1_862' title='bbox 1871 3494 1891 3499; x_wconf 89' lang='lat'><em>-</em></span> <span class='ocrx_word' id='word_1_863' title='bbox 1909 3479 1990 3505; x_wconf 79' lang='lat' dir='ltr'>etiam</span> <span class='ocrx_word' id='word_1_864' title='bbox 2010 3478 2035 3504; x_wconf 84' lang='lat' dir='ltr'>in</span> <span class='ocrx_word' id='word_1_865' title='bbox 2054 3478 2190 3503; x_wconf 71' lang='lat' dir='ltr'>abstracto</span> <span class='ocrx_word' id='word_1_866' title='bbox 2209 3476 2272 3508; x_wconf 83' lang='lat' dir='ltr'>PGl,</span> <span class='ocrx_word' id='word_1_867' title='bbox 2288 3475 2314 3501; x_wconf 77' lang='lat' dir='ltr'>in</span> <span class='ocrx_word' id='word_1_868' title='bbox 2333 3475 2469 3501; x_wconf 68' lang='lat' dir='ltr'>abstracto</span> <span class='ocrx_word' id='word_1_869' title='bbox 2487 3474 2567 3500; x_wconf 74' lang='lat' dir='ltr'>ettam</span> <span class='ocrx_word' id='word_1_870' title='bbox 2586 3473 2625 3499; x_wconf 79' lang='lat' dir='ltr'>bc.</span> 
     </span>
    </p>
   </div>
   <div class='ocr_carea' id='block_1_23' title="bbox 2793 0 2872 3970">
    <p class='ocr_par' dir='ltr' id='par_1_30' title="bbox 2793 0 2872 3970">
     <span class='ocr_line' id='line_1_127' title="bbox 2793 0 2872 3970; baseline 0 0"><span class='ocrx_word' id='word_1_871' title='bbox 2793 0 2872 3970; x_wconf 95' lang='lat' dir='ltr'> </span> 
     </span>
    </p>
   </div>
   <div class='ocr_carea' id='block_1_24' title="bbox 2649 2944 2867 3063">
    <p class='ocr_par' dir='ltr' id='par_1_31' title="bbox 2649 2944 2867 3063">
     <span class='ocr_line' id='line_1_128' title="bbox 2650 2944 2867 3001; baseline 0 -10"><span class='ocrx_word' id='word_1_872' title='bbox 2650 2969 2660 2977; x_wconf 87' lang='lat'><strong>·</strong></span> <span class='ocrx_word' id='word_1_873' title='bbox 2669 2967 2747 3000; x_wconf 63' lang='lat' dir='ltr'>sn.</span> <span class='ocrx_word' id='word_1_874' title='bbox 2757 2946 2827 2995; x_wconf 49' lang='lat' dir='ltr'>ineas</span> <span class='ocrx_word' id='word_1_875' title='bbox 2854 2944 2867 3001; x_wconf 60' lang='grc' dir='ltr'>Ῑ,</span> 
     </span>
     <span class='ocr_line' id='line_1_129' title="bbox 2649 2993 2858 3023; baseline 0.014 -6"><span class='ocrx_word' id='word_1_876' title='bbox 2649 2994 2702 3017; x_wconf 70' lang='lat' dir='ltr'>nm.</span> <span class='ocrx_word' id='word_1_877' title='bbox 2713 2993 2801 3023; x_wconf 67' lang='lat' dir='ltr'>nmv.</span> <span class='ocrx_word' id='word_1_878' title='bbox 2856 3017 2858 3020; x_wconf 81' lang='grc'>,</span> 
     </span>
     <span class='ocr_line' id='line_1_130' title="bbox 2649 3026 2857 3063; baseline 0 -19"><span class='ocrx_word' id='word_1_879' title='bbox 2649 3027 2700 3050; x_wconf 83' lang='lat' dir='ltr'>vm,</span> <span class='ocrx_word' id='word_1_880' title='bbox 2714 3027 2738 3044; x_wconf 81' lang='grc' dir='ltr'>ιι.</span> <span class='ocrx_word' id='word_1_881' title='bbox 2751 3026 2773 3050; x_wconf 74' lang='lat'>5.</span> <span class='ocrx_word' id='word_1_882' title='bbox 2804 3026 2822 3063; x_wconf 32' lang='grc' dir='ltr'>,ι’</span> <span class='ocrx_word' id='word_1_883' title='bbox 2856 3031 2857 3039; x_wconf 65' lang='lat'>2</span> 
     </span>
    </p>
   </div>
  </div>
 </body>
</html>
