2872 3970
141 1191 151 1201 ⁴
157 1189 226 1211 Num.
237 1195 265 1216 iv,
272 1189 352 1211 Maior

138 1216 260 1244 probatur.

142 2954 351 2980 ’lbid.,1v,.lli11r1r

140 2982 261 3009 probatur.

387 234 436 269 66

385 313 471 342 mine
494 312 582 342 nulla
598 314 728 351 apparet
751 312 854 342 maior
869 311 1081 352 dependentia
1098 313 1269 343 essentialis
1293 322 1360 342 non
1378 322 1452 343 cau-

385 356 456 386 salis
480 365 577 395 quam
608 365 645 385 ea
668 365 750 396 quae
774 362 820 386 est
846 357 941 386 unius
957 357 1078 386 relativi
1101 356 1140 386 ad
1163 357 1330 396 proprium
1347 366 1451 386 corre-

384 400 532 430 lativum:
558 399 633 439 quia
657 399 806 430 definitur
822 405 853 430 et
869 400 1074 430 essentialiter
1090 401 1292 430 constituitur
1310 409 1367 439 per
1383 409 1450 430 esse

385 443 424 474 ad
447 443 542 474 aliud.
568 443 702 474 Constat
725 449 832 474 autern
857 443 946 484 quod
970 453 1072 474 unum
1091 444 1257 474 relativum
1281 443 1325 474 sic
1346 453 1451 474 essen-

383 487 497 518 tialiter
513 487 672 528 dependet
687 488 726 517 ab
743 497 810 518 uno
826 487 964 517 totaliter
979 488 1134 517 intensive
1150 488 1339 518 terminante
1359 487 1449 523 illud,

384 531 474 571 quod
496 541 564 562 non
587 532 725 562 totaliter
748 532 908 562 extensive
938 532 1086 561 terminat
1109 531 1205 561 illud:
1237 537 1272 562 ut
1300 537 1387 572 patet
1410 531 1450 562 de

384 575 484 615 duplo
509 581 540 606 et
564 575 707 611 dimidio,
733 581 763 605 et
786 575 921 615 aequali,
946 580 977 605 et
993 575 1097 611 simili,
1115 580 1146 605 et
1162 575 1229 605 aliis
1245 575 1449 611 huiusmodi;

383 619 469 650 idem
493 620 579 650 enim
603 619 738 659 duplum
762 618 874 649 eadem
890 628 1025 649 numero
1043 618 1227 659 duplicitate
1251 619 1387 660 duplum
1403 625 1450 650 est

383 673 451 694 non
474 664 580 694 solum
604 663 643 693 ad
666 664 695 693 A
718 662 896 698 dimidium,
921 661 976 692 sed
999 661 1039 692 ad
1061 663 1087 692 B
1104 668 1135 693 et
1151 662 1195 699 C;
1221 669 1252 694 et
1275 673 1377 694 unum
1398 673 1450 693 ae-

384 708 477 747 quale
502 707 613 738 eadem
636 716 772 737 numero
797 707 986 746 aequalitate
1010 707 1142 746 aequale
1163 713 1208 737 est
1225 708 1374 738 omnibus
1391 708 1449 738 sibi

383 751 579 792 aequalibus.

437 796 480 825 At
503 796 527 825 si
552 795 623 835 quis
648 794 731 824 dicat
761 795 895 825 Scotum
919 800 1028 824 tenere
1052 794 1142 835 quod
1169 805 1237 825 non
1262 794 1373 826 eadem
1397 805 1449 827 ae-

383 840 532 880 qualitate
557 848 659 869 unum
676 839 808 878 aequale
833 845 879 869 est
894 839 1027 879 aequale
1044 840 1205 875 omnibus,
1230 845 1261 870 et
1280 846 1450 880 propterea

382 885 415 914 in
432 893 487 913 sua
507 884 556 913 via
575 883 831 922 propositionem
847 892 915 913 esse
930 892 1055 913 veram:
1077 882 1168 913 facile
1184 884 1333 914 obiicitur
1349 883 1448 924 quod,

382 927 421 958 ad
445 926 706 958 concludendum
729 926 850 967 aliquid
872 927 1069 967 impossibile
1101 928 1195 958 etiam
1225 937 1282 968 per
1309 927 1449 959 divinam

381 972 559 1011 potentiam
583 971 632 1010 (ut
662 980 750 1001 nunc
779 970 996 1011 proceditur),
1027 981 1093 1001 non
1118 977 1166 1002 est
1195 981 1233 1002 ex
1257 972 1394 1012 opinatis
1418 978 1449 1003 et

381 1015 522 1046 refutatis
546 1016 584 1045 ab
609 1014 676 1045 aliis
701 1020 731 1045 et
750 1016 918 1045 communi
933 1015 1043 1045 schola
1066 1015 1350 1055 Peripateticorum
1374 1026 1449 1056 pro-

381 1058 578 1095 cedendum;
604 1058 707 1099 qualis
731 1064 777 1089 est
796 1059 854 1089 ista
878 1059 990 1099 opinio
1013 1069 1139 1099 ponens
1158 1059 1250 1100 plura
1274 1059 1450 1091 accidentia

381 1103 524 1134 eiusdem
547 1103 678 1133 rationis
701 1103 733 1132 in
758 1102 873 1133 eodem
897 1103 1041 1134 subiecto
1066 1103 1244 1134 secundum
1264 1103 1360 1135 idern.
1384 1105 1448 1135 Ne-

379 1147 482 1188 ganda
505 1153 552 1178 est
574 1148 670 1187 igitur
692 1147 750 1177 ista
768 1147 880 1183 maior,
897 1157 965 1178 non
981 1153 1150 1187 acceptans
1166 1148 1283 1178 dictam
1298 1148 1447 1188 glossam.

434 1192 488 1222 VI.
512 1191 563 1222 Ad
586 1192 812 1232 probationem
828 1197 936 1222 autem
951 1193 1041 1222 istius
1064 1193 1194 1222 maioris
1206 1193 1232 1228 ³,
1248 1202 1308 1232 pro
1325 1199 1447 1233 quanto

379 1237 493 1276 probat
516 1237 618 1276 ipsam
641 1236 674 1265 in
691 1234 903 1275 dependentia
919 1236 1077 1267 essentiali
1093 1236 1220 1273 causali,
1236 1246 1304 1267 non
1321 1243 1449 1277 oportet

379 1279 588 1321 respondere:
614 1280 689 1320 quia
712 1289 786 1310 vera
805 1289 841 1310 ac
857 1280 943 1310 bona
958 1279 1083 1311 videtur
1105 1280 1284 1311 secundum
1301 1280 1447 1312 ordinem

378 1325 516 1355 inditum
540 1325 642 1354 causis
667 1329 697 1354 et
721 1324 871 1360 causatis,
903 1329 934 1354 et
957 1323 1129 1364 disputatio
1152 1330 1261 1355 nostra
1284 1331 1370 1356 extra
1393 1325 1447 1356 de-

378 1369 584 1409 pendentiam
608 1367 767 1398 causalem
790 1373 941 1398 versatur.
966 1368 1029 1398 Sed
1052 1378 1127 1399 cum
1150 1369 1313 1409 subiungit
1331 1369 1447 1400 Scotus

379 1412 469 1454 quod
492 1413 534 1442 ita
558 1413 653 1443 etiam
676 1411 801 1442 videtur
824 1413 857 1442 in
874 1413 1025 1442 omnibus
1041 1412 1262 1452 dependentiis
1281 1422 1363 1453 quae
1379 1423 1447 1444 non

378 1463 453 1488 sunt
469 1462 672 1487 causatorum
689 1455 728 1486 ad
745 1465 864 1491 causaS‚
881 1455 1094 1496 respondetur
1110 1456 1199 1496 quod
1215 1466 1283 1487 non
1299 1462 1346 1487 est
1360 1457 1447 1488 idem

379 1502 418 1532 de
442 1501 585 1541 utrisque
610 1499 830 1540 dependentiis
853 1499 1020 1530 iudicium.
1057 1500 1097 1530 Et
1120 1506 1207 1540 patet
1229 1501 1378 1531 instantia
1407 1501 1446 1532 de

379 1545 591 1586 dependentia
614 1545 710 1574 unius
733 1544 853 1574 relativi
883 1543 1022 1574 totaliter
1045 1544 1201 1574 intensive
1225 1545 1384 1575 terminati
1407 1545 1446 1575 ab

378 1600 460 1626 uno,
486 1595 516 1620 et
540 1594 647 1619 tamen
670 1588 709 1618 ab
733 1588 832 1618 altero
857 1587 1001 1618 eiusdem
1024 1588 1156 1619 rationis
1179 1589 1315 1619 omnino
1339 1589 1447 1619 termi-

377 1634 484 1664 nabili.
509 1633 550 1663 Et
572 1631 758 1672 suffragatur
781 1632 856 1662 huic
877 1633 1079 1672 responsioni
1098 1633 1187 1663 ratio.
1212 1632 1376 1670 Quoniam
1393 1632 1447 1664 de-

378 1678 550 1719 pendentia
573 1677 705 1707 causalis
728 1677 821 1716 ponit
843 1675 1122 1716 imperfectionem
1143 1683 1174 1707 et
1190 1677 1398 1716 indigentiam
1413 1677 1447 1708 in

378 1728 519 1757 causato,
544 1731 626 1762 quae
643 1722 668 1750 si
684 1721 807 1751 sublata
822 1721 960 1750 totaliter
978 1727 1024 1750 est
1040 1721 1078 1750 ab
1096 1731 1160 1751 una
1176 1730 1280 1757 causa,
1304 1721 1448 1761 implicat

379 1766 469 1807 quod
491 1771 652 1796 remaneat
670 1764 815 1804 indigens
831 1764 927 1795 altera
943 1774 1047 1794 causa.
1073 1765 1135 1796 Sed
1151 1764 1364 1804 dependentia
1379 1775 1446 1795 non

379 1810 511 1841 causalis
542 1815 647 1850 potest
674 1810 741 1839 sine
765 1808 1008 1848 imperfectione
1038 1814 1069 1839 et
1092 1809 1264 1849 indigentia
1294 1809 1445 1839 inveniri:

379 1861 414 1886 ut
437 1859 523 1895 patet
546 1854 579 1883 in
603 1853 756 1888 relativis,
790 1862 871 1892 quae
895 1853 928 1883 in
952 1852 1065 1883 divinis
1093 1853 1160 1883 sine
1184 1853 1273 1882 omni
1296 1852 1446 1892 imperfe-

379 1900 486 1930 ctione
503 1903 533 1928 et
548 1897 723 1937 indigentia
738 1897 954 1927 inveniuntur.
971 1897 1019 1927 Ac
1035 1906 1092 1937 per
1103 1898 1176 1933 hoc,
1189 1902 1295 1936 potest
1307 1897 1445 1934 aliunde,

378 1949 456 1984 puta
480 1952 517 1973 ex
534 1942 660 1972 alterius
677 1940 874 1976 conditione,
892 1941 1060 1981 provenire
1082 1941 1171 1980 quod
1188 1941 1283 1971 etiam
1299 1942 1447 1972 terminet

379 1986 469 2027 quod
491 1988 555 2016 iam
578 1987 783 2016 terminatum
808 1986 846 2015 ab
863 1985 925 2015 alio
951 1991 1006 2015 est.
1031 1985 1072 2015 Et
1087 1986 1131 2015 sic
1148 1991 1195 2015 est
1210 1985 1243 2015 in
1259 1986 1444 2025 proposito:

379 2031 468 2072 quod
491 2040 559 2061 non
583 2040 620 2060 ex
640 2040 679 2060 eo
704 2029 793 2070 quod
809 2029 907 2059 Filius
924 2029 984 2059 Dei
1000 2028 1186 2069 imperfecte
1205 2030 1353 2059 terminet
1375 2039 1446 2069 per-

378 2075 528 2106 sonaliter
558 2080 703 2104 naturam
733 2074 924 2109 humanam,
954 2083 1061 2113 neque
1086 2083 1123 2103 ex
1148 2083 1186 2103 eo
1219 2072 1308 2112 quod
1335 2079 1447 2104 natura

378 2121 518 2150 humana
541 2124 702 2158 assumpta
725 2128 743 2147 a
762 2117 843 2147 Filio
861 2118 921 2148 Dei
944 2123 1105 2147 remaneat
1128 2116 1314 2157 imperfecta
1337 2126 1446 2157 perso-

378 2164 500 2199 naliter,
517 2163 664 2202 provenit
681 2161 770 2202 quod
786 2162 876 2192 Pater
891 2166 998 2201 potest
1013 2161 1100 2191 illam
1117 2161 1155 2191 ad
1171 2161 1334 2201 propriam
1350 2162 1446 2192 etiam

378 2208 637 2248 personalitatem
653 2215 829 2242 assumere;
847 2205 902 2236 sed
919 2215 956 2236 ex
969 2205 1155 2236 conditione
1167 2215 1324 2245 personae
1336 2205 1445 2242 Patris,

378 2253 441 2282 hoc
457 2258 503 2282 est
527 2262 564 2282 ex
581 2250 736 2280 infinitate
753 2260 828 2280 suae
845 2249 1063 2286 sufficientiae,
1080 2250 1228 2289 provenit
1245 2249 1335 2289 quod
1350 2250 1446 2280 etiam

377 2302 484 2336 potest
507 2296 661 2325 illammet
684 2304 866 2334 personare.

433 2340 484 2370 Ad
500 2339 789 2374 confirmationem,
814 2338 853 2368 de
869 2338 1033 2369 accidente
1049 2343 1198 2378 respectu
1213 2338 1355 2378 plurium
1371 2339 1446 2368 sub-

377 2385 535 2415 iectorum
565 2384 759 2423 primorum,
791 2382 905 2413 dicitur
927 2383 1049 2423 primo,
1080 2382 1169 2422 quod
1198 2382 1286 2412 nulla
1316 2389 1447 2423 apparet

376 2429 552 2468 implicatio
577 2427 836 2458 contradictionis
867 2426 957 2467 quod
981 2427 1068 2457 Deus
1091 2425 1247 2457 accidenti
1271 2426 1365 2457 alicui
1393 2426 1447 2457 det

376 2474 532 2503 unitatem
555 2471 753 2502 numeralem
777 2472 810 2501 in
834 2481 877 2507 se,
902 2477 949 2507 et,
974 2470 1195 2501 conservando
1218 2471 1321 2507 illam,
1346 2477 1447 2511 ponat

376 2516 455 2547 illud
479 2516 625 2547 accidens
655 2516 688 2545 in
712 2515 857 2555 pluribus
885 2515 1036 2545 subiectis
1059 2516 1169 2554 primis
1200 2514 1378 2545 secundum
1401 2525 1445 2546 se.

377 2561 418 2591 Et
441 2560 531 2601 quod
553 2561 586 2590 in
605 2560 659 2590 tali
675 2569 751 2589 casu
774 2565 925 2589 neutrum
942 2565 1023 2589 esset
1039 2560 1219 2589 subiectum
1235 2560 1376 2599 primum
1393 2569 1446 2590 ex-

376 2606 498 2635 tensive
517 2605 577 2634 nisi
601 2603 780 2634 secundum
804 2613 846 2633 se.
871 2604 945 2633 Hoc
970 2609 1030 2633 est:
1057 2609 1214 2643 quantum
1231 2609 1277 2633 est
1301 2613 1338 2633 ex
1356 2609 1445 2643 parte

377 2650 436 2684 sui,
461 2654 542 2679 esset
565 2649 746 2678 subiectum
770 2648 909 2687 primurn
934 2648 1104 2683 extensive,
1130 2653 1160 2677 et
1184 2647 1270 2677 daret
1290 2648 1446 2678 unitatem

377 2693 592 2728 numeralem,
625 2692 680 2722 sed
703 2692 809 2722 divina
832 2692 975 2731 potentia
1003 2691 1091 2721 aliter
1113 2691 1152 2721 de
1177 2691 1261 2721 facto
1286 2698 1445 2731 operatur.

433 2738 557 2768 Dicitur
573 2735 726 2771 secundo,
745 2735 834 2776 quod
850 2735 1064 2776 dependentia
1079 2735 1251 2766 accidentis
1267 2746 1284 2765 a
1300 2737 1445 2766 subiecto

378 2782 482 2822 primo
508 2787 554 2811 est
577 2780 790 2820 dependentia
813 2780 960 2810 causalis:
993 2786 1039 2810 est
1063 2780 1149 2810 enim
1179 2780 1359 2810 subiectum
1382 2781 1446 2820 pri-

378 2836 469 2856 mum
493 2835 586 2855 causa
610 2825 791 2860 accidentis,
816 2830 851 2854 ut
874 2829 969 2864 patet.
995 2824 1035 2854 Et
1058 2823 1131 2854 ideo
1154 2833 1223 2854 non
1239 2823 1446 2854 confirmatur

378 2880 434 2910 per
457 2871 520 2900 hoc
543 2870 646 2899 maior
668 2869 721 2899 illa
745 2867 853 2908 quoad
877 2868 1123 2908 dependentiam
1143 2878 1210 2898 non
1230 2867 1399 2898 causalem.
1423 2886 1446 2890 —

379 2914 468 2944 Haec
492 2913 530 2943 de
553 2915 685 2943 maiore.

434 2959 461 2988 V
465 2958 500 2988 11.
525 2957 576 2987 Ad
600 2958 759 2987 minorem
775 2958 791 2973 ὅ*
815 2962 923 2987 autem
948 2956 1062 2987 dicitur
1086 2955 1175 2996 quod
1198 2956 1230 2986 in
1250 2956 1307 2986 ista
1323 2956 1445 2986 unione

379 3008 425 3032 est
448 3002 659 3042 dependentia
684 3001 855 3031 essentialis
878 3010 945 3031 non
970 3001 1117 3031 causalis:
1143 3010 1179 3030 ac
1202 3010 1260 3040 per
1279 3001 1353 3036 hoe,
1377 3009 1445 3030 non

379 3047 507 3086 proprie
532 3045 754 3085 dependentia.
779 3045 842 3075 Sed
864 3044 1059 3075 transeundo
1083 3045 1146 3075 hoc
1170 3044 1209 3075 ad
1231 3045 1355 3074 bonum
1374 3053 1445 3074 sen-

380 3100 460 3125 sum,
485 3089 629 3129 neganda
653 3095 727 3119 sunt
750 3088 831 3119 duo:
864 3089 987 3129 primo,
1013 3088 1102 3129 quod
1125 3089 1157 3118 in
1181 3089 1239 3119 ista
1262 3089 1383 3119 unione
1407 3089 1446 3118 sit

380 3133 591 3174 dependentia
615 3134 709 3163 unius
740 3133 874 3162 omnino
906 3134 1052 3169 rationis;
1084 3132 1241 3169 secundo,
1266 3132 1355 3173 quod
1382 3142 1446 3163 una

380 3187 525 3218 persona,
550 3182 627 3217 puta
650 3177 802 3212 Verbum,
826 3177 963 3206 totaliter
987 3187 1057 3207 eam
1081 3178 1228 3207 terminet
1243 3177 1397 3207 intensive
1415 3182 1445 3206 et

382 3222 550 3253 extensive.
586 3221 678 3251 Ratio
702 3221 822 3259 primae
846 3221 1023 3259 negationis
1047 3227 1093 3251 est
1123 3222 1197 3261 quia
1219 3231 1374 3261 personae
1399 3220 1444 3250 di-

381 3266 482 3301 vinae,
507 3265 714 3305 personaliter
737 3270 892 3303 sumptae,
917 3270 990 3294 sunt
1013 3264 1256 3304 quodammodo
1280 3266 1389 3300 unius,
1415 3270 1445 3295 et

382 3308 625 3349 quodammodo
649 3308 842 3338 diversarum
866 3308 1035 3338 rationum.
1060 3309 1142 3338 Nam
1162 3309 1339 3339 secundum
1356 3319 1445 3339 com-

382 3363 514 3383 munem
538 3353 694 3383 rationem
718 3351 958 3391 personalitatiS,
983 3357 1056 3381 sunt
1080 3353 1173 3382 unius
1190 3353 1329 3389 rationis,
1354 3359 1389 3383 ut
1412 3354 1444 3383 in

383 3396 583 3437 praecedenti
607 3396 738 3426 articulo
766 3400 867 3435 patet:
896 3395 1073 3425 secundum
1095 3406 1167 3425 vero
1185 3397 1327 3436 proprias
1350 3397 1444 3427 ratio-

383 3451 438 3471 nes
455 3451 582 3472 suarum
599 3440 870 3480 personalitatum,
888 3444 961 3469 sunt
980 3438 1174 3469 diversarum
1194 3441 1369 3476 rationum;
1390 3450 1444 3480 pa-

383 3485 510 3515 ternitas
527 3486 610 3515 enim
628 3490 658 3514 et
681 3483 791 3514 filiatio
808 3489 838 3514 et
854 3483 1016 3523 processio
1041 3482 1233 3513 diversarum
1257 3490 1329 3514 sunt
1350 3485 1444 3514 ratio-

383 3538 472 3559 num.
506 3528 639 3559 Constat
670 3533 776 3558 autem
801 3537 837 3558 ex
862 3527 924 3557 hoc
949 3525 1037 3567 quod
1060 3527 1238 3556 humanitas
1262 3527 1378 3558 Christi
1401 3527 1444 3557 ita

384 3573 490 3603 iuncta
514 3578 559 3602 est
584 3572 664 3602 Filio
693 3571 781 3611 quod
805 3581 870 3601 non
895 3571 977 3600 Patri
1001 3580 1060 3600 nec
1086 3570 1214 3610 Spiritui
1239 3570 1372 3606 Sancto,
1397 3580 1444 3600 as-

1100 232 1364 279 QUAESTIO
1393 233 1457 276 III,
1487 234 1779 274 ARTICULUS
1807 237 1857 274 VI

1506 315 1724 354 sumptionem
1743 317 1904 347 terminari
1927 327 1984 357 per
1999 326 2032 348 se
2048 318 2153 358 primo
2169 317 2209 349 ad
2224 319 2481 359 personalitatem
2497 320 2570 351 Filii

1506 358 1683 389 secundum
1707 360 1766 390 sibi
1787 355 1950 401 propriam
1973 362 2146 392 rationem:
2171 363 2325 404 alioquin,
2349 365 2569 395 terminaretur

1505 401 1609 440 primo
1634 401 1673 432 ad
1696 412 1869 435 commune
1886 405 1967 435 Filio
1991 411 2021 436 et
2036 405 2119 436 Patri
2136 412 2166 436 et
2182 406 2312 446 Spiritui
2328 406 2455 438 Sancto.
2480 407 2568 438 Con-

1505 452 1667 476 currerent
1681 447 1776 487 igitur
1791 447 1914 479 divinae
1930 458 2085 489 personae
2102 449 2141 480 ad
2153 451 2405 491 assumptionem
2421 457 2458 482 ut
2473 452 2568 482 etiam

1504 494 1578 519 sunt
1601 489 1796 521 diversarum
1825 492 1908 522 inter
1930 502 1964 523 se
1987 494 2157 524 rationum.
2193 493 2234 524 Et
2257 500 2490 534 consequenter
2511 505 2568 526 na-

1504 538 1608 564 turam
1625 540 1820 574 assumptam
1836 546 1854 566 a
1869 536 1976 566 Verbo
2000 537 2082 567 uniri
2107 543 2138 568 et
2160 547 2255 577 posse
2271 539 2355 568 uniri
2370 538 2469 575 alteri,
2485 539 2568 570 Patri

1504 582 1559 607 aut
1582 577 1712 617 Spiritui
1736 578 1863 615 Sancto,
1887 580 2014 611 alterius
2038 587 2085 611 est
2107 582 2238 612 rationis
2261 583 2300 612 ab
2323 582 2407 612 uniri
2430 582 2512 613 Filio
2537 588 2569 615 et

1503 630 1598 660 posse
1622 622 1706 652 uniri
1728 622 1829 653 Filio:
1853 623 1879 653 si
1901 624 2088 655 Aristoteles
2110 634 2222 655 verum
2239 625 2326 662 dixit,
2343 625 2384 656 111
2400 625 2567 667 Parsia&

1504 663 1592 704 quod
1610 675 1710 706 posse
1729 667 1843 697 sanari
1865 672 1896 698 et
1911 677 2009 708 posse
2025 669 2186 709 infirmari
2206 674 2283 700 sunt
2297 669 2498 700 diversarum
2514 679 2568 700 ra—

1503 708 1636 745 tionum,
1661 710 1806 750 alioquin
1829 711 1944 741 sanari
1966 717 1997 742 et
2019 712 2181 753 infirmari
2203 718 2307 744 essent
2325 713 2417 744 idem.
2442 713 2489 744 Ex
2504 713 2568 744 hoc

1502 753 1598 792 igitur
1622 753 1712 793 quod
1735 755 1991 794 personalitates,
2023 765 2106 796 quae
2137 762 2211 786 sunt
2239 757 2367 787 termini
2389 758 2567 794 unionum,

1503 801 1577 826 sunt
1592 796 1786 828 diversarum
1801 799 1972 835 rationum,
1988 800 2122 830 habetur
2145 800 2234 840 quod
2256 801 2400 841 potentia
2415 801 2568 832 obedien-

1502 841 1564 871 tiae
1588 850 1652 881 qua
1674 847 1785 872 natura
1808 849 1970 883 assumpta
1992 849 2099 883 potest
2121 845 2205 874 uniri
2220 854 2375 884 personae
2391 845 2500 881 Patris,
2524 845 2568 876 al-

1502 885 1599 915 terius
1621 890 1667 916 est
1686 885 1816 916 rationis
1832 886 1871 916 ab
1887 886 1940 917 illa
1958 896 2022 927 qua
2038 888 2127 918 unita
2142 893 2189 918 est
2204 888 2297 926 Filio,
2321 894 2352 919 et
2376 898 2439 929 qua
2461 894 2568 929 potest

1503 929 1585 959 uniri
1609 929 1739 969 Spiritui
1763 929 1890 960 Sancto.
1925 930 1967 961 Et
1994 937 2229 971 consequenter
2259 932 2392 963 habetur
2423 932 2512 973 quod
2534 932 2568 964 in

1502 973 1567 1003 istis
1591 973 1766 1004 unionibus
1789 983 1857 1004 non
1880 980 1962 1004 esset
1985 974 2198 1015 dependentia
2220 975 2316 1006 unius
2339 976 2470 1007 rationis
2492 976 2568 1007 sim-

1501 1017 1626 1056 pliciter
1649 1022 1679 1047 et
1703 1017 1864 1054 absolute,
1888 1023 1924 1048 ut
1947 1027 2082 1058 arguens
2109 1019 2256 1050 assumit:
2288 1019 2344 1050 sed
2373 1018 2567 1051 diversarum

1501 1061 1663 1091 rationum
1686 1061 1881 1101 simpliciter,
1904 1067 2036 1102 propter
2051 1062 2188 1093 diversas
2202 1063 2342 1094 rationes
2357 1063 2568 1095 terminorum

1502 1114 1559 1145 per
1581 1115 1614 1135 se
1638 1105 1833 1145 primorum;
1865 1106 1961 1136 unius
1984 1112 2093 1137 autem
2115 1107 2246 1137 rationis
2275 1105 2455 1138 secundum
2478 1116 2568 1138 com—

1501 1158 1635 1179 munem
1658 1150 1814 1180 rationem
1837 1150 2079 1190 personalitatis.

1555 1193 1649 1224 Ratio
1673 1193 1833 1224 secundae
1852 1194 2030 1234 negationis
2053 1195 2117 1225 iam
2132 1199 2234 1234 patet:
2260 1194 2359 1235 quod,
2376 1194 2450 1225 licet
2468 1194 2568 1225 Filius

1500 1237 1638 1268 totaliter
1660 1238 1816 1268 intensive
1839 1238 1988 1268 terminet
2010 1243 2156 1269 naturam
2179 1239 2353 1269 humanam
2377 1244 2408 1269 et
2426 1239 2494 1269 eius
2513 1237 2568 1269 de-

1500 1281 1707 1321 pendentiam
1730 1281 1770 1312 ad
1792 1282 1973 1321 personari,
1997 1291 2064 1313 non
2091 1287 2206 1314 tamen⁴
2227 1283 2366 1313 totaliter
2388 1282 2566 1319 extensive,

1499 1335 1560 1356 nec
1590 1324 1769 1356 secundum
1799 1335 1931 1356 omnem
1961 1325 2208 1357 obedientialem
2231 1327 2410 1367 potentiam
2439 1326 2568 1357 alterius

1500 1370 1642 1400 rationis.
2255 1405 2258 1407 ,

1555 1413 1607 1444 Ad
1618 1415 1842 1454 probationem
1851 1414 1994 1450 minoris,
2007 1423 2081 1444 cum
2092 1414 2216 1450 dicitur,
2226 1414 2447 1446 Personalitas
2456 1418 2566 1446 creata

1500 1458 1644 1488 totaliter
1666 1459 1856 1488 terminaret
1873 1458 1984 1498 ipsam,
2009 1463 2048 1494 et,
2066 1458 2123 1489 illa
2138 1463 2252 1495 stante,
2270 1468 2334 1488 non
2345 1463 2457 1499 posset
2470 1458 2568 1489 simul

1500 1511 1567 1532 esse
1590 1502 1622 1532 in
1647 1502 1714 1532 alia
1732 1511 1876 1542 persona
1899 1507 2009 1532 creata
2033 1502 2084 1533 vel
2106 1502 2270 1533 increata:
2291 1501 2385 1544 Ergo
2406 1511 2567 1542 persona-

1501 1546 1575 1576 litas
1587 1545 1750 1576 increata:
1764 1545 1975 1586 respondetur
1987 1545 2196 1576 concedendo
2209 1545 2398 1576 antecedens
2410 1555 2469 1586 pro
2481 1550 2566 1576 utra—

1501 1598 1564 1629 que
1588 1594 1686 1629 parte,
1711 1589 1767 1620 sed
1789 1589 1937 1629 negando
1953 1589 2127 1629 sequelam.
2152 1589 2193 1620 Et
2215 1589 2256 1620 ad
2277 1590 2502 1630 probationem
2518 1599 2567 1620 se-

1500 1633 1624 1674 quelae,
1648 1643 1723 1664 cum
1747 1633 1871 1669 dicitur,
1899 1632 1984 1669 Quia
2004 1643 2068 1663 non
2085 1633 2191 1664 minus
2211 1634 2400 1664 terminaret
2415 1638 2567 1664 naturam

1499 1682 1530 1708 et
1547 1677 1788 1718 dependentium
1812 1677 1952 1708 eiusdem
1969 1677 2191 1718 personalitas
2206 1687 2424 1718 quaecumque
2438 1677 2568 1709 divinae

1493 1731 1666 1762 personae,
1683 1731 1779 1762 quam
1792 1722 2022 1752 terminaretur
2034 1721 2066 1752 in
2078 1731 2121 1757 se,
2137 1727 2248 1762 posset
2262 1721 2370 1762 negari
2385 1721 2449 1752 hoc
2464 1731 2567 1762 quan-

1499 1771 1568 1796 tum
1581 1765 1621 1796 ad
1633 1775 1698 1796 non
1710 1766 1816 1796 minus
1827 1766 1998 1796 extensive.
2011 1765 2239 1802 Veruntamen,
2250 1765 2378 1806 proprie
2388 1765 2566 1806 loquendo,

1499 1809 1761 1849 respondendum
1785 1814 1831 1840 est
1855 1809 1944 1850 quod
1962 1817 2030 1839 non
2046 1810 2163 1846 minua
2187 1809 2243 1840 sed
2261 1809 2324 1840 alio
2340 1809 2440 1839 modo
2460 1814 2492 1840 et
2506 1809 2567 1841 alia

1498 1854 1621 1884 ratione
1644 1854 1792 1884 terminat
1815 1863 1952 1894 persona
1975 1853 2089 1884 divina.
2125 1853 2166 1884 Et
2188 1853 2262 1884 ideo
2285 1858 2418 1893 negatur
2441 1862 2479 1883 ex
2501 1853 2565 1884 hoc

1499 1898 1613 1928 ultimo
1630 1903 1794 1938 assumpto
1814 1898 1959 1938 sequela:
1985 1898 2138 1937 quoniam
2161 1903 2273 1938 peccat
2287 1898 2368 1927 ratio
2390 1896 2564 1928 secundum

1499 1951 1712 1972 non-causam
1738 1947 1773 1972 ut
1795 1951 1937 1972 causam.
1970 1941 2045 1972 Non
2069 1942 2155 1972 enim
2177 1941 2252 1972 ideo
2275 1941 2351 1981 quia
2374 1941 2480 1971 minus
2501 1946 2565 1972 ter-

1498 1986 1608 2022 minet,
1633 1995 1769 2026 persona
1785 1985 1891 2016 divina
1913 1985 2064 2026 relinquit
2078 1991 2224 2016 naturam
2242 1985 2346 2016 adhuc
2362 1985 2564 2025 assumptibi-

1498 2030 1580 2066 lem,
1605 2035 1640 2060 ut
1663 2035 1888 2069 argumentum
1911 2030 2018 2069 ponit:
2051 2029 2106 2060 sed
2130 2029 2205 2069 quia
2233 2029 2296 2059 alio
2319 2028 2420 2059 modo
2451 2033 2482 2059 et
2504 2026 2565 2060 alia

1498 2074 1620 2104 ratione
1643 2074 1799 2109 terminat,
1819 2073 1892 2104 ideo
1912 2073 2062 2113 relinquit
2080 2078 2225 2103 naturam
2241 2070 2436 2113 assumptam
2460 2071 2564 2104 adhuc

1499 2117 1752 2157 assumptibilem
1775 2118 1814 2147 ab
1838 2117 1898 2147 alia
1921 2127 2058 2157 persona
2081 2116 2196 2147 divina.

1553 2162 1635 2192 VIII.
1658 2161 1710 2192 Ad
1726 2162 1817 2192 cuius
1834 2161 2000 2191 clariorem
2015 2162 2267 2202 perceptionem,
2284 2161 2364 2191 scito
2381 2159 2471 2201 quod
2485 2160 2566 2191 haec

1498 2206 1678 2237 humanitas
1701 2206 1727 2236 si
1750 2206 1913 2246 propriam
1931 2205 2191 2246 personalitatem
2213 2205 2353 2242 haberet,
2377 2204 2494 2235 modus
2509 2204 2565 2235 ha-

1499 2250 1595 2281 bendi
1618 2250 1782 2290 propriam
1804 2259 1975 2290 personam
1999 2255 2080 2280 esset
2104 2249 2180 2289 quia
2201 2249 2270 2289 ipsa
2287 2249 2467 2280 humanitas
2484 2253 2566 2284 esset

1498 2295 1694 2334 principium
1717 2294 1959 2324 constitutivum
1983 2303 2058 2323 suae
2081 2302 2254 2333 personae:
2279 2302 2317 2323 ex
2332 2293 2454 2324 unione
2478 2292 2566 2323 enim

1499 2339 1622 2369 animae
1647 2344 1678 2368 et
1700 2338 1843 2378 corporis
1874 2337 2119 2368 constitueretur
2147 2347 2215 2367 non
2238 2337 2345 2367 solum
2367 2346 2431 2367 una
2453 2341 2566 2367 natura

1498 2383 1674 2423 singularis,
1698 2381 1755 2413 sed
1778 2382 1873 2412 etiam
1896 2391 1960 2412 una
1982 2391 2129 2422 persona.
2152 2381 2246 2411 Ratio
2271 2390 2404 2421 quoque
2425 2378 2565 2411 habendi

1498 2427 1662 2467 propriam
1676 2435 1849 2466 personam
1865 2431 1946 2456 esset
1961 2435 2019 2456 sua
2029 2424 2240 2456 substantialis
2253 2434 2290 2455 ac
2301 2423 2441 2465 perfecta
2452 2429 2565 2455 natura

1499 2476 1585 2502 extra
1609 2479 1719 2501 causas
1743 2480 1814 2501 suas
1842 2470 1876 2500 in
1899 2479 2006 2500 rerum
2028 2474 2141 2500 natura
2170 2469 2230 2499 sibi
2253 2468 2390 2499 dimissa.
2425 2467 2467 2498 Et
2489 2468 2566 2508 quia

1498 2516 1577 2545 haec
1600 2515 1781 2545 humanitas
1804 2519 1915 2554 suapte
1930 2519 2042 2544 natura
2064 2522 2132 2543 non
2147 2522 2181 2543 se
2197 2512 2367 2543 extendere
2382 2517 2490 2552 potest
2503 2511 2566 2542 nisi

1498 2559 1537 2589 ad
1562 2558 1823 2589 constituendum
1846 2567 1944 2588 unam
1964 2566 2135 2597 personam
2153 2557 2213 2587 sibi
2235 2556 2416 2596 propriam;
2441 2561 2472 2586 et
2492 2565 2565 2597 per-

1498 2613 1596 2634 sonae
1619 2608 1776 2643 repugnat
1799 2602 1917 2632 assumi
1937 2602 1975 2632 ab
1992 2601 2051 2632 alia
2066 2610 2203 2641 persona
2219 2601 2252 2631 in
2268 2601 2389 2631 unitate
2405 2599 2565 2640 personali

1499 2648 1680 2688 (intervenit
1703 2645 1862 2687 siquidem
1888 2646 1940 2676 hic
1963 2643 2129 2675 manifesta
2152 2645 2327 2685 implicatio
2352 2643 2564 2675 contradicto-

1497 2691 1649 2731 riorum):
1681 2691 1754 2721 ideo
1778 2691 1857 2720 haec
1879 2690 2059 2720 humanitas
2089 2690 2133 2719 sic
2156 2694 2345 2729 personatur
2375 2698 2413 2719 ex
2434 2687 2565 2729 propria

1498 2745 1635 2776 persona
1658 2736 1692 2765 in
1708 2735 1838 2765 Socrate
1862 2733 1951 2774 quod
1974 2734 2161 2764 terminatur
2170 2734 2209 2776 ‚in
2224 2733 2277 2763 illa
2292 2732 2448 2763 intensive
2464 2736 2496 2763 et
2510 2739 2563 2762 ex-

1498 2780 1628 2810 tensive.
1653 2779 1721 2809 Nec
1744 2784 1859 2818 potest,
1877 2783 1977 2808 stante
1993 2778 2055 2814 illa,
2073 2777 2156 2808 uniri
2171 2777 2379 2817 personaliter
2395 2784 2470 2807 cum
2485 2782 2563 2816 qua-

1498 2833 1627 2863 cunque
1651 2823 1710 2853 alia
1733 2832 1879 2862 persona,
1905 2827 2007 2852 creata
2030 2821 2080 2852 vel
2103 2822 2257 2852 increata:
2283 2821 2359 2862 quia
2377 2824 2481 2851 essent
2495 2818 2562 2850 duo

1498 2867 1741 2898 contradictoria
1759 2866 1854 2896 simul
1870 2875 1958 2902 vera;
1984 2871 2088 2896 essent
2103 2866 2189 2896 enim
2205 2875 2269 2896 una
2283 2873 2430 2907 persona,
2449 2868 2480 2894 et
2493 2869 2562 2894 non

1498 2917 1602 2942 essent
1625 2921 1689 2941 una
1712 2920 1848 2950 persona
1880 2920 1955 2940 cum
1987 2915 2184 2945 assumente,
2208 2915 2244 2940 ut
2265 2914 2360 2949 patet.
2395 2906 2458 2938 Sed
2482 2907 2562 2938 haec

1497 2956 1677 2986 humanitas
1701 2955 1763 2984 alio
1780 2954 1879 2985 modo
1902 2960 1932 2984 et
1948 2954 2007 2984 alia
2022 2954 2145 2984 ratione
2167 2958 2355 2994 personatur
2369 2960 2426 2992 per
2440 2959 2561 2984 assum·

1496 3001 1652 3040 ptionem.
1670 2999 1835 3037 Quoniam
1850 3008 1917 3029 non
1929 2997 2155 3028 constituendo
2171 3005 2342 3038 personam
2354 2999 2559 3037 personatur:

1498 3050 1533 3074 ut
1556 3049 1643 3083 patet
1665 3044 1698 3073 in
1722 3043 1918 3073 humanitate
1943 3042 2070 3079 Christi,
2095 3051 2178 3082 quae
2199 3045 2389 3082 personatur
2410 3048 2467 3079 per
2488 3047 2560 3079 per-

1498 3097 1611 3118 sonam
1634 3088 1746 3123 Verbi,
1772 3097 1855 3127 quae
1878 3096 1946 3117 non
1969 3086 2173 3116 constituitur
2195 3094 2252 3125 per
2273 3083 2359 3114 illam
2381 3082 2560 3113 humanita-

1497 3138 1573 3168 tem,
1599 3131 1653 3162 sed
1676 3131 1736 3161 fuit
1759 3132 1798 3161 ab
1815 3137 1954 3161 aeterno.
1979 3131 2019 3161 Et
2038 3131 2113 3160 hinc
2127 3128 2275 3170 provenit
2290 3126 2464 3158 differentia
2478 3126 2560 3156 inter

1498 3177 1580 3206 hanc
1610 3176 1841 3206 humanitatem
1870 3179 2074 3215 personatam
2102 3173 2231 3214 propria
2261 3170 2500 3212 personalitate,
2529 3175 2560 3200 et

1498 3225 1700 3260 personatam
1724 3219 1947 3259 personalitate
1969 3219 2082 3254 Verbi,
2114 3215 2203 3257 quod
2224 3215 2277 3246 illa
2305 3218 2448 3245 remanet
2469 3214 2503 3244 in
2525 3223 2559 3244 se

1498 3264 1768 3304 inassumptibilis,
1791 3264 1850 3294 ista
1872 3267 2015 3293 remanet
2035 3262 2070 3292 in
2084 3270 2118 3291 se
2136 3258 2370 3300 assumptibilis.
2395 3257 2559 3296 Quoniam

1498 3309 1550 3339 illa
1573 3318 1640 3339 non
1663 3313 1769 3348 potest
1792 3307 1919 3343 assumi,
1943 3310 2043 3336 stante
2066 3314 2122 3335 sua
2141 3302 2373 3344 personalitate,
2396 3301 2456 3332 nisi
2472 3310 2558 3332 assu-

1498 3358 1637 3382 meretur
1659 3362 1716 3382 sua
1739 3351 1955 3392 personalitas,
1979 3358 2062 3390 quae
2083 3356 2151 3378 non
2167 3353 2214 3378 est
2235 3345 2476 3386 assumptibilis:
2500 3346 2558 3376 ista

1498 3406 1584 3432 vero,
1610 3397 1684 3436 quia
1707 3397 1741 3426 in
1763 3395 1865 3426 aliena
1887 3392 2110 3434 personalitate
2133 3391 2285 3426 subsistit,
2309 3395 2414 3431 potest
2440 3390 2559 3420 assumi

1498 3441 1617 3480 absque
1640 3440 1703 3470 hoc
1735 3438 1823 3479 quod
1846 3437 1898 3470 illa
1920 3437 2021 3468 aliena
2047 3436 2105 3466 sibi
2129 3434 2329 3475 appropriata
2351 3433 2558 3474 personalitas

1498 3489 1684 3514 assumatur.
1709 3483 1756 3514 Ex
1780 3482 1903 3513 diverso
1927 3490 2002 3521 ergo
2021 3478 2120 3510 modo
2144 3477 2334 3509 terminandi
2356 3478 2485 3518 propria
2506 3477 2558 3508 vel

1498 3527 1599 3557 aliena
1622 3526 1854 3566 personalitate,
1878 3529 1964 3566 patet
1987 3533 2084 3565 quare
2106 3528 2217 3554 natura
2240 3526 2407 3562 personata
2428 3521 2557 3562 propria

1498 3571 1720 3610 personalitate
1743 3579 1808 3601 non
1833 3573 1938 3610 potest
1956 3567 2083 3603 assumi,
2107 3572 2138 3597 et
2161 3575 2258 3607 quare
2273 3571 2442 3607 personata
2457 3565 2559 3596 aliena

2715 637 2737 653 n.
2750 637 2785 654 ιο.
2795 642 2809 649 ·

2704 662 2748 680 eet·
2763 663 2787 680 u.

2595 631 2679 680 §.etit
2688 637 2704 679 ’ί

2867 3443 2872 3451 .
2869 3427 2872 3430 r
2860 3150 2872 3413 -.mem-mun*-
2863 3051 2872 3139 ..dafnu-
2866 2953 2872 3023 .-..-:.
2866 2927 2867 2931 Α
2868 2889 2872 2899 ..
2867 2867 2872 2878 a
2868 2829 2872 2837 a
