2872 3970
153 3594 162 3604 ⁸
180 3593 236 3614 Vcn
262 3593 293 3614 «S.

397 307 466 343 ¹72

391 386 478 410 rum
515 374 681 411 calefacit
717 387 787 424 per
814 377 980 412 calorem
1020 383 1240 425 susceptum
1277 376 1325 412 ab
1354 375 1450 423 igne.

390 427 482 463 Non
511 426 622 475 igitur
639 439 709 476 per
736 428 811 465 hoc
830 428 1055 477 prohibetur
1074 428 1178 477 quin,
1200 428 1295 464 sicut
1324 428 1452 465 anima

392 479 529 516 Christi
557 491 626 529 per
663 480 926 517 similitudines
961 480 1139 517 omnium
1169 492 1298 517 rerum
1332 480 1402 517 sibi
1430 493 1452 522 a

390 532 474 568 Deo
512 532 648 569 inditas
685 541 809 582 potest
846 533 977 570 omnia
1012 545 1262 581 cognoscere,
1297 533 1347 570 ita
1383 545 1452 582 per

389 585 546 633 easdem
575 584 839 622 similitudines
867 585 987 635 possit
1012 598 1058 622 ea
1085 585 1219 622 facere.

443 629 510 674 Est
529 650 624 698 ergo·
638 637 795 675 ulterius
814 638 1139 675 considerandum
1159 638 1267 687 quod
1286 637 1324 674 id
1344 638 1451 687 quod

389 702 411 726 a
439 691 626 739 superiori
654 698 789 727 natura
816 691 854 727 in
883 690 1048 727 inferiori
1077 690 1265 739 recipitur,
1289 691 1452 728 habetur

387 754 458 792 per
485 742 702 781 inferiorem
731 743 913 780 modum:
951 755 1030 780 non
1060 742 1162 779 enim
1192 744 1295 779 calor
1322 742 1361 779 in
1390 755 1450 780 ea-

389 795 479 832 dem
507 795 737 844 perfectione
758 803 794 832 et
812 796 950 832 virtute
979 795 1158 844 recipitur
1177 796 1225 832 ab
1244 807 1346 844 aqua
1373 807 1451 844 qua

388 855 443 884 est
471 847 509 884 in
538 847 633 896 igne.
669 848 771 895 Quia
799 848 910 896 igitur
942 848 1070 885 anima
1100 847 1238 884 Christi
1266 848 1451 885 inferioris

387 908 545 938 naturae
565 910 621 938 est
639 913 759 950 quarn
779 901 909 938 divina
936 908 1083 947 natura,
1104 900 1369 938 similitudines
1393 913 1450 938 re-

388 964 475 989 rum
504 965 583 989 non
620 953 856 1002 recipiuntur
884 953 922 990 in
950 953 1032 1002 ipsa
1060 953 1189 990 anima
1218 953 1357 990 Christi
1395 966 1451 990 se-

387 1005 560 1042 cundum
598 1007 764 1043 eandem
800 1005 1075 1055 perfectionem
1113 1014 1149 1043 et
1176 1005 1357 1043 virtutem
1394 1018 1450 1043 se-

386 1058 559 1094 cundum
580 1071 698 1108 quam
719 1067 806 1095 sunt
834 1058 873 1095 in
894 1066 1030 1096 natura
1049 1058 1189 1096 divina.
1219 1059 1267 1096 Et
1285 1058 1374 1096 inde
1397 1066 1451 1095 est

386 1111 494 1160 quod
518 1111 676 1149 'scientia
702 1111 855 1149 animae
875 1111 1016 1149 Christi
1042 1119 1097 1148 est
1115 1111 1270 1148 inferior
1296 1111 1451 1148 scientia

386 1163 536 1200 divina:
573 1173 764 1214 quantum
791 1164 841 1201 ad
869 1165 1035 1201 modum
1063 1164 1330 1212 cognoscendi,
1360 1164 1451 1213 quia

386 1216 493 1253 Deus
520 1217 722 1266 perfectius
742 1217 937 1265 cognoscit
955 1222 967 1238 ⁸
996 1229 1116 1266 quam
1145 1217 1274 1254 anima
1294 1217 1449 1262 Christi;

387 1276 423 1305 et
451 1268 565 1306 etiam
594 1278 784 1319 quantum
812 1270 861 1306 ad
889 1281 1100 1306 numerum
1129 1269 1330 1314 scitorum,
1359 1269 1451 1318 quia

387 1321 516 1358 anima
547 1322 685 1359 Christi
720 1334 799 1359 non
828 1322 1022 1370 cognoscit
1057 1334 1193 1359 omnes
1229 1321 1450 1371 res‚quast

386 1375 493 1410 Deus
520 1382 644 1423 potest
671 1376 805 1421 facere,
835 1387 935 1424 quae
964 1382 1093 1412 tamen
1122 1375 1229 1412 Deus
1256 1374 1451 1423 cognoscit

387 1426 540 1463 scientia
569 1427 748 1476 simplicis
776 1427 1061 1475 intelligentiae;
1096 1426 1180 1464 licet
1208 1435 1413 1476 cognoscat
1432 1433 1450 1455 η

386 1479 518 1516 omnia
545 1480 767 1528 praesentia,
788 1480 988 1528 praeterita
1008 1487 1043 1516 et
1062 1480 1199 1523 futura,
1221 1492 1320 1528 quae
1343 1481 1450 1517 Deus

386 1533 579 1580 cognoscit
607 1533 760 1569 scientia
792 1532 960 1569 visionis.
999 1533 1047 1569 Et
1075 1532 1244 1569 similiter
1279 1532 1450 1569 similitu-
1476 1543 1478 1553 ²

386 1584 494 1622 dines
522 1597 653 1622 rerum
690 1585 841 1622 animae
872 1585 1010 1622 Christi
1048 1585 1187 1622 inditae
1225 1597 1305 1622 non
1338 1585 1449 1622 adae-

385 1645 505 1686 quant
541 1638 722 1675 virtutem
758 1637 930 1675 divinam
959 1638 998 1674 in
1026 1638 1194 1686 agendo:
1233 1646 1275 1674 ut
1313 1637 1451 1674 scilicet

385 1690 531 1739 possint
550 1691 682 1728 omnia
700 1703 810 1740 agere
831 1703 931 1740 quae
951 1691 1058 1727 Deus
1077 1698 1222 1740 potest;
1252 1692 1313 1727 vel
1335 1690 1451 1728 etiam

386 1755 433 1779 eo
461 1744 582 1781 modo
611 1756 721 1792 agere
741 1743 838 1780 sicut
864 1744 972 1780 Deus
991 1743 1075 1791 agit,
1097 1743 1164 1792 qui
1183 1743 1257 1792 agit
1283 1755 1354 1792 per
1376 1743 1450 1780 vir-

385 1803 506 1833 tutem
535 1796 741 1844 infinitam,
772 1796 881 1833 cuius
917 1804 1090 1833 creatura
1122 1808 1201 1833 non
1235 1804 1290 1832 est
1317 1808 1449 1845 capax.

438 1918 461 1951 ε)
479 1919 624 1951 cognoscit.
642 1933 663 1937 -
680 1926 722 1943 res
742 1918 811 1943 addit
828 1919 911 1944 tertia.

438 1953 463 1986 ζ)
482 1961 572 1978 omnes
591 1961 633 1978 res
651 1961 725 1987 quas.
743 1967 763 1973 -
780 1961 847 1986 quae
866 1954 897 1984 G,
917 1954 1008 1979 omnia
1027 1961 1094 1986 quae
1113 1959 1197 1978 cetera
1215 1954 1296 1979 tertia.

438 1989 465 2023 η)
484 1992 634 2022 cognoscat.
653 2003 671 2008 -—
690 1990 760 2014 sEHl
779 1994 805 2013 et
823 1989 963 2019 editiones;
983 1996 1035 2014 non
1055 1993 1206 2022 cognoscat.

439 2023 464 2059 θ)
482 2025 592 2050 creatio.
609 2038 629 2043 -
646 2025 748 2055 Tertia;
767 2032 860 2050 creare
879 2025 932 2054 DE,
951 2028 1092 2050 creaturae
1111 2025 1196 2050 ceteri.

1094 297 1356 344 QUAEsT1o
1386 297 1485 345 xm,
1515 298 1806 337 ARTlcULUs
1834 299 1863 336 11

1506 376 1623 412 Nulla
1659 384 1788 413 autem
1817 389 1876 414 res
1904 385 1959 414 est
1986 378 2035 414 ad
2070 377 2179 415 cuius
2217 378 2473 426 cognitionem
2501 379 2564 417 ali-

1506 428 1667 476 qualiter
1685 429 1905 467 habendam
1934 430 2147 479 requiratur
2165 430 2285 467 virtus
2303 431 2461 478 infinita,
2481 432 2565 469 licet

1507 479 1641 530 aliquis
1669 482 1811 518 modus
1838 483 2094 531 cognoscendi
2122 483 2167 519 sit
2194 483 2341 520 virtutis
2373 483 2562 522 infinitae:

1506 533 1699 583 quaedam
1718 541 1848 572 tamen
1875 542 1964 572 sunt
1981 547 2081 584 quae
2101 548 2180 572 non
2202 544 2363 584 possunt
2389 536 2473 573 fieri
2493 537 2565 574 nisi

1505 597 1529 622 a
1555 585 1692 622 virtute
1730 585 1896 633 infinita,
1926 586 2022 624 sicut
2058 588 2196 625 creatio
2217 586 2229 609 θ
2258 596 2294 625 et
2326 587 2398 626 alia
2434 588 2564 626 huius-

1506 638 1624 685 modi,
1645 646 1687 675 ut
1705 646 1808 687 patet
1827 651 1873 676 ex
1891 639 1951 676 his
1970 651 2069 688 quae
2089 640 2127 677 in
2147 640 2277 678 Prima
2295 642 2406 678 Parte
2419 640 2440 663 ‘¹‘
2467 641 2601 679 dicta

1506 698 1604 727 sunt.
1635 691 1683 728 Et
1701 691 1788 728 ideo
1815 691 1943 729 anima
1963 692 2112 738 Christi,
2133 705 2224 730 cum
2244 693 2289 730 sit
2308 701 2479 730 creatura
2503 701 2539 730 et
2557 699 2564 716 ¹

1505 742 1652 780 virtutis
1679 743 1818 790 finitae,
1839 751 1963 793 potest
1981 744 2139 794 quidem
2168 745 2299 782 omnia
2323 758 2565 794 cognoscere,

1505 795 1573 832 sed
1599 807 1678 832 non
1697 808 1767 845 per
1792 808 1951 834 ornnem
1971 797 2153 835 modum:
2188 810 2267 835 non
2293 806 2423 835 autem
2442 806 2566 848 potest

1506 848 1638 885 omnia
1665 848 1798 895 facere,
1826 849 1933 898 quod
1961 850 2122 899 pertinet
2149 850 2198 887 ad
2226 851 2413 888 rationem
2442 851 2566 888 omni-

1505 900 1708 950 potentiae.
1737 901 1786 938 Et
1812 901 1909 939 inter
1936 909 2070 949 cetera,
2098 902 2343 940 manifestum
2375 911 2431 940 est
2458 904 2567 953 quod

1505 966 1585 990 non
1613 961 1736 1003 potest
1764 966 1891 991 creare
1921 954 2097 1003 seipsam.

1559 1007 1615 1043 AD
1643 1018 1802 1043 ”ssimum
1830 1019 2010 1044 DICENDUM
2039 1007 2146 1056 quod
2175 1007 2303 1045 anima
2332 1008 2469 1046 Christi
2500 1009 2566 1046 ha-

1505 1058 1588 1096 buit
1607 1066 1642 1095 et
1662 1059 1855 1096 scientiam
1885 1059 2090 1109 practicam
2110 1068 2147 1097 et
2165 1060 2457 1110 speculativam:
2487 1073 2567 1098 non

1505 1119 1635 1148 tamen
1677 1119 1827 1161 oportet
1867 1112 1975 1161 quod
2017 1112 2195 1150 omnium
2237 1112 2391 1150 illorum
2429 1113 2568 1151 habeat

1506 1164 1701 1201 scientiam
1743 1164 1950 1213 practicam
1992 1177 2162 1214 quorum
2198 1166 2332 1203 habuit
2372 1165 2568 1204 scientiam

1506 1217 1790 1266 speculativam.
1831 1218 1891 1254 Ad
1919 1217 2116 1255 scientiam
2154 1218 2258 1255 enim
2293 1218 2568 1268 speculativam

1506 1270 1726 1307 habendam
1745 1269 1884 1307 sufficit
1903 1271 1983 1307 sola
2002 1270 2248 1308 conformitas
2267 1273 2328 1308 vel
2350 1271 2568 1309 assimilatio

1505 1322 1654 1359 scientis
1669 1323 1718 1360 ad
1737 1335 1819 1359 rem
1836 1323 1985 1360 scitam:
2007 1323 2056 1360 ad
2075 1323 2271 1360 scientiam
2288 1331 2417 1361 autem
2432 1320 2567 1373 practi-

1504 1387 1590 1412 cam
1619 1375 1824 1424 requiritur
1842 1376 1949 1424 quod
1967 1376 2114 1413 formae
2142 1388 2272 1413 rerum
2292 1389 2392 1426 quae
2421 1385 2510 1414 sunt
2527 1377 2568 1419 in

1505 1428 1694 1465 intellectu
1715 1427 1787 1464 sint
1804 1428 1974 1466 factivae.
2002 1429 2093 1466 Plus
2112 1437 2242 1466 autem
2261 1437 2316 1466 est
2335 1430 2477 1467 habere
2495 1429 2567 1467 for-

1505 1493 1611 1518 mam
1632 1488 1667 1517 et
1695 1480 1915 1529 imprimere
1943 1481 2108 1518 formam
2137 1481 2304 1518 habitam
2335 1481 2374 1518 in
2393 1484 2565 1530 alterum,

1505 1545 1624 1582 quam
1643 1534 1771 1570 solum
1786 1534 1928 1570 habere
1947 1534 2131 1571 formam:
2153 1534 2248 1571 sieut
2261 1535 2348 1584 plus
2367 1542 2422 1572 est
2439 1536 2567 1573 luoere

1506 1594 1541 1622 et
1575 1585 1789 1622 illuminare
1818 1598 1938 1634 quam
1972 1587 2100 1623 solum
2128 1588 2266 1623 lucere.
2309 1587 2357 1624 Et
2391 1586 2480 1624 inde
2513 1595 2568 1627 est

1505 1638 1614 1687 quod
1641 1637 1770 1675 anima
1795 1638 1933 1675 Christi
1961 1639 2076 1676 habet
2102 1638 2261 1688 quidem
2293 1639 2568 1688 speculativam

1506 1691 1702 1728 scientiam
1722 1691 1887 1738 creandi,
1908 1690 1976 1728 scit
2004 1691 2107 1728 enirn
2131 1691 2293 1741 qualiter
2319 1693 2426 1729 Deus
2445 1699 2566 1731 creat:

1507 1743 1574 1781 sed
1589 1755 1669 1780 non
1687 1744 1803 1780 habet
1829 1743 1944 1781 huius
1970 1744 2078 1781 modi
2092 1750 2107 1766 ²
2127 1744 2322 1782 scientiam
2341 1745 2566 1794 practicam,

1505 1796 1596 1845 quia
1624 1808 1705 1833 non
1732 1797 1848 1834 habet
1871 1796 2067 1834 scientiam
2099 1797 2299 1835 creationis
2325 1797 2515 1836 factivam.

1558 1917 1578 1952 ι)
1596 1926 1655 1944 cum
1680 1919 1716 1944 sit
1740 1922 1866 1944 creatura
1884 1921 1919 1944 et.
1937 1933 1956 1937 —
1974 1919 2031 1948 ΕΗ
2055 1927 2114 1945 cum
2138 1919 2174 1944 sit
2196 1923 2321 1945 creatura
2345 1923 2385 1945 est
2407 1920 2489 1952 Acta,
2508 1927 2568 1947 cum

1503 1953 1539 1978 sit
1551 1957 1677 1979 creatura
1691 1954 1743 1984 BD,
1757 1961 1824 1987 quae
1836 1962 1895 1980 cum
1914 1955 1951 1979 sit
1968 1958 2094 1980 creatura
2113 1958 2152 1979 est
2171 1961 2254 1980 cetera
2272 1956 2385 1982 tertia.-
2400 1956 2451 1981 Pro
2463 1956 2568 1990 finitae,

1505 1989 1623 2022 infinitae
1641 1989 1740 2015 ABCD.

1558 2024 1583 2058 κ)
1603 2025 1684 2050 modi.
1702 2039 1721 2043 —
1739 2025 1779 2050 rei
1796 2025 1878 2051 tertia

1060 2103 1392 2135 Commenta-ia
1417 2101 1668 2136 Cardinalis
1689 2103 1891 2137 Caietam

446 2195 553 2216 umus
585 2185 686 2215 clarus
717 2189 772 2214 est.
797 2202 820 2205 —
846 2183 881 2213 In
912 2192 1048 2222 corpore
1081 2183 1176 2212 unica
1207 2187 1254 2212 est
1283 2182 1450 2212 conclusio

387 2197 630 2270 Tresponsiva
667 2228 828 2268 quaesito:
860 2226 1060 2267 Impossibile
1089 2231 1136 2257 est
1171 2226 1300 2256 animae
1330 2226 1451 2256 Christi

385 2274 558 2304 convenire
581 2272 852 2312 omnipotentiam.
881 2271 1045 2301 Probatur.
1077 2270 1113 2300 In
1131 2271 1283 2311 mysterio
1306 2271 1449 2300 incarna-

385 2318 481 2348 tionis
511 2317 588 2347 unio
620 2315 701 2346 facta
731 2321 777 2346 est
806 2316 839 2345 in
862 2325 1008 2355 persona,
1032 2320 1216 2345 remanente
1247 2313 1449 2344 distinctione

386 2367 587 2391 naturarum:
619 2361 682 2390 hoc
710 2365 765 2396 est,
789 2365 923 2399 utraque
954 2365 1065 2389 natura
1095 2359 1250 2389 retinente
1278 2357 1368 2398 quod
1391 2358 1449 2388 sibi

385 2406 552 2445 proprium
576 2409 631 2435 est.
662 2404 748 2444 Ergo
781 2403 887 2434 divina
915 2408 1027 2433 natura
1055 2403 1184 2433 retinuit
1212 2403 1270 2433 sibi
1298 2402 1448 2442 omnipo-

385 2450 527 2480 tentiam.
559 2449 644 2488 Ergo
674 2448 871 2488 impossibile
902 2452 949 2478 est
979 2448 1103 2477 animae
1130 2446 1248 2478 Christi
1278 2446 1449 2477 convenire

386 2494 663 2534 omnipotentiam.

440 2538 545 2568 Prima
561 2536 790 2576 consequentia
813 2536 974 2576 probatur.
999 2535 1085 2573 Quia
1100 2535 1334 2575 omnipotentia
1349 2539 1395 2564 est
1414 2539 1449 2564 ut

385 2582 561 2622 proprietas
592 2585 827 2620 consequenter
857 2589 890 2609 se
920 2580 1039 2610 habens
1067 2579 1106 2609 ad
1129 2584 1275 2609 naturam
1298 2578 1447 2609 divinam.

386 2625 485 2664 Quod
509 2625 670 2665 probatur.
694 2624 840 2654 Potentia
856 2624 956 2654 activa
973 2623 1141 2654 cuiuslibet
1156 2624 1200 2653 rei
1224 2623 1367 2663 sequitur
1385 2622 1449 2652 for-

385 2679 472 2700 mam
495 2670 609 2710 ipsius:
634 2678 710 2708 ergo
727 2668 869 2708 sequitur
885 2668 1042 2707 cuiusque
1057 2673 1218 2697 naturam:
1244 2676 1319 2707 ergo
1335 2672 1449 2707 poten-

385 2715 429 2746 tia
451 2714 552 2744 activa
573 2719 719 2753 respectu
743 2712 890 2742 omnium
914 2721 996 2751 quae
1012 2717 1147 2752 possunt
1162 2712 1277 2742 habere
1293 2711 1449 2742 rationem

387 2759 485 2793 entis,
518 2757 725 2797 consequitur
751 2762 896 2786 naturam
921 2755 1076 2786 divinam:
1109 2765 1184 2795 ergo
1216 2755 1450 2795 omnipotentia

387 2803 594 2842 consequitur
620 2801 759 2832 divinam
783 2806 938 2830 naturam.
969 2819 992 2822 —
1021 2800 1223 2830 Antecedens
1254 2800 1348 2830 huius
1374 2809 1449 2839 pro-

387 2846 561 2887 syllogismi
584 2846 751 2886 probatur:
785 2845 860 2885 quia
891 2844 993 2874 forma
1024 2850 1070 2874 est
1099 2844 1293 2885 principium
1324 2843 1448 2883 agendi.

387 2890 491 2920 Prima
512 2899 589 2920 vero
613 2889 858 2929 consequentia:
884 2889 958 2928 quia
977 2894 1088 2919 natura
1111 2894 1166 2918 aut
1182 2893 1228 2918 est
1243 2888 1311 2928 ipsa
1326 2887 1448 2924 forma;

388 2939 442 2964 aut
465 2934 667 2964 constituitur
689 2942 745 2973 per
768 2933 915 2963 formam.
943 2932 1091 2963 Secunda
1114 2938 1220 2963 autem
1244 2937 1275 2962 et
1298 2931 1449 2971 probatur

388 2989 406 3008 a
429 2979 540 3018 priori,
569 2979 643 3017 quia
665 2983 777 3008 natura
801 2977 906 3007 divina
929 2983 975 3008 est
998 2977 1104 3017 ipsum
1128 2986 1195 3006 esse
1218 2975 1449 3007 incircumscri-

388 3028 494 3062 ptum:
518 3028 550 3052 et
573 3032 591 3052 a
614 3022 777 3057 similibus,
803 3022 877 3061 quia
901 3021 1060 3061 quaelibet
1076 3021 1136 3051 alia
1151 3030 1199 3051 res
1218 3020 1312 3051 habet
1334 3025 1448 3060 poten-

1150 3181 1468 3224 ARTICULUS
1498 3180 1798 3224 SECUNDUS

1504 2182 1580 2212 tiam
1604 2183 1739 2213 activam
1762 2189 1909 2223 respectu
1925 2193 2038 2214 eorum
2058 2183 2097 2214 ad
2113 2194 2195 2224 quae
2210 2194 2244 2215 se
2260 2184 2399 2215 extendit
2414 2185 2567 2226 perfectio

1504 2235 1580 2256 suae
1595 2232 1736 2263 naturae,
1749 2228 1831 2257 sicut
1843 2227 1982 2258 calidum
1997 2228 2037 2258 ad
2053 2228 2312 2260 calefaciendum.
2330 2229 2438 2260 Tertia
2453 2229 2568 2262 deinde

1505 2271 1735 2311 consequentia
1758 2281 1814 2312 per
1837 2281 1870 2302 se
1893 2277 1971 2302 nota
1995 2282 2033 2302 ex
2055 2273 2197 2303 terminis
2221 2278 2276 2303 est.

1560 2314 1707 2345 Secunda
1725 2321 1833 2345 autem
1856 2317 2086 2356 consequentia
2101 2317 2282 2357 principalis
2297 2318 2459 2358 probatur.
2483 2306 2567 2356 Quia

1504 2359 1609 2388 anima
1633 2358 1750 2389 Christi
1774 2365 1820 2390 est
1842 2369 1913 2400 pars
1936 2361 2095 2390 humanae
2118 2366 2258 2397 naturae,
2282 2370 2350 2391 non
2373 2361 2507 2392 divinae.

1559 2402 1595 2433 11.
1619 2402 1757 2433 Adverte
1788 2404 1839 2434 hic
1869 2403 1959 2444 quod
1990 2404 2124 2444 qualiter
2154 2405 2388 2445 omnipotentia
2417 2410 2568 2446 sequatur

1505 2455 1571 2477 esse
1594 2447 1700 2487 ipsum
1720 2448 1753 2477 in
1777 2457 1809 2478 se
1828 2448 2010 2484 subsistens,
2027 2457 2063 2478 ac
2078 2457 2135 2488 per
2154 2449 2218 2479 hoc
2241 2448 2434 2480 illimitatum
2449 2455 2480 2480 et
2495 2449 2567 2481 infl-

1503 2491 1617 2526 nitum,
1642 2492 1855 2531 supponimus
1871 2501 1908 2522 ex
1924 2491 2068 2523 doctrina
2082 2492 2179 2523 Primi
2195 2492 2282 2523 Libri
2297 2493 2314 2510 ⁴*
2336 2498 2462 2524 notum.

1559 2534 1614 2565 Illa
1643 2541 1750 2566 autem
1780 2536 1974 2575 propositio,
2002 2535 2169 2572 Quaelibet
2191 2545 2242 2567 res
2271 2536 2364 2568 habet
2386 2537 2567 2578 potentiam

1503 2578 1640 2608 activam
1664 2584 1806 2619 respectu
1827 2589 1938 2610 eorum
1961 2579 2005 2610 ad
2018 2589 2101 2620 quae
2122 2589 2157 2619 se
2172 2580 2315 2611 extendit
2335 2591 2414 2612 suae
2429 2587 2568 2614 naturae

1498 2623 1677 2663 perfectio,
1704 2633 1778 2654 cum
1802 2633 1901 2663 grano
1925 2623 1996 2654 salis
2021 2623 2176 2654 sumenda
2199 2630 2261 2655 est:
2286 2625 2349 2655 hoc
2373 2631 2436 2662 est,
2459 2630 2496 2657 ut
2517 2626 2566 2657 in-

1503 2666 1661 2706 telligatur
1676 2668 1709 2697 in
1732 2677 1847 2707 genere
1863 2677 1970 2698 rerum
1999 2669 2182 2698 activarum.
2217 2668 2317 2706 Quod
2340 2668 2413 2700 dico
2435 2675 2567 2710 propter

1503 2710 1622 2741 formas
1646 2720 1728 2751 quae
1743 2720 1819 2746 non,
1834 2717 1908 2742 sunt
1924 2721 1961 2741 ex
1984 2721 2044 2742 suo
2067 2722 2183 2752 genere
2207 2714 2339 2749 activae,
2355 2718 2392 2744 ut
2406 2715 2567 2754 quantitas

1505 2760 1535 2784 et
1558 2755 1679 2785 relatio.

1559 2798 1609 2828 111.
1636 2799 1670 2829 In
1693 2800 1901 2839 responsione
1932 2799 1971 2830 ad
2000 2801 2145 2837 tertium,
2174 2800 2300 2832 adverte
2331 2801 2420 2852 quod
2442 2802 2566 2834 Auctor

1502 2842 1554 2872 hic
1579 2843 1705 2883 corrigit
1735 2843 1889 2894 loquendi
1918 2843 2055 2875 modurn
2082 2844 2121 2875 de
2145 2845 2275 2876 scientia
2301 2846 2424 2876 animae
2448 2845 2565 2877 Christi

1503 2892 1649 2926 respectu
1673 2888 1819 2917 omnium
1851 2897 1933 2928 quae
1963 2898 1981 2918 a
2005 2888 2075 2918 Deo
2099 2888 2260 2919 fiunt.1n
2284 2889 2394 2920 Tertio
2424 2896 2564 2931 namque

1503 2930 1750 2967 Sententiarum,
1775 2931 1844 2962 dist.
1862 2942 1922 2967 xw,
1941 2937 1995 2962 art.
2012 2932 2080 2969 ult„
2098 2932 2136 2964 ad
2154 2942 2183 2969 2,
2199 2938 2367 2964 vocaverat
2384 2933 2563 2974 practicam

1503 2974 1688 3005 scientiam:
1712 2984 1808 3014 quam
1832 2976 1883 3006 hic
1902 2977 2016 3016 probat
2034 2986 2101 3007 non
2119 2986 2185 3007 esse
2201 2977 2382 3018 practicam,
2399 2977 2474 3017 quia
2495 2985 2563 3008 non

1504 3024 1550 3049 est
1573 3018 1695 3050 factiva.
1720 3019 1760 3050 Et
1783 3026 1818 3050 tu
1842 3020 2019 3051 doctrinam
2042 3021 2125 3051 hanc
2148 3022 2298 3062 sequeris.

2314 3217 2326 3241 Q

446 3275 600 3307 UTRUM
623 3275 763 3306 ANIMA
787 3275 958 3306 CHRISTI
984 3275 1162 3306 HABEAT
1187 3274 1556 3306 OMNIPOTENTIAM
1579 3275 1803 3307 RESPECTU
1829 3274 2149 3308 IMMUTATIONIS
2172 3273 2502 3307 CREATURARUM
2535 3320 2537 3323 ι

1094 3353 1125 3378 111
1145 3354 1228 3383 Sent„
1248 3354 1306 3379 dist.
1325 3360 1376 3384 xrv,
1395 3357 1442 3379 art.
1461 3361 1494 3385 4;
1514 3353 1572 3379 din.
1591 3360 1641 3384 xvt,
1660 3361 1704 3386 qu.
1724 3361 1741 3384 1,
1761 3358 1807 3379 art.
1827 3353 1850 3379 3.

454 3451 482 3466 κ’
524 3463 560 3477 a<

416 3455 588 3550 5⁸³ng
601 3483 727 3521 anima
744 3482 880 3520 Christi
901 3483 1038 3519 habeat
1058 3483 1376 3531 omnipotentiam
1391 3496 1446 3521 re-

601 3443 824 3468 DSECUNDUM
841 3442 891 3467 SIC
912 3443 1146 3467 Pnocenrrun.
1168 3431 1327 3468 Videtur
1340 3432 1447 3481 quod
1503 3434 1623 3469 omnis
1649 3438 1805 3482 potestas
1833 3433 1869 3469 in
1898 3431 2000 3469 caelo
2028 3437 2061 3468 et
2089 3433 2125 3467 in
2154 3437 2264 3468 terra.
2297 3431 2373 3468 Sed
2402 3431 2558 3469 nomine

1502 3485 1597 3521 caeli
1613 3490 1646 3520 et
1663 3493 1786 3522 terrae
1804 3483 2017 3532 intelligitur
2039 3483 2165 3520 omnis
2185 3491 2372 3520 creatura:
2398 3492 2439 3521 ut
2458 3492 2559 3533 patet

407 3541 410 3545 ·
468 3553 527 3581 v,
548 3543 569 3582 f
601 3543 740 3594 spectu
753 3534 1028 3571 immutationis
1048 3542 1318 3572 creaturarum.
1350 3535 1448 3573 Dicit
1502 3548 1593 3572 cum
1621 3536 1766 3583 dicitur,
1800 3537 1891 3574 Gen.
1912 3535 1975 3583 1³⁸⁸,
2003 3537 2049 3573 In
2073 3537 2259 3585 principio
2294 3538 2431 3574 creavit
2458 3538 2595 3574 Deus

426 3572 430 3584 ‘
445 3565 527 3622 ,ξι

489 3583 587 3621 θ’)
558 3582 703 3624 &enim
733 3588 822 3636 ipse,
853 3587 986 3624 Matth.
1008 3588 1071 3623 ult.
1092 3586 1129 3622 *ε
1161 3588 1258 3623 Data
1287 3593 1336 3624 est
1357 3589 1450 3624 mihi
1501 3589 1643 3624 caelum
1664 3594 1696 3625 et
1714 3595 1864 3626 terram.
1886 3589 1986 3636 Ergo
2005 3587 2156 3626 videtur
2175 3589 2282 3637 quod
2302 3588 2429 3627 anima
2450 3590 2558 3627 Chri·

2691 594 2705 620 0

2617 645 2665 694 Qu.
2682 651 2741 673 nv,
2760 650 2802 669 m.
2836 654 2839 659 ·

2590 671 2657 727 Ξιέἀ,
2659 677 2738 728 ῗίἕὲζ
2745 679 2802 722 fat

2591 703 2665 751 ibldff’
2684 704 2730 752 ςιι3
2743 730 2802 752 xxv,
2839 755 2841 759 ¹

2591 753 2633 772 art.
2647 740 2668 779 ᾗ.
2684 749 2750 778 adq..

2693 787 2702 804 ι

2593 2498 2805 2528 ’.NJquxvn-tgg

2593 2525 2724 2549 comment.
2738 2531 2805 2548 ιιιιιιι.
2838 2515 2839 2518 “

2591 2557 2623 2574 Vl·

2611 3541 2675 3563 νει-ι.
2693 3548 2711 3564 ι.
