2872 3970
30 2229 45 2241 ⁴
53 2228 138 2258 Quat,
146 2233 188 2251 art.
198 2235 243 2256 i,2.

1004 255 1266 301 QUAEsr1o
1296 255 1342 302 11,

269 335 420 372 Natura
439 340 489 370 est
516 345 815 383 unamquamque
834 344 913 369 rem
933 333 1142 380 informans
1159 334 1330 382 specifica

269 386 488 435 differentia,
508 398 607 435 quae
627 385 764 422 scilicet
782 386 948 434 complet
967 385 1229 422 definitionem
1249 397 1328 433 spe-

270 438 350 476 ciei.
382 439 444 476 Sic
471 450 565 486 ergo
589 450 694 474 nunc
721 436 917 486 loquimur
944 437 991 473 de
1020 445 1170 483 natura,
1198 450 1329 474 secun-

270 491 366 528 dum
394 491 500 540 quod
528 498 663 527 natura
690 489 874 537 significat
899 490 1113 537 essentiam,
1133 491 1195 526 vel
1222 490 1328 539 quod

269 543 364 592 quid
393 551 457 590 est,
479 543 558 579 sive
586 541 835 591 quidditatem
864 541 1013 590 speciei.

323 596 410 632 Hoc
428 602 558 632 autem
585 594 705 631 modo
728 594 950 643 accipiendo
978 602 1166 641 naturam,
1186 594 1328 644 impos-

270 647 376 684 sibile
405 654 459 683 est
494 647 681 684 unionem
708 646 824 683 Verbi
858 646 1039 683 incarnati
1075 659 1155 683 esse
1192 648 1328 684 factam

271 700 309 736 in
328 707 473 736 natura.
503 698 718 748 Tripliciter
736 699 840 735 enim
863 699 1004 748 aliquid
1024 711 1148 736 unum
1168 712 1214 736 ex
1232 700 1328 736 duo-

270 753 343 789 bus
361 753 423 788 vel
441 751 615 800 pluribus
634 751 883 788 constituitur.
909 753 996 789 Uno
1016 752 1148 798 modo,
1165 763 1211 788 ex
1231 752 1328 788 duo-

270 804 343 841 bus
377 803 548 853 perfectis
576 803 726 851 integris
761 804 1056 840 remanentibus.
1094 804 1213 850 Quod
1246 804 1328 853 qui-

270 857 358 894 dem
388 856 471 893 fieri
498 868 579 892 non
606 863 730 905 potest
757 856 827 892 nisi
856 856 894 893 in
923 856 981 892 his
1009 868 1178 906 quorum
1206 856 1329 893 forma

271 916 325 946 est
344 908 583 958 compositio,
599 909 661 945 vel
680 908 788 954 ordo,
804 910 865 945 vel
885 908 1023 957 figura:
1052 909 1147 946 sicut
1166 920 1212 944 ex
1231 910 1328 945 mul-

269 961 315 998 tis
342 961 532 1011 lapidibus
560 961 705 1010 absque
734 961 861 1010 aliquo
897 961 1031 998 ordine
1059 961 1234 998 adunatis
1261 973 1330 1010 per

270 1015 392 1051 solam
426 1013 748 1063 compositionem
773 1013 816 1050 fit
843 1026 1022 1056 acervus;
1060 1026 1106 1050 ex
1140 1013 1329 1062 lapidibus

270 1074 401 1104 autem
429 1074 464 1103 et
483 1066 590 1115 lignis
618 1067 833 1103 secundum
857 1066 1024 1115 aliquem
1053 1066 1226 1102 ordinem
1257 1065 1329 1102 dis-

270 1119 421 1169 positiS,
451 1126 487 1156 et
515 1119 629 1156 etiam
666 1119 714 1155 ad
745 1119 914 1168 aliquam
950 1118 1111 1166 figuram
1150 1118 1328 1165 redactis,

270 1171 314 1208 fit
340 1172 493 1209 domus.
532 1172 584 1208 Et*
608 1171 822 1208 secundum
851 1172 945 1217 hoc,
974 1178 1187 1220 posuerunt
1214 1170 1331 1219 aliqui

270 1224 456 1261 unionem
478 1236 559 1260 esse
586 1236 656 1272 per
675 1223 841 1260 modum
869 1222 1113 1269 confusionis,
1134 1235 1234 1271 quae
1262 1223 1330 1260 sci-

270 1277 355 1314 licet
368 1284 423 1312 est
441 1276 521 1312 sine
541 1276 694 1318 ordine;
714 1277 776 1312 vel
790 1275 1176 1312 commensurationis
1191 1273 1214 1322 θ,
1231 1287 1330 1324 quae

271 1336 326 1366 est
353 1341 444 1366 cum
473 1328 619 1365 ordine.

325 1381 401 1419 Sed
429 1381 504 1417 hoc
524 1393 603 1417 non
631 1387 756 1430 potest
775 1385 867 1416 esse.
897 1380 1029 1417 Primo
1049 1380 1218 1429 quidem,
1240 1381 1331 1429 quia

271 1433 511 1483 compositio,
537 1433 634 1470 ordo
661 1434 724 1469 vel
750 1432 873 1481 figura
900 1445 981 1469 non
1010 1440 1064 1469 est
1091 1433 1214 1470 forma
1242 1433 1330 1469 sub-

271 1485 461 1532 stantialis,
482 1485 549 1522 sed
568 1485 818 1523 accidentalis.
845 1486 892 1522 Et
911 1484 964 1522 sic
983 1493 1206 1534 sequeretur
1224 1486 1331 1534 quod

271 1539 365 1576 unio
402 1538 672 1576 incarnationis
711 1550 792 1575 non
829 1545 926 1574 esset
961 1550 1030 1586 per
1066 1550 1123 1584 se,
1160 1539 1226 1574 sed
1263 1550 1332 1587 per

271 1591 466 1628 accidens:
509 1591 616 1639 quod
657 1590 752 1627 infra
778 1590 798 1612 '¹‘
839 1590 1118 1639 improbabitur
1145 1597 1164 1627 ι.
1202 1613 1228 1617 -
1266 1592 1331 1627 Se-

271 1644 412 1691 cundo,
433 1643 524 1692 quia
552 1655 597 1679 ex
617 1642 840 1680 huiusmodi
868 1655 948 1679 non
971 1642 1014 1679 fit
1040 1655 1166 1679 unum
1189 1643 1331 1692 simpli-

271 1696 372 1744 citer,
393 1696 459 1732 secl
479 1696 694 1732 secundum
722 1695 835 1744 quid:
866 1702 1065 1732 remanent
1090 1695 1194 1732 enim
1222 1697 1332 1744 plura

271 1757 369 1786 actu.
391 1770 414 1776 -
434 1748 577 1795 Tertio,
599 1748 690 1796 quia
707 1748 831 1784 forma
850 1747 983 1784 talium
1002 1759 1082 1784 non
1111 1755 1166 1784 est
1183 1756 1330 1794 natura,

271 1801 338 1838 sed
353 1801 473 1849 magis
492 1812 569 1837 ars:
591 1800 687 1837 sicut
699 1800 823 1836 forma
841 1800 994 1836 domus
1017 1801 1065 1836 Et
1079 1800 1131 1836 sic
1146 1812 1226 1836 nou
1242 1805 1332 1836 con—

271 1853 487 1890 stitueretur
504 1865 583 1890 una
611 1860 746 1889 natura
770 1852 809 1888 in
834 1852 995 1897 Christo,
1017 1860 1059 1888 ut
1086 1852 1157 1900 ipsi
1184 1853 1331 1888 volunt.

324 1905 409 1942 Alio
437 1905 559 1942 modo
578 1905 620 1941 fit
648 1904 791 1954 aliquid
810 1910 826 1926 ²
855 1916 901 1941 ex
919 1904 1102 1953 perfectis,
1124 1905 1190 1941 sed
1214 1912 1332 1941 trans-

271 1958 444 1996 mutatis:
475 1958 570 1995 sicut
607 1970 653 1994 ex
681 1957 877 1993 elementis
913 1957 956 1993 fit
983 1956 1158 1994 mixtum.
1198 1958 1246 1994 Et
1281 1957 1334 1994 sic

271 2011 387 2060 aliqui
405 2010 581 2048 dixerunt
598 2009 784 2047 unionem
804 2009 1072 2046 incarnationis
1092 2022 1173 2046 esse
1196 2010 1333 2046 saetam

270 2075 340 2113 per
366 2064 532 2100 modum
559 2062 836 2111 complexionis
854 2060 880 2098 λ.

324 2116 401 2154 Sed
429 2117 505 2152 hoc
523 2127 603 2152 non
631 2122 755 2164 potest
774 2127 867 2151 esse.
898 2114 1028 2151 Primo
1052 2114 1221 2163 quidem,
1242 2115 1334 2164 quia

271 2176 407 2206 natura
442 2167 573 2204 divina
609 2175 664 2204 est
701 2167 862 2204 omnino
908 2167 1176 2204 immutabilis:
1215 2175 1258 2204 ut
1294 2167 1333 2204 in

271 2221 399 2258 Prima
427 2222 537 2257 Parte
555 2220 575 2242 ²⁸
594 2220 740 2257 dictum
768 2227 832 2256 est.
862 2220 974 2257 Unde
1002 2231 1073 2256 nec
1100 2219 1182 2268 ipsa
1209 2227 1334 2268 potest

271 2273 443 2311 converti
478 2273 518 2310 in
546 2272 669 2319 aliud,
699 2284 789 2309 cum
827 2271 873 2308 sit
908 2272 1222 2321 incorruptibilis:
1260 2285 1332 2310 nec

271 2326 374 2364 aliud
402 2326 442 2362 in
469 2325 604 2374 ipsam,
626 2337 716 2362 cum
744 2324 826 2373 ipsa
854 2324 899 2361 sit
923 2324 1198 2372 ingenerabilis.
1220 2346 1244 2352 -
1265 2325 1331 2362 Se—

270 2379 411 2425 cundo,
432 2378 524 2427 quia
550 2378 589 2414 id
617 2378 724 2426 quod
753 2385 808 2413 est
835 2377 1109 2424 commixtum,
1140 2378 1233 2415 nulli
1261 2378 1331 2414 mi-

270 2430 457 2468 scibilium
474 2438 529 2467 est
547 2430 651 2467 idem
670 2430 815 2479 specie:
837 2429 962 2466 differt
977 2429 1080 2466 enim
1095 2442 1183 2467 caro
1199 2443 1221 2467 a
1235 2443 1331 2479 quo-

271 2483 360 2520 libet
388 2485 666 2520 elementorum
695 2482 831 2531 specie.
868 2483 915 2519 Et
943 2482 996 2518 sic
1025 2483 1296 2523 Christusnec
1315 2490 1332 2512 μ

272 2543 369 2572 esset
397 2535 570 2572 eiusdem
597 2543 754 2572 naturae
782 2547 873 2571 cum
901 2536 1021 2581 Patre,
1042 2547 1114 2571 nec
1141 2548 1232 2572 cum
1251 2548 1331 2573 ma-

271 2596 338 2624 tre.
360 2610 385 2614 -
403 2587 547 2633 Tertio,
567 2587 658 2636 quia
681 2600 727 2624 ex
750 2587 809 2624 his
828 2599 927 2636 quae
955 2587 1168 2636 plurimum
1194 2588 1332 2625 distant

272 2653 352 2677 non
379 2647 503 2689 potest
530 2639 612 2676 fieri
646 2640 888 2677 commixtio:
926 2640 1085 2676 solvitur
1116 2640 1219 2677 enim
1248 2653 1331 2690 spe-

272 2693 348 2730 cies
366 2693 482 2730 unius
499 2704 649 2739 eorum,
669 2700 761 2741 puta
780 2692 810 2728 si
837 2692 924 2741 quis
942 2700 1086 2740 guttam
1109 2705 1232 2742 aquae
1251 2707 1331 2730 am-

271 2747 417 2795 phorae
436 2745 516 2781 vini
535 2752 714 2794 apponat.
745 2745 793 2781 Et
811 2746 1026 2782 secundum
1049 2746 1134 2792 hoc,
1156 2758 1246 2782 cum
1266 2759 1331 2783 na-

270 2806 356 2835 tura
383 2797 514 2834 divina
541 2797 581 2834 in
609 2796 802 2834 infinitum
822 2798 978 2834 excedat
1005 2799 1230 2844 humanam,
1251 2811 1331 2836 non

270 2858 395 2900 potest
429 2862 510 2886 esse
548 2849 699 2897 mixtio,
729 2850 795 2886 sed
833 2850 1044 2887 remanebit
1080 2852 1161 2887 sola
1197 2859 1332 2888 natura

204 2919 219 2939 t
240 2903 414 2940 xdivina.

325 3015 349 3050 θ)
368 3015 642 3042 commensurationis.
655 3029 674 3033 —
686 3013 745 3047 (per
759 3015 865 3039 modum
880 3014 911 3049 P)
924 3017 1154 3042 commassationis
1167 3018 1240 3042 tertia
1245 3025 1252 3048 3
1273 3022 1332 3050 post
1357 3016 1360 3055 Ι

271 3059 340 3086 quae
358 3052 435 3078 PHbc
453 3052 551 3076 addunt
568 3051 675 3076 scilicet.

326 3087 346 3121 ι)
365 3087 566 3119 improbabitur.
578 3100 598 3105 —
616 3085 716 3115 Tertia;
731 3085 901 3116 probabitur.

284 3193 290 3199 .
324 3123 353 3191 13

272 3198 365 3219 tiones.

326 3227 355 3262 μ)
375 3235 460 3253 nec.-
478 3235 530 3252 non
550 3227 593 3251 EF
612 3231 637 3251 et
655 3227 728 3250 tertia
747 3231 846 3258 praeter
866 3226 882 3250 1.

326 3263 350 3298 ν)
365 3263 536 3295 permutatis.
547 3276 567 3281 -
579 3262 727 3294 permixtis
746 3262 787 3286 vel
800 3261 962 3292 permutatis
981 3261 1004 3284 H
1024 3265 1049 3285 et
1068 3261 1200 3286 editiones.

370 3123 482 3155 aliquid.
494 3136 513 3141 -·
531 3130 612 3147 unum
632 3121 727 3145 addunt
746 3121 787 3145 Pc.

372 3158 573 3190 complexionis.
596 3171 616 3175 -
640 3155 838 3187 compositionis
862 3155 887 3186 1,
918 3155 1119 3181 commixtionis
1148 3157 1249 3189 aliquae
1279 3158 1331 3181 edi-

1373 254 1664 291 ARTICULUS
1693 255 1707 291 Ι
2393 253 2439 290 23

1436 332 1566 370 Tertio
1596 333 1715 370 modo
1735 332 1777 369 fit
1805 332 1948 381 aliquid
1977 345 2022 369 ex
2042 333 2230 381 aliquibus
2259 345 2338 370 non
2357 345 2441 382 per-

1383 385 1536 422 mutatis
1554 391 1577 431 v,
1599 386 1664 422 sed
1684 384 1930 434 imperfectis:
1961 385 2056 421 sicut
2076 398 2121 422 ex
2149 386 2277 422 anima
2305 394 2340 422 et
2359 398 2440 423 cor-

1383 450 1476 486 pore
1496 438 1538 474 fit
1559 438 1702 483 homo;
1732 445 1773 474 et.
1787 437 1955 474 similiter
1975 450 2020 474 ex
2039 437 2197 474 diversis
2216 438 2401 474 membris
2416 436 2439 475 ἕ.

1437 491 1512 527 Sed
1540 491 1616 527 hoc
1643 490 1717 526 dici
1736 502 1815 526 non
1843 497 1966 538 potest
1993 490 2041 526 de
2064 490 2330 526 incarnationis
2358 503 2442 540 my-

1383 542 1506 579 sterio.
1538 543 1667 579 Primo
1697 542 1874 591 quidem,
1904 542 1994 591 quia
2030 549 2191 591 utraque
2226 550 2359 579 natura
2387 551 2442 579 est

1383 595 1597 632 secundum
1617 607 1728 631 suam
1747 595 1934 631 rationem
1954 595 2127 643 perfecta,
2148 594 2278 631 divina
2306 595 2442 631 scilicet

1383 654 1418 683 et
1446 648 1628 684 humana.
1650 670 1674 673 —
1696 647 1895 693 Secundo,
1925 647 2016 695 quia
2050 647 2179 683 divina
2208 654 2243 683 et
2271 648 2442 684 humana

1383 707 1517 736 natura
1544 712 1624 736 non
1652 707 1813 748 possunt
1841 699 2067 736 constituere
2093 699 2235 748 aliquid
2264 712 2332 748 per
2359 712 2442 736 mo-

1382 753 1476 788 dum
1497 753 1664 801 partium
1679 752 2026 801 quantitativarum,
2043 752 2138 788 sicut
2158 752 2333 788 membra
2352 764 2442 788 con-

1382 804 1540 841 stituunt
1567 817 1727 854 corpus:
1758 804 1848 853 quia
1873 812 2008 841 natura
2026 804 2156 841 divina
2185 812 2239 840 est
2266 804 2443 852 incorpo-

1383 869 1457 893 rea.
1487 858 1626 906 Neque
1645 869 1714 906 per
1733 857 1896 893 modum
1916 857 2061 893 formae
2081 865 2116 893 et
2135 856 2332 893 materiae:
2354 856 2443 906 quia

1383 909 1512 945 divina
1549 917 1683 946 natura
1721 921 1799 946 non
1836 917 1960 958 potest
1997 921 2076 946 esse
2111 909 2234 946 forma
2271 908 2441 955 alicuius,

1382 961 1600 1009 praesertim
1623 961 1808 1010 corporei.
1846 963 2077 1010 Sequeretur
2100 962 2213 998 etiam
2233 962 2340 1010 quod
2360 974 2443 1010 spe-

1383 1013 1458 1049 cies
1486 1015 1669 1050 resultans
1698 1022 1794 1050 esset
1827 1011 2158 1051 communicabilis
2186 1014 2376 1063 pluribus:
2408 1022 2444 1050 et

1383 1065 1432 1102 ita
1460 1074 1584 1102 essent
1611 1068 1738 1114 plures
1768 1066 1916 1102 Christi.
1938 1089 1963 1092 —
1982 1067 2124 1113 Tertio,
2151 1067 2241 1115 quia
2271 1066 2442 1103 Christus

1383 1130 1510 1166 neque
1540 1126 1636 1154 esset
1673 1119 1867 1155 humanae
1896 1127 2072 1164 naturae,
2107 1131 2232 1167 neque
2267 1119 2440 1155 divinae:

1384 1170 1596 1207 differentia
1623 1170 1726 1207 enim
1749 1170 1877 1207 addita
1904 1171 2023 1207 variat
2047 1171 2224 1219 speciem,
2246 1171 2341 1207 sicut
2360 1171 2443 1208 uni-

1383 1231 1439 1259 tas
1458 1222 1498 1259 in
1517 1223 1688 1259 numeris
1707 1229 1731 1269 ⁰,
1755 1222 1849 1259 sicut
1868 1222 2003 1259 dicitur
2035 1223 2073 1259 in
2092 1224 2173 1259 VIII
2192 1225 2404 1272 Metaphys.
2425 1223 2445 1244 ’¹‘

1437 1276 1494 1311 AD
1523 1287 1658 1312 PmMUM
1686 1287 1784 1311 ERGO
1812 1287 1993 1312 DICENDUM
2021 1275 2127 1323 quod
2156 1275 2216 1311 illa
2244 1275 2445 1312 auctoritas

1385 1327 1512 1376 Cyrilli
1532 1327 1734 1376 exponitur
1752 1327 1790 1363 in
1811 1327 1954 1374 Quinta
1974 1328 2132 1377 Synodo
2152 1327 2171 1348 ’¹‘
2199 1327 2270 1364 sic:
2297 1329 2338 1364 Si
2355 1330 2445 1377 quis,

1384 1392 1498 1417 unam
1528 1386 1701 1416 naturam
1720 1381 1794 1416 Dei
1827 1382 1936 1417 Verbi
1954 1382 2186 1417 incarnatam
2215 1381 2349 1426 dicens,
2370 1393 2444 1417 non

1383 1434 1435 1469 sic
1462 1434 1593 1482 accipit
1619 1434 1710 1469 sicut
1736 1434 1864 1469 Patres
1892 1433 2104 1478 docuerunt,
2130 1434 2215 1482 quia
2244 1445 2293 1469 ex
2319 1433 2446 1470 divina

1386 1491 1519 1522 natura
1547 1491 1580 1521 et
1607 1486 1771 1522 humana
1800 1487 1936 1522 unione
1953 1486 2153 1521 secundum
2180 1487 2445 1522 subsistentiam

1375 1539 1502 1585 facta,
1528 1538 1593 1574 sed
1618 1550 1668 1574 ex
1694 1538 1824 1574 talibus
1851 1539 1999 1574 vocibus
2028 1544 2201 1574 naturam
2230 1550 2343 1574 unam
2371 1540 2447 1575 sive

1384 1592 1622 1640 substantiam
1642 1590 1836 1627 divinitatis
1855 1596 1888 1626 et
1915 1591 2039 1626 carnis
2062 1591 2197 1626 Christi
2215 1590 2448 1627 introducere

1386 1649 1552 1688 conatur,
1573 1643 1654 1679 talis
1681 1643 1879 1679 anathema
1906 1644 1959 1678 sit.
1989 1643 2080 1678 Non
2109 1654 2197 1689 ergo
2231 1654 2364 1678 sensus
2393 1651 2447 1679 est

1386 1695 1492 1743 quod
1521 1694 1560 1731 in
1588 1694 1846 1731 incarnatione
1875 1707 1920 1730 ex
1948 1694 2099 1730 duabus
2125 1694 2268 1730 naturis
2296 1695 2342 1730 sit
2369 1707 2447 1732 una

1387 1754 1522 1783 natura
1541 1746 1763 1783 constituta:
1794 1747 1860 1782 sed
1880 1746 1970 1795 quia
1989 1758 2067 1782 una
2086 1754 2220 1783 natura
2239 1747 2311 1783 Dei
2330 1747 2447 1784 Verbi

1386 1811 1541 1835 carnem
1570 1798 1691 1835 univit
1710 1805 1728 1820 π
1755 1799 1794 1835 in
1822 1810 1998 1847 persona.

1439 1853 1495 1888 Ao
1524 1863 1712 1888 SECUNDUM
1740 1863 1921 1888 DICENDUM
1941 1852 2047 1900 quod
2077 1864 2122 1887 ex
2147 1850 2276 1887 anima
2304 1859 2340 1888 et
2365 1864 2448 1889 cor-

1386 1916 1480 1953 pore
1509 1903 1748 1940 constituitur
1775 1903 1814 1940 in
1833 1916 2074 1952 unoquoque
2102 1911 2278 1940 nostrum
2306 1905 2448 1953 duplex

1387 1956 1531 1993 unitas:
1562 1964 1739 2002 naturae,
1770 1964 1805 1992 et
1832 1968 2030 2005 personae.
2069 1957 2239 1993 Naturae
2268 1956 2446 2005 quidem,

1387 2010 1603 2046 secundum
1631 2009 1738 2057 quod
1757 2009 1886 2045 anima
1905 2009 2035 2045 unitur
2061 2009 2223 2057 corpori,
2242 2009 2449 2046 formaliter

1387 2061 1588 2110 perficiens
1607 2061 1747 2110 ipsum,
1767 2069 1809 2097 ut
1837 2073 1883 2098 ex
1902 2061 2053 2098 duabus
2073 2067 2086 2090 Ρ
2106 2061 2172 2098 fiat
2195 2074 2273 2098 una
2301 2069 2446 2110 natura,

1388 2115 1483 2151 sicut
1511 2126 1557 2150 ex
1585 2121 1671 2150 actu
1699 2121 1735 2149 et
1762 2113 1942 2162 potentia,
1971 2115 2034 2150 vel
2061 2114 2219 2150 materia
2247 2122 2283 2150 et
2310 2115 2445 2151 forma.

1389 2168 1436 2203 Et
1464 2173 1650 2215 quantum
1690 2166 1738 2202 ad
1767 2167 1842 2203 hoc
1870 2178 1949 2202 non
1987 2166 2191 2203 attenditur
2218 2166 2445 2204 similitudo:

1388 2219 1478 2268 quia
1493 2226 1628 2255 natura
1642 2218 1772 2255 divina
1786 2230 1866 2254 non
1880 2226 2004 2267 potest
2023 2231 2104 2255 esse
2121 2219 2293 2268 corporis
2311 2219 2446 2268 sorma,

1387 2279 1429 2309 ut
1456 2272 1495 2308 in
1514 2271 1645 2308 Primo
1673 2271 1876 2319 probatum
1903 2279 1959 2307 est
1976 2271 2006 2307 ²¹⁶.
2037 2271 2168 2308 Unitas
2195 2284 2288 2308 vero
2317 2284 2447 2320 perso-

1387 2337 1459 2361 nae
1487 2323 1727 2360 constituitur
1754 2335 1800 2360 ex
1828 2323 1881 2359 eis
1908 2323 2138 2372 inquantum
2167 2331 2222 2360 est
2253 2336 2354 2360 unus
2382 2324 2447 2361 ali-

1387 2377 1472 2426 quis
1501 2377 1707 2413 subsistens
1736 2376 1774 2412 in
1802 2388 1914 2412 carne
1943 2384 1978 2412 et
2006 2376 2145 2412 anima.
2182 2377 2230 2412 Et
2257 2384 2446 2424 quantum

1387 2430 1435 2466 ad
1464 2430 1540 2466 hoc
1567 2428 1771 2465 attenditur
1807 2428 2032 2465 similitudo:
2069 2440 2171 2464 unus
2199 2428 2303 2464 enim
2337 2429 2446 2465 Chri-

1387 2490 1466 2519 stus
1494 2481 1659 2518 subsistit
1687 2481 1725 2517 in
1753 2480 1883 2517 divina
1911 2489 2046 2517 natura
2074 2488 2109 2517 et
2137 2481 2319 2517 humana.

1439 2536 1495 2571 AD
1523 2546 1681 2571 TERT1UM
1709 2545 1890 2570 DICENDUM
1919 2534 2036 2582 quod,
2059 2533 2155 2569 sicut
2182 2534 2445 2570 Damascenus

1385 2587 1475 2624 dicit
1493 2587 1523 2634 ³¹²,
1544 2594 1678 2623 natura
1706 2586 1836 2622 divina
1863 2585 1999 2622 dicitur
2031 2585 2242 2632 incarnata,
2273 2585 2363 2634 quia
2391 2594 2446 2622 est

1386 2640 1491 2677 unita
1519 2639 1622 2676 carni
1650 2638 1915 2687 personaliter:
1946 2651 2025 2674 non
2054 2638 2160 2686 quod
2197 2637 2242 2674 sit
2270 2638 2308 2674 in
2336 2645 2444 2674 natu-

1386 2705 1468 2729 ram
1497 2692 1618 2729 carnis
1638 2703 1834 2728 conversa.
1865 2690 2042 2728 Similiter
2061 2690 2174 2726 etiam
2202 2702 2290 2726 caro
2310 2690 2446 2727 dicitur

1386 2745 1570 2792 deificata,
1590 2752 1632 2781 ut
1660 2744 1740 2793 ipse
1768 2743 1857 2780 dicit
1875 2743 1905 2789 ²³⁶,
1926 2755 2005 2779 non
2033 2755 2102 2791 per
2129 2742 2442 2790 conversionem,

1386 2798 1453 2835 sed
1472 2809 1541 2846 per
1567 2796 1753 2833 unionem
1773 2796 1821 2832 ad
1840 2796 2023 2842 Verbum,
2045 2794 2157 2831 salvis
2176 2794 2253 2831 suis
2275 2795 2444 2843 proprie-

1386 2850 1524 2887 tatibus
1544 2856 1579 2886 ⁶:
1609 2857 1651 2886 ut
1670 2848 1894 2896 intelligatur
1921 2860 2009 2884 caro
2034 2847 2207 2883 deificata
2233 2847 2324 2895 quia
2349 2847 2445 2885 facta

1386 2911 1441 2940 est
1468 2902 1539 2939 Dei
1567 2901 1683 2938 Verbi
1711 2913 1819 2948 caro,
1849 2912 1928 2936 non
1956 2899 2046 2948 quia
2072 2899 2168 2935 sacta
2195 2899 2241 2935 sit
2268 2900 2385 2936 Deus.
2424 2903 2427 2908 '

1440 3015 1463 3049 ξ)
1483 3015 1613 3041 membris.
1631 3029 1650 3033 —-
1667 3013 1839 3039 constituitur
1861 3019 1957 3044 corpus
1981 3013 2049 3036 addit
2068 3013 2118 3041 εΗ,
2137 3013 2309 3038 constituitur
2333 3014 2403 3038 addit
2421 3015 2444 3044 b,

1387 3059 1467 3077 unum
1486 3058 1582 3083 corpus
1600 3049 1772 3074 constituitur
1791 3048 1889 3072 addunt
1906 3048 1948 3072 Pc.

1438 3085 1463 3119 ο)
1483 3086 1509 3111 in
1530 3085 1655 3110 numeris.
1668 3099 1687 3103 -
1706 3090 1831 3108 numerus
1850 3083 1868 3112 Ι,
1888 3090 2026 3107 numerum
2045 3083 2069 3107 H
2089 3088 2113 3107 et
2133 3083 2266 3108 editiones.

1438 3121 1467 3153 π)
1487 3121 1534 3146 sed
1551 3120 1640 3152 quia...
1654 3119 1746 3144 univit.
1759 3133 1778 3137 —
1789 3119 1836 3143 sed
1853 3118 1915 3150 quia
1929 3116 2010 3151 (quod
2023 3118 2054 3151 P)
2069 3121 2167 3143 natura
2183 3118 2261 3143 Verbi
2274 3119 2325 3144 Dei
2337 3126 2443 3144 carnem

1386 3157 1471 3181 univit
1489 3156 1539 3181 sibi
1557 3156 1580 3180 H
1600 3160 1625 3179 et
1643 3155 1776 3179 editiones.

1438 3190 1462 3225 ρ)
1482 3191 1591 3216 duabus.
1606 3204 1625 3208 —
1643 3190 1744 3214 duobus
1763 3189 1840 3218 PGIc.
1859 3188 1962 3213 duabus
1981 3188 2086 3212 naturis
2106 3189 2153 3214 Hb.

1438 3226 1464 3260 σ)
1480 3225 1699 3257 proprietatibus.
1717 3239 1736 3243 —
1754 3224 1921 3248 naturalibus
1939 3223 2152 3255 proprietatibus
2170 3223 2212 3252 G1.
2232 3224 2445 3256 proprietatibus

1386 3261 1552 3286 naturalibus
1571 3261 1705 3285 editiones.

946 3330 1278 3362 Commentaria
1300 3329 1551 3362 Cardinalis
1572 3329 1774 3362 Caietani

305 3421 325 3440 N
348 3411 480 3441 articulo
504 3411 609 3451 primo
626 3411 820 3451 quaestionis
843 3409 1009 3444 secundae,
1027 3408 1233 3439 declarandus
1250 3414 1330 3439 esset
1355 3409 1357 3427 ¹
1384 3410 1443 3439 sito
1472 3409 1504 3449 ly
1528 3413 1656 3439 natura.
1692 3408 1755 3439 Ubi
1778 3413 1854 3438 nota
1878 3407 1966 3447 quod
1989 3408 2127 3443 Auctor,
2153 3407 2357 3438 discurrendo
2387 3418 2444 3448 per

278 3422 425 3491 Ititulus‚
449 3455 509 3485 nisi
532 3456 566 3485 in
590 3464 723 3495 corpore
748 3454 871 3484 articuli
895 3453 1112 3484 declararetur.

329 3498 366 3528 In
389 3508 523 3538 corpore
539 3499 661 3529 articuli
676 3504 750 3528 sunt
766 3498 847 3528 duae
870 3503 972 3538 partes
994 3497 1191 3537 principales.
1217 3496 1252 3527 In
1267 3497 1330 3536 pri-

1385 3452 1520 3483 diversas
1551 3451 1796 3492 significationes
1820 3451 1930 3482 ordine
1955 3451 2096 3491 quodam
2127 3452 2353 3481 convenientes
2383 3463 2443 3483 no-

1384 3497 1462 3526 mini
1485 3502 1624 3532 naturae,
1649 3496 1790 3526 decernit
1812 3497 1845 3525 in
1868 3496 1926 3525 hac
1947 3495 2133 3535 quaestione
2156 3501 2301 3525 naturam
2324 3496 2443 3535 signifi-

274 3550 327 3571 ma
350 3541 523 3572 declaratur
545 3542 664 3578 titulus,
682 3541 869 3572 declarando
887 3541 964 3581 quid
987 3540 1142 3581 significet
1162 3541 1195 3570 in
1211 3550 1330 3580 propo·
1356 3535 1359 3579 Ι
1385 3550 1453 3570 care
1478 3541 1644 3570 essentiam
1668 3541 1727 3570 rei:
1755 3545 1784 3570 et
1808 3549 1845 3569 ex
1868 3540 1926 3569 hac
1951 3539 2211 3569 determinatione
2235 3545 2270 3569 ut
2293 3539 2443 3570 clarifica—

2472 1247 2482 1256 ·
2490 1246 2513 1268 S.
2520 1222 2624 1267 Thfiect.
2634 1252 2664 1267 m.
2672 1257 2683 1262 -

2472 1272 2523 1294 Did.
2532 1272 2683 1300 1ib.V11‚cap.

2472 1299 2658 1346 ιἠ’(ἑιόιιὲἰεῑιιηὶηο
2678 1341 2684 1346 .

2472 1351 2501 1376 ΙΙ,
2522 1351 2604 1372 Conat.
2620 1351 2652 1372 VI
2677 1367 2683 1377 ,

2473 1383 2524 1399 can.
2538 1383 2589 1399 vni.

2475 2283 2484 2294 ⁸
2499 2282 2547 2310 Qu.
2561 2288 2593 2309 111,
2609 2286 2651 2305 art.
2662 2283 2684 2305 8.

2473 2587 2483 2597 ⁸
2496 2587 2548 2609 Lib.
2568 2587 2616 2614 cit„
2632 2594 2685 2616 cap.

2473 2619 2528 2634 xvn.

2470 2751 2482 2763 ⁸
2497 2751 2556 2772 Ibid.
