2872 3970
233 915 239 922 .
257 900 316 922 1218.

189 1061 198 1070 ⁸
213 1059 239 1081 D.
258 1064 324 1087 ¹099-

201 2794 210 2803 ·
224 2792 290 2814 Vers.
304 2793 344 2819 46,
359 2799 396 2820 47.

204 3371 214 3380 ¹
229 3370 278 3391 Art.

221 3403 234 3417 a
258 3402 289 3422 ιι,
304 3400 345 3417 nrt.

297 3375 377 3397 praece
397 3385 400 3389 .
409 3375 414 3392 :

360 3402 382 3421 4.

427 282 497 318 168

422 361 637 412 specierum
672 360 961 409 intelligibilium
1001 361 1207 398 inditarum
1245 361 1294 398 ad
1328 361 1486 410 phanta-

423 422 555 451 smata.
593 415 641 451 Et
669 415 884 451 secundum
913 415 999 461 hoc,
1029 414 1160 451 dicunt
1192 414 1299 462 quod
1334 412 1488 449 scientia

424 467 563 504 Christi
582 466 740 517 profecit
760 467 975 504 secundum
1005 465 1298 516 experientiam:
1328 477 1487 502 conver-

423 520 540 558 tendo
569 519 707 557 scilicet
735 520 880 570 species
908 518 1155 568 intelligibiles
1192 518 1328 556 inditas
1366 518 1415 556 ad
1444 530 1489 555 ea

424 585 525 623 quae
554 573 601 611 de
629 585 734 610 novo
763 585 832 623 per
860 585 1018 612 sensum
1046 571 1202 621 accepit.

479 626 556 663 Sed
589 626 680 675 quia
717 626 992 663 inconveniens
1028 625 1181 662 videtur
1217 624 1324 673 quod
1362 623 1489 673 aliqua

425 678 606 716 naturalis
635 679 732 716 actio
761 678 998 727 intelligibilis
1023 677 1175 715 Christo
1204 678 1368 723 deesset,
1398 688 1489 713 cum

427 732 623 769 extrahere
652 731 796 782 species
829 730 1076 780 intelligibiles
1109 743 1131 767 a
1158 729 1490 780 phantasmatibus

427 785 472 823 sit
500 785 693 834 quaedam
721 784 901 824 naturalis
937 784 1035 823 actio
1073 783 1241 821 hominis
1274 782 1490 820 seeundum

427 838 661 877 intellectum
698 845 894 885 agentem,
932 836 1169 875 conveniens
1203 835 1355 875 videtur
1390 836 1491 872 hanc

428 890 543 927 etiam
572 890 764 927 actionem
792 890 830 927 in
859 890 1012 927 Christo
1040 901 1185 938 ponere
1204 889 1235 925 ⁸.
1265 890 1313 926 Et
1341 901 1388 925 ex
1416 889 1491 925 hoc

429 943 601 992 sequitur
629 943 736 993 quod
765 942 803 979 in
831 942 960 980 anima
989 941 1128 979 Christi
1166 941 1301 991 aliquis
1339 940 1491 979 habitus

429 995 607 1034 scientiae
635 995 705 1033 fuit
732 995 799 1047 qui
833 1008 903 1045 per
937 994 1163 1034 huiusmodi
1197 994 1491 1032 abstractionem

429 1049 646 1099 specierum
674 1049 840 1098 potuerit
867 1048 1106 1098 augmentari
1123 1048 1160 1085 *z
1192 1061 1238 1086 ex
1257 1049 1333 1085 hoc
1354 1047 1492 1086 scilicet

429 1103 537 1152 quod
565 1102 775 1141 intellectus
802 1114 937 1151 agens,
967 1109 1054 1151 post
1081 1101 1225 1151 primas
1263 1100 1408 1151 species
1437 1100 1491 1138 in-

428 1155 636 1204 telligibiles
673 1156 878 1193 abstractas
910 1168 932 1192 a
964 1154 1315 1205 phantasmatibus,
1344 1162 1493 1203 poterat

430 1208 545 1246 etiam
574 1209 664 1246 alias
683 1214 696 1232 ⁸
724 1209 954 1246 abstrahere.
1388 1203 1391 1208 ⁴

483 1263 541 1299 An
570 1274 704 1300 PRIMUM
733 1274 831 1300 ERGO
859 1273 1041 1300 DlCENDUM
1079 1260 1188 1310 quod
1223 1267 1303 1298 tam
1341 1259 1495 1297 scientia

430 1315 554 1353 infusa
583 1315 734 1354 animae
765 1314 915 1360 Christi,
945 1326 1064 1364 quam
1093 1313 1249 1352 scientia
1275 1313 1397 1360 beata,
1426 1312 1496 1351 fuit

431 1368 590 1407 effectus
618 1368 760 1416 agentis
797 1367 968 1405 infinitae
996 1366 1163 1413 virtutis,
1193 1366 1261 1416 qui
1297 1374 1422 1416 potest
1449 1365 1495 1403 si·

430 1422 513 1458 mul
532 1428 658 1458 totum
678 1420 847 1470 operari:
878 1428 914 1457 et
933 1420 983 1458 ita
1002 1420 1040 1456 in
1061 1428 1195 1458 neutra
1215 1419 1371 1456 scientia
1386 1419 1495 1456 Chri-

483 1543 505 1575 ε)
525 1543 602 1570 alias.
620 1557 640 1561 -
658 1543 727 1568 alias
745 1546 771 1568 et
790 1542 858 1568 alias
878 1543 906 1568 P.

483 1578 509 1611 ζ)
529 1582 568 1604 est
587 1581 701 1605 tantum.
719 1592 738 1597 —
755 1581 884 1603 causatur
904 1578 937 1602 sF
957 1583 982 1602 et
1001 1578 1083 1603 tertia.

483 1614 510 1648 η)
530 1615 617 1640 simul.
635 1628 654 1633 —
673 1613 734 1638 EFa
753 1619 778 1638 et
797 1614 884 1644 tertin;
904 1613 955 1639 ³1⁶1·
971 1614 1060 1639 simul.

1126 282 1389 329 QUAESTIO
1419 283 1502 328 XII,

1536 283 1828 321 ARTICULUS
1856 284 1902 321 111

1543 368 1622 397 stus
1649 361 1818 409 profecit,
1849 361 1916 398 sed
1943 373 1966 398 a
1993 361 2182 410 principio
2211 362 2344 399 habuit
2371 375 2458 400 eam
2485 364 2606 413 perfe-

1544 421 1655 450 ctam.
1687 413 1762 450 Sed
1796 413 1950 451 scientia
1977 413 2160 464 acquisita
2188 422 2243 451 est
2269 415 2450 452 tantum<
2477 417 2526 454 ab
2551 416 2606 453 in-

1542 467 1692 503 tellectu
1720 474 1864 514 agente,
1885 466 1951 516 qui
1980 478 2059 504 non
2088 466 2202 505 simul
2222 473 2240 494 ⁷2
2267 474 2392 505 totum
2415 477 2605 518 operatur,

1544 519 1612 558 sed
1639 519 1864 558 successive.
1903 519 1951 558 Et
1978 519 2065 558 ideo
2099 519 2314 558 secundum
2351 521 2452 559 hanc
2488 520 2607 561 scien-

1543 570 1635 610 tiam
1665 571 1837 610 Christus
1870 584 1950 610 non
1978 585 2000 609 a
2027 571 2215 622 principio
2243 572 2351 612 scivit
2379 573 2522 621 omnia,
2541 575 2608 613 sed

1544 623 1729 673 paulatim
1745 631 1793 674 ¹et
1820 632 1907 674 post
1925 625 2082 674 aliquod
2109 633 2274 675 tempus,
2295 625 2434 663 scilicet
2460 626 2501 663 in
2523 638 2609 676 per-

1544 677 1639 714 fecta
1668 684 1798 714 aetate.
1838 678 1958 724 Quod
1985 686 2087 728 patet
2119 691 2165 715 ex
2193 679 2269 715 hoc
2296 679 2403 728 quod
2436 680 2609 729 Evange-

1544 729 1627 767 lista
1655 729 1769 766 simul
1796 729 1884 767 dicit
1903 742 1995 767 eum
2022 730 2227 781 profecisse
2253 733 2405 769 scientia
2424 737 2458 769 et
2479 738 2608 770 aetate.

1597 784 1655 819 An
1683 794 1873 821 SECUNDUM
1899 795 2082 823 nicssunum
2110 784 2216 835 quod
2236 785 2332 823 haee
2351 784 2465 823 etiam
2491 785 2610 824 scien-

1545 835 1596 874 tia
1623 835 1663 873 in
1692 834 1844 873 Christo
1867 833 1880 857 θ
1908 835 1976 874 fuit
2011 848 2165 886 semper
2197 837 2363 886 perfecta
2394 837 2611 877 secundum

1545 896 1710 938 tempus,
1739 887 1824 925 licet
1852 894 1959 925 non‘
1986 889 2098 926 fuerit
2128 891 2293 939 perfecta
2329 890 2549 941 simpliciter
2576 898 2613 928 et

1546 941 1763 978 secundum
1792 949 1980 978 naturam.
2011 942 2059 979 Et
2087 942 2175 979 ideo
2199 943 2323 995 potuit
2350 943 2493 981 habere
2521 955 2612 992 aug-

1547 1002 1735 1031 mentum.

1599 1048 1656 1085 An
1684 1059 1844 1086 Teanum
1863 1059 2046 1087 mesanum
2068 1048 2176 1099 quod
2195 1049 2360 1087 verbum
2383 1049 2614 1090 Damasceni

1547 1099 1762 1148 intelligitur
1790 1108 1979 1149 quantum
2008 1101 2056 1140 ad
2083 1100 2168 1140 illos
2186 1102 2254 1151 qui
2281 1101 2413 1141 dicunt
2435 1101 2614 1152 simplici-

1546 1161 1603 1190 ter
1636 1154 1775 1190 factam
1811 1152 1926 1190 fuisse
1963 1153 2201 1192 additionem
2237 1154 2415 1193 scientiae
2454 1155 2613 1193 Christi:

1548 1206 1686 1244 scilicet
1704 1212 1721 1228 ²
1740 1206 1956 1243 secundum
1976 1218 2267 1257 quamcumque
2289 1207 2372 1246 eius
2395 1207 2632 1254 scientiam}

1548 1267 1585 1296 et
1611 1258 1817 1310 praecipue
1851 1260 2067 1297 secundum
2095 1259 2280 1308 infusam,
2310 1273 2410 1312 quae
2439 1268 2617 1301 causatur

1548 1312 1587 1349 in
1615 1311 1745 1350 anima
1783 1311 1922 1350 Christi
1955 1325 2002 1351 ex
2038 1313 2184 1352 unione
2217 1314 2265 1353 ad
2299 1314 2486 1353 Verbum.
2522 1314 2616 1353 Non

1548 1373 1678 1403 autem
1707 1364 1923 1413 intelligitur
1942 1366 1989 1404 de
2008 1375 2217 1414 augmento
2237 1366 2416 1407 scientiae
2444 1379 2545 1417 quae
2569 1379 2615 1404 ex

1548 1417 1711 1455 naturali
1739 1426 1872 1466 agente
1901 1427 2090 1457 causatur.

1607 1540 1631 1574 θ)
1652 1541 1678 1567 in
1701 1541 1816 1568 Christo.
1833 1556 1852 1561 —
1871 1542 1933 1568 Om.
1952 1542 2086 1568 editiones.

1608 1577 1627 1610 ι)
1648 1585 1709 1603 non.
1727 1591 1746 1595 -
1765 1584 1816 1602 non
1835 1585 1939 1609 semper
1958 1577 2040 1603 tertia.

1608 1611 1634 1646 κ)
1653 1613 1760 1638 scilieet.
1779 1627 1799 1631 -
1816 1613 1836 1637 F
1856 1618 1881 1638 et
1899 1612 1986 1644 tertia;
2006 1618 2066 1638 ante
2082 1612 2230 1639 scientlam.

1110 1700 1446 1734 Commentaria
1469 1698 1720 1735 cardinalis
1742 1700 1944 1733 Caietam

434 1801 601 1864 Trrums
641 1790 743 1820 clarus
780 1795 835 1820 est.
866 1808 888 1812 —
921 1790 956 1820 ln
989 1799 1124 1829 corpore
1162 1789 1284 1821 articuli
1317 1789 1374 1819 tria
1407 1788 1499 1820 fiunt.
1525 1787 1528 1826 Ι
1555 1789 1671 1829 quisita
1692 1798 1781 1825 vero,
1804 1789 1953 1820 recitatur
1975 1789 2063 1829 prius
2087 1789 2233 1825 aliorum,
2259 1794 2289 1820 et
2313 1799 2369 1820 sua
2393 1789 2471 1820 olim
2491 1791 2620 1831 opinio:

494 1836 619 1871 Primo,
643 1835 773 1874 ponitur
794 1834 954 1864 distinctio
979 1834 1173 1864 bimembris.
1205 1833 1332 1873 Duplex
1357 1838 1403 1863 est
1425 1842 1500 1873 pro-

1555 1833 1644 1873 quod
1667 1843 1734 1863 non
1754 1839 1800 1863 est
1823 1839 2027 1873 augmentata
2049 1833 2227 1864 secundum
2244 1843 2287 1869 se,
2305 1833 2360 1864 sed
2375 1834 2550 1866 secundum
2565 1845 2621 1866 ex-

433 1879 536 1910 sectus
566 1879 732 1911 scientiae:
765 1879 841 1910 alter
870 1877 1050 1911 seeundum
1077 1878 1176 1919 ipsius
1207 1878 1392 1914 essentiam3
1424 1877 1501 1907 alter
1549 1877 1753 1917 pertentium,
1777 1877 1840 1909 hoc
1860 1883 1917 1914 est,
1941 1878 2186 1908 conversionem
2202 1887 2259 1909 seu
2274 1878 2522 1919 applicationem
2536 1878 2621 1913 illius

434 1923 613 1954 secundum
637 1922 796 1953 effectum.

490 1967 657 2003 Secundo,
682 1966 893 2007 respondetur
917 1967 1062 2006 quaesito
1086 1966 1173 1996 iuxta
1196 1965 1376 1996 secundum
1398 1974 1500 1996 mem-

434 2013 544 2042 brum:
572 2012 719 2042 Christus
736 2011 881 2052 profecit
902 2010 1076 2041 secundum
1096 2011 1243 2050 effectum
1267 2010 1299 2040 in
1318 2009 1452 2040 scientia
1471 2014 1502 2039 et

433 2057 564 2098 gratia,
588 2057 671 2086 sicut
694 2061 725 2086 et
747 2060 861 2086 aetate.
893 2055 1057 2085 Probatur.
1091 2054 1176 2092 Quia
1201 2055 1288 2084 iuxta
1313 2054 1421 2084 aetatis
1445 2063 1500 2084 au-

435 2106 603 2141 gmentum
625 2101 747 2132 maiora
770 2109 869 2139 opera
892 2099 1035 2135 faciebat,
1055 2108 1138 2139 quae
1161 2099 1318 2130 maiorem
1337 2098 1500 2129 scientiam

437 2151 467 2178 et
490 2145 622 2186 gratiam
646 2144 915 2176 demonstrabant.

491 2190 613 2225 Tertio,
637 2188 847 2229 respondetur
871 2188 1015 2228 quaesito
1040 2188 1126 2219 iuxta
1149 2187 1290 2228 primum
1308 2187 1501 2222 membrum.

437 2233 545 2275 quoad
576 2233 818 2274 quadruplicem
844 2232 961 2262 Christi
991 2232 1173 2268 scientiam,
1205 2231 1325 2262 scilicet
1352 2230 1501 2267 infusam,

437 2279 572 2314 beatam,
590 2278 739 2313 divinam,
762 2283 793 2308 et
816 2277 1013 2317 acquisitam.
1049 2276 1090 2306 Et
1113 2275 1152 2306 de
1175 2276 1275 2306 tribus
1297 2275 1408 2315 primis
1432 2275 1503 2316 qui-

437 2322 510 2353 dem
534 2322 693 2362 negative:
718 2322 837 2352 scilicet
861 2321 950 2362 quod
970 2320 1114 2351 Christus
1130 2329 1197 2350 non
1216 2319 1362 2360 profecit.
1387 2319 1436 2349 De
1452 2329 1504 2350 ac-

1554 1921 1594 1951 ad
1617 1921 1837 1961 phantasmata
1860 1931 1943 1961 quae
1967 1931 2004 1952 ex
2028 1922 2172 1952 sensibus
2196 1928 2227 1952 et
2250 1922 2451 1962 experientiis
2473 1923 2512 1954 ab
2537 1929 2623 1954 extra

1554 1966 1732 1996 veniebant.
1766 1965 1891 1996 Deinde
1919 1966 2072 2006 repetitur
2101 1967 2231 2006 propria
2253 1976 2342 1998 nunc
2365 1967 2494 2007 opinio:
2532 1966 2629 2008 quod‘

1555 2010 1709 2050 acquisita
1725 2009 1903 2040 secundum
1920 2011 2089 2041 essentiam
2104 2016 2197 2041 aucta
2209 2009 2284 2047 fuit;
2302 2011 2377 2051 quia
2391 2012 2623 2042 inconveniens

1555 2054 1680 2084 videtur
1703 2054 1811 2084 deesse
1835 2053 1963 2084 Christo
1986 2055 2126 2094 aliquam
2149 2055 2379 2095 intelligibilem
2403 2056 2573 2087 actionem.

1610 2098 1673 2130 Ubi
1696 2103 1774 2130 nota
1796 2103 1828 2129 et
1850 2098 2041 2131 modestiam
2063 2099 2231 2135 Auctoris,
2255 2098 2346 2139 quod
2367 2100 2535 2140 opinantis.
2551 2109 2623 2143 per-

1555 2152 1668 2174 sonam
1686 2142 1803 2179 induit.
1821 2141 1899 2175 dum
1922 2143 1974 2179 ait,
1995 2143 2223 2176 inconveniens
2245 2143 2391 2175 videtur:
2422 2149 2454 2175 et
2475 2144 2623 2185 explana-

1555 2187 1678 2219 tionem
1694 2196 1789 2227 supra
1807 2187 1823 2203 ⁴*
1840 2187 1999 2220 dictorum
2020 2187 2060 2218 de
2076 2188 2263 2230 operatione
2286 2188 2466 2226 intellectus
2489 2189 2622 2230 uentis,
2650 2191 2661 2203 ⁸

1556 2231 1645 2271 quod
1661 2231 1780 2262 scilicet
1796 2230 1834 2261 de
1850 2231 2018 2273 principali
2032 2232 2116 2263 illius
2132 2233 2330 2272 operatione,
2343 2233 2435 2263 cuius
2443 2231 2623 2275 privatione

1557 2276 1679 2306 otiosus
1703 2285 1759 2306 seu
1783 2274 1897 2306 frustra
1919 2282 2104 2316 poneretur,
2127 2275 2188 2307 fuit
2211 2285 2327 2308 sermo.
2547 2286 2573 2297 ’λ

1192 2476 1197 2479 ’
1242 2482 1561 2527 ARTICULUS
1591 2482 1821 2526 TERTIUS

936 2578 1094 2611 UTRUM
1118 2576 1332 2608 eumerus
1355 2576 1535 2614 ALIQUID
1559 2577 1616 2608 AB
1639 2575 1882 2608 HOMINIBUS
1904 2575 2146 2618 molctziuT⁴

475 2700 629 2789 JK)
653 2727 827 2766 christus
855 2727 998 2776 aliquid
1027 2727 1076 2765 ab
1105 2726 1339 2764 hominibus¹
1363 2726 1503 2764 didice-

472 2777 576 2828 μην,
592 2772 708 2819 rit.
739 2780 887 2819 Dicitur
915 2779 1018 2818 enim
1047 2781 1142 2818 Luc.
1169 2791 1190 2817 11
1215 2779 1235 2801 ²⁸
1268 2779 1375 2828 quod
1404 2781 1502 2817 inve-

457 2812 591 2870 lssffl·
607 2825 636 2866 x:
652 2840 785 2871 nerunt
812 2846 897 2871 eum
926 2835 963 2870 in
989 2833 1142 2883 Templo
1166 2835 1203 2871 in
1233 2833 1355 2870 medio
1383 2833 1502 2870 docto-

439 2898 536 2932 rum,
566 2887 859 2937 interrogantem
888 2887 968 2924 illos
996 2892 1029 2923 et
1057 2886 1348 2936 respondentem.
1387 2886 1502 2923 Inter-

439 2951 572 2987 rogare
598 2953 692 2978 vero
721 2948 757 2977 et
785 2940 1019 2989 respondere
1048 2946 1103 2976 est
1131 2938 1370 2977 addiscentis.
1401 2939 1503 2986 Ergo

441 2991 615 3030 Christus
643 2994 691 3030 ab
721 2992 946 3031 hominibus
975 2992 1119 3041 aliquid
1147 2991 1288 3030 didicit.

495 3056 529 3081 2.
560 3046 791 3093 PRAETEREA,
821 3045 1018 3095 acquirere
1047 3045 1244 3085 scientiam
1272 3045 1320 3083 ab
1343 3045 1502 3082 homine

441 3098 602 3136 docente
630 3099 782 3137 videtur
809 3111 891 3136 esse
912 3098 1079 3136 nobilius
1107 3110 1227 3147 quam
1256 3098 1452 3147 acquirere
1482 3111 1503 3135 a

441 3150 616 3189 sensibus
637 3157 671 3189 ατ
702 3152 793 3201 quia
821 3152 859 3190 in
880 3152 1010 3191 anima
1028 3151 1197 3189 hominis
1225 3151 1397 3190 docentis
1417 3159 1504 3190 sunt

441 3203 586 3253 species
615 3204 861 3252 intelligibiles
882 3204 920 3242 in
940 3213 1037 3251 actu,
1058 3205 1097 3242 in
1126 3205 1241 3243 rebus
1261 3212 1391 3243 autem
1419 3216 1503 3242 sen-

441 3256 612 3294 sibilibus
641 3266 728 3295 sunt
756 3258 901 3307 species
930 3257 1178 3306 intelligibiles
1207 3259 1334 3295 solum
1367 3257 1407 3295 in
1434 3269 1503 3307 po-

442 3309 567 3346 tentia.
604 3311 679 3348 Sed
709 3311 882 3348 Christus
918 3310 1127 3359 accipiebat
1159 3310 1355 3349 scientiam
1389 3322 1502 3360 expe-

443 3361 682 3401 rimentalem
701 3376 747 3401 ex
768 3365 882 3401 rebus
902 3362 1154 3409 sensibilibus,
1175 3371 1217 3400 ut
1235 3363 1382 3402 dictum
1402 3372 1457 3400 est
1470 3363 1500 3402 ³⁸.

444 3416 544 3462 Ergo
565 3417 686 3452 multo
707 3416 827 3464 magis
847 3423 993 3464 poterat
1022 3414 1192 3464 accipere
1222 3416 1417 3454 scientiam
1438 3417 1502 3454 ad—

444 3466 627 3504 discendo
657 3469 704 3506 ab
734 3467 969 3505 horninibus.

497 3598 524 3631 α)
543 3599 668 3623 sensibus.
687 3613 705 3617 —
724 3599 799 3623 rebus
820 3599 836 3628 l,
857 3599 932 3623 rebus
951 3598 1115 3623 sensibilibus
1136 3604 1218 3623 cetera
1238 3599 1317 3624 tertia.

651 2687 673 2712 D
699 2686 858 2712 TERTium
878 2686 930 2711 sm
950 2685 1186 2712 PROCEDITUR.
1216 2673 1377 2711 Videtur
1395 2673 1502 2722 quod
1528 2673 1532 2713 Ι

1613 2674 1646 2711 3.
1676 2675 1918 2719 ΡΒΑΕΤΕΒΕΑ,
1956 2671 2130 2711 Christus
2167 2673 2385 2711 secundum
2423 2673 2621 2715 scientiam

1557 2726 1896 2775 experimentalem
1929 2737 1951 2762 a
1985 2725 2176 2775 principio
2213 2737 2295 2764 non
2331 2725 2465 2765 omnia
2501 2725 2620 2770 scivit,

1557 2779 1623 2818 sed
1651 2779 1691 2816 in
1720 2791 1764 2816 ea
1792 2778 1960 2828 profecit,
1982 2786 2024 2816 ut
2045 2778 2193 2817 dictum
2221 2787 2277 2817 est
2294 2777 2325 2816 ²⁸.
2357 2778 2434 2818 Sed
2461 2771 2622 2829 quilibet
2647 2783 2658 2795 ⁸
2716 2798 2722 2805 ·

1557 2831 1718 2871 audiens
1747 2843 1969 2869 sermonem
1989 2831 2285 2879 significativum
2306 2831 2476 2880 alicuius,
2496 2840 2621 2882 potest

1556 2884 1752 2923 addiscere
1781 2885 1888 2934 quod
1916 2884 2046 2923 nescit.
2086 2885 2188 2933 Ergo
2218 2884 2392 2925 Christus
2419 2884 2544 2934 potuit
2569 2885 2619 2925 ab

1556 2937 1781 2976 hominibus
1800 2937 1927 2987 aliqua
1947 2937 2143 2976 addiscere
2163 2950 2263 2988 quae
2283 2937 2501 2978 secundum
2518 2937 2620 2979 hanc

1556 2991 1753 3028 scientiam
1783 2990 1984 3028 nesciebat.

1611 3045 1684 3083 SED
1705 3055 1849 3081 CONTRA
1868 3055 1934 3082 es‘r
1953 3043 2060 3093 quod
2080 3043 2217 3083 dicitur
2241 3043 2358 3085 Isaiae
2375 3055 2423 3082 ιν
2439 3043 2477 3080 *ε
2506 3045 2616 3091 Ecce,
2647 3049 2656 3059 ·

1554 3103 1677 3136 testem
1700 3097 1850 3147 populis
1877 3097 1963 3135 dedi
1988 3109 2085 3143 eum,
2112 3097 2243 3136 ducem
2268 3109 2315 3134 ac
2335 3102 2618 3146 praeceptorem

1555 3152 1736 3201 gentibus.
1766 3149 2028 3199 Praeceptoris
2055 3157 2185 3189 autern
2213 3160 2294 3188 non
2312 3156 2368 3188 est
2387 3148 2529 3195 doceri,
2550 3150 2617 3189 sed

1556 3204 1707 3242 docere.
1728 3204 1830 3251 Ergo
1852 3202 2026 3242 Christus
2044 3214 2124 3241 non
2143 3201 2288 3251 accepit
2305 3201 2475 3250 aliquam
2497 3201 2617 3241 scien-

1556 3257 1648 3296 tiam
1677 3268 1746 3306 per
1773 3256 1988 3295 doctrinam
2016 3254 2176 3295 alicuius
2203 3253 2383 3293 hominis.

1610 3311 1834 3348 Remum-:0
1862 3320 2044 3349 mceunuu
2072 3307 2179 3357 quod
2207 3306 2246 3346 in
2273 3306 2445 3356 quolibet
2478 3319 2616 3356 genere

1557 3363 1595 3402 id
1623 3363 1730 3412 quod
1759 3370 1814 3400 est
1842 3361 2012 3411 primum
2045 3371 2209 3399 movens
2236 3371 2315 3398 non
2353 3367 2533 3398 movetur
2560 3373 2616 3399 se-

1557 3416 1731 3454 cundum
1768 3415 1870 3452 illam
1899 3413 2066 3463 speciem
2103 3419 2233 3449 motus
2253 3409 2285 3448 βε
2316 3411 2412 3449 sicut
2445 3412 2616 3462 primurn

1556 3470 1718 3507 alterans
1746 3479 1826 3505 non
1854 3468 2041 3506 alteratur.
2074 3464 2247 3503 Christus
2274 3472 2404 3503 autem
2437 3466 2616 3505 constitu-

1612 3598 1638 3633 β)
1659 3603 1752 3625 motus.
1770 3613 1790 3619 -
1808 3600 1869 3625 Om.
1888 3598 1985 3624 Ban.
