2872 3970
180 907 190 917 ·
206 907 258 928 Art.
274 907 378 934 praeced.

181 1172 190 1182 ·
205 1170 271 1192 Vers.
286 1176 306 1192 2.

181 1437 191 1445 ⁸
213 1435 248 1456 Cf.
273 1435 394 1456 Aristotel.

181 1462 245 1482 Post.
258 1462 337 1484 Anal-v
353 1461 393 1482 lib.

180 1488 198 1513 1.
213 1494 263 1515 cap.
275 1494 300 1514 u,
316 1494 338 1509 n.
348 1494 369 1514 7.
382 1499 393 1504 -

180 1515 204 1537 S.
220 1514 265 1537 Tn.
281 1515 332 1536 lect.
349 1520 379 1535 ιν.

182 1645 191 1653 ·
203 1642 218 1663 S
235 1642 394 1663 Th.1ec1.x.-

182 1669 210 1690 Di
262 1669 301 1690 lib.
326 1668 394 1698 Ylll,

183 1701 209 1717 ca

213 1659 235 1690 α’.

211 1701 232 1722 ρ.
248 1701 278 1722 ix,
294 1701 316 1716 n.
332 1698 352 1716 o.

186 2603 198 2614 ⁴
211 2605 261 2625 Art.
281 2602 384 2629 praeced.

288 2754 301 2788 ‘tw

190 2815 199 2824 ³
215 2814 240 2835 D.
254 2820 373 2842 4721215.

191 2921 200 2930 ·
216 2920 262 2947 Qu.
273 2925 313 2946 vn,
328 2924 368 2941 art.
383 2927 400 2942 ι.

194 3319 204 3328 ·
219 3317 245 3338 D.
262 3292 310 3345 302.

422 308 434 332 1
446 297 492 332 52
1137 291 1401 339 QUAEsrlo
1431 291 1483 337 x,

418 371 711 410 contradictoria
749 383 830 409 esse
859 371 984 408 simul.
1025 372 1126 419 Ergo
1165 369 1400 419 impossibile
1429 376 1483 405 est

419 426 527 476 quod
556 425 686 462 anima
715 424 854 462 Christi
883 423 974 461 sciat
1004 423 1162 460 infinita.

475 490 509 516 2.
540 479 772 524 PRAETEREA‚
794 477 1034 515 infinitorum
1057 475 1211 513 scientia
1240 483 1294 512 est
1322 474 1481 512 infinita.

420 532 498 570 Sed
526 530 681 568 scientia
709 530 860 568 animae
891 529 1030 567 Christi
1058 541 1138 566 non
1165 535 1290 578 potest
1318 540 1399 565 esse
1428 527 1483 564 in-

419 584 546 622 finita:
587 592 641 621 est
678 583 783 620 enim
811 582 999 632 capacitas
1037 581 1119 619 eius
1154 581 1282 627 finita,
1311 592 1402 618 cum
1440 580 1484 617 sit

419 646 592 674 creatura
613 642 640 673 α.
670 637 763 673 Non
783 648 872 684 ergo
893 635 1022 672 anima
1042 634 1181 671 Christi
1201 641 1324 683 potest
1343 645 1484 681 cogno-

421 702 525 728 scere
554 689 713 726 infinita.

476 743 510 780 3.
540 744 771 788 PRAETEREA,
792 740 942 778 infinito
971 753 1051 778 non
1079 747 1203 789 potest
1231 751 1313 776 esse
1341 737 1484 787 aliquid

420 796 557 833 maius.
589 795 665 833 Sed
693 795 804 844 plura
823 793 1068 830 continentur
1095 793 1134 830 in
1159 791 1314 829 scientia
1342 791 1483 837 divina,

421 849 594 886 absolute
614 847 822 896 loquendo,
839 858 959 896 quam
980 846 1019 883 in
1039 845 1194 883 scientia
1208 844 1360 882 animae
1377 844 1485 882 Chri-

421 901 477 947 sti,
497 909 540 938 ut
567 900 713 937 dictum
733 907 788 936 est
806 899 837 936 ³⁸.
868 900 970 947 Ergo
999 899 1129 936 anima
1154 897 1294 935 Christi
1322 910 1402 934 non
1422 909 1485 934 co-

420 954 567 1003 gnoscit
594 952 753 990 infinita.

475 1008 549 1044 SED
587 1018 751 1052 CONTRA,
790 1004 919 1042 anima
958 1004 1098 1042 Christi
1134 1003 1329 1052 cognoscit
1365 1011 1485 1040 totam

420 1072 532 1097 suam
560 1058 785 1108 potentiam,
813 1066 849 1095 et
877 1057 1010 1095 omnia
1037 1057 1077 1094 in
1105 1069 1205 1106 quae
1234 1065 1368 1107 potest.
1413 1057 1486 1094 Po-

419 1121 490 1150 test
518 1120 646 1150 autem
677 1111 716 1149 in
745 1110 1063 1148 emundationem
1083 1110 1325 1147 infinitorum
1352 1121 1486 1159 pecca-

419 1174 570 1203 torum:
601 1165 818 1202 secundum
838 1164 930 1201 illud
958 1165 972 1201 I
992 1165 1096 1200 Ioan.
1118 1175 1139 1200 11
1157 1163 1196 1200 *z
1226 1165 1313 1213 Ipse
1332 1170 1383 1200 est
1396 1175 1486 1213 pro-

414 1221 558 1269 pitiatio
583 1230 655 1268 pro
678 1219 840 1268 peccatis
875 1218 1028 1254 nostris.-
1065 1229 1139 1254 non
1168 1223 1291 1254 autem
1317 1229 1392 1266 pro
1422 1229 1486 1253 no-

419 1274 501 1309 stris
529 1277 683 1318 tantum,
702 1271 767 1308 sed
793 1272 903 1307 etiam
923 1272 1030 1307 totius
1057 1270 1197 1307 mundi.
1226 1270 1329 1318 Ergo
1358 1269 1487 1306 anima

422 1324 562 1363 Christi
590 1323 785 1372 cognoscit
812 1322 971 1360 infinita.

474 1379 699 1415 RESPONDEO
718 1389 899 1414 mCENDUM
919 1376 1026 1425 quod
1051 1375 1205 1413 scientia
1233 1387 1313 1412 non
1342 1383 1396 1412 est
1416 1374 1488 1412 nisi

420 1430 516 1468 entis
534 1430 573 1467 *ε
604 1442 652 1467 eo
672 1430 778 1479 quod
798 1441 867 1466 ens
885 1437 922 1466 et
940 1441 1078 1465 verum
1098 1436 1385 1465 convertuntur.
1406 1429 1487 1465 Du-

420 1483 566 1533 pliciter
603 1491 733 1520 autem
771 1482 909 1519 dicitur
936 1481 1079 1530 aliquid
1109 1493 1196 1518 ens:
1235 1493 1316 1518 uno
1345 1482 1486 1529 modo,

421 1535 651 1586 simpliciter,
673 1535 780 1585 quod
800 1534 939 1572 scilicet
959 1542 1014 1571 est
1034 1546 1102 1571 ens
1121 1543 1229 1579 actu3
1259 1534 1334 1571 alio
1354 1534 1486 1581 modo,

422 1589 638 1627 secundum
668 1588 773 1638 quid,
794 1588 902 1637 quod
931 1587 1070 1625 scilicet
1098 1595 1152 1624 est
1190 1599 1258 1624 ens
1287 1587 1325 1624 in
1353 1595 1488 1636 poten—

421 1643 482 1680 tia.
514 1644 561 1679 Et
581 1641 682 1691 quia,
704 1650 746 1679 ut
765 1641 902 1678 dicitur
930 1641 969 1677 in
989 1642 1039 1677 IX
1058 1642 1273 1690 Metaphys.
1294 1640 1324 1687 ³⁸,
1346 1652 1488 1678 unum-

422 1696 608 1746 quodque
637 1694 880 1743 cognoscitur
908 1694 1125 1731 secundum
1154 1693 1260 1743 quod
1297 1702 1352 1730 est
1380 1701 1486 1741 actu,

423 1761 503 1786 non
523 1756 653 1786 autem
673 1748 889 1785 secundum
909 1747 1015 1796 quod
1037 1755 1092 1783 est
1111 1746 1149 1783 in
1169 1746 1349 1796 potentia,
1370 1746 1488 1784 scien-

422 1802 473 1839 tia
500 1801 628 1851 primo
657 1808 694 1838 et
721 1800 978 1849 principaliter
1013 1799 1163 1848 respicit
1191 1811 1259 1836 ens
1293 1807 1391 1836 actu.
1422 1800 1488 1837 Se-

423 1854 610 1892 cundario
648 1861 778 1891 autem
815 1852 966 1902 respicit
993 1864 1060 1889 ens
1088 1852 1128 1889 in
1160 1852 1349 1901 potentia:
1380 1853 1485 1901 quod

423 1908 583 1957 quidem
612 1919 689 1944 non
712 1906 929 1943 secundum
948 1905 1119 1954 seipsum
1146 1905 1400 1953 cognoscibile
1421 1914 1486 1951 est,

424 1961 490 1998 sed
529 1961 745 1997 secundum
774 1959 882 2008 quod
915 1958 1157 2007 cognoscitur
1191 1958 1283 1995 illud
1312 1958 1351 1995 in
1379 1958 1489 1996 cuius

423 2013 594 2064 potentia
623 2012 754 2050 existit.

478 2067 680 2114 Quantum
700 2065 812 2114 igitur
839 2065 887 2102 ad
916 2065 1088 2113 primum
1108 2065 1273 2101 modurn
1298 2063 1488 2110 scientiae,

424 2120 554 2157 anima
583 2118 723 2156 Christi
751 2130 831 2155 non
867 2117 934 2155 scit
966 2117 1124 2155 infinita.
1163 2117 1265 2164 Quia
1293 2129 1374 2154 non
1402 2125 1490 2154 sunt

423 2172 572 2210 infinita
592 2172 629 2209 in
659 2180 757 2218 actu,
779 2171 894 2208 etiarn
914 2170 944 2207 si
963 2170 1199 2220 accipiantur
1220 2170 1353 2207 omnia
1372 2183 1490 2220 quae-

424 2237 594 2275 cumque
631 2233 720 2262 sunt
756 2224 795 2261 in
833 2231 919 2261 actu
957 2224 1174 2260 secundum
1211 2223 1491 2273 quodcumque

423 2288 596 2328 tempus:
623 2290 669 2315 eo
689 2278 796 2327 quod
816 2285 934 2314 status
953 2276 1207 2325 generationis
1226 2284 1263 2314 et
1281 2276 1491 2326 corruptio-

424 2332 482 2369 nis
502 2344 582 2368 non
614 2331 727 2368 durat
754 2330 793 2367 in
813 2330 1025 2377 infinitum;
1053 2330 1158 2367 unde
1186 2337 1241 2367 est
1268 2337 1393 2367 certus
1421 2342 1491 2367 nu-

424 2397 554 2422 merus
583 2396 663 2421 non
691 2385 819 2421 solum
848 2395 986 2420 eorum
1014 2395 1114 2432 quae
1143 2391 1231 2420 sunt
1259 2383 1405 2432 absque
1430 2395 1492 2432 ge-

423 2438 620 2476 neratione
645 2445 681 2474 et
699 2436 958 2486 corruptione,
978 2437 1046 2473 sed
1074 2436 1189 2473 etiam
1216 2435 1492 2484 generabilium

425 2499 461 2528 et
480 2490 798 2540 corruptibilium.
820 2512 845 2516 -
865 2490 1069 2536 Quantum
1088 2501 1181 2526 vero
1201 2489 1251 2526 ad
1270 2488 1389 2526 aliurn
1409 2501 1492 2526 mo-

425 2545 522 2582 dum
550 2543 705 2590 sciendi,
726 2542 856 2580 anima
877 2542 1017 2579 Christi
1036 2541 1075 2579 in
1093 2541 1224 2579 Verbo
1244 2542 1312 2579 scit
1330 2541 1490 2579 infinita.

428 2597 505 2636 Scit
533 2596 648 2643 enim,
669 2604 711 2633 ut
739 2596 886 2633 dictum
915 2603 970 2632 est
988 2595 1018 2642 ³⁸,
1040 2594 1173 2632 omnia
1208 2607 1308 2644 quae
1337 2602 1426 2631 sunt
1453 2595 1491 2632 in

426 2649 598 2701 potentia
626 2656 832 2687 creaturae.
862 2649 985 2695 Unde,
1006 2660 1097 2685 cum
1126 2647 1165 2685 in
1193 2647 1363 2697 potentia
1391 2660 1493 2685 crea-

427 2713 535 2741 turae
564 2702 637 2739 sint
656 2701 816 2748 infinita,
836 2713 907 2750 per
925 2702 1030 2738 hunc
1049 2701 1215 2738 modum
1237 2700 1304 2738 scit
1331 2700 1492 2747 infinita,

428 2756 539 2806 quasi
567 2755 737 2805 quadarn
757 2753 772 2784 β
800 2754 956 2791 scientia
989 2753 1170 2803 simplicis
1207 2753 1493 2802 intelligentiae,

428 2822 508 2847 non
537 2816 667 2846 autem
696 2807 851 2845 scientia
878 2806 1036 2844 visionis
1054 2807 1086 2843 ²⁸.

482 2864 538 2899 An
559 2874 694 2899 ptumum
713 2873 811 2898 ERGO
840 2872 1021 2898 DICENDUM
1044 2860 1152 2909 quod
1171 2859 1378 2906 infinitum,
1399 2859 1495 2897 sicut

428 2915 467 2952 in
497 2914 626 2952 Prima
654 2915 764 2951 Parte
783 2913 803 2935 '¹‘
831 2913 978 2950 dictum
1014 2921 1088 2960 est,
1118 2912 1319 2962 dupliciter
1345 2912 1492 2950 dicitur.

428 2969 517 3006 Uno
546 2968 678 3014 modo,
699 2967 915 3004 secundum
945 2966 1134 3004 rationem
1165 2966 1323 3004 formae.
1368 2966 1415 3003 Et
1443 2965 1496 3003 sic

429 3020 566 3058 dicitur
603 3020 798 3058 infinitum
826 3019 1021 3068 negative:
1060 3018 1198 3056 scilicet
1230 3019 1268 3056 id
1306 3019 1413 3068 quod
1442 3027 1496 3056 est

429 3074 553 3111 forma
580 3075 642 3110 vel
667 3081 773 3110 actus
802 3085 881 3110 non
911 3072 1091 3110 limitatus
1110 3084 1179 3121 per
1207 3071 1406 3110 materiam
1435 3074 1496 3109 vel

431 3126 647 3163 subiectum
666 3125 705 3162 in
734 3138 813 3174 quo
838 3125 1052 3175 recipiatur.
1083 3126 1131 3162 Et
1159 3124 1383 3162 huiusmodi
1412 3124 1495 3162 infi-

431 3179 567 3226 nitum,
588 3186 779 3227 quantum
799 3186 854 3215 est
881 3179 929 3215 de
956 3191 1007 3225 se,
1029 3186 1084 3215 est
1103 3178 1271 3215 maxime
1300 3178 1496 3227 cognosci-

431 3231 525 3278 bile,
556 3239 713 3280 propter
749 3230 1022 3279 perfectionem
1057 3239 1174 3277 actus,
1214 3231 1298 3268 licet
1335 3243 1415 3268 non
1452 3231 1497 3268 sit

432 3282 777 3333 comprehensibile
806 3288 822 3310 Υ
850 3295 872 3319 a
900 3283 1069 3331 potentia
1103 3283 1209 3321 finita
1244 3292 1438 3321 creaturae
1457 3284 1494 3321 *ι

433 3336 485 3374 sic
505 3336 608 3373 enim
637 3335 774 3372 dicitur
793 3335 899 3372 Deus
928 3334 1109 3373 infinitus.
1141 3337 1188 3373 Et
1207 3338 1279 3374 tale
1304 3337 1497 3375 infinitum

433 3389 561 3426 anima
591 3387 728 3425 Christi
747 3387 951 3436 cognoscit,
973 3387 1056 3424 licet
1084 3401 1162 3425 non
1182 3391 1495 3438 comprehendat.

487 3501 514 3532 α)
533 3505 667 3527 creatura.
685 3514 705 3519 —-
722 3503 815 3526 creata
834 3501 883 3526 PF.

488 3535 514 3570 β)
533 3537 658 3568 quadam.
675 3551 694 3555 -
713 3536 817 3567 potam
836 3536 976 3569 quaedam.

487 3574 514 3604 γ)
533 3572 771 3603 comprehensibile.
790 3586 809 3590 —
828 3572 866 3596 Ea
886 3577 910 3596 et
929 3571 1016 3601 ternu
1036 3571 1253 3603 apprehensibile.

487 3606 512 3639 ὃ)
529 3607 686 3638 potentiam.
704 3621 723 3625 -
741 3607 874 3631 rationem
894 3606 939 3636 ΡΗ
958 3606 1033 3631 Anas
1048 3607 1196 3638 potentiam
1218 3615 1307 3639 mni-go
1327 3608 1354 3633 Ρ.

488 3643 510 3673 ε)
530 3642 680 3667 intellectui.
699 3657 717 3660 -
737 3642 762 3666 ιἰι
783 3642 916 3667 intellectu
937 3642 1070 3666 editiones.

1517 290 1810 329 ARTICULUS
1838 293 1883 328 Ill

1591 369 1676 406 Alio
1704 370 1825 406 modo
1845 369 1982 407 dicitur
2010 370 2203 409 infinitum
2223 374 2439 411 secundum
2466 382 2599 424 poten-

1537 420 1630 458 tiam
1649 419 1662 443 δ
1691 422 1883 460 materiae.
1914 423 2033 470 Quod
2053 424 2211 473 quidem
2231 425 2368 463 dicitur
2393 426 2598 476 privative:

1539 486 1585 511 ex
1613 475 1689 512 hoc
1717 472 1856 512 scilic'et
1884 476 1990 525 quod
2027 489 2109 514 non
2136 477 2252 515 habet
2287 478 2453 517 formam
2481 492 2600 529 quam

1538 534 1673 564 natum
1702 535 1757 564 est
1785 527 1938 565 habere.
1968 529 2016 566 Et
2043 541 2112 579 per
2140 531 2245 568 hunc
2272 532 2438 569 modum
2465 532 2602 570 dicitur

1539 579 1733 617 infinitum
1761 580 1800 617 in
1819 581 2038 630 quantitate.
2068 583 2163 620 Tale
2182 591 2313 620 autem
2341 584 2535 623 infinitum
2555 598 2601 623 ex

1539 632 1598 670 sui
1635 633 1781 670 ratione
1809 641 1865 670 est
1893 633 2087 682 ignotum:
2125 635 2217 685 quia
2244 636 2383 674 scilicet
2410 645 2466 674 est
2493 637 2602 687 quasi

1540 685 1698 723 materia
1726 698 1817 723 curn
1845 686 2058 735 privatione
2086 688 2243 736 formae,
2264 697 2306 726 ut
2334 689 2472 727 dicitur
2498 690 2538 728 in
2556 691 2602 728 111

1539 739 1687 787 Physic.
1707 738 1748 785 *3
1778 739 1905 776 omnis
1924 747 2054 778 autem
2074 741 2239 790 cognitio
2267 750 2323 780 est
2341 755 2411 792 per
2436 743 2602 782 formam

1540 793 1602 828 vel
1629 799 1769 828 actum.
1800 792 1863 829 Sic
1881 791 2002 840 igitur,
2023 793 2054 830 si
2082 794 2307 832 huiusmodi
2325 795 2521 834 infinitum
2539 808 2603 834 co—

1539 843 1671 892 gnosci
1698 844 1836 881 debeat
1863 846 2079 883 secundum
2107 848 2272 884 modum
2299 847 2419 898 ipsius
2446 849 2602 898 cogniti,

1540 897 1775 946 impossibile
1795 905 1850 934 est
1877 898 1984 947 quod
2003 907 2274 947 cognoscatur:
2305 909 2360 938 est
2387 901 2492 939 enim
2520 915 2604 940 mo-

1540 950 1613 987 dus
1642 950 1761 999 ipsius
1789 958 1831 988 ut
1858 950 2065 1000 accipiatur
2091 964 2179 1002 pars
2212 952 2294 990 eius
2322 962 2410 1003 post
2435 962 2603 1004 partem,

1540 1011 1583 1040 ut
1610 1002 1747 1040 dicitur
1774 1002 1813 1040 in
1841 1004 1886 1040 111
1909 1005 2057 1053 Physic.
2084 1005 2104 1027 '¹‘
2139 1006 2187 1043 Et
2214 1006 2290 1043 hoc
2317 1007 2438 1045 modo
2465 1020 2604 1046 verum

1541 1063 1597 1093 est
1634 1056 1741 1105 quod
1770 1058 1847 1094 eius
1883 1059 2120 1106 quantitatem
2157 1060 2437 1109 accipientibus,
2467 1061 2606 1098 scilicet

1540 1116 1647 1158 parte
1667 1117 1822 1158 accepta
1848 1117 1936 1159 post
1962 1118 2122 1159 partem,
2142 1123 2289 1162 semper
2306 1118 2358 1150 est
2385 1113 2525 1162 aliquid
2541 1126 2606 1152 ex-

1540 1168 1599 1199 tra
1627 1164 1806 1212 accipere.
1838 1163 1915 1200 Sed
1943 1163 2040 1201 sicut
2067 1164 2277 1202 materialia
2294 1173 2458 1215 possunt
2485 1165 2607 1217 accipi

1542 1215 1590 1252 ab
1619 1214 1809 1252 intellectu
1844 1215 2160 1264 immaterialiter,
2190 1225 2226 1254 et
2253 1219 2374 1255 multa
2400 1219 2526 1267 unite,
2555 1219 2607 1257 ita

1542 1268 1690 1306 infinita
1708 1276 1871 1318 possunt
1898 1268 2018 1319 accipi
2045 1270 2094 1307 ab
2113 1269 2303 1309 intellectu
2329 1283 2409 1309 non
2437 1284 2507 1321 per
2523 1284 2606 1311 mo-

1542 1322 1638 1358 dum
1658 1321 1806 1368 infiniti,
1827 1322 1895 1359 sed
1923 1322 2032 1371 quasi
2050 1322 2168 1370 finite,
2189 1331 2231 1360 ut
2258 1323 2311 1361 sic
2331 1336 2376 1361 ea
2397 1337 2498 1374 quae
2517 1333 2607 1364 sunt

1543 1374 1582 1411 in
1610 1373 1743 1423 seipsis
1771 1374 1936 1422 infinita,
1965 1375 2039 1413 sint
2071 1375 2274 1414 intellectui
2302 1382 2314 1399 ι
2342 1378 2606 1426 cognoscentis

1542 1427 1660 1464 finita.
1690 1429 1738 1464 Et
1766 1428 1842 1465 hoc
1869 1428 1989 1465 modo
2018 1428 2147 1466 anima
2177 1429 2316 1467 Christi
2344 1430 2411 1467 scit
2438 1430 2604 1469 infinita:

1542 1480 1773 1530 inquantum
1803 1480 1941 1518 scilicet
1968 1481 2036 1518 scit
2064 1494 2124 1529 ea,
2151 1494 2231 1519 non
2259 1483 2510 1521 discurrendo
2537 1496 2608 1534 per

1542 1533 1700 1581 singula,
1722 1533 1788 1570 sed
1817 1533 1856 1570 in
1875 1534 2004 1583 aliquo
2033 1547 2135 1581 uno;
2164 1543 2258 1584 puta
2285 1535 2324 1572 in
2348 1536 2476 1585 aliqua
2503 1549 2606 1575 crea-

1542 1594 1627 1623 tura
1655 1586 1694 1623 in
1723 1586 1832 1624 cuius
1859 1586 2030 1636 potentia
2057 1587 2314 1636 praeexistunt
2333 1587 2346 1614 t
2374 1588 2542 1637 infinita3
2571 1598 2608 1627 et

1543 1638 1800 1689 principaliter
1826 1639 1866 1676 in
1894 1639 1978 1689 ipso
2006 1640 2148 1677 Verbo.

1596 1693 1653 1730 An
1681 1704 1871 1730 SECUNDUM
1889 1705 2071 1731 DICENDUM
2098 1694 2206 1743 quod
2225 1693 2320 1732 nihil
2347 1694 2526 1744 prohibet
2543 1695 2608 1733 ali-

1543 1745 1636 1795 quid
1674 1758 1756 1782 esse
1794 1745 1988 1783 infinitum
2026 1758 2107 1783 uno
2140 1747 2260 1784 modo
2298 1748 2404 1797 quod
2442 1756 2499 1785 est
2533 1749 2608 1787 alio

1543 1799 1663 1835 modo
1691 1798 1866 1836 finitum:
1897 1799 1994 1836 sicut
2021 1799 2050 1836 si
2071 1799 2329 1848 imaginemur
2355 1800 2395 1838 in
2421 1800 2608 1850 quantita-

1542 1851 1644 1888 tibus
1672 1851 1918 1900 superficiem
1955 1864 2055 1901 quae
2084 1851 2129 1889 sit
2157 1853 2373 1890 secundum
2407 1853 2609 1902 longitudi-

1543 1916 1635 1941 nem
1654 1903 1813 1951 infinita,
1834 1905 2051 1942 secundum
2070 1905 2309 1943 latitudinem
2329 1914 2458 1944 autem
2487 1906 2606 1945 finita.

1545 1957 1607 1994 Sic
1635 1957 1757 2005 igitur,
1778 1957 1809 1994 si
1829 1965 1954 1994 essent
1980 1957 2118 1995 infiniti
2137 1958 2316 1996 homines
2343 1971 2520 2006 numero,
2541 1961 2608 1998 ha-

1544 2010 1677 2047 berent
1705 2010 1864 2059 quidem
1883 2010 2031 2048 infinita
2059 2023 2141 2048 esse
2161 2017 2179 2039 η
2208 2012 2421 2049 secundum
2451 2012 2607 2063 aliquid,

1545 2063 1683 2100 scilicet
1720 2063 1936 2100 secundum
1973 2064 2277 2102 multitudinem:
2312 2065 2529 2104 secundum
2555 2073 2608 2104 ta—

1545 2128 1637 2154 men
1674 2116 1863 2153 rationem
1900 2117 2083 2154 essentiae
2111 2129 2191 2154 non
2229 2117 2414 2155 haberent
2446 2118 2609 2157 infinita·

1544 2178 1624 2207 tem
1643 2167 1667 2216 ⁸,
1688 2182 1735 2206 eo
1755 2170 1864 2218 quod
1892 2170 2019 2207 omnis
2047 2170 2209 2208 essentia
2228 2178 2325 2208 esset
2352 2170 2510 2209 limitata
2536 2172 2610 2210 sub

1546 2222 1692 2260 ratione
1719 2223 1836 2260 unius
1868 2223 2018 2272 speciei.
2062 2223 2138 2260 Sed
2166 2223 2259 2260 illud
2287 2224 2394 2273 quod
2431 2232 2487 2261 est
2521 2224 2611 2262 sirn-

1546 2276 1691 2326 pliciter
1718 2275 1912 2313 infinitum
1941 2277 2157 2314 secundum
2189 2276 2373 2314 essentiae
2401 2277 2610 2326 rationem,

1547 2337 1603 2367 est
1629 2330 1747 2376 Deus,
1767 2337 1810 2366 ut
1838 2328 1877 2366 in
1905 2329 2034 2366 Prima
2062 2330 2173 2366 Parte
2191 2329 2212 2351 '¹‘
2238 2329 2384 2368 dictum
2412 2338 2477 2367 est.
2517 2331 2611 2368 Pro-

1547 2382 1677 2432 prium
1704 2390 1835 2420 autern
1863 2381 2059 2420 obiectum
2086 2382 2294 2420 intellectus
2318 2390 2373 2420 est
2400 2383 2500 2432 quod
2524 2384 2615 2433 quid

1547 2442 1598 2473 est
1616 2435 1646 2482 ²¹²,
1667 2443 1709 2473 ut
1727 2435 1865 2473 dicitur
1882 2435 1923 2472 in
1950 2437 1996 2472 ΙΙΙ
2015 2436 2060 2473 de
2077 2436 2217 2472 Anima
2235 2434 2294 2472 “z
2324 2435 2374 2473 ad
2393 2436 2500 2485 quod
2525 2448 2611 2486 per-
2637 2438 2662 2476 ἶ.

1547 2489 1639 2526 tinet
1667 2488 1762 2526 ratio
1790 2487 1940 2538 speciei.

1603 2541 1665 2579 Sic
1679 2541 1791 2590 igitur
1804 2540 1933 2578 anima
1947 2540 2098 2587 Christi,
2114 2547 2271 2590 propter
2285 2541 2361 2578 hoc
2375 2541 2483 2591 quod
2497 2542 2613 2580 habet

1548 2594 1793 2644 capacitatem
1814 2593 1974 2640 finitam,
1990 2590 2028 2630 id
2048 2594 2155 2643 quod
2175 2601 2230 2630 est
2248 2593 2468 2643 simpliciter
2485 2593 2612 2634 infini-

1547 2656 1632 2685 tum
1660 2647 1876 2684 secundum
1905 2646 2119 2694 essentiam,
2142 2646 2281 2684 scilicet
2308 2647 2450 2696 Deum,
2470 2647 2613 2698 attingit

1549 2701 1720 2750 quidem,
1736 2700 1803 2737 sed
1817 2711 1898 2736 non
1917 2699 2222 2748 comprehendit,
2238 2708 2280 2737 ut
2294 2700 2440 2738 dicturn
2455 2708 2511 2738 est
2523 2700 2555 2738 *.
2570 2701 2612 2739 ld
2640 2702 2651 2713 ⁸

1549 2762 1680 2791 autem
1700 2752 1895 2790 infinitum
1914 2753 2022 2802 quod
2040 2752 2080 2790 in
2099 2752 2281 2790 creaturis
2299 2761 2356 2790 est
2372 2753 2412 2790 in
2430 2753 2611 2804 potentia,

1549 2814 1673 2856 potest
1692 2804 1971 2855 comprehendi
1990 2805 2038 2842 ab
2059 2805 2189 2843 anima
2208 2806 2367 2844 Christi:
2398 2806 2488 2856 quia
2506 2818 2613 2845 com-

1549 2867 1705 2910 paratur
1718 2859 1767 2896 ad
1782 2859 1906 2908 ipsam
1921 2859 2137 2896 secundum
2153 2859 2337 2897 essentiae
2352 2859 2551 2907 rationem,
2566 2871 2613 2897 ex

1550 2925 1628 2962 qua
1645 2919 1751 2962 parte
1771 2911 1998 2949 infinitatem
2012 2924 2093 2949 non
2107 2912 2233 2949 habet.
2250 2913 2355 2950 Nam
2374 2911 2489 2951 etiam
2506 2911 2612 2950 intel-

1550 2967 1668 3002 lectus
1696 2972 1825 3002 noster
1856 2964 2024 3013 intelligit
2056 2965 2282 3013 universale,
2310 2973 2404 3015 puta
2435 2972 2613 3003 naturam

1550 3018 1697 3067 generis
1711 3019 1773 3054 vel
1792 3017 1942 3066 speciei,
1958 3018 2065 3067 quod
2085 3018 2380 3067 quodammodo
2399 3017 2514 3055 habet
2527 3017 2612 3054 infi-

1551 3071 1718 3117 nitatem,
1740 3070 1970 3120 inquantum
1998 3078 2122 3120 potest
2141 3071 2188 3108 de
2209 3069 2364 3108 infinitis
2390 3069 2610 3120 praedicari.

1604 3126 1661 3161 AD
1688 3136 1847 3161 TERTlUM
1866 3136 2047 3161 DlCENDUM
2075 3124 2182 3173 quod
2210 3123 2249 3161 id
2272 3123 2378 3172 quod
2406 3130 2462 3160 est
2486 3121 2612 3160 infini-

1550 3185 1635 3215 tum
1655 3176 1837 3214 omnibus
1866 3176 2003 3224 modis,
2024 3189 2104 3214 non
2123 3183 2247 3226 potest
2265 3187 2346 3213 esse
2374 3175 2445 3212 nisi
2466 3187 2610 3213 unum:

1551 3230 1655 3268 unde
1671 3239 1707 3268 et
1721 3229 1982 3279 Philosophus
1997 3229 2096 3276 dicit,
2107 3229 2147 3266 in
2161 3230 2175 3266 1
2189 3228 2235 3266 de
2247 3228 2360 3266 Caelo
2375 3233 2408 3265 et
2421 3228 2570 3266 Mundo
2581 3229 2611 3276 *,

1552 3284 1659 3333 quod
1679 3283 1769 3333 quia
1797 3295 1938 3332 corpus
1957 3290 2012 3319 est
2039 3282 2087 3319 ad
2115 3292 2274 3318 omnem
2293 3287 2440 3330 partem
2464 3281 2612 3319 dimen-

1552 3337 1756 3383 sionatum,
1778 3334 2012 3386 impossibile
2041 3341 2096 3371 est
2122 3335 2232 3383 plura
2258 3345 2339 3370 esse
2367 3345 2530 3383 corpora
2557 3333 2612 3371 in-

1552 3389 1670 3427 finita.
1693 3389 1732 3427 Si
1751 3397 1880 3426 tamen
1900 3386 2043 3437 aliquid
2063 3394 2159 3424 esset
2178 3384 2372 3423 infinitum
2392 3397 2472 3424 uno
2492 3387 2612 3424 modo

1606 3503 1632 3535 ζ)
1648 3503 1847 3535 praeexistunt.
1864 3516 1884 3522 —-
1901 3501 2024 3527 existunt
2040 3500 2122 3526 tertin-

1606 3539 1634 3570 η)
1654 3538 1760 3572 infinita
1778 3545 1842 3564 esse.
1859 3552 1878 3557 -·
1897 3537 2053 3571 infinitatem
2073 3535 2118 3561 Pa.

1605 3571 1630 3606 Θ)
1650 3581 1701 3598 non
1721 3573 1848 3599 haberent
1867 3571 2034 3606 infinitatem.
2047 3584 2066 3589 -
2079 3570 2206 3596 haberent
2217 3569 2352 3605 finitatem
2373 3570 2400 3596 Ρ.
2413 3585 2431 3589 -
2451 3570 2500 3595 Pro
2519 3571 2614 3601 omnis,

1551 3609 1668 3634 omm'um
1689 3610 1768 3634 tertia.

2630 750 2824 799 tarne·

2632 1008 2828 1057 transfe-

2639 2336 2831 2365 ‘Quarum
2867 2328 2869 2339 ¹

2641 3225 2806 3274 &RV-a?-
