2872 3970
193 2094 230 2124 ³8-
257 2090 351 2128 illud
370 2090 511 2128 Psalmi
529 2090 550 2112 *

41 3255 44 3259 ,
127 3246 141 3262 4,
155 3243 167 3262 ς’

36 3265 52 3274 ·
114 3266 155 3294 ⁹2

941 299 1203 345 QUAESTIO
1233 300 1352 345 XXII,
1381 300 1672 338 ARTICULUS
1700 301 1731 337 II

226 377 507 418 'sacerdotium
540 377 677 414 veteris
712 376 802 425 legis
843 383 922 412 erat
955 376 1079 424 figura
1111 377 1310 414 sacerdotii

252 430 401 477 Christi,
422 430 544 467 noluit
564 429 737 467 Christus
765 428 868 466 nasci
888 429 936 465 de
956 429 1069 478 stirpe
1090 429 1310 478 figuralium

251 483 515 529 sacerdotum,
545 490 587 519 ut
622 482 885 519 ostenderetur
922 493 1002 518 non
1030 494 1111 518 esse
1148 483 1309 519 omnino

251 536 355 573 idem
381 534 648 582 sacerdotium,
669 534 736 571 sed
765 534 916 571 differre
936 534 1032 571 sicut
1059 547 1197 571 verum
1225 548 1247 572 a
1266 534 1310 571 fi-

250 588 420 638 gurans

87 626 134 693 ¹‘31‘
150 645 194 695 g*-
201 648 224 671 7
249 642 362 693 ΕΑΒ
388 652 547 678 'rt-:R’rmM
581 651 762 677 memnon
790 639 914 688 quod,
944 639 1040 679 sicut
1068 652 1184 689 supra
1208 640 1228 662 '¹‘
1256 641 1325 677 di-

105 697 122 724 ιζ-

251 701 357 731 ctum
384 700 450 738 est,
471 692 533 730 alii
560 692 739 729 homines
757 691 1011 741 particulatim
1038 693 1180 729 habent
1199 706 1310 742 quas-

251 745 343 783 dam
361 745 516 823 gratias:
547 745 614 782 sed
634 744 819 792 Christus,
839 752 1025 794 tanquam
1053 745 1231 782 omnium
1250 758 1310 783 ca-

359 839 426 853 -2·e,.⁴

309 929 417 950 rrums
434 886 544 950 clarus.
560 937 584 941 -
603 919 639 949 In
662 928 798 958 corpore
821 919 944 949 articuli
967 924 1014 949 est
1035 920 1130 949 unica
1146 920 1312 950 conclusio

243 931 494 1004 -Traeponsiva
509 963 672 1003 quaesito:
692 963 819 993 Christo
835 963 976 993 maxime
1006 964 1154 994 convenit
1173 973 1239 994 esse
1261 973 1312 994 sa-

251 1007 421 1039 cerdotem.
438 1007 602 1037 Probatur.
619 1007 751 1046 Proprie
767 1006 910 1037 officium
922 1007 1094 1038 sacerdotis
1106 1013 1152 1037 est
1167 1017 1234 1037 esse
1245 1017 1312 1038 me-

2341 302 2415 348 257

1362 385 1443 427 put,
1464 378 1578 415 habet
1605 378 1876 427 perfectionem
1905 379 2081 416 omnium
2117 379 2334 427 gratiarum.
2370 381 2421 416 Et

1364 430 1462 477 ideo,
1483 438 1672 480 quantum
1701 431 1749 468 ad
1769 431 1861 468 alios
1889 432 2060 480 pertinet,
2081 432 2175 469 alius
2203 440 2258 469 est
2277 432 2421 480 legisla-

1363 491 1432 528 tor,
1449 491 1485 519 et
1503 483 1598 520 alius
1617 484 1804 530 sacerdos,
1821 491 1857 520 et
1876 484 1971 521 alius
1990 497 2072 522 rex:
2094 485 2161 521 sed
2175 486 2270 522 haec
2288 485 2421 522 omnia

1364 544 1597 572 concurrunt
1616 536 1655 572 in
1675 536 1838 582 Christo,
1858 545 2043 586 tanquam
2062 538 2101 574 in
2122 539 2223 574 fonte
2243 538 2419 575 omniurn
2462 531 2465 535 ’

1363 588 1580 636 gratiarum.
1611 589 1722 626 Unde
1750 589 1887 626 dicitur
1904 589 2020 626 Isaiae
2047 603 2152 627 xxxm
2170 590 2207 627 *z
2238 592 2421 628 Dominus
2447 599 2459 611 ·

1365 642 1477 678 iudex
1495 647 1627 688 noster,
1648 643 1832 679 Dominus
1850 643 1984 692 legifer
2003 649 2134 690 noster,
2151 644 2334 680 Dominus
2353 656 2422 680 rex

1366 700 1506 731 noster:
1533 696 1609 743 ipse
1635 696 1753 732 veniet
1781 700 1813 731 et
1839 696 1993 733 salvabit
2021 708 2097 733 nos.

927 840 1259 874 Commentaria
1281 841 1533 874 Cardinalis
1553 843 1753 876 Caietam

1423 921 1459 951 11.
1484 921 1520 951 In
1535 908 1743 962 resp⁷onsi0ne
1760 922 1799 953 ad
1814 924 1964 963 primum,
1989 923 2163 960 considera,
2179 924 2318 961 Novide,
2335 924 2424 964 quod

1367 970 1434 994 tota
1455 966 1519 995 vita
1543 965 1659 996 Christi
1682 967 1716 996 in
1739 972 1819 997 terra
1842 967 1901 997 fuit
1922 968 2040 998 oblatio
2065 978 2123 1008 pro
2140 969 2281 998 humano
2297 978 2422 1008 genere.

1367 1008 1408 1038 Et
1430 1015 1598 1059 propterea
1622 1010 1725 1050 angeli
1749 1010 1875 1041 Christo
1900 1017 1972 1051 post
1986 1013 2143 1042 ieiunium
2167 1017 2198 1042 et
2215 1013 2424 1043 tentationem

252 1051 407 1083 diatorem
417 1052 500 1082 inter
509 1051 618 1081 Deum
630 1056 661 1081 et
672 1051 833 1091 populum
848 1052 1009 1091 utrinque.
1026 1051 1089 1081 Sed
1100 1052 1163 1082 hoc
1175 1053 1312 1082 maxime
1367 1053 1578 1083 ministrantes
1601 1054 1635 1083 in
1657 1055 1705 1083 his
1736 1063 1818 1094 quae
1842 1055 1881 1085 ad
1903 1055 2111 1086 refectionem
2134 1057 2275 1096 corporis
2303 1061 2425 1096 specta-

253 1096 404 1126 convenit
422 1095 560 1126 Christo.
585 1095 681 1135 Ergo.
697 1113 720 1117 —
742 1095 846 1124 Maior
865 1094 1040 1125 declaratur
1063 1095 1171 1146 quoad
1194 1102 1312 1126 utram-

253 1148 319 1181 que
339 1145 463 1180 partem
487 1138 594 1170 officii.
618 1138 726 1169 Minor
749 1139 901 1169 similiter.
929 1139 971 1169 Et
994 1140 1103 1169 omnia
1123 1139 1205 1169 clara
1227 1145 1311 1170 sunt.

1367 1097 1452 1132 bant,
1476 1098 1611 1127 ministri
1634 1098 1800 1128 sacerdotii
1824 1099 1940 1129 Christi
1964 1099 2121 1130 dicuntur.

1368 1234 1474 1242 W

1018 1310 1336 1352 ARTICULUS
1366 1310 1665 1353 SECUNDUS

663 1406 819 1462 urRuM
842 1406 932 1437 IPSE
955 1405 1168 1438 CHRISTUS
1191 1407 1350 1438 FUEmT
1374 1407 1504 1438 SIMUL
1529 1407 1752 1439 SACERDos
1775 1409 1833 1439 ET
1856 1409 2018 1440 HosriA

245 1509 250 1513 '
286 1524 307 1548 3»
295 1528 351 1567 :¹²
373 1531 424 1560 μέ(
413 1531 440 1572 f
464 1520 487 1546 D
502 1518 691 1545 SECUNDUM
710 1518 762 1544 stc
777 1518 1012 1544 PROCEDlTUR.
1033 1506 1194 1544 Videtur
1208 1507 1314 1556 quod

246 1598 248 1600 ,
271 1606 275 1609 ,
346 1587 369 1609 Α,
391 1555 445 1606 §⁷3-
465 1560 546 1610 ipse
576 1559 749 1597 Christus
783 1571 863 1596 non
889 1559 959 1596 fuit
986 1559 1101 1596 simul
1138 1560 1315 1597 sacerdos

244 1640 249 1644 ,
272 1617 274 1621 “
280 1562 433 1659 'ngrgabf
447 1612 452 1616 ⁴
466 1621 502 1650 et
529 1612 664 1650 hostia
695 1612 909 1650 Sacerdotis
935 1612 1039 1649 enim
1068 1621 1123 1649 est
1150 1613 1316 1650 hostiam

272 1618 360 1703 λζ’
353 1660 406 1699 ²352)
422 1659 453 1701 K
466 1666 651 1703 occidere.
674 1665 751 1703 Sed
771 1665 944 1703 Christus
964 1678 1044 1703 non
1063 1666 1234 1715 seipsum
1253 1678 1315 1703 oc-

247 1719 356 1757 cidit.
385 1718 515 1768 Ergo
507 1731 588 1768 lpse
606 1731 687 1756 non
704 1719 774 1756 fuit
792 1718 907 1756 simul
927 1719 1105 1756 sacerdos
1125 1727 1161 1755 et
1180 1719 1314 1756 hostia.

248 1782 250 1784 ·
311 1783 345 1810 2.
375 1773 613 1819 PRAETEREA,
642 1771 900 1809 sacerdotium
939 1772 1078 1809 Christi
1115 1773 1235 1821 magis
1263 1779 1318 1809 est

248 1825 379 1865 simile
406 1824 618 1863 sacerdotio
654 1825 885 1862 Iudaeorum
897 1854 906 1872 ,
936 1825 1044 1874 quod
1077 1833 1156 1862 erat
1183 1838 1206 1862 a
1233 1826 1317 1862 Deo

256 1878 481 1925 institutum,
502 1890 622 1927 quam
651 1877 862 1916 sacerdotio
890 1877 1100 1926 gentilium,
1122 1891 1201 1927 quo
1230 1878 1318 1914 dae—

182 1924 184 1926 *
239 1943 394 1980 §.mones
412 1930 647 1968 colebantur.
667 1932 711 1968 In
727 1931 847 1968 veteri
866 1939 996 1968 autem
1016 1933 1096 1980 lege
1116 1943 1319 1980 nunquam

257 1985 378 2022 homo
406 1984 447 2021 in
475 1984 703 2022 sacrificium
734 1984 986 2022 offerebatur:
1016 1984 1124 2034 quod
1151 1984 1319 2021 maxime

257 2037 549 2087 reprehenditur
575 2037 615 2074 in
643 2037 835 2076 sacrificiis
862 2037 1078 2086 gentilium,
1104 2037 1320 2074 secundum

559 2104 567 2127 :
596 2090 820 2140 Effuderunt
837 2093 1061 2140 sanguinem
1089 2093 1320 2127 innocentem

246 2144 420 2193 filiorum
447 2156 600 2181 suorum
630 2150 663 2180 et
678 2144 854 2192 filiarum
878 2156 1044 2189 suarum,
1065 2156 1156 2193 quas
1181 2144 1320 2190 sacrifi-

258 2202 436 2235 caverunt
461 2197 684 2245 sculptilibus
715 2198 909 2233 Chanaan.
947 2197 1049 2244 Ergo
1078 2196 1118 2232 in
1146 2195 1320 2233 sacerdo-

257 2249 311 2287 tio
340 2248 480 2286 Christi
508 2261 589 2285 non
617 2249 749 2286 debuit
776 2261 858 2285 esse
886 2248 967 2297 ipse
996 2250 1117 2286 homo
1147 2248 1321 2286 Christus

258 2301 395 2340 hostia.

314 2355 348 2392 3.
378 2355 610 2402 PRAETEREA,
631 2354 758 2391 omnis
777 2354 912 2402 hostia,
933 2367 980 2391 ex
1007 2355 1082 2391 hoc
1102 2354 1209 2403 quod
1236 2355 1321 2391 Deo

260 2408 430 2455 offertur,
450 2408 535 2444 Deo
564 2407 830 2445 sanctificatur.
869 2408 945 2445 Sed
972 2408 1054 2456 ipsa
1084 2407 1223 2444 Christi
1250 2408 1321 2443 hu-

260 2461 423 2499 manitas
450 2473 474 2497 a
499 2460 687 2510 principio
706 2461 775 2497 fuit
803 2460 1034 2498 sanctificata
1056 2468 1091 2496 et
1118 2461 1202 2497 Deo
1231 2472 1322 2497 con-

250 2513 400 2551 iuncta.
430 2514 532 2561 Ergo
559 2525 640 2551 non
661 2514 935 2551 convenienter
961 2521 1086 2563 potest
1113 2513 1187 2550 dici
1216 2513 1323 2562 quod

263 2565 448 2613 Christus,
468 2564 684 2604 secundum
706 2567 814 2616 quod
841 2568 974 2612 homo,
995 2566 1105 2603 suerit
1133 2567 1267 2603 hostia.

252 2646 254 2648 -
315 2619 390 2658 San
418 2631 562 2657 coum
589 2631 655 2657 EST
682 2620 791 2669 quod
817 2621 1026 2669 Apostolus
1054 2619 1161 2665 dicit,
1188 2621 1321 2669 Ephes.

259 2684 284 2711 v
301 2671 339 2710 *ι
372 2673 536 2711 Christus
570 2673 697 2710 dilexit
724 2686 811 2720 nos,
841 2679 875 2710 et
908 2674 1056 2710 tradidit
1090 2675 1322 2722 semetipsum

254 2738 329 2776 pro
345 2727 462 2763 nobis
488 2726 710 2764 oblationem
739 2732 773 2763 et
798 2728 954 2763 hostiam
983 2728 1065 2763 Deo
1104 2727 1141 2763 in
1170 2726 1322 2763 odorem

256 2779 456 2818 suavitatis.

254 2850 258 2869 :
313 2832 538 2870 Responnzo
572 2844 754 2870 mcENDUM
787 2832 913 2881 quod,
941 2831 1038 2868 sicut
1066 2831 1156 2868 dicit
1192 2833 1322 2880 Augu-

260 2884 394 2932 stinus,
413 2885 455 2922 in
481 2886 518 2922 X
536 2885 582 2922 de
612 2886 690 2924 (Σίν.
710 2886 782 2922 Det
803 2891 820 2906 ‘²
838 2884 869 2932 ³¹⁶,
890 2897 1001 2922 omne
1027 2886 1252 2932 sacrificium
1271 2887 1323 2922 vi-

259 2938 364 2976 sibile
397 2938 586 2977 invisibilis
618 2939 795 2986 sacrificii
827 2944 878 2974 est
910 2943 1206 2983 sacramentum,
1236 2938 1324 2974 idest

254 3003 410 3029 ..sacrum
436 2993 599 3041 signum.
629 2991 696 3028 Est
723 2998 853 3027 autem
878 2990 1065 3027 invisibile
1093 2990 1323 3027 sacrificium

262 3055 342 3094 quo
361 3043 377 3074 β
404 3045 526 3081 homo
555 3042 730 3092 spiritum
765 3056 881 3080 suurn
910 3043 1021 3079 offert
1049 3044 1152 3080 Deo:
1189 3055 1323 3080 secun-

201 3106 235 3130 ¹⁹=
256 3096 360 3135 :dum
377 3096 473 3134 illud
491 3096 634 3133 Psalmi
651 3096 688 3133 *ε
719 3098 951 3144 Sacrificium
970 3097 1053 3133 Deo
1071 3097 1218 3145 spiritus
1235 3108 1323 3133 con-

256 3150 465 3187 tribulatus.
509 3150 558 3186 Et
584 3148 672 3186 ideo
701 3161 818 3186 omne
846 3148 938 3185 illud
967 3148 1075 3197 quod
1106 3149 1190 3185 Deo
1219 3148 1323 3185 exhi-

253 3202 375 3240 ‘betur
401 3203 451 3240 ad
484 3203 560 3239 hoc
588 3202 695 3251 quod
730 3201 882 3250 spiritus
915 3201 1084 3238 hominis
1117 3201 1259 3238 feratur
1284 3201 1323 3238 in

259 3255 404 3302 Deum,
424 3263 549 3305 potest
576 3254 651 3292 dici
679 3253 920 3292 sacrificium.

259 3340 262 3345 ,
316 3307 461 3358 indiget
478 3308 590 3357 igitur
609 3309 730 3345 homo
749 3306 934 3344 sacrificio
954 3313 1110 3355 propter
1127 3305 1208 3342 tria.
1236 3306 1323 3343 Uno

186 3404 195 3408 ἡ
255 3361 425 3411 quidem
442 3361 575 3407 modo,
597 3361 646 3398 ad
665 3359 930 3397 remissionem
948 3358 1103 3407 peccati,
1123 3370 1193 3407 per
1218 3358 1325 3406 quod

265 3425 289 3451 a
314 3414 400 3451 Deo
428 3413 619 3452 avertitur.
662 3414 711 3450 Et
742 3412 828 3450 ideo
858 3411 946 3448 dicit
971 3412 1196 3460 Apostolus,
1226 3412 1323 3448 Heb.

319 3551 336 3568 α
366 3544 399 3569 de
420 3543 475 3570 Cir.
497 3544 555 3570 Dei.
572 3558 594 3563 ·-
610 3544 631 3569 E
650 3548 676 3570 et
694 3543 781 3574 teriia;
802 3543 835 3568 de
858 3542 930 3567 Trin.

319 3542 347 3612 βζ
364 3586 424 3611 quo.
441 3593 461 3598 —
478 3579 498 3603 F
518 3584 544 3604 et
561 3580 647 3610 tertia;
668 3579 694 3604 in
713 3586 765 3611 quo
784 3579 814 3609 A,
834 3585 871 3603 ex
889 3585 939 3610 quo
958 3577 1042 3603 ceteri.

406 3633 517 3658 Suum
534 3633 636 3659 Tuam„
654 3634 686 3659 D.
699 3633 814 3657 Tnomm
833 3632 865 3658 Τ.
880 3632 943 3658 VIII.

1368 1521 1392 1545 v
1410 1508 1442 1555 ³¹⁸,
1463 1509 1570 1558 quod
1589 1509 1638 1546 ad
1666 1510 1903 1547 sacerdotem
1930 1510 2090 1559 pertinet
2110 1517 2147 1547 ut
2174 1511 2308 1560 offerat
2330 1512 2428 1549 dona

1370 1567 1403 1598 et
1419 1563 1605 1610 sacrificia
1626 1575 1700 1611 pro
1714 1565 1886 1612 peccatis.
1906 1585 1931 1590 —
1961 1564 2152 1610 Secundo,
2173 1572 2215 1600 ut
2242 1565 2362 1602 homo
2389 1565 2429 1602 in

1370 1622 1468 1651 statu
1495 1615 1634 1662 gratiae
1662 1623 1920 1662 conservetur,
1941 1628 2093 1665 semper
2111 1617 2194 1654 Deo
2214 1616 2428 1664 inhaerens,

1371 1667 1410 1703 in
1438 1680 1517 1716 quo
1546 1668 1627 1704 eius
1660 1680 1735 1717 pax
1763 1677 1799 1705 et
1827 1670 1928 1705 salus
1965 1669 2144 1706 consistit.
2187 1670 2297 1707 Unde
2326 1678 2362 1707 et
2389 1671 2429 1708 in

1371 1720 1489 1757 veteri
1517 1722 1597 1769 lege
1617 1721 1890 1758 immolabatur
1915 1722 2039 1759 hostia
2057 1722 2217 1771 pacifica
2237 1735 2308 1772 pro
2337 1724 2429 1760 offe—

1372 1773 1539 1810 rentium
1568 1775 1699 1820 salute,
1721 1782 1763 1810 ut
1789 1775 1953 1811 habetur
1971 1777 2084 1812 Levit.
2106 1788 2148 1812 111.
2169 1798 2194 1802 —
2218 1775 2361 1823 Tertio,
2382 1777 2431 1813 ad

1373 1827 1449 1863 hoc
1483 1826 1590 1875 quod
1625 1827 1776 1875 spiritus
1813 1827 1982 1864 hominis
2015 1829 2178 1876 perfecte
2205 1829 2289 1866 Deo
2324 1829 2431 1866 unia-

1373 1886 1451 1915 tur:
1489 1879 1597 1928 quod
1631 1879 1798 1916 maxime
1834 1880 1902 1917 erit
1935 1880 1974 1917 in
2007 1881 2134 1928 gloria.
2177 1882 2288 1918 Unde
2324 1889 2360 1918 et
2393 1882 2432 1918 in

1373 1931 1493 1969 veteri
1520 1933 1600 1980 lege
1629 1933 1861 1969 offerebatur
1882 1934 2161 1981 holocaustum,
2183 1934 2290 1983 quasi
2319 1940 2432 1972 totum

1375 1987 1577 2031 incensum,
1598 1993 1640 2021 ut
1668 1985 1804 2023 dicitur
1830 1988 1943 2024 Levit.
1965 1999 1986 2023 1.

1428 2039 1535 2075 Haec
1571 2046 1701 2075 autem
1734 2051 1804 2087 per
1835 2040 2114 2077 humanitatem
2150 2039 2289 2077 Christi
2322 2040 2433 2078 nobis

1374 2099 1637 2140 provenerunt
1655 2097 1681 2127 Υ.
1712 2093 1816 2128 Nam
1843 2092 1970 2140 primo
1994 2093 2169 2141 quidem,
2192 2101 2321 2130 nostra
2347 2106 2434 2142 pec-

1376 2151 1458 2180 cata
1477 2144 1599 2180 deleta
1619 2151 1723 2181 sunt:
1754 2145 1969 2181 secundum
1988 2145 2081 2182 illud
2099 2148 2208 2182 Rom.
2230 2158 2264 2182 1v
2282 2146 2318 2182 *ε
2344 2149 2380 2183 T
2377 2160 2434 2183 ra-

1375 2197 1468 2233 ditus
1487 2202 1538 2232 est
1558 2203 1715 2246 propter
1733 2197 1862 2234 delicta
1891 2204 2026 2234 nostra.
2064 2199 2255 2245 Secundo,
2275 2199 2434 2246 gratiam

1375 2261 1447 2286 nos
1476 2250 1685 2286 salvantem
1704 2261 1774 2298 per
1800 2249 1929 2298 ipsum
1954 2250 2189 2299 accepimus:
2220 2251 2434 2289 secundum

1376 2302 1469 2338 illud
1495 2303 1594 2339 Heb.
1614 2315 1638 2339 v
1656 2302 1692 2338 *ε
1722 2304 1857 2339 Factus
1885 2309 1935 2339 est
1962 2306 2131 2340 omnibus
2157 2306 2433 2353 obtemperanti-

1376 2357 1443 2392 bus
1460 2356 1530 2392 sibi
1555 2367 1667 2392 causa
1693 2356 1818 2392 salutis
1836 2362 2017 2392 aeternae.
2047 2356 2190 2403 Tertio,
2210 2368 2280 2404 per
2305 2357 2434 2406 ipsum

1376 2408 1649 2457 perfectionem
1683 2408 1822 2456 gloriae
1858 2408 1984 2457 adepti
2020 2421 2174 2445 sumus:
2218 2410 2433 2446 secundum

1377 2461 1470 2498 illud
1489 2463 1586 2498 Heb.
1607 2474 1631 2497 x
1649 2460 1687 2497 *ε
1714 2463 1909 2498 Habemus
1916 2462 2101 2510 fiduciam
2122 2474 2194 2511 per
2211 2464 2432 2511 sanguinem

1377 2516 1454 2551 eius
1488 2516 1524 2550 in
1563 2515 1750 2550 introitum
1783 2520 2014 2559 sanctorum,
2044 2514 2182 2551 scilicet
2208 2514 2247 2550 in
2273 2514 2432 2562 gloriam

1377 2569 1589 2604 caelestem.
1639 2568 1687 2603 Et
1723 2566 1810 2603 ideo
1848 2567 1927 2616 ipse
1973 2566 2164 2614 Christus,
2203 2567 2433 2615 inquantum

1378 2621 1511 2665 homo,
1532 2632 1612 2656 non
1631 2621 1758 2656 solum
1784 2620 1854 2656 fuit
1872 2620 2059 2665 sacerdos,
2080 2621 2147 2657 sed
2175 2619 2288 2656 etiam
2309 2620 2432 2657 hostia

1377 2673 1551 2722 perfecta,
1572 2672 1686 2709 simul
1705 2672 1866 2709 existens
1885 2672 2009 2710 hostia
2027 2685 2097 2722 pro
2120 2680 2288 2722 peccato,
2309 2680 2344 2709 et
2362 2673 2432 2710 ho-

1378 2726 1446 2763 stia
1473 2725 1736 2775 pacificorum,
1758 2733 1793 2762 et
1820 2727 2099 2762 holocaustum.

1430 2780 1487 2815 An
1516 2791 1650 2816 PRtMUM
1679 2791 1776 2815 ERGO
1804 2791 1983 2816 DtCENDoM
2018 2778 2124 2828 quod
2153 2778 2324 2819 Christus
2352 2790 2432 2815 non

1377 2844 1417 2869 se
1446 2831 1602 2877 occidit,
1633 2832 1699 2868 sed
1727 2831 1896 2879 seipsum
1928 2831 2140 2867 voluntarie
2175 2830 2288 2867 morti
2316 2843 2430 2879 expo-

1378 2884 1468 2921 suit:
1494 2884 1708 2920 secundum
1727 2883 1819 2920 illud
1838 2883 1953 2920 Isaiae
1973 2895 2029 2920 Lm
2047 2883 2086 2920 *ε
2112 2884 2260 2920 Oblatus
2278 2889 2328 2920 est
2347 2885 2432 2933 quia

1377 2939 1453 2987 ipse
1479 2937 1601 2975 voluit.
1631 2937 1679 2972 Et
1705 2936 1792 2972 ideo
1821 2935 1956 2972 dicitur
1986 2936 2154 2984 seipsum
2183 2936 2373 2973 obtulisse.

1430 2991 1487 3026 An
1515 3001 1703 3026 SECUNDUM
1735 3000 1914 3025 DicENDUM
1949 2989 2055 3037 quod
2093 2988 2230 3025 Christi
2265 2989 2432 3026 hominis

1377 3042 1516 3079 occisio
1544 3048 1668 3090 potest
1702 3041 1751 3077 ad
1778 3040 1971 3089 duplicem
2005 3042 2242 3078 voluntatem
2276 3053 2431 3091 compa-

1377 3094 1462 3131 rari.
1492 3095 1579 3131 Uno
1599 3093 1730 3138 mod0,
1752 3093 1801 3129 ad
1827 3095 2065 3130 voluntatem
2087 3094 2353 3131 occidentium.
2384 3095 2432 3131 Et

1378 3147 1430 3184 sic
1457 3158 1537 3183 non
1564 3146 1697 3182 habuit
1724 3146 1910 3183 rationem
1938 3146 2102 3183 hostiae:
2139 3158 2218 3184 non
2246 3147 2350 3184 enim
2377 3147 2432 3184 di-

1378 3206 1517 3236 cuntur
1543 3198 1730 3236 occisores
1759 3198 1898 3235 Christi
1925 3199 2090 3236 hostiam
2117 3200 2201 3236 Deo
2229 3199 2430 3246 obtulisse,

1379 3251 1446 3288 sed
1472 3251 1634 3299 graviter
1653 3251 1875 3300 deliquisse.
1913 3253 1962 3288 Et
1988 3252 2103 3289 huius
2130 3252 2273 3302 peccati
2304 3251 2432 3289 simili-

1377 3304 1552 3341 tudinem
1571 3304 1750 3352 gerebant
1777 3303 1895 3353 impia
1913 3304 2108 3352 gentilium
2137 3305 2330 3350 sacrificia,
2351 3304 2431 3354 qui-

1378 3357 1452 3394 bus
1489 3356 1667 3393 homines
1694 3356 1804 3394 idolis
1840 3357 2101 3395 immolabant.
2129 3380 2155 3384 -
2191 3357 2276 3395 Alio
2311 3357 2432 3394 modo

1379 3417 1503 3459 potest
1521 3409 1751 3446 considerari
1770 3410 1909 3447 occisio
1939 3410 2076 3447 Christi
2095 3422 2164 3460 per
2181 3410 2433 3460 comparatio-

1431 3542 1459 3576 γ)
1474 3544 1665 3574 provenerunt.
1682 3556 1702 3560 —
1719 3541 1761 3566 EF
1782 3546 1807 3566 et
1826 3542 1897 3566 tertia
1904 3549 1911 3572 ;
1930 3549 1981 3566 om.

2259 3630 2290 3655 33

2472 599 2538 621 Vera.
2552 605 2591 621 22.

2456 1519 2467 1529 ⁸
2480 1517 2546 1539 Vers.
2563 1524 2583 1539 ι.

2464 2151 2472 2161 '
2487 2149 2553 2172 Vere.
2567 2155 2601 2179 ²5-

2462 2311 2472 2322 ·
2489 2310 2553 2332 νει-ε.
2572 2317 2595 2338 9.

2462 2472 2472 2483 ⁸
2485 2471 2552 2494 Vers-
2569 2477 2604 2500 ις.

2461 2892 2469 2902 ·
2482 2889 2549 2912 νοτε.
2563 2896 2586 2918 7.
