2872 3970
238 2453 247 2463 ⁸
258 2452 360 2479 Exposit.
371 2452 409 2474 lib.
418 2452 447 2478 11,

239 2479 266 2500 ad
282 2485 330 2507 cap.
347 2485 371 2506 ιι,
388 2485 446 2500 vch.

245 3026 253 3034 “
268 3025 302 3046 Cf.
317 3026 412 3047 Ariston.
424 3026 453 3047 de

246 3051 301 3072 (iera.
309 3054 331 3072 et
337 3052 452 3080 corrupt„

245 3078 386 3126 lib.1.cap.v,
393 3085 413 3100 n,
420 3080 452 3100 8.-

351 3109 392 3126 ect.
407 3111 452 3126 xiv.

245 3104 268 3124 s.
284 3103 327 3125 Th.

247 3240 374 3263 Ἀ1.Ηοιιι.
382 3241 455 3264 XXVI

249 3268 272 3287 in
287 3266 376 3295 Evang.

464 273 539 321 304

463 353 626 394 getalibus,
652 358 683 384 et
705 353 738 383 in
762 352 959 382 animalibus.
983 350 1132 381 Auctoris
1153 355 1260 380 autem
1283 347 1450 388 proposito
1474 351 1521 376 sat

463 403 509 428 est
533 396 622 437 quod
644 406 711 427 non
734 396 830 426 habet
851 396 961 426 locum
985 396 1018 424 in
1040 394 1182 434 potentia
1205 391 1320 422 divina.

518 441 650 480 Absque
671 440 772 471 multa
800 445 907 470 tamen
935 438 1138 478 digressione,
1165 445 1224 476 pro
1247 435 1368 465 litterae
1396 433 1521 473 exposi-

463 486 562 520 tione,
586 484 722 520 adverte‚
747 484 803 524 qui
825 482 1068 523 philosopharis,
1093 479 1182 520 quod
1204 479 1256 509 illa
1279 477 1458 518 propositio
1482 476 1521 507 de

464 538 527 568 qua
551 533 597 558 est
622 533 708 558 tanta
731 528 892 568 quaestio,
921 526 1054 561 scilicet,
1083 524 1185 554 Unius
1209 527 1347 553 naturae
1369 530 1453 552 unus
1476 525 1524 550 est

464 572 578 603 modus
592 571 823 613 generationis,
846 571 999 611 probatur
1013 570 1047 599 in
1062 569 1163 599 littera
1178 567 1237 597 hac
1253 565 1438 605 dupliciter:
1463 564 1523 594 sci-

464 616 547 652 licet,
572 625 610 646 ex
633 621 720 656 parte
744 615 887 651 termini,
919 614 994 653 quia
1021 612 1182 652 generatio
1206 610 1317 650 recipit
1340 609 1482 649 speciem
1505 617 1523 638 a

465 660 601 690 termino
634 660 685 699 (et
715 660 792 690 haec
815 658 962 698 probatio
994 657 1162 687 assumitur
1192 652 1392 693 arguendo);
1423 657 1454 682 et
1485 661 1523 682 ex

464 709 552 744 parte
576 703 705 743 agentis,
731 703 806 743 quia
828 707 949 737 natura,
974 702 1054 731 sicut
1078 705 1124 730 est
1143 698 1349 729 determinata
1365 695 1404 726 ad
1420 705 1522 726 unum

466 747 625 783 effectum,
649 747 691 777 ita
707 752 754 777 est
769 745 974 776 determinata
997 743 1036 774 ad
1052 752 1154 774 unum
1169 741 1305 772 modum
1323 738 1524 781 producendi

466 790 615 821 effectum
638 790 738 820 illum.
763 789 804 820 Et
826 789 972 829 probatio
997 787 1128 828 quidem
1151 796 1188 816 ex
1211 791 1299 825 parte
1324 784 1461 819 termini,
1485 792 1524 813 ex

465 836 585 865 unitate
601 834 726 864 termini
749 834 904 864 unitatem
918 831 1130 872 generationis
1146 829 1294 864 inferens,
1318 829 1391 858 satis
1413 827 1524 858 debilis

465 878 598 909 videtur.
627 878 791 916 Quoniam
813 875 958 906 videmus
981 876 1088 915 ignem
1106 873 1248 914 generari
1276 872 1405 903 diversis
1427 880 1524 912 gene-

465 922 655 952 rationibus:
688 921 806 951 scilicet
828 920 867 950 ab
891 920 981 960 igne,
1014 925 1045 949 et
1067 927 1134 948 non
1158 917 1196 947 ab
1220 917 1294 957 igne
1325 915 1381 947 sed
1404 925 1422 946 a
1444 915 1523 946 sole.

466 966 506 996 Et
528 974 635 995 mures
658 964 802 994 videmus
825 964 950 1003 genitos
973 972 1030 1002 per
1045 971 1165 997 semen,
1190 966 1221 991 et
1243 961 1311 990 sine
1327 960 1460 990 semine.
1484 958 1526 989 Et

466 1009 555 1049 quod
578 1009 655 1039 haec
680 1008 788 1038 omnia
810 1008 872 1037 sint
888 1006 1032 1037 eiusdem
1047 1005 1175 1046 speciei,
1200 1014 1238 1035 ex
1254 1005 1317 1035 hoc
1333 1009 1420 1044 patet
1435 1002 1526 1044 quod

465 1054 558 1088 haec,
582 1058 646 1082 tam
670 1052 775 1092 genita
799 1060 896 1091 quam
919 1051 1007 1081 aliter
1029 1049 1203 1090 producta,
1227 1053 1380 1089 generant
1402 1048 1462 1078 sibi
1485 1047 1526 1077 si-

465 1097 551 1126 milia
573 1096 608 1126 in
631 1096 752 1136 specie:
779 1094 921 1125 eiusdem
945 1103 1020 1134 ergo
1044 1093 1162 1134 speciei
1186 1098 1232 1123 est
1255 1092 1432 1132 productus
1452 1100 1526 1122 mus

465 1150 522 1181 per
543 1140 819 1180 propagationem,
844 1148 919 1169 cum
937 1147 1027 1168 mure
1051 1143 1139 1178 patre
1154 1146 1214 1167 suo
1239 1137 1295 1177 qui
1318 1136 1387 1167 sine
1409 1145 1526 1176 propa-

465 1185 592 1225 gatione
616 1183 791 1224 productus
815 1188 871 1213 est.
906 1183 978 1213 Una
1005 1191 1080 1222 ergo
1106 1186 1219 1212 natura
1248 1180 1394 1222 pluribus
1420 1184 1528 1221 potest

465 1228 722 1269 generationibus
745 1227 876 1266 acquiri.
900 1226 935 1256 In
958 1226 1100 1256 motibus
1123 1234 1256 1266 quoque
1276 1224 1363 1256 idem
1386 1229 1525 1265 apparet.

466 1273 548 1303 Nam
571 1272 656 1303 idem
679 1271 856 1302 secundum
880 1271 1020 1310 speciem
1044 1269 1113 1305 ubi,
1145 1270 1179 1300 in
1206 1268 1460 1300 circumferentia
1486 1268 1527 1298 si-

466 1322 607 1357 gnatum,
624 1321 730 1356 potest
746 1315 874 1346 diversis
890 1314 1068 1345 secundum
1080 1314 1221 1354 speciem
1236 1313 1379 1344 motibus
1390 1312 1527 1353 acquiri:

466 1366 543 1400 puta
567 1370 623 1401 per
639 1365 765 1390 motum
788 1368 883 1398 super
899 1358 1061 1394 chordam,
1086 1363 1117 1388 et
1139 1367 1197 1398 per
1215 1363 1343 1388 motum
1365 1366 1462 1398 super
1481 1366 1528 1387 ar-

467 1414 541 1435 cum
565 1404 763 1435 semicirculi.
798 1403 839 1433 Et
873 1403 1015 1433 similiter
1044 1403 1078 1432 in
1103 1401 1298 1432 naturalibus
1324 1400 1410 1432 idem
1437 1401 1528 1431 locus

466 1454 572 1489 potest
595 1449 714 1488 acquiri
733 1457 789 1488 per
804 1447 958 1482 volatum,
983 1451 1013 1477 et
1036 1455 1094 1487 per
1112 1446 1372 1476 ambulationem.
1396 1445 1530 1486 Propter

467 1502 549 1532 quae
572 1492 653 1522 forte
676 1492 816 1527 Auctor,
847 1501 915 1522 non
938 1495 1069 1531 propter
1092 1490 1178 1520 illam
1202 1490 1444 1531 probationem,
1473 1488 1529 1520 sed

466 1541 597 1577 propter
619 1536 843 1576 probationem
863 1534 1046 1571 secundam,
1071 1543 1169 1575 quarn
1185 1533 1411 1575 respondendo
1428 1542 1530 1574 appo-

467 1581 538 1616 suit,
555 1580 729 1620 acceptavit
744 1580 831 1610 illam
847 1580 1014 1615 rationem,
1032 1578 1150 1614 dicem,
1168 1588 1244 1609 cum
1259 1577 1438 1609 redditione
1455 1587 1530 1608 cau-

468 1634 530 1660 sae,
554 1634 591 1654 eo
615 1624 702 1665 quod
725 1629 854 1659 natura,
873 1629 932 1654 etc.

522 1668 667 1699 Secunda
693 1668 789 1708 igitur
815 1668 962 1708 probatio
990 1668 1024 1698 in
1047 1676 1082 1698 se
1108 1667 1240 1708 quidem
1263 1676 1336 1697 vera
1360 1672 1423 1696 est:
1455 1675 1530 1697 nam

468 1712 634 1752 quodlibet
656 1712 798 1743 naturale
823 1721 935 1752 agens,
965 1712 1047 1742 sicut
1074 1711 1113 1742 ad
1137 1720 1239 1742 unum
1266 1711 1458 1747 terminum,
1488 1711 1532 1741 ita

469 1756 556 1796 quod
579 1766 647 1787 non
671 1755 710 1787 ad
734 1757 900 1797 oppositos
923 1765 984 1786 nec
1003 1755 1188 1796 disparatos,
1213 1760 1260 1785 est
1283 1754 1531 1785 determinatum

469 1810 506 1830 ex
529 1801 649 1831 unitate
673 1810 748 1831 suae
771 1806 918 1837 naturae,
942 1801 985 1830 ita
1009 1800 1103 1830 etiam
1127 1799 1167 1830 ad
1190 1808 1294 1830 unum
1317 1798 1453 1829 modum
1477 1797 1531 1829 de-

468 1845 662 1875 terminatur.
686 1844 722 1875 In
747 1845 838 1875 cuius
861 1845 1004 1884 signum,
1029 1853 1139 1874 semen
1162 1844 1288 1884 plantae
1312 1852 1380 1873 non
1402 1849 1532 1884 generat

468 1889 608 1929 plantam
632 1890 656 1919 si
680 1889 850 1925 inseratur,
875 1894 906 1919 et
929 1888 1043 1919 oculus
1062 1888 1188 1928 plantae
1211 1897 1279 1918 non
1297 1893 1427 1927 generat
1442 1887 1532 1927 plan-

1238 2058 1558 2109 ARTICULUS
1588 2057 1888 2100 SECUNDUS

1009 2161 1164 2193 UTRUM
1190 2161 1343 2191 MATER
1367 2160 1541 2191 cums‘ri
1565 2159 1725 2191 FUERIT
1747 2159 1884 2191 vinco
1908 2159 1952 2190 lN
1974 2159 2120 2191 PARTU

917 2250 951 2274 1V
971 2249 1055 2278 Sem„
1075 2249 1134 2274 dist.
1152 2256 1209 2279 xxx,
1228 2255 1273 2281 qu.
1291 2255 1320 2279 11,
1339 2254 1386 2274 art.
1406 2247 1420 2274 3
1427 2255 1435 2279 ;
1457 2247 1603 2280 compend.
1625 2247 1722 2276 Tlieol„
1743 2255 1799 2280 cap.
1818 2254 1913 2278 ccxxv3
1934 2247 1964 2272 In
1983 2247 2090 2278 Mami„
2109 2254 2166 2280 cap.
2184 2254 2202 2273 1.

592 2374 595 2381 ,
682 2350 704 2375 n
722 2349 909 2375 SECUNDUM
925 2350 976 2374 Sic
991 2349 1227 2375 PROCEDITUR.
1247 2336 1409 2374 Videtur
1427 2336 1534 2386 quod

525 2384 549 2447 j
603 2376 656 2453 {50
683 2398 805 2427 mater
825 2390 963 2428 Christi
991 2403 1071 2428 non
1089 2389 1202 2428 fuerit
1220 2389 1328 2438 virgo
1350 2389 1388 2427 in
1409 2397 1532 2440 partu.

576 2456 612 2495 (a
633 2443 783 2482 f‘Dicit
820 2443 923 2480 enim
961 2443 1209 2490 Ambrosius,
1237 2455 1349 2493 super
1385 2444 1475 2480 Luc.
1495 2442 1532 2480 *z

529 2509 541 2525 κ*
565 2489 628 2526 ''²³7)
643 2485 675 2529 N
691 2498 765 2539 Qui
789 2497 939 2534 vulvam
957 2498 1198 2545 sanctificavit
1225 2496 1388 2533 alienam
1415 2501 1452 2532 ut
1471 2508 1534 2533 na-

473 2555 635 2586 sceretur
658 2551 852 2599 propheta,
880 2551 940 2586 hic
967 2555 1017 2586 est
1044 2551 1107 2600 qui
1132 2551 1277 2600 aperuit
1295 2550 1424 2586 matris
1446 2561 1536 2586 suae

475 2602 622 2639 vulvam
643 2608 679 2638 ut
698 2603 954 2639 immaculatus
972 2604 1099 2640 exiret.
1129 2602 1206 2640 Sed
1227 2601 1373 2652 apertio
1395 2603 1535 2639 vulvae

475 2654 727 2703 virginitatem
765 2655 939 2692 excludit.
981 2656 1082 2704 Ergo
1119 2663 1242 2693 mater
1279 2654 1418 2693 Christi
1455 2667 1535 2693 non

476 2707 543 2744 fuit
571 2707 677 2755 virgo
706 2707 744 2744 in
772 2716 895 2757 partu.

531 2772 564 2796 2.
595 2761 833 2807 PRAETEREA,
863 2761 956 2798 nihil
990 2761 1029 2798 in
1057 2762 1238 2811 mysterio
1278 2760 1417 2798 Christi
1453 2773 1535 2798 esse

478 2812 607 2849 debuit
641 2825 710 2862 per
737 2814 843 2862 quod
872 2826 1011 2864 corpus
1040 2814 1121 2851 eius
1158 2813 1442 2864 phantasticum
1470 2826 1535 2864 ap-

477 2873 635 2914 pareret.
666 2866 741 2903 Sed
770 2867 846 2903 hoc
874 2879 953 2903 non
978 2867 1132 2904 ‘videtur
1158 2879 1252 2904 vero
1281 2866 1445 2917 corpori,
1468 2867 1535 2904 sed

478 2918 712 2967 phantastico
741 2919 956 2966 convenire,
977 2928 1019 2956 ut
1038 2920 1156 2969 possit
1183 2933 1253 2970 per
1271 2921 1399 2957 clausa
1417 2927 1536 2957 trans-

479 2970 551 3007 ire:
582 2984 627 3008 eo
657 2972 763 3020 quod
791 2972 870 3009 duo
899 2985 1061 3022 corpora
1089 2973 1203 3010 simul
1231 2985 1312 3010 esse
1341 2985 1421 3010 non
1448 2985 1536 3022 pos-

480 3031 566 3060 sunt
584 3023 614 3060 *.
651 3025 742 3061 Non
762 3024 872 3072 igitur
900 3025 1031 3062 debuit
1050 3038 1095 3063 ex
1115 3026 1245 3064 matris
1272 3034 1382 3063 utero
1406 3027 1536 3064 clauso

481 3087 620 3125 corpus
649 3076 785 3113 Christi
813 3077 978 3126 prodire.
1015 3079 1063 3116 Et
1091 3079 1140 3116 ita
1168 3091 1248 3116 non
1276 3078 1403 3116 decuit
1430 3079 1537 3128 quod

481 3137 576 3165 esset
603 3129 711 3177 virgo
740 3129 779 3165 in
806 3138 929 3178 partu.

537 3180 570 3217 3.
600 3182 829 3227 PRAETEREA,
850 3182 944 3219 sicut
964 3183 1170 3231 Gregorius
1189 3184 1289 3230 dicit,
1310 3184 1348 3221 in
1369 3184 1538 3222 Homilia

487 3232 708 3270 Octavarum
723 3235 888 3271 Paschae
905 3234 935 3281 ³¹²,
965 3247 1033 3284 per
1061 3237 1135 3273 hoc
1154 3238 1273 3286 quod,
1293 3237 1418 3275 ianuis
1437 3239 1538 3275 clau-

483 3284 551 3332 sis,
585 3286 633 3322 ad
671 3285 876 3334 discipulos
913 3295 998 3335 post
1035 3289 1351 3327 resurrectionem
1389 3290 1537 3328 intravit

484 3337 686 3385 Dominus,
711 3339 862 3375 ostendit
889 3350 1022 3388 corpus
1049 3352 1155 3377 suum
1183 3354 1259 3378 esse
1286 3344 1446 3380 eiusdem
1475 3356 1538 3381 na-

484 3395 589 3426 turae
612 3396 644 3426 et
666 3391 814 3427 alterius
837 3391 1001 3440 gloriae:
1024 3399 1059 3428 et
1079 3392 1131 3429 sic
1150 3405 1218 3442 per
1237 3395 1363 3432 clausa
1382 3395 1539 3433 transire

487 3441 635 3478 videtur
663 3443 710 3479 ad
738 3442 896 3491 gloriam
925 3443 1095 3492 corporis
1123 3445 1321 3494 pertinere.
1353 3448 1429 3485 Sed
1457 3461 1539 3486 cor-

541 3574 567 3602 a)
587 3574 664 3604 quod.
683 3588 701 3592 —
720 3574 782 3606 quia
802 3576 831 3606 A,
850 3575 895 3607 qui
914 3574 934 3599 F
953 3580 978 3599 et
997 3575 1079 3600 tet-tin.

1113 268 1375 317 QUAESTIO
1404 267 1576 314 XXVIII,
1613 266 1905 305 ARTICULUS
1942 266 1972 303 11

1573 1102 1636 1134 per
1651 1093 1800 1123 virtutem
1821 1091 2014 1127 naturalem,
2037 1091 2148 1122 divina
2172 1096 2277 1124 tamen
2301 1092 2414 1129 virtus,
2433 1097 2493 1124 etc.
2517 1092 2560 1124 Et
2576 1090 2645 1124 *hoe

1574 351 1639 376 tam
1662 345 1687 376 si
1711 346 1900 376 seminatur:
1923 350 2075 376 neutrum
2099 345 2185 375 enim
2207 344 2354 375 videmus
2376 345 2548 381 exercitari.
2571 343 2636 377 Sed

1575 395 1732 429 quantum
1754 389 1834 420 haec
1856 389 2015 429 probatio,
2039 389 2073 419 in
2095 398 2129 419 se
2151 398 2235 425 vera,
2259 388 2300 419 sit
2317 387 2427 420 efficax
2442 387 2484 419 ad
2497 389 2636 430 proban-

1575 432 1652 463 dum
1675 432 1763 465 illam
1786 433 2039 468 conclusionem,
2063 441 2132 462 non
2147 438 2288 472 apparet,
2311 431 2373 463 nisi
2394 432 2650 475 praesuppositis

1575 477 1696 507 unitate
1718 476 1869 507 naturalis
1892 476 2012 516 agentis
2035 475 2075 506 ad
2098 484 2201 506 unum
2225 475 2386 507 effectum.
2417 475 2459 506 Et
2481 476 2638 517 quoniam
2755 510 2758 511 γ

1574 521 1608 551 in
1631 521 1819 551 animalibus
1842 519 2000 560 perfectis,
2017 519 2112 560 quale
2135 525 2183 550 est
2205 520 2318 556 homo,
2342 520 2406 556 leo,
2430 520 2500 556 bos,
2523 525 2555 552 et
2575 519 2638 552 lm·
2687 526 2696 530 “

1575 563 1732 600 iusmodi‚
1759 564 1953 604 supponitur
1977 564 2082 594 unitas
2108 564 2229 604 agentis
2254 563 2422 600 naturalis,
2451 563 2527 595 ideo
2557 564 2637 596 ratio

1575 617 1635 648 pro
1659 607 1779 638 efficaci
1803 607 1987 638 admittitur.
2620 640 2625 646 y,
2646 628 2649 631 ‚

1631 651 1664 683 Si
1683 653 1755 692 quis
1778 657 1886 682 autem
1902 657 2041 692 negaret,
2058 660 2134 682 cum
2150 651 2315 682 Avicenna
2329 653 2358 688 ἡ
2381 651 2647 695 suppositionem,
2665 651 2678 665 ⁸
2726 688 2728 691 v
2743 685 2747 692 ,

1575 695 1672 732 illam,
1696 696 1730 726 in
1754 705 1906 735 campum
1921 704 2075 736 magnum
2091 694 2273 736 disputandi
2292 701 2422 737 oportet
2435 694 2650 737 ingrediatur,
2673 716 2676 721 ‚
2743 693 2759 727 ³1

1576 739 1628 770 Ad
1654 749 1752 780 quern
1780 749 1868 770 nunc
1895 738 2077 779 egrediendi
2108 748 2176 770 non
2204 745 2251 770 est
2273 745 2418 781 tempus,
2442 739 2572 781 quando
2600 739 2651 773 de*
2731 758 2743 767 r

1575 784 1774 814 beatissimae
1790 783 1899 814 Matris
1915 783 1976 814 Dei
1992 783 2170 824 virginitate
2184 788 2346 815 tractatur.
2363 783 2418 816 Sat
2433 783 2529 815 fuerit
2543 792 2644 816 nosoe

1576 827 1726 858 Auctoris
1747 828 1963 858 intentionem
1985 832 2018 858 et
2040 827 2163 858 litterae
2186 827 2429 860 discussionem.
2607 843 2611 847 Δ

1633 872 1685 902 IV.
1710 871 1746 902 In
1768 871 1978 912 responsione
2002 870 2042 902 ad
2059 871 2228 912 quintum,
2252 871 2380 903 adverte
2407 871 2498 914 quod
2519 881 2642 914 propo-

1576 917 1650 947 sitio
1673 916 1741 951 illa,
1769 915 1924 952 Quamvis
1946 915 2050 946 virtus
2073 915 2235 947 naturalis
2265 925 2331 947 non
2353 916 2459 957 possit
2480 921 2642 950 transm
2713 936 2727 956 f,

1578 966 1649 991 tare
1671 960 1714 990 ad
1736 964 1857 990 certam
1875 959 2026 1001 formam
2051 958 2114 990 nisi
2135 959 2380 991 determinatam
2406 960 2592 998 mater-iam,
2615 960 2655 1000 εξ

1578 1003 1804 1039 universaliter,
1822 1009 1858 1034 ut
1872 1003 1963 1040 iacet,
1979 1002 2188 1044 intelligatur:
2213 1003 2263 1034 vel
2279 1003 2473 1035 adversative
2490 1002 2650 1046 permis&
2703 1005 2734 1024 ’Τ

1578 1048 1772 1088 intelligitur,
1797 1047 1888 1088 quasi
1911 1046 2039 1084 diceret,
2066 1047 2231 1089 Quidquid
2247 1047 2290 1079 sit
2310 1046 2351 1080 de
2375 1046 2657 1080 transmutatione

1579 1136 1695 1167 sufficit
1716 1136 1848 1167 litterae.
1871 1154 1895 1158 -
1916 1135 1977 1166 Vel
1999 1134 2185 1167 affirmative
2207 1135 2247 1167 de
2268 1137 2364 1168 unica
2381 1137 2654 1176 transmutatione,

1580 1181 1724 1212 sumitur.
1750 1180 1886 1211 Nullum
1913 1180 2000 1211 enim
2025 1189 2122 1220 agens
2143 1180 2304 1217 naturale,
2331 1181 2427 1212 etiam
2449 1180 2651 1222 universalem

1580 1231 1616 1256 ut
1639 1224 1773 1260 caelum,
1797 1229 1904 1264 potest
1926 1224 2022 1255 unica
2036 1225 2300 1256 transmutatione
2316 1224 2356 1256 ad
2372 1230 2490 1256 certam
2507 1222 2648 1266 ἴοι-ιιιιὲιιῤὲ

1579 1273 1789 1300 transmutare
1811 1269 1872 1299 nisi
1896 1266 2137 1300 determinatam
2160 1269 2342 1300 materiam:
2375 1269 2531 1310 quoniam
2552 1269 2653 1303 'aetus‘
2720 1284 2750 1292 =-

1581 1314 1759 1344 activorum
1789 1311 1858 1343 fieri
1885 1317 2014 1353 oportet
2040 1313 2074 1343 in
2100 1313 2241 1353 patiente
2270 1312 2426 1354 disposito
2445 1313 2472 1344 ⁹.
2506 1312 2550 1346 Et
2576 1303 2658 1345 he&
2679 1308 2733 1347 ἦ·

1582 1358 1678 1389 etiam
1700 1356 1850 1388 satisfacit
1872 1356 2008 1387 litterae:
2033 1356 2110 1398 quia
2124 1358 2220 1388 unica
2234 1357 2509 1394 transmundum,
2532 1356 2657 1399 utpote&
2679 1373 2691 1387 κ
2710 1368 2729 1384 *w

1581 1403 1615 1433 in
1642 1401 1786 1436 instanti,
1818 1401 1954 1441 Spiritus
1980 1400 2114 1433 Sanctus
2145 1402 2335 1442 sanguinem
2364 1401 2482 1433 Beatae
2506 1401 2646 1443 Vltghis
2680 1405 2734 1439 ἦ.

1581 1446 1801 1477 transmutavit
1823 1446 1856 1475 in
1880 1454 1998 1486 corpus
2014 1444 2142 1476 Christi.
2173 1445 2215 1476 Et
2243 1451 2400 1477 consonat
2422 1445 2650 1492 philomhioe
2705 1448 2730 1458 ·“

1582 1489 1718 1521 tradenti
1748 1488 1837 1530 quod
1866 1487 1947 1520 illud
1976 1490 2105 1530 proprie
2129 1487 2244 1521 dicitur
2266 1499 2362 1531 agens
2392 1499 2488 1530 posse
2509 1488 2548 1523 ut
2570 1486 2647 1532 prp-

1582 1534 1689 1575 prium
1713 1533 1873 1570 effectum,
1899 1538 1930 1564 et
1953 1539 1989 1564 ut
2010 1533 2045 1564 in
2066 1534 2231 1574 propriam
2246 1534 2421 1570 materiam,
2446 1532 2537 1575 quod
2547 1528 2657 1566 unica

1582 1578 1846 1609 transmutatione
1877 1583 1984 1618 potest
2010 1576 2147 1609 educere
2173 1577 2214 1609 de
2235 1577 2380 1619 potentia
2402 1578 2436 1609 in
2459 1582 2585 1616 aetum«,
2604 1577 2660 1610 ⁵5&

1583 1627 1670 1663 patet
1693 1622 1736 1653 IX
1752 1622 1996 1663 Memphysicae
2010 1622 2037 1653 ⁹.
2633 1640 2635 1643 s
2647 1647 2655 1651 Α.

1639 1666 1673 1698 Si
1694 1676 1772 1697 vero
1796 1665 1982 1698 affirmative
2004 1675 2156 1707 quoque,
2186 1665 2244 1698 sed
2269 1665 2449 1699 secundum
2471 1666 2654 1706 subierat-m,

1584 1711 1759 1746 materiam,
1783 1715 1862 1751 puta
1883 1711 1917 1741 in
1939 1710 2071 1742 materia
2093 1711 2318 1748 animatorum,
2341 1711 2549 1752 intelligitus:
2570 1720 2658 1747 ωτι-τι

1585 1760 1644 1785 stat
1668 1753 1829 1785 evidenter
1851 1764 1959 1786 veram
1983 1764 2061 1786 esse.
2093 1753 2367 1796 Sedargumento
2391 1749 2652 1802 universalisnon

1585 1798 1734 1830 satisfacit
1756 1798 1952 1839 particularis
1975 1799 2162 1839 responsio:
2191 1799 2338 1840 quamvis
2360 1797 2530 1831 satisfaciat
2540 1791 2659 1831 ’ἱιιὶῒὲἒ
2722 1802 2747 1840 2„

1585 1844 1649 1874 riae
1671 1842 1852 1883 particulari
1875 1842 1915 1873 de
1938 1852 2002 1884 qua
2023 1848 2070 1874 est
2092 1843 2248 1884 quaestio.
2271 1842 2314 1874 Et
2332 1842 2407 1875 ideo
2422 1840 2658 1885 haeerecpond

1585 1888 1634 1918 sio
1657 1886 1787 1927 indigna
1808 1887 1952 1918 Auctore
1974 1886 2109 1918 videtur.
2555 1885 2604 1914 .÷f·,

2580 2265 2660 2288 *315ss

1587 2348 1662 2385 pus
1691 2335 1831 2373 Christi
1858 2335 1898 2373 in
1925 2348 1996 2373 sua
2023 2334 2275 2386 conceptione
2302 2347 2384 2374 non
2410 2334 2480 2375 fuit
2557 2314 2664 2343 '³³4⁸¹'²‘³

1589 2401 1696 2436 sum,
1725 2389 1793 2426 sed
1820 2388 2015 2438 passibile,
2044 2387 2192 2427 habens
2226 2388 2508 2434 similitudinem,
2526 2380 2654 2441 etQ-ms

1583 2444 1739 2492 peccati,
1760 2450 1802 2479 ut
1829 2442 2039 2492 Apostolus
2058 2440 2158 2489 dicit,
2172 2442 2284 2479 Rom.
2304 2453 2362 2479 vm
2380 2441 2411 2478 *.
2441 2441 2535 2484 Non
2560 2437 2652 2493 ergo

1589 2495 1704 2532 exivit
1731 2508 1800 2545 per
1827 2493 1991 2544 Virginis
2019 2502 2174 2533 uterum
2201 2495 2388 2532 clausum.

1644 2549 1717 2586 SED
1755 2561 1900 2586 CONTRA
1936 2555 1991 2585 est
2034 2547 2142 2598 quod
2177 2546 2218 2584 in
2263 2547 2438 2597 quodam
2474 2543 2654 2595 seminis&
2718 2583 2723 2585 .

1590 2601 1775 2651 Ephesini
1805 2600 1966 2639 Concilii
1983 2600 2003 2623 ’¹‘
2030 2600 2184 2638 dicitur:
2215 2601 2367 2638 Natura
2388 2606 2474 2651 post
2498 2599 2680 2652 ms

1591 2657 1701 2692 nescit
1729 2655 1878 2692 ulterius
1895 2655 2092 2704 virginem.
2125 2654 2257 2691 Gratia
2275 2666 2365 2692 vero
2385 2659 2428 2691 et
2442 2650 2746 2705 parientem

1590 2708 1753 2754 ostendit,
1774 2714 1808 2744 et
1825 2713 1983 2745 matrem
1999 2707 2108 2756 fecit,
2127 2713 2160 2744 et
2187 2707 2395 2757 virginitati
2421 2718 2496 2745 non
2517 2707 2653 2747 nocua.

1590 2761 1679 2798 Fuit
1707 2773 1796 2809 ergo
1825 2768 1947 2798 mater
1975 2759 2115 2798 Christi
2132 2759 2240 2808 virgo
2269 2760 2385 2797 etiam
2412 2759 2453 2797 in
2475 2766 2600 2810 partu.
2702 2756 2720 2793 '.

1645 2815 1869 2852 RESPONDEO
1888 2825 2070 2851 mor-:unum
2089 2813 2196 2862 quod
2223 2813 2369 2862 absque
2397 2811 2506 2850 omni
2533 2810 2654 2851 dubio
2713 2818 2720 2827 ³

1591 2867 1842 2904 asserendum
1878 2874 1934 2904 est
1966 2873 2130 2904 matrem
2159 2865 2299 2904 Christi
2327 2865 2442 2904 etiam
2475 2865 2516 2910 in

1591 2919 1778 2968 virginem
1806 2919 1939 2958 fuisse:
1968 2931 2061 2958 narn
2080 2919 2274 2969 Propheta
2301 2930 2381 2956 non
2401 2919 2526 2958 solum
2559 2916 2594 2970 ψ’

1591 2975 1699 3020 Ecce,
1715 2975 1824 3023 virgo
1849 2974 2049 3024 concipiet.-
2074 2973 2142 3010 sed
2167 2971 2284 3019 addit,
2302 2977 2336 3010 et
2348 2973 2472 3023 pariet
2477 2970 2609 3023 filum?

1592 3027 1640 3063 Et
1654 3027 1731 3063 hoc
1745 3025 1905 3075 quidem
1920 3025 2155 3064 conveniens
2168 3025 2238 3063 fuit
2250 3033 2408 3075 propter
2421 3023 2502 3063 tria.
2522 3020 2657 3069 Prima

1592 3078 1772 3128 quidem,
1801 3079 1892 3128 quia
1929 3080 2006 3116 hoc
2040 3078 2285 3128 competebat
2320 3075 2541 3128 proprietati
2572 3085 2657 3122 eun

1592 3131 1660 3181 qui
1687 3132 1933 3179 nascebatur,
1964 3132 2072 3182 quod
2091 3136 2109 3154 ⁸
2136 3139 2192 3169 est
2218 3131 2392 3169 Verbum
2429 3129 2512 3168 Dei.
2550 3129 2655 3168 Nam

1592 3185 1757 3222 verbum
1786 3197 1866 3222 non
1886 3187 2014 3223 solum
2042 3185 2082 3222 in
2101 3184 2217 3223 corde
2236 3185 2384 3234 absque
2409 3181 2662 3234 corruptione

1592 3237 1817 3287 concipitur,
1833 3238 1901 3276 sed
1920 3237 2035 3276 etiam
2049 3238 2195 3288 absque
2214 3236 2460 3288 corruptione
2479 3247 2526 3274 ex
2539 3233 2656 3282 corde

1592 3291 1775 3341 procedit.
1799 3291 1922 3338 Unde,
1938 3299 1980 3329 ut
1999 3291 2264 3330 ostenderetur
2276 3289 2384 3340 quod
2403 3288 2496 3328 illud
2514 3299 2662 3339 corpus

1593 3352 1691 3381 esset
1718 3343 1837 3394 ipsius
1865 3343 1982 3382 Verbi
2009 3343 2093 3391 Dei,
2113 3343 2349 3382 conveniens
2375 3342 2445 3380 fuit
2462 3350 2505 3380 ut
2525 3341 2581 3380 ⁴de
2598 3340 2659 3380 in«

1594 3405 1775 3446 corrupto
1795 3396 1950 3446 virginis
1977 3404 2087 3434 utero
2117 3404 2346 3435 nasceretur.
2374 3395 2487 3434 Unde
2514 3394 2554 3432 in
2581 3404 2665 3432 seth·

1594 3461 1711 3487 mone
1738 3449 1911 3499 quodam
1933 3449 2118 3500 Ephesini
2139 3449 2299 3487 Concilii
2317 3449 2338 3472 *
2364 3447 2515 3498 legitur:
2550 3448 2692 3493 Quae·
2810 3445 2816 3458 ’“
