2872 3970
46 922 57 932 ⁸
69 920 140 942 Num.
155 926 189 942 lu.

0 1190 14 1551 “w-rzffi-anw-“r
0 1079 3 1101 Α

0 2967 4 2980 ι
48 2945 60 2955 ·
73 2943 143 2966 Num.
158 2950 189 2966 iv.

50 2992 60 3004 ·
74 2991 121 3020 Qu.
138 2997 164 3019 n,
181 2995 222 3014 art.
236 2997 257 3020 3.

49 3299 122 3354 ³322
131 3299 224 3354 ἓίξέἪ,
227 3300 258 3348 Ἦ

51 3343 147 3380 apo-lt.
157 3353 197 3375 2²·
205 3343 261 3375 1'en-

10 3403 14 3411 ,
49 3382 105 3400 tent.

5 3405 171 3428 ³.·DeD1'v
183 3405 258 3432 Nom„

48 3437 101 3479 ῗέἐέ
113 3437 165 3480 ¹1¹v.
179 3432 203 3455 ⁸
214 3422 258 3454 Ἠ

999 228 1262 274 QUAESTIO
1291 228 1339 274 ΙΙ,
1374 226 1667 264 ARTICULUS
1694 227 1745 263 IV

283 318 397 340 manae
413 315 552 339 naturae.
570 308 611 338 Et
625 316 693 337 non
710 306 860 337 convenit
874 307 981 336 Verbo
998 306 1058 335 Dei
1074 305 1251 336 secundum
1267 304 1346 334 illud

285 352 375 393 quod
397 353 431 382 in
454 362 487 382 se
512 357 558 382 est
577 352 610 381 in
626 350 768 381 secundo
785 360 890 386 sensu,
915 351 979 380 hoc
996 355 1051 386 est,
1075 359 1143 380 non
1167 355 1213 379 est
1232 349 1270 379 de
1286 358 1346 379 nu-

284 405 374 427 mero
392 406 505 427 eorum
522 405 604 436 quae
620 395 818 425 conveniunt
833 394 940 424 Verbo
957 394 1017 424 D‘ei
1034 393 1072 423 ad
1088 394 1178 429 intra,
1194 399 1231 423 ut
1245 398 1344 433 patet:

283 442 371 471 iuxta
386 441 473 470 hunc
488 448 628 479 namque
645 448 774 468 sensum
796 439 946 468 convenit
957 438 1064 468 Verbo
1086 438 1146 467 Dei
1167 436 1346 467 secundum

283 484 319 514 id
340 484 432 524 quod
452 484 486 514 in
509 493 543 514 se
567 488 622 518 est,
648 491 715 512 esse
738 491 911 521 personam
933 482 972 512 ad
995 482 1084 517 intra,
1110 482 1228 511 scilicet
1250 481 1283 510 in
1300 480 1346 510 di-

283 529 358 558 vina
379 533 501 559 natura,
525 527 581 557 ma
603 535 678 565 ergo
702 526 804 556 maior
823 531 993 565 assumpta,
1018 526 1044 555 si
1066 526 1099 555 in
1122 526 1227 565 primo
1251 534 1346 555 sensu

285 577 437 607 sumatur,
452 581 528 601 vera
542 575 605 601 est:
629 569 694 606 sed,
712 575 748 600 ut
762 575 858 609 patet,
874 579 942 599 non
959 570 1062 600 obstat
1077 570 1152 599 huic
1169 569 1345 604 doctrinae,

286 616 363 665 quia
383 616 417 645 in
431 615 534 645 littera
547 614 691 644 Verbum
714 613 775 643 Dei
795 613 973 644 secundum
989 613 1078 653 quod
1101 613 1135 643 in
1157 622 1190 643 se
1214 618 1269 648 est,
1293 622 1346 642 su-

284 659 382 689 mitur
400 660 434 688 in
450 657 592 689 secundo
614 667 719 688 sensu.
743 657 812 687 Nec
827 656 922 687 infert
944 657 1202 687 contradictoria:
1227 656 1305 686 sed'
1298 665 1346 686 1n-

285 702 345 733 fert
366 703 510 732 Verbum
533 702 594 732 Dei
617 711 684 732 esse
714 701 892 731 secundum
915 701 949 731 id
971 701 1061 741 quod
1082 702 1116 731 in
1139 710 1172 731 se
1196 706 1258 736 est,
1282 700 1346 730 hoc

285 752 342 782 est,
365 746 452 776 illam
474 755 542 776 rem
559 755 641 786 quae
658 751 704 775 est
725 745 871 775 Verbum
892 745 953 775 Dei
976 755 1044 776 esse
1066 750 1098 775 et
1113 745 1248 775 omnino
1271 744 1346 774 sim-

284 790 403 830 plicem
427 795 457 820 et
480 799 548 820 esse
571 789 803 829 compositam3
839 789 928 829 quod
954 788 1132 819 secundum
1156 788 1277 818 diversa
1300 792 1347 817 est

284 843 407 870 verum,
423 839 460 863 ut
474 834 508 863 in
523 833 625 863 littera
640 839 735 873 patet.
761 833 794 863 Si
808 843 885 863 vero
901 838 1045 863 sumatur
1067 834 1099 863 in
1118 833 1222 872 primo
1239 841 1344 867 sensu,

284 877 362 908 falsa
385 883 447 908 est:
471 883 507 907 ut
529 883 615 917 patet
637 878 671 907 in
695 877 848 916 exemplis
872 877 910 907 de
935 886 1060 907 currere
1084 882 1115 907 et
1137 876 1269 906 moveri.

339 921 392 951 VI.
416 921 468 951 Ad
484 921 662 951 secundum
686 921 821 951 dubium
836 922 853 937 ⁴*
876 921 990 951 dicitur
1006 919 1246 960 distinguendo:
1271 919 1346 949 sim-

277 965 418 1006 pliciter,
442 965 492 995 vel
517 965 548 995 in
574 965 632 995 tali
655 970 784 995 natura.
813 965 876 995 Ubi
898 970 976 995 nota
999 963 1087 1004 quod
1110 964 1193 999 licet,
1217 963 1346 1003 proprie

283 1008 461 1049 loquendo,
478 1019 546 1039 non
562 1010 662 1049 possit
682 1008 750 1039 fieri
766 1008 926 1039 distinctio
942 1009 1001 1038 ista
1016 1009 1076 1038 nisi
1092 1008 1125 1037 in
1140 1007 1259 1038 naturis
1276 1016 1346 1046 par-

283 1053 420 1089 tialibus,
433 1052 664 1083 considerando
678 1053 853 1083 naturalem
866 1052 1012 1082 ordinem
1027 1052 1175 1087 universi,
1189 1051 1264 1091 quia
1279 1060 1347 1080 non

283 1097 443 1127 invenitur
458 1107 523 1127 una
538 1097 715 1137 hypostasis
731 1097 927 1127 subsistens
919 1106 953 1126 in
969 1096 1112 1137 pluribus
1128 1096 1247 1125 naturis
1272 1094 1346 1124 sim-

283 1141 417 1181 pliciter,
441 1140 496 1171 sed
519 1141 626 1170 solum
648 1141 682 1170 in
702 1141 846 1180 pluribus
870 1141 989 1170 naturis
1012 1140 1204 1179 partialibus,
1229 1145 1264 1169 ut
1288 1138 1346 1168 So-

285 1190 384 1215 crates
414 1185 555 1214 subsistit
583 1185 617 1214 in
639 1190 751 1214 natura
782 1185 905 1214 animae
935 1184 1095 1214 rationalis
1119 1189 1150 1213 et
1171 1184 1206 1213 in
1235 1187 1347 1212 natura

285 1229 399 1258 carnis·
421 1229 497 1267 quia
513 1228 796 1267 singularissimum
811 1233 919 1257 tamen
935 1233 981 1258 est
996 1228 1149 1257 incarnati
1164 1227 1262 1257 Verbi
1277 1236 1347 1266 my-

283 1273 424 1307 sterium,
441 1271 645 1302 distinctione
669 1271 752 1301 dicta
768 1281 851 1311 opus
868 1277 923 1301 est.
947 1272 1091 1301 Verbum
1111 1270 1270 1310 siquidem
1286 1270 1347 1299 Dei

283 1316 423 1346 subsistit
445 1316 647 1355 simpliciter3
672 1316 751 1345 etin
773 1320 885 1345 natura
900 1315 1023 1351 divina;
1049 1321 1080 1345 et
1101 1315 1135 1345 in
1153 1320 1265 1344 natura
1287 1314 1348 1344 hu-

282 1369 387 1390 mana.
420 1359 483 1390 Sed
506 1359 674 1390 subsistere
698 1359 898 1399 simpliciter,
924 1365 955 1389 et
977 1359 1011 1389 in
1033 1364 1145 1389 natura
1168 1359 1283 1393 divina,
1309 1367 1347 1388 ex

282 1412 350 1435 uno
375 1409 406 1434 et
429 1402 545 1434 eodem
574 1403 686 1439 habet,
711 1403 830 1433 scilicet
854 1413 892 1433 ex
914 1403 978 1433 hoc
1002 1402 1092 1443 quod
1116 1408 1162 1433 est
1185 1412 1252 1433 esse
1268 1402 1347 1432 Ver-

282 1448 362 1478 btmi
385 1446 462 1478 Dei:
486 1457 563 1477 nam
586 1457 623 1477 ex
639 1447 703 1477 hoc
719 1446 834 1477 dicitur
857 1452 888 1478 et
910 1447 1083 1477 subsistens
1106 1447 1139 1477 in
1164 1446 1269 1476 divina
1291 1455 1346 1476 na-

282 1497 363 1528 tura,
388 1497 419 1522 et
441 1491 556 1521 dicitur
571 1492 638 1521 sine
654 1490 816 1521 additione
835 1491 941 1531 aliqua
963 1491 1146 1521 subsistens.
1171 1491 1347 1521 Subsistere

283 1541 391 1566 autem
412 1536 446 1566 in
461 1536 602 1566 humana
623 1541 735 1566 natura
750 1535 877 1565 aliunde
893 1536 998 1571 habet,
1014 1545 1089 1565 nam
1112 1536 1175 1565 hoc
1196 1535 1349 1565 convenit

284 1580 314 1610 ei
337 1589 375 1610 ex
397 1585 559 1619 tempore:
585 1585 616 1610 et
638 1587 706 1610 non
722 1579 887 1609 constituit
908 1580 1015 1619 ipsum
1038 1580 1071 1609 in
1087 1579 1256 1609 subsistere
1272 1579 1352 1608 sim--

282 1624 416 1664 pliciter,
434 1624 509 1664 quia
533 1624 764 1664 praesupponit
786 1624 894 1663 ipsum
917 1624 1095 1654 subsistere.
1120 1623 1153 1654 Si
1175 1623 1348 1663 loquamur

285 1677 361 1708 ergo
386 1666 425 1698 de
441 1667 609 1698 subsistere
632 1667 825 1707 simpliciter,
842 1677 906 1698 una
930 1673 976 1698 est
998 1667 1077 1697 ratio
1102 1666 1291 1697 subsistendi
1314 1666 1347 1696 in

282 1720 421 1752 persona
442 1711 575 1742 Christi:
601 1712 675 1751 quia
697 1721 803 1741 unum
825 1717 871 1741 est
893 1711 937 1741 ibi
960 1712 1128 1741 subsistere
1152 1711 1346 1751 simpliciter,

284 1756 367 1786 sicut
394 1756 490 1786 unica
517 1756 718 1785 subsistentia
742 1761 773 1785 et
795 1755 928 1785 unicum
956 1756 1138 1785 subsistens.
1174 1754 1237 1785 Sed
1260 1755 1286 1784 si
1309 1755 1348 1784 sit

283 1809 388 1830 sermo
413 1799 452 1830 dae
475 1800 644 1829 subsistere
666 1799 700 1829 in
723 1799 777 1829 tali
800 1805 928 1835 natura,
954 1799 1035 1829 duae
1059 1804 1132 1828 sunt
1154 1798 1188 1828 in
1211 1807 1349 1838 persona

284 1843 403 1874 Christi
417 1844 555 1873 rationes
571 1842 771 1879 subsistendi,
787 1848 853 1873 tam
868 1843 902 1872 in
918 1842 986 1873 fieri
1002 1852 1100 1882 quam
1115 1843 1149 1872 in
1161 1842 1245 1872 facto
1263 1851 1346 1872 esse:

283 1887 380 1918 altera
402 1886 592 1917 subsistendi
607 1887 641 1916 in
657 1892 768 1917 natura
792 1886 907 1922 divina,
924 1886 1021 1917 altera
1036 1886 1227 1916 subsistendi
1242 1886 1276 1916 in
1291 1895 1348 1916 na-

282 1937 354 1962 tura
367 1931 517 1962 humana.
541 1930 582 1961 Et
597 1930 676 1961 ratio
694 1930 825 1970 quidem
841 1930 1030 1960 subsistendi
1053 1930 1086 1960 in
1111 1936 1222 1960 natura
1242 1929 1348 1960 divina

284 1981 330 2006 est
340 1975 375 2005 in
386 1974 455 2006 fieri
465 1975 627 2015 generatio
644 1979 779 2010 aeterna,
792 1975 826 2005 in
841 1975 925 2005 facto
939 1984 1006 2005 esse
1022 1980 1130 2005 autem
1146 1984 1213 2004 esse
1226 1975 1346 2004 Deum:

283 2020 363 2050 ratio
386 2029 462 2050 vero
493 2019 685 2049 subsistendi
707 2020 740 2049 in
769 2025 882 2049 natura
908 2019 1049 2049 humana
1077 2019 1111 2049 in
1134 2018 1203 2048 fieri
1226 2024 1272 2049 est
1300 2028 1348 2048 as—

283 2064 425 2103 sumptio
448 2064 608 2094 humanae
623 2069 764 2098 naturae,
788 2064 822 2093 in
838 2062 922 2093 facto
940 2072 1007 2093 esse
1031 2068 1139 2093 autem
1159 2072 1227 2092 esse
1243 2063 1347 2092 homi-

282 2117 358 2138 nem
368 2118 381 2144 ;,
400 2117 439 2138 ex
453 2108 518 2138 hoc
533 2107 620 2138 enim
636 2106 726 2147 quod
746 2107 883 2138 Verbum
893 2107 1026 2148 factum
1050 2112 1096 2138 est
1111 2116 1200 2142 caro,
1221 2107 1285 2137 hoc
1302 2111 1348 2136 est

283 2152 395 2188 homo,
419 2152 462 2182 ita
485 2151 575 2191 quod
597 2161 670 2182 vere
695 2157 742 2181 est
763 2151 880 2188 homo,
903 2151 1044 2182 subsistit
1066 2151 1209 2181 Verbum
1231 2151 1265 2180 in
1287 2151 1347 2181 hu-

283 2192 378 2226 mana
400 2201 522 2231 natura,
545 2195 579 2226 in
603 2205 667 2235 qua
689 2195 777 2235 prius
799 2205 868 2226 non
887 2195 1084 2226 subsistebat.
1109 2195 1191 2226 Sunt
1214 2204 1289 2234 ergo
1313 2195 1347 2224 in

283 2249 421 2280 persona
444 2239 561 2270 Christi
585 2238 666 2270 duae
695 2240 833 2270 rationes
857 2239 1047 2270 subsistendi
1075 2239 1110 2269 in
1139 2239 1261 2269 duabus
1290 2247 1347 2269 na-

283 2284 382 2320 turis,
402 2283 510 2314 divina
531 2283 652 2314 scilicet
675 2289 706 2314 et
728 2283 884 2314 humana:
914 2283 989 2314 licet
1011 2284 1051 2314 sit
1072 2283 1116 2313 ibi
1143 2292 1245 2314 unum
1273 2283 1347 2313 sub-

283 2329 397 2359 sistens
418 2327 612 2367 simpliciter,
637 2333 670 2358 et
691 2337 756 2357 una
774 2328 855 2358 ratio
875 2327 1066 2358 subsistendi
1089 2327 1283 2367 simpliciter.
1307 2328 1352 2357 Et

283 2372 426 2403 similiter
448 2381 553 2402 unum
575 2371 714 2402 subsistit
737 2371 869 2402 duobus.
893 2377 930 2402 ut
951 2372 1127 2402 rationibus
1157 2372 1348 2402 subsistendi

283 2417 317 2447 in
340 2415 478 2452 duobus,
501 2416 622 2446 scilicet
644 2416 677 2446 in
701 2425 769 2446 esse
793 2415 902 2446 divino
927 2421 958 2446 et
981 2425 1048 2446 esse
1070 2416 1225 2446 humano.

338 2460 380 2490 Et
393 2469 451 2501 per
468 2461 548 2490 haec
566 2465 652 2500 patet
668 2469 734 2500 quo
750 2465 845 2500 pacto
862 2470 933 2490 non·
946 2459 1109 2490 dissonant
1127 2470 1145 2490 a
1160 2470 1193 2490 se
1208 2460 1348 2491 invicem

284 2503 406 2534 diversa
433 2503 516 2534 dicta
538 2504 698 2534 Auctoris.
732 2502 897 2541 Quoniam
929 2503 1012 2534 dicta
1040 2504 1091 2534 hic
1115 2510 1285 2534 vera-sunt
1308 2504 1347 2535 de

284 2548 452 2578 subsistere
470 2548 504 2578 in
519 2547 573 2578 tali
588 2554 715 2579 natura:
740 2547 823 2578 dicta
838 2548 913 2578 alibi
927 2557 1001 2578 vera
1023 2553 1098 2578 sunt
1121 2548 1159 2579 de
1179 2549 1348 2579 subsistere

285 2592 479 2632 simpliciter.

339 2636 381 2666 Et
403 2637 430 2666 si
445 2636 578 2666 instetur
593 2635 683 2676 quod
698 2636 822 2666 Auctor
842 2637 894 2667 hic
909 2637 1003 2677 ponit
1019 2636 1097 2667 duas
1118 2637 1263 2667 rationes
1273 2637 1348 2667 sub-

285 2679 415 2711 sistendi
438 2681 505 2710 sine
529 2679 691 2710 additione
714 2680 838 2720 aliqua,
863 2686 895 2711 et
917 2691 985 2711 non
1008 2680 1083 2711 dicit
1107 2680 1196 2721 quod
1219 2686 1267 2711 est
1289 2681 1349 2711 alia

285 2729 316 2754 et
339 2723 399 2754 alia
414 2724 494 2754 ratio
517 2723 708 2754 subsistendi
724 2724 756 2754 in
774 2723 833 2754 tali
848 2729 879 2755 et
900 2724 959 2755 tali
975 2730 1114 2755 natura:
1137 2724 1349 2764 respondetur

285 2767 385 2808 quod,
402 2769 479 2808 quia
492 2768 556 2798 iam
571 2768 775 2808 praemiserat
789 2767 909 2799 ibidem
931 2777 991 2809 pro
1008 2768 1218 2799 fundamento
1235 2769 1274 2799 ad
1289 2769 1348 2810 hy-

284 2813 442 2853 postasim»
454 2817 596 2852 spectare
617 2812 786 2842 subsistere
808 2812 840 2842 in
858 2813 969 2853 aliqua
992 2818 1121 2848 natura,
1134 2813 1208 2843 ideo
1228 2814 1348 2854 absque

285 2857 475 2897 repetitione
498 2855 691 2896 subintelligi
713 2856 818 2886 voluit
838 2856 928 2896 quod
951 2856 990 2887 de
1012 2858 1136 2887 ratione
1158 2857 1349 2888 subsistendi

284 2901 319 2932 in
341 2901 448 2941 aliqua
471 2906 586 2931 natura
605 2909 712 2930 sermo
734 2909 813 2930 suus
834 2906 891 2931 est.

340 2945 407 2975 V11.
431 2944 483 2975 Ad
506 2945 635 2975 tertium
658 2943 793 2974 dubium
808 2945 836 2980 ἦ
858 2945 964 2975 habita
986 2946 1109 2976 ratione
1133 2955 1247 2976 eorum
1265 2955 1348 2986 quae

285 2989 409 3020 Auctor
424 2989 457 3019 in
474 2987 517 3018 ΪΠ
531 2988 628 3024 Sent„
653 2987 722 3018 dist.
739 2998 770 3017 VI
786 2989 812 3023 θ,
837 2988 913 3019 dicit
937 2989 1095 3029 (quamvis
1110 2999 1178 3020 non
1200 2995 1265 3020 tam
1288 2990 1353 3020 alta

285 3033 349 3063 sint
369 3038 409 3063 ut
428 3033 531 3072 haec),
556 3031 768 3072 respondetur
790 3031 895 3072 quod',
919 3033 995 3073 quia
1018 3033 1103 3073 apud
1129 3043 1189 3063 nos
1213 3043 1348 3074 compo-

285 3077 358 3107 sitio
391 3077 511 3117 absque
543 3075 787 3116 imperfectione
818 3077 1085 3116 componentium
1117 3078 1250 3117 intelligi
1281 3087 1349 3108 non

284 3126 392 3161 potest
414 3122 499 3152 salva
521 3130 580 3151 sua
600 3121 722 3150 ratione
746 3119 882 3156 formali,
905 3120 980 3150 ideo
1002 3129 1071 3150 non
1093 3121 1279 3161 simpliciter
1292 3131 1349 3152 ne-

286 3174 354 3205 que
373 3165 547 3196 formaliter
563 3163 757 3195 admittenda
780 3163 903 3194 videtur
925 3165 959 3194 in
974 3173 1111 3204 persona
1134 3165 1250 3196 Christi
1262 3176 1275 3195 :⁷
1293 3164 1350 3196 sed

286 3219 362 3240 cum
385 3208 648 3240 determinatione
671 3209 777 3248 aliqua
799 3207 932 3238 tollente
955 3208 1233 3248 imperfectionem
1253 3210 1349 3239 unius

287 3253 521 3293 componentis,
546 3252 668 3283 admitti
691 3257 806 3292 potest,
831 3257 862 3282 et
884 3251 1019 3282 admissa
1043 3258 1090 3282 est
1111 3253 1295 3292 simpliciter
1318 3258 1349 3283 et

286 3295 462 3328 formaliter
483 3298 521 3327 ab
544 3297 694 3336 Antiquis
713 3297 730 3313 ⁴*
754 3302 785 3327 et
808 3296 846 3326 ab
870 3296 1021 3326 Auctore.

340 3340 393 3372 Ad
416 3341 507 3372 cuius
530 3341 701 3381 aliqualem
724 3341 943 3381 cognitionem
967 3340 1145 3380 (quoniam,
1166 3345 1203 3370 ut
1226 3340 1348 3380 Diony-

286 3386 351 3415 sius
374 3385 451 3415 dixit
465 3386 492 3421 *‚
518 3391 564 3416 est
580 3384 776 3426 ineffabilis),
802 3384 1068 3414 considerandum
1084 3389 1130 3414 est
1145 3384 1264 3414 multos
1281 3394 1349 3414 csse

287 3429 531 3469 compositionis
554 3428 680 3465 modos,
697 3434 733 3459 ut
755 3429 788 3458 in
810 3438 864 3468 qu.
881 3438 915 3458 111
937 3429 1060 3458 Primae
1084 3428 1181 3458 Partis
1204 3429 1348 3458 habitum

288 3478 343 3503 est.
369 3472 573 3513 Compositio
597 3482 737 3513 namque
761 3473 820 3502 alia
841 3478 886 3502 est
907 3482 944 3502 ex
959 3472 1100 3512 partibus
1123 3473 1347 3512 quantitativis‚

287 3516 349 3553 alia
370 3526 409 3547 ex
423 3517 554 3547 materia
577 3522 608 3547 et
628 3516 740 3553 forma,
764 3516 824 3546 alia
847 3526 885 3546 ex
905 3522 1016 3547 natura
1039 3522 1070 3546 et
1093 3516 1271 3556 supposito,
1289 3516 1348 3546 alia

289 3569 326 3590 ex
350 3561 484 3591 essentia
507 3566 537 3591 et
561 3570 645 3597 esse,
670 3561 730 3591 alia
754 3570 791 3590 ex
814 3570 929 3600 genere
954 3566 984 3590 et
1013 3559 1203 3596 differentia,
1227 3561 1286 3590 alia
1310 3570 1347 3590 ex

428 3622 538 3647 Summa
554 3621 658 3646 Tutor..
676 3622 707 3646 D.
722 3621 836 3646 Tnomm
850 3621 881 3645 T.
900 3621 964 3645 VIll.

2413 226 2459 262 33

1400 305 1544 335 subiecto
1562 311 1592 335 et
1608 305 1787 335 accidente:
1813 310 1844 335 et
1860 314 1972 335 omnes
1992 306 2166 345 important
2186 305 2461 346 imperfectionem

1400 350 1566 389 utriusque
1598 350 1839 389 componentis,
1864 354 1899 379 ut
1922 355 2008 388 patet
2038 349 2253 380 discurrendo.
2289 349 2351 380 Sed
2374 351 2400 380 si
2423 350 2461 380 ab

1399 402 1464 423 una
1486 394 1626 429 istarum,
1644 394 1707 423 hoc
1731 398 1777 423 est
1800 403 1817 423 a
1842 394 2077 433 compositione
2101 404 2138 423 ex
2161 400 2271 424 natura
2296 401 2326 424 et
2342 404 2463 434 suppo-

1400 437 1471 473 sito,
1496 436 1655 467 auferatur
1678 437 1767 477 quod
1791 442 1837 467 est
1859 437 2110 477 imperfectionis
2131 448 2167 468 ex
2184 444 2270 477 parte
2295 438 2461 478 suppositi,

1400 481 1511 511 salvari
1534 486 1641 521 potest
1662 482 1696 511 in
1711 490 1848 521 persona
1872 481 1989 511 Christi
2013 482 2206 521 compositio
2224 492 2261 512 ex
2277 488 2388 512 natura
2403 482 2463 512 hu-

1400 535 1494 555 mana
1510 531 1541 555 et
1556 526 1735 566 supposito.
1752 525 1793 555 Et
1809 525 1986 555 secundum
2002 525 2075 561 hoc,
2097 535 2233 565 persona
2250 525 2366 556 Christi
2383 531 2463 557 esset

1401 570 1589 609 composita.
1614 570 1654 599 Et
1670 570 1825 609 quoniam
1841 570 1899 600 iste
1914 569 2031 599 modus
2052 570 2296 610 compositionis
2313 567 2463 600 converiit

1399 623 1555 652 personae
1579 613 1697 644 Christi
1720 613 1898 643 secundum
1922 614 2079 643 rationem
2102 623 2256 653 personae
2281 624 2337 644 seu
2360 614 2463 654 hypo-

1399 658 1497 693 stasis,
1514 658 1707 697 inquantum
1723 657 1843 687 scilicet
1858 667 1993 697 persona
2010 657 2126 688 Christi
2145 658 2284 688 subsistit
2303 659 2336 687 in
2352 663 2463 687 natura

1399 701 1548 737 humana,
1572 701 1646 731 ideo
1667 702 1730 731 hoc
1751 701 1851 731 modo
1875 711 2011 741 persona
2027 701 2143 732 Christi
2167 707 2273 741 potest
2296 701 2357 732 dici
2374 711 2463 732 com-

1399 746 1513 785 posita.

1454 789 1495 819 Et
1518 789 1551 818 in
1574 794 1698 819 tantum
1721 789 1881 819 invenitur
1903 789 2089 820 huiusmodi
2113 790 2306 830 compositio
2335 790 2369 820 in
2392 799 2463 830 per—

1399 842 1478 862 sona
1510 833 1627 863 Christi
1663 838 1698 863 ut
1731 833 1814 863 dicat
1846 834 1968 863 Auctor
1991 834 2023 863 in
2053 834 2106 864 lib.
2132 834 2174 863 IV
2200 834 2324 864 Contra
2355 834 2462 869 Gent„

1400 886 1468 916 cap.
1486 887 1566 913 xmx,
1588 878 1622 906 in
1637 877 1799 907 solutione
1817 882 1921 907 sextae
1942 878 2141 913 obiectioniS,
2160 877 2249 918 quod
2270 883 2388 908 natura
2405 878 2462 908 hu-

1399 930 1495 950 mana
1520 926 1566 951 est
1587 921 1765 961 simplicior
1787 931 1882 961 quam
1904 922 2037 952 Verbum
2054 922 2242 962 inquantum
2264 923 2396 952 Verbum
2419 927 2465 952 est

1399 965 1450 994 hic
1472 965 1578 994 homo.
1602 965 1643 994 Et
1666 971 1787 1005 postea,
1804 966 1837 995 in
1853 966 2013 996 solutione
2031 965 2171 996 decimae
2192 967 2391 1002 obiectionis‚
2409 966 2463 996 de-

1400 1009 1495 1038 clarat
1525 1008 1602 1048 quid
1633 1009 1826 1048 significatur
1855 1014 1885 1039 et
1916 1010 2108 1049 supponitur
2135 1020 2192 1050 per
2213 1011 2245 1050 ly
2275 1011 2327 1040 hic
2348 1011 2462 1046 homo,

1400 1051 1518 1087 dicens,
1536 1052 1575 1082 Id
1597 1053 1683 1092 quod
1706 1053 1738 1082 in
1764 1058 1883 1083 natura
1906 1054 2047 1084 humana
2063 1053 2212 1090 subsistit,
2230 1059 2277 1084 est
2291 1055 2342 1084 hic
2356 1055 2461 1089 homo,

1400 1101 1431 1126 et
1462 1096 1525 1126 hoc
1556 1096 1664 1135 quoad
1693 1096 1972 1136 significationem:
2002 1098 2085 1127 unde
2109 1098 2210 1137 ipsum
2234 1099 2366 1128 Verbum
2390 1109 2464 1139 sup-

1393 1141 1533 1180 ponitur
1555 1150 1627 1170 cum
1650 1140 1783 1176 dicitur,
1808 1141 1875 1171 Hic
1896 1141 2009 1176 homo,
2035 1147 2065 1171 et
2093 1142 2155 1171 hoc
2180 1142 2287 1181 quoad
2316 1143 2463 1182 supposi-

1399 1184 1532 1214 tionem.
1554 1184 1594 1213 Et
1609 1185 1642 1213 in
1658 1184 1722 1221 Qu.
1739 1185 1778 1214 de
1797 1185 1923 1214 Unione
1939 1185 2031 1214 Verbi
2046 1185 2224 1221 Incarnati‚
2245 1191 2300 1215 art.
2317 1193 2343 1221 ι,
2361 1186 2399 1216 ad
2414 1188 2462 1221 15,

1400 1227 1476 1258 dicit
1499 1227 1588 1267 quod
1612 1233 1731 1258 natura
1747 1229 1888 1258 humana
1905 1234 1952 1258 est
1966 1229 2143 1268 simplicior
2164 1234 2194 1259 et
2206 1230 2391 1270 formalior
2407 1231 2463 1260 illo

1399 1272 1527 1302 homine
1549 1272 1607 1312 qui
1628 1277 1675 1301 est
1694 1272 1828 1302 Verbum
1847 1281 1925 1302 caro
1940 1273 2092 1314 factum:
2115 1278 2146 1303 et
2168 1282 2245 1309 non,
2267 1274 2401 1304 Verbum
2417 1283 2464 1304 se-

1400 1316 1543 1346 cumdum
1563 1325 1607 1346 se.

1455 1360 1537 1390 VIII.
1555 1359 1617 1390 Sed
1634 1360 1788 1400 quoniam
1800 1360 1870 1390 talis
1887 1361 2080 1400 compositio
2098 1366 2144 1391 est
2160 1362 2353 1401 compositio
2369 1363 2464 1392 unius

1400 1414 1471 1434 cum
1488 1405 1554 1434 alio
1566 1414 1622 1434 seu
1635 1404 1718 1439 aliis,
1733 1410 1763 1434 et
1775 1405 1870 1434 unius
1887 1414 1928 1434 ex
1944 1405 2010 1435 alio
2026 1414 2081 1435 seu
2098 1405 2192 1440 aliis,·
2213 1406 2287 1435 etin
2299 1405 2400 1436 littera
2413 1415 2464 1436 so-

1400 1448 1467 1478 lum
1484 1449 1607 1478 tractari
1630 1448 1755 1478 videtur
1779 1449 1972 1488 compositio
1989 1458 2030 1479 ex
2056 1449 2114 1484 his,
2139 1450 2293 1489 quoniam
2317 1454 2465 1480 tractatur

1400 1493 1594 1532 compositio
1610 1501 1765 1531 personae
1783 1492 1899 1522 Christi
1916 1493 2006 1532 quasi
2022 1493 2170 1523 subsistat
2186 1503 2223 1523 ex
2235 1493 2357 1524 duabus
2373 1500 2464 1524 natu-

1399 1537 1450 1572 ris,
1467 1541 1503 1566 ut
1518 1541 1604 1576 patet
1619 1537 1652 1566 in
1673 1536 1794 1566 litterae
1810 1546 1977 1576 processu:
1998 1536 2082 1572 ideo,
2101 1543 2238 1577 utroque
2256 1539 2464 1578 compositio-

1399 1581 1447 1610 nis
1470 1580 1570 1612 modo
1595 1590 1733 1619 personav
1755 1580 1888 1616 Christi,
1913 1581 2092 1611 secundum
2115 1591 2270 1620 personae
2293 1583 2463 1618 rationem,

1401 1625 1580 1664 composita
1595 1625 1764 1659 invenitur,
1775 1625 1895 1654 scilicet
1908 1630 1938 1654 et
1951 1626 2186 1664 compositione
2202 1635 2243 1655 ex
2258 1626 2316 1662 his,
2329 1627 2465 1666 inquan-

1399 1674 1469 1698 tum
1491 1669 1525 1698 in
1542 1668 1668 1698 duobus
1693 1677 1771 1703 esse,
1789 1667 1897 1698 divino
1922 1668 2042 1698 scilicet
2066 1674 2096 1698 et
2117 1669 2270 1705 humano,
2288 1680 2325 1699 ex
2342 1669 2465 1700 duabus

1400 1712 1540 1742 subsistit
1556 1713 1674 1741 naturis
1694 1729 1714 1734 -
1734 1711 1774 1741 de
1797 1711 1903 1741 divina
1920 1712 2050 1751 quidem
2074 1718 2194 1749 natura,
2211 1719 2298 1753 patet
2322 1713 2410 1753 quod
2427 1724 2463 1744 ex

1399 1756 1453 1785 illa
1475 1756 1624 1785 subsistit.
1657 1755 1704 1784 De
1721 1755 1861 1785 humana
1877 1761 1983 1785 autem
2006 1757 2039 1785 in
2057 1756 2212 1796 Symbolo
2233 1757 2395 1787 Athanasii
2411 1758 2464 1787 ha-

1400 1800 1509 1835 betur,
1535 1799 1612 1829 dum
1636 1799 1767 1829 dicitur:
1792 1799 1958 1840 Perfectus
1980 1800 2086 1835 homo,
2114 1810 2155 1830 ex
2177 1801 2285 1830 anima
2311 1802 2467 1831 rationali

1400 1849 1432 1874 et
1452 1844 1594 1873 humana
1611 1852 1709 1873 carne
1731 1842 1913 1878 subsistens,
1931 1844 1986 1873 ubi
2011 1853 2156 1883 expresse
2174 1844 2328 1880 Christus,
2342 1851 2378 1875 ut
2393 1854 2464 1884 per-

1401 1887 1504 1918 fectus
1526 1888 1639 1923 homo,
1658 1886 1772 1917 dicitur
1795 1888 1967 1917 subsistens
1997 1897 2034 1918 ex
2057 1888 2163 1918 anima
2185 1889 2330 1919 rationali
2353 1895 2384 1919 et
2407 1890 2466 1919 hu-

1401 1941 1495 1962 mana
1519 1941 1621 1967 carne,
1647 1936 1678 1961 et
1700 1941 1768 1961 non
1792 1931 1897 1961 solum
1920 1931 1954 1961 in
1977 1932 2084 1962 anima
2106 1933 2250 1963 rationali
2274 1939 2304 1963 et
2327 1933 2467 1963 humana

1401 1985 1504 2006 carne.
1530 1975 1679 2015 Magister
1695 1984 1827 2014 quoque
1848 1975 2092 2012 Sententiarum,
2114 1977 2146 2006 in
2164 1976 2214 2012 HI,
2233 1976 2301 2007 dist.
2319 1987 2350 2006 vx
2367 1983 2397 2007 et
2413 1988 2465 2012 vn,

1401 2020 1519 2060 pluries
1543 2019 1676 2049 affirmat
1700 2019 1816 2049 Christi
1839 2028 2010 2059 personam
2027 2030 2064 2050 ex
2081 2019 2204 2050 duabus
2227 2021 2394 2051 subsistere
2411 2031 2466 2051 na-

1400 2065 1495 2099 turis,
1521 2063 1713 2103 exponendo
1737 2062 1911 2093 secundam
1944 2064 2150 2103 opinionem,
2175 2073 2258 2104 quae
2289 2070 2335 2095 est
2364 2065 2466 2095 deter-

1400 2108 1533 2137 minatio
1559 2117 1656 2147 quam
1687 2107 1739 2137 hic
1763 2106 1933 2143 docemur,
1959 2117 2056 2148 quam
2081 2118 2193 2138 omnes
2218 2109 2376 2139 Catholici
2399 2118 2465 2139 am-

1400 2152 1593 2191 plectuntur.
1629 2151 1664 2181 In
1688 2150 1888 2190 professione
1916 2161 2050 2192 quoque
2078 2153 2306 2192 episcoporum
2334 2153 2463 2193 quando

1401 2195 1597 2231 ordinantur,
1622 2195 1752 2225 dicitur:
1791 2195 1903 2226 Credis
1927 2196 2056 2226 unicum
2086 2201 2117 2227 et
2139 2206 2241 2227 unum
2260 2197 2380 2228 Filium
2403 2198 2466 2227 Dei

1401 2241 1432 2270 in
1457 2239 1581 2270 duabus
1605 2244 1635 2269 et
1656 2249 1697 2269 ex
1720 2239 1843 2269 duabus
1867 2239 2021 2271 naturis?
2045 2246 2075 2270 et
2097 2239 2320 2280 respondetur,
2348 2240 2463 2277 Credo,

1401 2290 1440 2314 ut
1459 2289 1546 2323 patet
1568 2284 1601 2313 in
1624 2282 1803 2313 Pontificali
1826 2283 1986 2314 Ecclesiae
2009 2283 2174 2315 Romanae
2189 2302 2225 2320 -‚
2251 2291 2281 2315 et
2303 2286 2464 2326 composi—

1401 2329 1489 2358 tione
1512 2337 1587 2358 cunc
1606 2327 1664 2363 Itis,
1684 2328 1875 2367 inquantum
1891 2336 2027 2367 persona
2043 2329 2141 2358 Verbi
2162 2329 2367 2369 coniungitur
2389 2338 2463 2359 cum

1402 2373 1465 2402 hoc
1482 2371 1572 2412 quod
1593 2377 1639 2402 est
1659 2381 1726 2401 esse
1750 2372 1836 2401 hunc
1860 2372 2042 2407 hominem;
2066 2381 2133 2402 non
2150 2372 2239 2412 quod
2261 2374 2465 2413 assumpserit

1402 2417 1488 2447 hunc
1511 2416 1695 2454 hominem,
1719 2415 1775 2445 sed
1798 2416 1873 2455 quia
1896 2415 1977 2446 facta
2000 2421 2047 2446 est
2068 2417 2120 2446 hic
2142 2417 2242 2446 homo
2271 2416 2462 2447 assumendo

1402 2461 1484 2491 hanc
1507 2461 1747 2490 humanitatem.
1773 2459 1835 2490 Sed
1859 2459 2027 2500 quomodo
2050 2460 2114 2490 hoc
2136 2461 2184 2496 sit,
2206 2461 2329 2491 excedit
2350 2462 2463 2491 huma—

1402 2515 1478 2535 nam
1500 2510 1658 2535 mentem:
1684 2509 1730 2534 sat
1753 2504 1791 2533 sit
1806 2504 1899 2534 nobis
1915 2514 2008 2534 nosse
2025 2504 2100 2544 quia
2117 2510 2171 2540 est,
2189 2503 2266 2534 dum
2290 2505 2462 2535 revelatum

1403 2554 1450 2579 est
1473 2547 1563 2588 quod
1579 2548 1720 2579 Verbum
1738 2553 1784 2578 est
1798 2547 1852 2578 ille
1867 2548 1968 2578 homo
1985 2549 2040 2588 qui
2060 2554 2192 2578 vocatur
2209 2548 2361 2578 Christus.
2386 2548 2462 2586 Quo

1402 2594 1545 2628 homine,
1562 2598 1598 2622 ut
1613 2592 1668 2628 sic,
1685 2597 1796 2622 natura
1811 2592 1951 2622 humana
1966 2592 2040 2623 ideo
2059 2593 2235 2632 simplicior
2249 2592 2371 2628 dicitur,
2388 2593 2464 2632 quia

1403 2637 1447 2668 ad-
1465 2638 1553 2667 hunc
1574 2637 1741 2667 hominem
1772 2641 1916 2676 spectant
1945 2641 1975 2666 et
1998 2637 2154 2676 principia
2182 2636 2410 2667 individuantia
2433 2642 2464 2667 et

1403 2681 1578 2712 accidentia
1602 2690 1683 2720 quae
1706 2680 1815 2716 habet,
1841 2690 1923 2720 quae
1946 2681 2100 2711 uniuntur
2122 2681 2167 2710 illi
2197 2690 2263 2711 non
2286 2681 2319 2710 in
2341 2686 2462 2717 natura,

1403 2725 1459 2756 sed
1481 2726 1515 2755 in
1538 2734 1690 2765 persona:
1716 2734 1798 2764 quae
1821 2734 1888 2754 non
1912 2724 2102 2754 clauduntur
2124 2725 2157 2754 in
2180 2730 2290 2754 natura
2313 2725 2461 2755 humana.

1459 2769 1511 2799 IX.
1529 2768 1579 2799 Ad
1600 2769 1779 2808 quaesitum
1803 2778 1878 2808 ergo
1896 2767 2009 2798 dicitur
2031 2767 2120 2808 quod
2141 2768 2205 2798 duo
2230 2769 2355 2799 obstant
2374 2779 2463 2799 com-

1403 2813 1557 2854 positioni
1583 2821 1738 2852 personae
1763 2812 1879 2843 Christi
1908 2812 2091 2852 simpliciter
2113 2818 2144 2842 et
2167 2811 2339 2842 formaliter
2363 2823 2463 2843 enun-

1403 2857 1538 2888 tiandae.
1562 2857 1708 2887 Alterum
1732 2862 1779 2886 est
1800 2857 1879 2886 ratio
1906 2856 2164 2895 compositionis:
2190 2865 2281 2896 quae,
2307 2857 2382 2897 quia
2403 2857 2463 2887 im—

1403 2901 1634 2942 perfectionem
1658 2900 1924 2940 componentium
1947 2899 2120 2929 formaliter
2141 2900 2302 2939 importat,
2321 2909 2389 2931 non
2404 2910 2464 2941 po-

1403 2951 1464 2976 test
1492 2945 1665 2975 formaliter
1689 2949 1719 2974 et
1742 2944 1925 2983 simpliciter
1952 2944 2078 2973 attribui
2107 2952 2262 2983 personae
2292 2944 2419 2975 Christi.
2442 2961 2464 2968 -—

1403 2990 1549 3020 Alterum
1570 2994 1616 3018 est
1635 2987 1787 3027 generalis
1811 2987 1919 3026 regula
1942 2987 2094 3017 servanda
2111 2988 2145 3017 in
2165 2988 2319 3018 attributis
2336 2988 2464 3019 Christo

1404 3034 1429 3064 si
1452 3039 1525 3063 sunt
1542 3032 1726 3062 communia
1748 3036 1878 3061 naturae
1903 3036 1933 3060 et
1948 3040 2103 3070 personae
2127 3037 2158 3062 et
2179 3032 2366 3072 oppositum
2387 3042 2464 3063 con-

1403 3077 1490 3107 venit
1512 3085 1676 3116 personae,
1701 3080 1736 3104 ut
1751 3074 1882 3105 inferius
1897 3075 1914 3091 ⁴*
1937 3075 2058 3114 patebit
2079 3075 2119 3105 de
2134 3075 2197 3106 hoc
2214 3076 2303 3116 quod
2327 3082 2373 3106 est
2396 3086 2464 3107 esse
2491 3083 2501 3091 ·

1404 3126 1593 3155 creaturam,
1618 3125 1650 3149 et
1671 3119 1811 3159 incipere
1835 3128 1919 3149 esse:
1953 3127 1998 3149 ne
2019 3118 2188 3150 denotetur
2211 3120 2299 3160 quod
2328 3129 2464 3160 persona

1405 3165 1522 3195 Christi
1544 3165 1577 3194 in
1600 3173 1634 3194 se
1657 3163 1696 3193 sit
1720 3163 1915 3203 composita,
1939 3163 1980 3193 sit
2002 3169 2154 3199 creatura,
2178 3165 2355 3204 incoeperit
2379 3174 2462 3201 esse,

1404 3215 1434 3239 et
1456 3207 1653 3239 huiusmodi.

1459 3252 1551 3283 Unde
1582 3251 1622 3282 ad
1650 3251 1786 3291 primam
1817 3247 2032 3282 obiectionem
2062 3251 2176 3282 dicitur
2203 3252 2292 3292 quod
2322 3251 2463 3283 defectus
2502 3286 2504 3288 ,

1403 3295 1646 3336 praedicationis
1669 3294 1808 3325 formalis
1832 3295 1883 3325 hic
1907 3301 1954 3325 est
1977 3306 2014 3325 cx
2037 3301 2125 3336 parte
2148 3296 2333 3336 praedicati,
2359 3296 2462 3336 quod,

1404 3340 1577 3370 formaliter
1592 3344 1767 3379 sumptum,
1783 3349 1851 3369 non
1874 3339 2027 3370 convenit
2045 3349 2209 3379 personae.
2234 3339 2385 3370 Defectus
2408 3351 2463 3371 au-

1403 3389 1469 3414 tem
1491 3383 1733 3424 praedicationis
1763 3384 1947 3423 simpliciter
1970 3389 2016 3413 est
2048 3394 2085 3414 ex
2108 3389 2195 3424 parte
2227 3385 2463 3415 communitatis

1403 3427 1573 3468 praedicati
1596 3433 1742 3467 respectu
1765 3427 1834 3458 talis
1857 3428 2000 3463 subiecti,
2024 3428 2142 3458 scilicet
2166 3437 2322 3467 personae
2347 3428 2463 3459 Christi

1403 3471 1590 3502 vindicantis
1613 3472 1672 3502 sibi
1687 3472 1720 3502 in
1736 3481 1769 3502 se
1786 3472 1982 3512 oppositum,
2007 3472 2126 3502 scilicet
2149 3471 2370 3502 omnimodam
2388 3473 2463 3503 sim-

1403 3516 1586 3556 plicitatem.

1458 3560 1498 3591 Et
1521 3565 1689 3600 propterea
1705 3560 1818 3590 merito
1842 3559 1964 3589 Auctor
1980 3559 2047 3589 illas
2070 3559 2147 3590 duas
2164 3559 2363 3590 conditiones
2380 3569 2461 3600 quae

2306 3619 2318 3644 5

2537 3087 2558 3102 u.
2570 3087 2616 3105 xv1,
2631 3085 2672 3102 art.
2688 3081 2701 3102 8

2529 3124 2533 3128 .
2552 3107 2701 3134 Comment.)‚

2491 3137 2532 3156 art.
2548 3140 2570 3161 9,
2588 3140 2622 3156 ιο.
