2872 3970
85 1821 109 1844 ,μ
119 1826 128 1836 .
136 1821 149 1829 -
156 1810 219 1834 Inter

86 944 219 1014 Δ.·Διῖ“.ΧΥΙ,

143 1969 219 1992 nrt-8.

966 277 1228 324 QUAESTlo
1257 279 1347 327 xx,
1376 279 1667 318 ARTICULUS
1695 282 1710 317 1
2347 290 2422 326 247

914 520 1327 596 QUAESTIO
1366 522 1763 577 VIGESIMA

741 638 824 679 DE
857 638 1257 679 SUBIECTIONE
1290 639 1527 681 CHRISTI
1560 642 1645 681 AD
1679 641 1929 682 PATREM

1061 754 1095 779 IN

329 859 434 886 ΕιΝυΕ
469 847 794 884 considerandum
827 855 883 883 est
910 846 958 883 de
987 846 1045 883 his
1080 859 1179 896 quae
1215 859 1305 884 con-

249 858 491 941 Dveniunt
526 899 677 937 Christo
705 911 775 948 per
802 899 1132 948 comparationem
1161 899 1209 936 ad
1238 900 1306 936 Pa-

245 953 382 991 trem*
384 953 605 1000 .Quorum
633 952 830 1011 quaedam
854 952 1034 989 dicuntur
1060 952 1108 988 de
1136 951 1220 1001 ipso
1250 964 1306 988 se-

246 1006 422 1044 cundum
458 1005 725 1042 habitudinem
761 1004 880 1054 ipsius
918 1005 966 1041 ad
1003 1005 1175 1041 Patrem:
1214 1012 1307 1053 puta

247 1059 355 1109 quod
374 1065 429 1095 est
448 1058 483 1094 ei
502 1057 716 1103 subiectus;
745 1058 852 1106 quod
878 1057 1008 1106 ipsum
1027 1057 1170 1103 oravit;
1200 1057 1308 1105 quod

247 1111 282 1149 ei
309 1111 349 1149 in
377 1109 589 1148 sacerdotio
617 1110 854 1147 ministravit.
893 1110 1099 1156 Quaedam
1126 1121 1219 1146 vero
1253 1110 1307 1146 di-

247 1171 404 1210 cuntur,
432 1164 496 1200 vel
522 1162 597 1200 dici
623 1170 787 1212 possunt
806 1168 844 1207 ²,
873 1163 1090 1199 secundum
1118 1162 1308 1199 habitudi-

246 1229 338 1254 nem
365 1216 486 1254 Patris
514 1216 563 1253 ad
591 1215 738 1265 ipsum:
767 1223 872 1265 puta,
903 1215 934 1252 si
961 1216 1074 1252 Pater
1100 1227 1189 1251 eum
1216 1215 1308 1252 ado-

1123 754 1216 779 DUOS
1243 754 1444 780 ARTICULOS
1470 755 1582 780 DIVISA

1358 854 1516 896 ptasset3
1538 855 1574 884 et
1593 848 1700 897 quod
1719 861 1811 885 eum
1829 849 2132 897 praedestinavit.
2157 849 2287 887 Primo
2307 850 2419 899 igitur

1359 900 1683 937 considerandum
1711 909 1766 937 est
1784 901 1832 938 de
1852 901 2086 939 subiectione
2107 902 2245 939 Christi
2273 904 2321 940 ad
2345 905 2416 940 Pa-

1359 960 1476 997 trem3
1515 953 1707 999 secundo,
1737 954 1784 990 de
1823 954 1905 990 eius
1943 954 2114 991 oratione
2137 954 2175 1001 *ς
2210 955 2339 1002 tertio,
2368 957 2416 993 de

1360 1005 1479 1053 ipsius
1508 1006 1718 1042 sacerdotio
1737 1006 1774 1052 *;
1804 1014 1951 1054 quarto,
1981 1008 2029 1044 de
2058 1007 2274 1056 adoptione,
2304 1020 2353 1045 an
2382 1008 2416 1052 ej

1361 1057 1564 1094 conveniat
1582 1058 1620 1104 *3
1649 1058 1797 1107 quinto,
1817 1059 1864 1095 de
1893 1059 1975 1096 eius
2002 1060 2344 1108 praedestinatione
2363 1060 2413 1098 **.
2442 1063 2464 1100 2.

1362 1110 1472 1147 Circa
1499 1110 1669 1158 primum
1697 1119 1935 1159 quaeruntur
1961 1112 2052 1149 duo.

1414 1162 1565 1199 Primo:
1595 1171 1726 1199 utrum
1755 1163 2000 1200 Christus-sit
2028 1164 2218 1202 subiectus
2246 1165 2358 1202 Patri.

1417 1215 1618 1252 Secundo:
1648 1223 1779 1252 utrum
1808 1216 1852 1252 sit
1880 1217 2071 1268 subiectus
2099 1217 2170 1254 sibi
2197 1217 2279 1267 ipsi.

1056 1332 1374 1375 ARTICULUS
1405 1333 1611 1374 PRIMUS

685 1425 842 1458 UTRUM
865 1425 931 1456 sn·
954 1425 1185 1456 DICENDUM
1209 1425 1433 1456 CHRISTUM
1456 1425 1558 1456 ESSE
1581 1426 1831 1458 SUBIECTUM
1853 1427 1981 1458 PATRI

632 1504 738 1535 Part.1,
755 1511 800 1537 qu.
817 1511 878 1534 ml,
897 1509 944 1530 art.
962 1511 989 1534 4,
1008 1483 1088 1535 ad.1;
1109 1503 1139 1528 ΙΙΙ
1160 1504 1243 1531 Sent„
1262 1504 1321 1529 dist.
1339 1511 1372 1534 xi,
1391 1509 1438 1529 art.
1458 1510 1482 1534 1,
1502 1504 1534 1528 ad
1554 1511 1583 1535 2·
1604 1504 1668 1529 lad
1688 1505 1763 1534 Cor.‚
1783 1512 1838 1537 cap
1856 1513 1896 1536 xv,
1915 1506 1972 1531 lect.
1991 1513 2027 1531 111.

399 1696 599 1746 iectum
626 1696 738 1733 Patri.
776 1696 905 1734 Omne
940 1696 1044 1733 enim
1082 1697 1189 1745 quod
1218 1696 1306 1734 sub-

357 1718 580 1787 Γὶὶἱεῑίΐυι·
614 1749 699 1786 Deo
728 1748 849 1795 Patri,
879 1756 934 1785 est
970 1756 1162 1786 creatura:
1201 1749 1305 1798 quia,

245 1809 288 1839 ut
302 1766 451 1839 dicitur
486 1802 526 1839 in
553 1801 650 1838 libro
683 1802 728 1838 de
760 1778 967 1838 Ecclesiast.
1005 1803 1181 1851 Dogmat.
1201 1802 1239 1848 *,
1269 1804 1306 1838 in

249 1857 285 1893 T
282 1857 427 1892 rinitate
455 1855 545 1892 nihil
571 1860 623 1891 est
647 1855 809 1892 serviens
837 1867 954 1903 neque
983 1857 1193 1892 subiectum.
1231 1855 1306 1892 Sed

245 1920 326 1946 non
353 1915 408 1944 est
436 1906 655 1956 simpliciter
682 1906 891 1943 dicendum
919 1907 1027 1955 quod
1061 1907 1234 1943 Christus
1262 1907 1308 1943 sit

245 1968 438 1998 creatura:
467 1967 510 1996 ut
529 1971 645 2008 supra
662 1959 682 1980 *
710 1959 856 1996 dictum
876 1967 941 1996 est.
972 1960 1075 2007 Ergo
1094 1959 1208 1996 etiam
1227 1971 1307 1996 non

245 2021 302 2052 est
329 2012 548 2062 simpliciter
574 2012 784 2049 dicendum
812 2012 919 2062 quod
949 2012 1122 2049 Christus
1151 2013 1196 2049 sit
1222 2013 1306 2050 Deo

244 2065 346 2104 Patri
374 2065 577 2102 subiectus.

298 2130 334 2156 2.
363 2120 574 2165 Praeterea,
605 2130 652 2155 ex
678 2118 756 2155 hoc
782 2117 919 2154 dicitur
946 2117 1090 2166 aliquid
1109 2118 1194 2154 Deo
1216 2117 1305 2154 sub-

244 2171 407 2217 iectum,
443 2171 551 2220 quod
588 2178 644 2207 est
680 2170 762 2207 eius
799 2170 973 2207 dominio
1010 2170 1189 2207 serviens.
1230 2171 1305 2207 Sed

244 2225 439 2262 humanae
467 2231 625 2261 naturae
653 2223 694 2260 in
722 2223 873 2260 Christo
901 2235 982 2260 non
1006 2231 1132 2282 potest
1155 2223 1306 2260 attribui

245 2277 424 2314 servitus:
459 2276 548 2314 dicit
575 2276 679 2313 enim
706 2277 984 2322 Damascenus‚
1013 2288 1053 2312 1n
1080 2278 1125 2313 III
1154 2276 1249 2313 libro
1268 2276 1303 2313 *z

245 2330 442 2368 Sciendum
462 2330 560 2380 quod
586 2342 703 2379 neque
728 2342 875 2367 servam
890 2328 906 2358 β
933 2331 1062 2378 ipsam,
1092 2330 1306 2366 humanam

246 2382 385 2420 scilicet
402 2390 580 2420 naturam
596 2381 747 2428 Christi,
763 2382 885 2419 dicere
897 2394 1103 2431 possumus.
1121 2384 1307 2420 Servitutis

246 2437 344 2473 enim
381 2441 414 2472 et
450 2436 709 2473 dominationis
746 2447 880 2472 nomen
920 2448 993 2472 non
1033 2441 1190 2472 naturae
1224 2441 1308 2471 sunt

245 2490 491 2539 cognitiones,
519 2489 583 2525 sed
609 2500 738 2525 eorum
767 2500 862 2537 quae
888 2488 939 2524 ad
964 2487 1112 2536 aliquid,
1134 2488 1306 2537 quemad-

245 2541 398 2579 modum
428 2543 659 2590 paternitatis
691 2547 724 2577 et
748 2541 955 2589 filiationis.
994 2541 1095 2588 Ergo
1131 2540 1306 2577 Christus

247 2594 464 2631 secundum
490 2595 705 2631 humanam
732 2601 910 2630 naturam
933 2605 1013 2630 non
1033 2600 1088 2629 est
1115 2593 1306 2630 subiectus

246 2647 332 2684 Deo
360 2646 472 2683 Patri.

302 2699 336 2736 3.
366 2700 598 2746 PRAETEREA,
618 2700 634 2736 Ι
656 2701 742 2737 Cor.
763 2712 811 2736 xv
828 2699 849 2721 '¹‘
876 2698 1029 2736 dicitur:
1064 2700 1158 2736 Cum
1184 2705 1306 2736 autem

245 2753 405 2790 subiecta
421 2753 569 2801 fuerint
600 2752 655 2789 illi
680 2754 825 2799 omnia,
854 2758 940 2789 tunc
968 2754 1044 2802 ipse
1076 2753 1192 2789 Filius
1224 2754 1306 2789 sub-

247 2806 358 2842 iectus
385 2807 453 2842 erit
480 2805 535 2842 illi
559 2807 623 2855 qui
647 2807 717 2842 sihi
741 2806 890 2842 subiecit
917 2806 1055 2842 omnia.
1094 2805 1182 2851 Sed,
1212 2804 1307 2841 sicut

247 2857 385 2895 dicitur
401 2859 500 2895 Heh.
516 2870 537 2895 11
550 2858 582 2904 *,
612 2870 711 2895 nunc
730 2858 886 2895 necdum
911 2858 1075 2895 videmus
1096 2859 1132 2894 ei
1146 2859 1306 2895 subiecta

248 2912 385 2948 omnia.
423 2911 525 2960 Ergo
553 2911 731 2948 nondum
767 2910 849 2960 ipse
878 2917 933 2947 est
964 2910 1156 2947 subiectus
1193 2910 1304 2956 Patri,

248 2963 323 3013 qui·
343 2963 378 3000 ei
406 2963 566 3001 subiecit
594 2963 736 3000 omnia.

302 3016 376 3054 SED
411 3028 555 3053 CONTRA
589 3027 654 3053 EST
691 3015 798 3064 quod
835 3014 971 3052 dicitur
998 3020 1013 3043 Υ
1047 3016 1150 3052 Ioan.
1179 3028 1238 3052 xiv
1265 3015 1304 3051 *ε

247 3070 359 3106 Pater
384 3071 508 3106 maior
534 3081 595 3105 me
621 3074 682 3105 est.
712 3069 760 3105 Et
787 3068 1022 3115 AuguStinus
1050 3067 1150 3114 dicit,
1170 3067 1210 3104 in
1229 3069 1243 3104 I
1262 3067 1308 3104 de

253 3123 288 3159 T
285 3123 356 3159 rin.
375 3121 415 3159 *z
444 3122 535 3159 Non
563 3122 746 3158 immerito
775 3122 964 3170 Scriptura
983 3126 1177 3169 utrumque
1204 3120 1307 3157 dicit:

249 3175 440 3224 aequalem
459 3175 565 3211 Patri
580 3174 737 3218 Filium‚·
764 3178 798 3209 et
823 3174 973 3210 Patrem
997 3174 1178 3210 maiorem
1197 3173 1304 3209 Filio.

248 3226 349 3264 Illud
374 3229 472 3264 enim
494 3231 650 3276 propter
666 3227 841 3274 formam
868 3226 951 3271 Dei,
980 3226 1050 3262 hoc
1077 3230 1199 3262 autem
1214 3237 1305 3274 pro-

243 3285 329 3329 pter
341 3280 509 3327 formam
527 3280 636 3325 servi,
655 3280 734 3315 sine
752 3278 827 3314 ulla
846 3278 1064 3324 confusione
1082 3277 1304 3326 intelligitur.

303 3400 331 3471 ιζ
346 3405 468 3434 possunt.
485 3404 629 3434 —possent
645 3401 718 3426 tertia
736 3404 837 3433 praeter
855 3400 873 3425 1.

303 3435 319 3469 β
347 3443 461 3463 servam.
482 3451 502 3456 —
522 3437 610 3462 Tertia
636 3441 737 3468 praeter
759 3435 783 3467 15
806 3435 949 3460 secundum
977 3435 1073 3466 (ipsam
1102 3441 1182 3458 unam
1209 3433 1308 3458 scilicet

251 3470 394 3497 humanam
417 3473 555 3504 naturam)
574 3472 592 3503 1,
611 3471 754 3496 secundum
779 3473 904 3494 naturam
926 3469 1012 3495 ceteri.
1029 3483 1050 3488 -
1067 3469 1117 3493 Pro
1134 3468 1306 3502 cognitiones,

250 3506 414 3533 conditiones
431 3507 472 3538 Π,
490 3507 665 3540 cogitationes
683 3506 735 3534 Dc,·
754 3506 772 3530 Ρ
792 3506 867 3537 legit:
892 3505 1035 3529 Servitun's
1053 3504 1123 3529 enim
1141 3507 1167 3528 et
1186 3504 1307 3528 domina-

252 3540 332 3566 tionis
354 3541 461 3567 nomina
483 3549 536 3567 non
559 3545 674 3567 naturae
694 3544 757 3566 sunt
777 3540 886 3565 nomina
907 3539 1117 3572 cognitionisque
1137 3539 1216 3572 signa
1233 3538 1306 3564 sed...

244 3575 389 3607 filiationis
406 3577 522 3604 nomina.

455 1603 478 1628 D
506 1602 642 1628 PRIMUM
665 1602 717 1627 s1c
745 1602 982 1628 PROCEDITUR.
1011 1591 1172 1628 Videtur
1199 1591 1306 1640 quod
1360 1590 1437 1627 Sed
1464 1590 1592 1628 minor
1619 1599 1674 1628 est
1701 1591 1893 1628 subiectus
1920 1592 2067 1629 maiori.
2100 1593 2200 1641 Ergo
2230 1594 2414 1642 Christus,

1359 1643 1576 1680 secundum
1603 1644 1767 1681 formam
1795 1644 1906 1690 servi,
1935 1652 1990 1681 est
2017 1645 2118 1681 Patri
2146 1645 2348 1684 subiectus.

1413 1697 1636 1733 RESPONDEO
1663 1709 1844 1734 DICENDUM
1864 1698 1970 1746 quod
1990 1698 2142 1734 cuilibet
2168 1699 2323 1736 habenti
2351 1700 2415 1737 ali-

1360 1760 1479 1797 quam
1499 1757 1675 1786 naturam
1701 1750 1936 1786 conveniunt
1955 1762 2000 1786 ea
2019 1762 2118 1799 quae
2147 1759 2234 1788 sunt
2261 1752 2416 1801 propria

1360 1801 1459 1838 illius
1477 1809 1647 1838 naturae.
1677 1803 1824 1838 Natura
1843 1810 1972 1839 autem
1992 1803 2163 1840 humana
2182 1817 2229 1840 ex
2247 1805 2306 1840 sui
2325 1817 2415 1842 con-

1360 1854 1503 1890 ditione
1531 1854 1646 1890 habet
1673 1854 1859 1903 triplicem
1887 1854 2164 1892 subiectionem
2198 1857 2246 1893 ad
2273 1857 2413 1894 Deum.

1359 1907 1487 1944 Unam
1506 1907 1664 1956 quidem
1684 1907 1899 1943 secundum
1913 1908 2075 1955 gradum
2089 1908 2281 1946 bonitatis:
2302 1918 2417 1958 prout

1359 1959 1498 1996 Scilicet
1525 1966 1661 1996 natura
1688 1959 1818 1996 divina
1846 1967 1901 1996 est
1928 1960 2010 2009 ipsa
2037 1961 2199 1998 essentia
2226 1962 2414 2009 bonitatis,

1359 2020 1402 2048 ut
1428 2019 1530 2061 patet
1557 2024 1627 2061 per
1653 2012 1897 2062 Dionysium,
1926 2025 1936 2049 1
1964 2025 2045 2062 cap.
2074 2013 2119 2050 de
2136 2015 2221 2052 Div.
2242 2015 2356 2052 Nom.
2377 2016 2414 2062 *3

1359 2072 1495 2102 natura
1529 2072 1659 2102 autem
1686 2073 1811 2102 creata
1838 2065 1953 2102 habet
1987 2067 2184 2114 quandam
2217 2067 2416 2117 participa-

1358 2117 1505 2154 tionem
1532 2117 1685 2154 divinae
1713 2117 1906 2163 bonitatis,
1936 2118 2045 2167 quasi
2074 2119 2188 2156 radiis
2222 2119 2319 2157 illius
2347 2121 2416 2158 bo-

1358 2166 1483 2207 nitatis
1503 2171 1682 2207 subiecta.
1712 2192 1737 2196 —
1767 2171 1959 2216 Secundo,
1980 2171 2152 2208 humana
2170 2180 2306 2210 natura
2327 2174 2415 2210 sub-

1358 2223 1482 2260 iicitur
1508 2223 1592 2260 Deo
1621 2230 1810 2272 quantum
1838 2223 1886 2259 ad
1919 2223 1990 2259 Dei
2017 2231 2262 2273 potestatem.
2301 2234 2416 2274 prout

1359 2276 1498 2313 scilicet
1525 2277 1697 2312 humana
1724 2283 1880 2321 natura,
1909 2275 2005 2312 sicut
2032 2284 2068 2313 et
2095 2277 2285 2325 quaelibet
2312 2290 2414 2316 crea-

1358 2337 1454 2374 tura,
1484 2329 1653 2365 subiacet
1680 2327 1891 2377 operationi
1919 2327 2069 2365 divinae
2097 2329 2365 2378 dispositionis.
2388 2353 2414 2358 -

1358 2381 1490 2418 Tertio
1527 2382 1667 2427 modo,
1706 2381 1914 2429 specialiter
1950 2382 2121 2418 humana
2157 2390 2292 2419 natura
2328 2384 2412 2420 Deo

1360 2434 1557 2471 subiicitur
1583 2446 1653 2483 per
1670 2432 1683 2455 ⁶
1711 2434 1912 2482 proprium
1940 2446 2055 2470 suum
2075 2441 2221 2471 actum:
2251 2435 2412 2483 inquan-

1358 2495 1443 2524 tum
1475 2487 1612 2524 scilicet
1647 2487 1802 2535 propria
1828 2487 2022 2523 voluntate
2060 2486 2188 2523 obedit
2224 2487 2412 2524 mandatis

1359 2553 1452 2577 eius.

1412 2594 1460 2630 Et
1497 2593 1597 2629 hanc
1637 2591 1822 2640 triplicem
1863 2591 2139 2628 subiectionem
2176 2591 2223 2628 ad
2260 2593 2412 2629 Patrem

1361 2645 1533 2683 Christus
1562 2646 1609 2682 de
1637 2645 1762 2694 seipso
1791 2644 2003 2681 confitetur.
2039 2644 2209 2681 Primam
2241 2644 2410 2693 quidem,

1359 2699 1494 2735 Matth.
1515 2710 1574 2735 X1x
1591 2697 1626 2734 *ε
1662 2697 1760 2740 Quid
1776 2710 1836 2734 me
1855 2699 2063 2746 interrogas
2090 2697 2134 2733 de
2152 2697 2278 2734 bono?
2309 2698 2412 2734 Unus

1359 2757 1410 2788 est
1437 2753 1554 2788 bonus
1580 2752 1691 2787 Deus.
1739 2750 1812 2787 Ubi
1846 2749 2106 2799 Hieronymus
2134 2749 2222 2786 dicit
2240 2749 2260 2770 '¹‘
2286 2750 2410 2798 quod,

1360 2805 1445 2853 quia
1482 2816 1565 2840 eum
1594 2805 1812 2853 magistrum
1846 2807 2043 2840 vocaverat
2076 2803 2233 2848 bonum,
2269 2807 2303 2838 et
2336 2815 2410 2839 non

1359 2859 1481 2893 Deum
1499 2857 1558 2894 vel
1574 2857 1647 2892 Dei
1663 2856 1798 2893 Filium
1818 2856 2003 2902 confessus
2026 2860 2115 2900 erat,
2135 2853 2226 2890 dixit
2246 2856 2411 2903 quamvis

1358 2915 1526 2946 sanctum
1553 2910 1739 2945 hominem
1767 2909 1804 2944 in
1832 2908 2108 2956 comparatione
2131 2907 2205 2943 Dei
2229 2919 2302 2943 non
2336 2919 2412 2944 esse

1360 2964 1508 2999 bonum.
1548 2962 1621 2997 Per
1647 2960 1753 3009 quod
1772 2965 1784 2980 Ε
1812 2959 1915 2996 dedit
1950 2958 2152 3006 intelligere
2184 2959 2291 3007 quod
2318 2959 2410 3008 ipse,

1360 3014 1575 3051 secundum
1603 3013 1815 3049 humanam
1843 3019 2036 3055 naturam,
2065 3022 2146 3047 non
2179 3010 2413 3060 pertingebat

1360 3067 1408 3103 ad
1427 3066 1589 3114 gradum
1607 3064 1783 3101 bonitatis
1811 3063 1973 3101 divinae.
2003 3064 2051 3100 Et
2076 3062 2166 3112 quia
2184 3065 2221 3100 in
2245 3064 2300 3100 his
2319 3077 2413 3113 quae

1360 3131 1433 3156 non
1462 3118 1559 3155 mole
1585 3129 1727 3166 magna
1753 3122 1848 3163 sunt,
1877 3116 1973 3152 idem
2000 3122 2050 3152 est
2077 3128 2153 3152 esse
2179 3117 2298 3152 maius
2316 3117 2415 3166 quod

1345 3171 1499 3216 'melius,
1529 3177 1571 3206 ut
1597 3168 1831 3217 Augustinus
1858 3168 1957 3214 dicit,
1978 3168 2017 3205 in
2035 3169 2085 3206 VI
2110 3168 2155 3205 de
2177 3170 2212 3205 T
2209 3169 2279 3205 rin.
2299 3168 2336 3215 *3
2366 3181 2413 3207 ex

1359 3224 1432 3259 hac
1459 3222 1603 3259 ratione
1641 3223 1751 3258 Pater
1777 3221 1914 3258 dicitur
1948 3222 2071 3258 maior
2101 3222 2243 3258 Christo
2279 3233 2412 3259 secun-

1360 3276 1455 3312 dum
1482 3275 1695 3311 humanam
1723 3281 1911 3311 naturam.

1412 3395 1440 3430 γ)
1459 3397 1566 3422 dicitur.
1583 3411 1602 3415 -
1621 3397 1751 3421 Dominus
1770 3396 1835 3421 dicit
1852 3396 1934 3421 tertia.

1413 3431 1439 3501 g)
1454 3439 1513 3492 geere
1528 3435 1699 3492 ἷοηᾳῖνῗιῖήὲἑτ·
1715 3432 1828 3499 αῗοΞμ-
1841 3466 1931 3497 PBt-‘13
1948 3468 1988 3490 est
2006 3465 2099 3490 bonum
2115 3473 2167 3498 per
2184 3465 2232 3490 hoc
2249 3466 2321 3498 quod
2338 3466 2413 3497 ΑΒΕ,

1359 3506 1399 3528 est
1417 3503 1513 3528 bonum
1528 3509 1580 3534 per
1597 3502 1669 3535 quod
1686 3502 1717 3532 D.
1736 3509 1791 3527 esse
1809 3501 1983 3526 bonum.1²er
2001 3500 2050 3525 hoc
2067 3500 2148 3527 Gabc.

2444 964 2454 974 ⁸
2469 963 2518 991 Qu.
2530 970 2579 986 ιιι.

2444 1016 2454 1026 ’
2470 1015 2517 1042 Qu.
2531 1021 2590 1038 xxu.

2493 1069 2516 1084 ΙΙ.
2529 1069 2597 1085 xxm.

2505 1096 2527 1112 u·
2541 1096 2611 1112 xxiv.

2443 2022 2452 2031 ⁸
2461 2020 2486 2043 S.
2491 2020 2535 2043 Th.
2544 2021 2595 2043 lect.
2602 2027 2636 2043 ιιι.
2642 2034 2655 2039 -

2443 2047 2652 2076 Cf.cap.1v,1ect.1.

2438 2707 2448 2717 ·
2463 2706 2530 2729 Vers.
2545 2713 2578 2734 ¹7·

2437 2757 2595 2805 inqomment.
2607 2758 2648 2781 lib.

2439 3177 2449 3187 ⁵
2463 3177 2520 3205 Cap.
2535 3183 2584 3199 vui.
