<?xml version="1.0" encoding="UTF-8"?>
<!DOCTYPE html PUBLIC "-//W3C//DTD XHTML 1.0 Transitional//EN"
    "http://www.w3.org/TR/xhtml1/DTD/xhtml1-transitional.dtd">
<html xmlns="http://www.w3.org/1999/xhtml" xml:lang="en" lang="en">
 <head>
  <title>
</title>
<meta http-equiv="Content-Type" content="text/html;charset=utf-8" />
  <meta name='ocr-system' content='tesseract 3.04.00' />
  <meta name='ocr-capabilities' content='ocr_page ocr_carea ocr_par ocr_line ocrx_word'/>
</head>
<body>
  <div class='ocr_page' id='page_1' title='image "./operaomniaiussui11thom/operaomniaiussui11thom_0392.png"; bbox 0 0 2872 3970; ppageno 0'>
   <div class='ocr_carea' id='block_1_1' title="bbox 256 900 466 948">
    <p class='ocr_par' dir='ltr' id='par_1_1' title="bbox 256 900 466 948">
     <span class='ocr_line' id='line_1_1' title="bbox 256 900 466 927; baseline -0.014 -4"><span class='ocrx_word' id='word_1_1' title='bbox 256 903 265 912; x_wconf 85' lang='lat'>&#39;</span> <span class='ocrx_word' id='word_1_2' title='bbox 276 900 405 927; x_wconf 65' lang='lat' dir='ltr'>Enchtria„</span> <span class='ocrx_word' id='word_1_3' title='bbox 416 905 466 927; x_wconf 71' lang='lat' dir='ltr'>cap.</span> 
     </span>
     <span class='ocr_line' id='line_1_2' title="bbox 256 933 332 948; baseline 0 0"><span class='ocrx_word' id='word_1_4' title='bbox 256 933 332 948; x_wconf 74' lang='lat' dir='ltr'>xxxix.</span> 
     </span>
    </p>
   </div>
   <div class='ocr_carea' id='block_1_2' title="bbox 353 1115 367 1147">
    <p class='ocr_par' dir='ltr' id='par_1_2' title="bbox 353 1115 367 1147">
     <span class='ocr_line' id='line_1_3' title="bbox 353 1115 367 1147; baseline 0 0"><span class='ocrx_word' id='word_1_5' title='bbox 353 1115 367 1147; x_wconf 74' lang='grc' dir='ltr'>β</span> 
     </span>
    </p>
   </div>
   <div class='ocr_carea' id='block_1_3' title="bbox 262 2439 447 2508">
    <p class='ocr_par' dir='ltr' id='par_1_3' title="bbox 262 2439 447 2508">
     <span class='ocr_line' id='line_1_4' title="bbox 262 2439 440 2461; baseline 0 -1"><span class='ocrx_word' id='word_1_6' title='bbox 262 2439 273 2451; x_wconf 78' lang='grc'><em>·</em></span> <span class='ocrx_word' id='word_1_7' title='bbox 286 2439 322 2461; x_wconf 89' lang='lat' dir='ltr'>Cf.</span> <span class='ocrx_word' id='word_1_8' title='bbox 337 2445 399 2460; x_wconf 89' lang='lat' dir='ltr'>num.</span> <span class='ocrx_word' id='word_1_9' title='bbox 415 2444 440 2460; x_wconf 84' lang='lat' dir='ltr'>n.</span> 
     </span>
     <span class='ocr_line' id='line_1_5' title="bbox 262 2485 447 2508; baseline -0.005 0"><span class='ocrx_word' id='word_1_10' title='bbox 262 2488 272 2497; x_wconf 82' lang='lat'>·</span> <span class='ocrx_word' id='word_1_11' title='bbox 287 2485 322 2508; x_wconf 81' lang='lat' dir='ltr'>cf.</span> <span class='ocrx_word' id='word_1_12' title='bbox 338 2491 401 2507; x_wconf 88' lang='lat' dir='ltr'>num.</span> <span class='ocrx_word' id='word_1_13' title='bbox 416 2492 447 2507; x_wconf 85' lang='lat' dir='ltr'>m.</span> 
     </span>
    </p>
   </div>
   <div class='ocr_carea' id='block_1_4' title="bbox 493 294 567 332">
    <p class='ocr_par' dir='ltr' id='par_1_4' title="bbox 493 294 567 332">
     <span class='ocr_line' id='line_1_6' title="bbox 493 294 567 332; baseline 0.014 -1"><span class='ocrx_word' id='word_1_14' title='bbox 493 294 567 332; x_wconf 86' lang='lat'>336</span> 
     </span>
    </p>
   </div>
   <div class='ocr_carea' id='block_1_5' title="bbox 1154 283 2000 335">
    <p class='ocr_par' dir='ltr' id='par_1_5' title="bbox 1154 283 2000 335">
     <span class='ocr_line' id='line_1_7' title="bbox 1154 283 2000 335; baseline -0.006 -10"><span class='ocrx_word' id='word_1_15' title='bbox 1154 286 1416 335; x_wconf 91' lang='lat' dir='ltr'>QUAESTIO</span> <span class='ocrx_word' id='word_1_16' title='bbox 1446 284 1605 329; x_wconf 88' lang='lat' dir='ltr'><strong>XXXII,</strong></span> <span class='ocrx_word' id='word_1_17' title='bbox 1634 283 1926 322; x_wconf 74' lang='lat' dir='ltr'>ARTICULUS</span> <span class='ocrx_word' id='word_1_18' title='bbox 1953 284 2000 320; x_wconf 88' lang='lat'>111</span> 
     </span>
    </p>
   </div>
   <div class='ocr_carea' id='block_1_6' title="bbox 492 359 2669 474">
    <p class='ocr_par' dir='ltr' id='par_1_6' title="bbox 492 359 2669 474">
     <span class='ocr_line' id='line_1_8' title="bbox 492 359 2669 415; baseline -0.004 -6"><span class='ocrx_word' id='word_1_19' title='bbox 492 381 528 410; x_wconf 92' lang='lat' dir='ltr'>et</span> <span class='ocrx_word' id='word_1_20' title='bbox 555 370 800 408; x_wconf 86' lang='lat' dir='ltr'>maternitatis</span> <span class='ocrx_word' id='word_1_21' title='bbox 828 377 864 407; x_wconf 90' lang='lat' dir='ltr'>et</span> <span class='ocrx_word' id='word_1_22' title='bbox 889 367 1081 406; x_wconf 90' lang='lat' dir='ltr'>filiationis</span> <span class='ocrx_word' id='word_1_23' title='bbox 1105 364 1389 415; x_wconf 86' lang='lat' dir='ltr'>generationem</span> <span class='ocrx_word' id='word_1_24' title='bbox 1417 372 1550 399; x_wconf 88' lang='lat' dir='ltr'>conse·</span> <span class='ocrx_word' id='word_1_25' title='bbox 1575 359 1579 386; x_wconf 80' lang='lat'>¹</span> <span class='ocrx_word' id='word_1_26' title='bbox 1603 361 1760 398; x_wconf 88' lang='lat' dir='ltr'>sectam:</span> <span class='ocrx_word' id='word_1_27' title='bbox 1799 361 1906 408; x_wconf 91' lang='lat' dir='ltr'>sicut,</span> <span class='ocrx_word' id='word_1_28' title='bbox 1942 361 2033 410; x_wconf 85' lang='lat' dir='ltr'>quia</span> <span class='ocrx_word' id='word_1_29' title='bbox 2070 362 2246 399; x_wconf 86' lang='lat' dir='ltr'><strong>Socrates</strong></span> <span class='ocrx_word' id='word_1_30' title='bbox 2279 361 2417 399; x_wconf 90' lang='lat' dir='ltr'>dicitur</span> <span class='ocrx_word' id='word_1_31' title='bbox 2449 362 2669 400; x_wconf 76' lang='lat' dir='ltr'>naturaliter</span> 
     </span>
     <span class='ocr_line' id='line_1_9' title="bbox 492 413 2666 474; baseline -0.004 -13"><span class='ocrx_word' id='word_1_32' title='bbox 492 432 675 474; x_wconf 91' lang='lat' dir='ltr'>quuntur,</span> <span class='ocrx_word' id='word_1_33' title='bbox 702 435 783 460; x_wconf 91' lang='lat' dir='ltr'>non</span> <span class='ocrx_word' id='word_1_34' title='bbox 810 430 939 460; x_wconf 87' lang='lat' dir='ltr'>tamen</span> <span class='ocrx_word' id='word_1_35' title='bbox 968 419 1188 470; x_wconf 82' lang='lat' dir='ltr'>quamlibet,</span> <span class='ocrx_word' id='word_1_36' title='bbox 1212 418 1279 454; x_wconf 92' lang='lat' dir='ltr'>sed</span> <span class='ocrx_word' id='word_1_37' title='bbox 1306 414 1460 465; x_wconf 88' lang='lat' dir='ltr'>proprie</span> <span class='ocrx_word' id='word_1_38' title='bbox 1489 425 1550 460; x_wconf 88' lang='lat' dir='ltr'>ge·</span> <span class='ocrx_word' id='word_1_39' title='bbox 1605 414 1727 450; x_wconf 91' lang='lat' dir='ltr'>homo</span> <span class='ocrx_word' id='word_1_40' title='bbox 1765 414 1981 451; x_wconf 92' lang='lat' dir='ltr'>secundum</span> <span class='ocrx_word' id='word_1_41' title='bbox 2018 413 2216 463; x_wconf 83' lang='lat' dir='ltr'>propriam</span> <span class='ocrx_word' id='word_1_42' title='bbox 2252 414 2442 452; x_wconf 88' lang='lat' dir='ltr'>rationem</span> <span class='ocrx_word' id='word_1_43' title='bbox 2477 414 2666 462; x_wconf 74' lang='lat' dir='ltr'>hominis,</span> 
     </span>
    </p>
   </div>
   <div class='ocr_carea' id='block_1_7' title="bbox 493 466 1549 521">
    <p class='ocr_par' dir='ltr' id='par_1_7' title="bbox 493 466 1549 521">
     <span class='ocr_line' id='line_1_10' title="bbox 493 466 1549 521; baseline -0.012 -7"><span class='ocrx_word' id='word_1_44' title='bbox 493 476 730 514; x_wconf 90' lang='lat' dir='ltr'>nerationem</span> <span class='ocrx_word' id='word_1_45' title='bbox 757 474 987 519; x_wconf 86' lang='lat' dir='ltr'>viventium,</span> <span class='ocrx_word' id='word_1_46' title='bbox 1017 481 1052 509; x_wconf 91' lang='lat' dir='ltr'>et</span> <span class='ocrx_word' id='word_1_47' title='bbox 1079 470 1284 521; x_wconf 88' lang='lat' dir='ltr'>praecipue</span> <span class='ocrx_word' id='word_1_48' title='bbox 1312 466 1549 505; x_wconf 82' lang='lat' dir='ltr'>animalium.</span> 
     </span>
    </p>
   </div>
   <div class='ocr_carea' id='block_1_8' title="bbox 1605 465 2668 516">
    <p class='ocr_par' dir='ltr' id='par_1_8' title="bbox 1605 465 2668 516">
     <span class='ocr_line' id='line_1_11' title="bbox 1605 465 2668 516; baseline 0 -13"><span class='ocrx_word' id='word_1_49' title='bbox 1605 477 1808 515; x_wconf 88' lang='lat' dir='ltr'>nunquam</span> <span class='ocrx_word' id='word_1_50' title='bbox 1835 465 1972 503; x_wconf 89' lang='lat' dir='ltr'>dicitur</span> <span class='ocrx_word' id='word_1_51' title='bbox 1999 467 2121 504; x_wconf 89' lang='lat' dir='ltr'>homo</span> <span class='ocrx_word' id='word_1_52' title='bbox 2153 467 2371 504; x_wconf 89' lang='lat' dir='ltr'>secundum</span> <span class='ocrx_word' id='word_1_53' title='bbox 2395 466 2500 505; x_wconf 87' lang='lat' dir='ltr'>illam</span> <span class='ocrx_word' id='word_1_54' title='bbox 2526 466 2668 516; x_wconf 80' lang='lat' dir='ltr'>signifi-,-</span> 
     </span>
    </p>
   </div>
   <div class='ocr_carea' id='block_1_9' title="bbox 493 517 2670 630">
    <p class='ocr_par' dir='ltr' id='par_1_9' title="bbox 493 517 2670 630">
     <span class='ocr_line' id='line_1_12' title="bbox 493 517 2670 575; baseline -0.004 -8"><span class='ocrx_word' id='word_1_55' title='bbox 493 531 585 567; x_wconf 93' lang='lat' dir='ltr'>Non</span> <span class='ocrx_word' id='word_1_56' title='bbox 613 528 718 566; x_wconf 89' lang='lat' dir='ltr'>enim</span> <span class='ocrx_word' id='word_1_57' title='bbox 736 527 899 566; x_wconf 88' lang='lat' dir='ltr'>dicimus</span> <span class='ocrx_word' id='word_1_58' title='bbox 919 526 1025 575; x_wconf 92' lang='lat' dir='ltr'>quod</span> <span class='ocrx_word' id='word_1_59' title='bbox 1044 524 1139 573; x_wconf 86' lang='lat' dir='ltr'>ignis</span> <span class='ocrx_word' id='word_1_60' title='bbox 1158 529 1358 571; x_wconf 85' lang='lat' dir='ltr'>generatus</span> <span class='ocrx_word' id='word_1_61' title='bbox 1378 519 1423 557; x_wconf 92' lang='lat' dir='ltr'>sit</span> <span class='ocrx_word' id='word_1_62' title='bbox 1449 518 1552 555; x_wconf 86' lang='lat' dir='ltr'>filius</span> <span class='ocrx_word' id='word_1_63' title='bbox 1605 518 1796 556; x_wconf 85' lang='lat' dir='ltr'>cationem</span> <span class='ocrx_word' id='word_1_64' title='bbox 1815 531 1894 568; x_wconf 84' lang='lat' dir='ltr'>qua</span> <span class='ocrx_word' id='word_1_65' title='bbox 1911 518 2060 568; x_wconf 86' lang='lat' dir='ltr'>pictura</span> <span class='ocrx_word' id='word_1_66' title='bbox 2078 517 2248 556; x_wconf 81' lang='lat' dir='ltr'>hominis</span> <span class='ocrx_word' id='word_1_67' title='bbox 2267 519 2404 557; x_wconf 90' lang='lat' dir='ltr'>dicitur</span> <span class='ocrx_word' id='word_1_68' title='bbox 2421 519 2670 567; x_wconf 45' lang='lat' dir='ltr'>homo,2lioet</span> 
     </span>
     <span class='ocr_line' id='line_1_13' title="bbox 493 570 2670 630; baseline -0.002 -15"><span class='ocrx_word' id='word_1_69' title='bbox 493 582 588 630; x_wconf 84' lang='lat' dir='ltr'>ignis</span> <span class='ocrx_word' id='word_1_70' title='bbox 614 580 844 630; x_wconf 78' lang='lat' dir='ltr'>generantis,</span> <span class='ocrx_word' id='word_1_71' title='bbox 873 579 945 616; x_wconf 87' lang='lat' dir='ltr'>nisi</span> <span class='ocrx_word' id='word_1_72' title='bbox 972 578 1065 615; x_wconf 89' lang='lat' dir='ltr'>forte</span> <span class='ocrx_word' id='word_1_73' title='bbox 1101 575 1317 613; x_wconf 91' lang='lat' dir='ltr'>secundum</span> <span class='ocrx_word' id='word_1_74' title='bbox 1352 571 1552 620; x_wconf 82' lang='lat' dir='ltr'>metapho-</span> <span class='ocrx_word' id='word_1_75' title='bbox 1605 570 1699 607; x_wconf 86' lang='lat' dir='ltr'>sorte</span> <span class='ocrx_word' id='word_1_76' title='bbox 1727 570 1808 620; x_wconf 91' lang='lat' dir='ltr'>ipse</span> <span class='ocrx_word' id='word_1_77' title='bbox 1837 571 2064 609; x_wconf 87' lang='lat' dir='ltr'>assimiletur</span> <span class='ocrx_word' id='word_1_78' title='bbox 2091 572 2196 609; x_wconf 87' lang='lat' dir='ltr'>alteri</span> <span class='ocrx_word' id='word_1_79' title='bbox 2217 571 2379 609; x_wconf 89' lang='lat' dir='ltr'>homini.</span> <span class='ocrx_word' id='word_1_80' title='bbox 2409 571 2583 610; x_wconf 82' lang='lat' dir='ltr'>Christus</span> <span class='ocrx_word' id='word_1_81' title='bbox 2601 582 2670 610; x_wconf 47' lang='lat' dir='ltr'>aue</span> 
     </span>
    </p>
   </div>
   <div class='ocr_carea' id='block_1_10' title="bbox 494 625 1558 1887">
    <p class='ocr_par' dir='ltr' id='par_1_10' title="bbox 494 625 1558 1722">
     <span class='ocr_line' id='line_1_14' title="bbox 494 625 1552 681; baseline -0.013 -8"><span class='ocrx_word' id='word_1_82' title='bbox 494 647 595 673; x_wconf 89' lang='lat' dir='ltr'>ram:</span> <span class='ocrx_word' id='word_1_83' title='bbox 625 634 692 671; x_wconf 89' lang='lat' dir='ltr'>sed</span> <span class='ocrx_word' id='word_1_84' title='bbox 711 634 787 670; x_wconf 93' lang='lat' dir='ltr'>hoc</span> <span class='ocrx_word' id='word_1_85' title='bbox 806 633 931 670; x_wconf 90' lang='lat' dir='ltr'>solum</span> <span class='ocrx_word' id='word_1_86' title='bbox 952 630 1114 681; x_wconf 84' lang='lat' dir='ltr'>dicimus</span> <span class='ocrx_word' id='word_1_87' title='bbox 1137 628 1177 665; x_wconf 89' lang='lat' dir='ltr'>in</span> <span class='ocrx_word' id='word_1_88' title='bbox 1201 625 1429 664; x_wconf 87' lang='lat' dir='ltr'>animalibus</span> <span class='ocrx_word' id='word_1_89' title='bbox 1456 635 1552 673; x_wconf 93' lang='lat' dir='ltr'>quo-</span> 
     </span>
     <span class='ocr_line' id='line_1_15' title="bbox 494 679 1553 736; baseline -0.012 -11"><span class='ocrx_word' id='word_1_90' title='bbox 494 699 582 724; x_wconf 88' lang='lat' dir='ltr'>rum</span> <span class='ocrx_word' id='word_1_91' title='bbox 618 685 810 734; x_wconf 87' lang='lat' dir='ltr'>generatio</span> <span class='ocrx_word' id='word_1_92' title='bbox 845 692 900 722; x_wconf 93' lang='lat' dir='ltr'>est</span> <span class='ocrx_word' id='word_1_93' title='bbox 931 683 1051 731; x_wconf 84' lang='lat' dir='ltr'>magis</span> <span class='ocrx_word' id='word_1_94' title='bbox 1087 680 1261 731; x_wconf 89' lang='lat' dir='ltr'>perfecta.</span> <span class='ocrx_word' id='word_1_95' title='bbox 1303 679 1388 715; x_wconf 92' lang='lat' dir='ltr'>Nec</span> <span class='ocrx_word' id='word_1_96' title='bbox 1405 685 1553 736; x_wconf 36' lang='lat' dir='ltr'>‘tame-n</span> 
     </span>
     <span class='ocr_line' id='line_1_16' title="bbox 495 730 1553 788; baseline -0.012 -11"><span class='ocrx_word' id='word_1_97' title='bbox 495 751 612 778; x_wconf 90' lang='lat' dir='ltr'>omne</span> <span class='ocrx_word' id='word_1_98' title='bbox 647 738 754 788; x_wconf 92' lang='lat' dir='ltr'>quod</span> <span class='ocrx_word' id='word_1_99' title='bbox 781 737 820 774; x_wconf 90' lang='lat' dir='ltr'>in</span> <span class='ocrx_word' id='word_1_100' title='bbox 853 735 1080 774; x_wconf 82' lang='lat' dir='ltr'>animalibus</span> <span class='ocrx_word' id='word_1_101' title='bbox 1114 740 1332 782; x_wconf 85' lang='lat' dir='ltr'>generatur,</span> <span class='ocrx_word' id='word_1_102' title='bbox 1361 730 1553 767; x_wconf 81' lang='lat' dir='ltr'>filiationis</span> 
     </span>
     <span class='ocr_line' id='line_1_17' title="bbox 495 784 1554 841; baseline -0.011 -12"><span class='ocrx_word' id='word_1_103' title='bbox 495 791 639 840; x_wconf 88' lang='lat' dir='ltr'>accepit</span> <span class='ocrx_word' id='word_1_104' title='bbox 656 802 820 828; x_wconf 89' lang='lat' dir='ltr'>nomen:</span> <span class='ocrx_word' id='word_1_105' title='bbox 850 789 917 826; x_wconf 92' lang='lat' dir='ltr'>sed</span> <span class='ocrx_word' id='word_1_106' title='bbox 943 789 1069 825; x_wconf 90' lang='lat' dir='ltr'>solum</span> <span class='ocrx_word' id='word_1_107' title='bbox 1097 786 1189 823; x_wconf 88' lang='lat' dir='ltr'>illud</span> <span class='ocrx_word' id='word_1_108' title='bbox 1218 784 1325 834; x_wconf 91' lang='lat' dir='ltr'>quod</span> <span class='ocrx_word' id='word_1_109' title='bbox 1352 789 1554 841; x_wconf 82' lang='lat' dir='ltr'>generatur</span> 
     </span>
     <span class='ocr_line' id='line_1_18' title="bbox 494 837 1554 893; baseline -0.01 -12"><span class='ocrx_word' id='word_1_110' title='bbox 494 844 534 881; x_wconf 92' lang='lat' dir='ltr'>in</span> <span class='ocrx_word' id='word_1_111' title='bbox 553 843 797 880; x_wconf 85' lang='lat' dir='ltr'>similitudine</span> <span class='ocrx_word' id='word_1_112' title='bbox 815 840 1039 890; x_wconf 86' lang='lat' dir='ltr'>generantis.</span> <span class='ocrx_word' id='word_1_113' title='bbox 1060 839 1184 884; x_wconf 89' lang='lat' dir='ltr'>Unde,</span> <span class='ocrx_word' id='word_1_114' title='bbox 1205 838 1300 874; x_wconf 89' lang='lat' dir='ltr'>sicut</span> <span class='ocrx_word' id='word_1_115' title='bbox 1318 837 1554 893; x_wconf 74' lang='lat' dir='ltr'>Augustinus</span> 
     </span>
     <span class='ocr_line' id='line_1_19' title="bbox 495 888 1554 946; baseline -0.009 -13"><span class='ocrx_word' id='word_1_116' title='bbox 495 896 583 934; x_wconf 92' lang='lat' dir='ltr'>dicit</span> <span class='ocrx_word' id='word_1_117' title='bbox 601 895 638 942; x_wconf 67' lang='lat'>²¹⁸,</span> <span class='ocrx_word' id='word_1_118' title='bbox 667 907 747 932; x_wconf 92' lang='lat' dir='ltr'>non</span> <span class='ocrx_word' id='word_1_119' title='bbox 775 894 938 931; x_wconf 89' lang='lat' dir='ltr'>dicimus</span> <span class='ocrx_word' id='word_1_120' title='bbox 967 893 1074 942; x_wconf 93' lang='lat' dir='ltr'>quod</span> <span class='ocrx_word' id='word_1_121' title='bbox 1106 891 1264 940; x_wconf 88' lang='lat' dir='ltr'>capillus</span> <span class='ocrx_word' id='word_1_122' title='bbox 1292 888 1359 938; x_wconf 93' lang='lat' dir='ltr'>qui</span> <span class='ocrx_word' id='word_1_123' title='bbox 1387 894 1554 946; x_wconf 77' lang='lat' dir='ltr'>nascitur</span> 
     </span>
     <span class='ocr_line' id='line_1_20' title="bbox 496 941 1554 998; baseline -0.009 -13"><span class='ocrx_word' id='word_1_124' title='bbox 496 961 541 985; x_wconf 86' lang='lat' dir='ltr'>ex</span> <span class='ocrx_word' id='word_1_125' title='bbox 563 947 732 994; x_wconf 91' lang='lat' dir='ltr'>homine,</span> <span class='ocrx_word' id='word_1_126' title='bbox 753 947 798 984; x_wconf 92' lang='lat' dir='ltr'>sit</span> <span class='ocrx_word' id='word_1_127' title='bbox 818 946 920 983; x_wconf 88' lang='lat' dir='ltr'>filius</span> <span class='ocrx_word' id='word_1_128' title='bbox 939 944 1127 990; x_wconf 90' lang='lat' dir='ltr'>hominis;</span> <span class='ocrx_word' id='word_1_129' title='bbox 1157 955 1229 980; x_wconf 91' lang='lat' dir='ltr'>nec</span> <span class='ocrx_word' id='word_1_130' title='bbox 1256 941 1371 980; x_wconf 88' lang='lat' dir='ltr'>etiam</span> <span class='ocrx_word' id='word_1_131' title='bbox 1390 941 1554 998; x_wconf 77' lang='lat' dir='ltr'>dicimus</span> 
     </span>
     <span class='ocr_line' id='line_1_21' title="bbox 495 993 1555 1050; baseline -0.008 -12"><span class='ocrx_word' id='word_1_132' title='bbox 495 1001 602 1050; x_wconf 92' lang='lat' dir='ltr'>quod</span> <span class='ocrx_word' id='word_1_133' title='bbox 618 1006 634 1022; x_wconf 60' lang='grc' dir='ltr'>α</span> <span class='ocrx_word' id='word_1_134' title='bbox 652 1001 774 1037; x_wconf 93' lang='lat' dir='ltr'>homo</span> <span class='ocrx_word' id='word_1_135' title='bbox 794 998 861 1048; x_wconf 93' lang='lat' dir='ltr'>qui</span> <span class='ocrx_word' id='word_1_136' title='bbox 880 998 1047 1035; x_wconf 90' lang='lat' dir='ltr'>nascitur</span> <span class='ocrx_word' id='word_1_137' title='bbox 1072 996 1117 1034; x_wconf 90' lang='lat' dir='ltr'>sit</span> <span class='ocrx_word' id='word_1_138' title='bbox 1139 996 1241 1033; x_wconf 87' lang='lat' dir='ltr'>filius</span> <span class='ocrx_word' id='word_1_139' title='bbox 1259 993 1436 1032; x_wconf 87' lang='lat' dir='ltr'>seminis:</span> <span class='ocrx_word' id='word_1_140' title='bbox 1464 1004 1555 1042; x_wconf 80' lang='lat' dir='ltr'>quta</span> 
     </span>
     <span class='ocr_line' id='line_1_22' title="bbox 494 1045 1555 1103; baseline -0.008 -13"><span class='ocrx_word' id='word_1_141' title='bbox 494 1065 565 1090; x_wconf 92' lang='lat' dir='ltr'>nec</span> <span class='ocrx_word' id='word_1_142' title='bbox 599 1052 755 1102; x_wconf 89' lang='lat' dir='ltr'>capillus</span> <span class='ocrx_word' id='word_1_143' title='bbox 788 1051 903 1088; x_wconf 90' lang='lat' dir='ltr'>habet</span> <span class='ocrx_word' id='word_1_144' title='bbox 937 1049 1224 1087; x_wconf 90' lang='lat' dir='ltr'>similitudinem</span> <span class='ocrx_word' id='word_1_145' title='bbox 1259 1045 1446 1092; x_wconf 87' lang='lat' dir='ltr'>hominis;</span> <span class='ocrx_word' id='word_1_146' title='bbox 1482 1056 1555 1103; x_wconf 79' lang='lat' dir='ltr'>nec</span> 
     </span>
     <span class='ocr_line' id='line_1_23' title="bbox 494 1100 1553 1154; baseline -0.008 -11"><span class='ocrx_word' id='word_1_147' title='bbox 494 1107 614 1143; x_wconf 90' lang='lat' dir='ltr'>homo</span> <span class='ocrx_word' id='word_1_148' title='bbox 643 1105 710 1154; x_wconf 92' lang='lat' dir='ltr'>qui</span> <span class='ocrx_word' id='word_1_149' title='bbox 737 1103 904 1142; x_wconf 85' lang='lat' dir='ltr'>nascitur</span> <span class='ocrx_word' id='word_1_150' title='bbox 922 1102 937 1133; x_wconf 73' lang='grc' dir='ltr'>β</span> <span class='ocrx_word' id='word_1_151' title='bbox 964 1103 1080 1140; x_wconf 89' lang='lat' dir='ltr'>habet</span> <span class='ocrx_word' id='word_1_152' title='bbox 1116 1100 1405 1139; x_wconf 89' lang='lat' dir='ltr'>similitudinem</span> <span class='ocrx_word' id='word_1_153' title='bbox 1441 1109 1553 1136; x_wconf 86' lang='lat' dir='ltr'>seml-</span> 
     </span>
     <span class='ocr_line' id='line_1_24' title="bbox 494 1151 1554 1210; baseline -0.008 -15"><span class='ocrx_word' id='word_1_154' title='bbox 494 1157 650 1204; x_wconf 85' lang='lat' dir='ltr'>nis‚-sed</span> <span class='ocrx_word' id='word_1_155' title='bbox 678 1156 846 1194; x_wconf 89' lang='lat' dir='ltr'>hominis</span> <span class='ocrx_word' id='word_1_156' title='bbox 873 1155 1097 1204; x_wconf 88' lang='lat' dir='ltr'>generantis.</span> <span class='ocrx_word' id='word_1_157' title='bbox 1126 1155 1175 1192; x_wconf 91' lang='lat' dir='ltr'>Et</span> <span class='ocrx_word' id='word_1_158' title='bbox 1202 1154 1233 1192; x_wconf 92' lang='lat' dir='ltr'>si</span> <span class='ocrx_word' id='word_1_159' title='bbox 1252 1153 1411 1203; x_wconf 91' lang='lat' dir='ltr'>quidem</span> <span class='ocrx_word' id='word_1_160' title='bbox 1429 1151 1554 1210; x_wconf 35' lang='lat' dir='ltr'>‘perfe-</span> 
     </span>
     <span class='ocr_line' id='line_1_25' title="bbox 494 1203 1555 1258; baseline -0.007 -11"><span class='ocrx_word' id='word_1_161' title='bbox 494 1218 552 1249; x_wconf 86' lang='lat' dir='ltr'>cta</span> <span class='ocrx_word' id='word_1_162' title='bbox 571 1210 616 1247; x_wconf 90' lang='lat' dir='ltr'>sit</span> <span class='ocrx_word' id='word_1_163' title='bbox 635 1209 854 1256; x_wconf 87' lang='lat' dir='ltr'>similitudo,</span> <span class='ocrx_word' id='word_1_164' title='bbox 875 1208 943 1246; x_wconf 92' lang='lat' dir='ltr'>erit</span> <span class='ocrx_word' id='word_1_165' title='bbox 969 1208 1133 1258; x_wconf 89' lang='lat' dir='ltr'>perfecta</span> <span class='ocrx_word' id='word_1_166' title='bbox 1157 1206 1300 1254; x_wconf 89' lang='lat' dir='ltr'>filiatio,</span> <span class='ocrx_word' id='word_1_167' title='bbox 1320 1213 1399 1243; x_wconf 90' lang='lat' dir='ltr'>tam</span> <span class='ocrx_word' id='word_1_168' title='bbox 1427 1215 1467 1241; x_wconf 87' lang='lat' dir='ltr'>m</span> <span class='ocrx_word' id='word_1_169' title='bbox 1500 1203 1555 1240; x_wconf 88' lang='lat' dir='ltr'>dl-</span> 
     </span>
     <span class='ocr_line' id='line_1_26' title="bbox 494 1255 1555 1315; baseline -0.007 -15"><span class='ocrx_word' id='word_1_170' title='bbox 494 1263 592 1300; x_wconf 92' lang='lat' dir='ltr'>vinis</span> <span class='ocrx_word' id='word_1_171' title='bbox 621 1275 736 1312; x_wconf 85' lang='lat' dir='ltr'>quarn</span> <span class='ocrx_word' id='word_1_172' title='bbox 758 1262 797 1300; x_wconf 91' lang='lat' dir='ltr'>in</span> <span class='ocrx_word' id='word_1_173' title='bbox 817 1261 1008 1300; x_wconf 88' lang='lat' dir='ltr'>humanis.</span> <span class='ocrx_word' id='word_1_174' title='bbox 1047 1260 1088 1298; x_wconf 90' lang='lat' dir='ltr'>Si</span> <span class='ocrx_word' id='word_1_175' title='bbox 1115 1268 1246 1298; x_wconf 90' lang='lat' dir='ltr'>autem</span> <span class='ocrx_word' id='word_1_176' title='bbox 1274 1258 1320 1297; x_wconf 90' lang='lat' dir='ltr'>sit</span> <span class='ocrx_word' id='word_1_177' title='bbox 1346 1255 1555 1315; x_wconf 79' lang='lat' dir='ltr'>similitudo</span> 
     </span>
     <span class='ocr_line' id='line_1_27' title="bbox 495 1310 1557 1365; baseline -0.007 -13"><span class='ocrx_word' id='word_1_178' title='bbox 495 1315 723 1365; x_wconf 85' lang='lat' dir='ltr'>imperfecta,</span> <span class='ocrx_word' id='word_1_179' title='bbox 753 1323 807 1352; x_wconf 91' lang='lat' dir='ltr'>est</span> <span class='ocrx_word' id='word_1_180' title='bbox 832 1320 847 1343; x_wconf 76' lang='grc' dir='ltr'>Υ</span> <span class='ocrx_word' id='word_1_181' title='bbox 875 1314 990 1352; x_wconf 90' lang='lat' dir='ltr'>etiam</span> <span class='ocrx_word' id='word_1_182' title='bbox 1021 1313 1153 1351; x_wconf 90' lang='lat' dir='ltr'>filiatio</span> <span class='ocrx_word' id='word_1_183' title='bbox 1181 1312 1412 1362; x_wconf 89' lang='lat' dir='ltr'>imperfecta.</span> <span class='ocrx_word' id='word_1_184' title='bbox 1451 1310 1557 1347; x_wconf 79' lang='lat' dir='ltr'>Sicut</span> 
     </span>
     <span class='ocr_line' id='line_1_28' title="bbox 496 1362 1556 1420; baseline -0.007 -14"><span class='ocrx_word' id='word_1_185' title='bbox 496 1368 534 1406; x_wconf 90' lang='lat' dir='ltr'>in</span> <span class='ocrx_word' id='word_1_186' title='bbox 562 1368 720 1406; x_wconf 89' lang='lat' dir='ltr'>homine</span> <span class='ocrx_word' id='word_1_187' title='bbox 749 1375 804 1405; x_wconf 90' lang='lat' dir='ltr'>est</span> <span class='ocrx_word' id='word_1_188' title='bbox 827 1367 1020 1417; x_wconf 85' lang='lat' dir='ltr'>quaedam</span> <span class='ocrx_word' id='word_1_189' title='bbox 1048 1365 1256 1403; x_wconf 89' lang='lat' dir='ltr'>similitudo</span> <span class='ocrx_word' id='word_1_190' title='bbox 1279 1364 1353 1403; x_wconf 91' lang='lat' dir='ltr'>Dei</span> <span class='ocrx_word' id='word_1_191' title='bbox 1380 1362 1556 1420; x_wconf 79' lang='lat' dir='ltr'>imperfe-</span> 
     </span>
     <span class='ocr_line' id='line_1_29' title="bbox 496 1414 1556 1473; baseline -0.007 -15"><span class='ocrx_word' id='word_1_192' title='bbox 496 1429 555 1459; x_wconf 87' lang='lat' dir='ltr'>cta</span> <span class='ocrx_word' id='word_1_193' title='bbox 573 1419 597 1467; x_wconf 67' lang='grc' dir='ltr'>ὃ,</span> <span class='ocrx_word' id='word_1_194' title='bbox 618 1429 654 1458; x_wconf 91' lang='lat' dir='ltr'>et</span> <span class='ocrx_word' id='word_1_195' title='bbox 677 1420 907 1469; x_wconf 89' lang='lat' dir='ltr'>inquantum</span> <span class='ocrx_word' id='word_1_196' title='bbox 926 1427 1074 1457; x_wconf 89' lang='lat' dir='ltr'>creatus</span> <span class='ocrx_word' id='word_1_197' title='bbox 1093 1427 1149 1456; x_wconf 93' lang='lat' dir='ltr'>est</span> <span class='ocrx_word' id='word_1_198' title='bbox 1167 1419 1216 1456; x_wconf 89' lang='lat' dir='ltr'>ad</span> <span class='ocrx_word' id='word_1_199' title='bbox 1244 1416 1452 1466; x_wconf 87' lang='lat' dir='ltr'>imaginem</span> <span class='ocrx_word' id='word_1_200' title='bbox 1471 1414 1556 1473; x_wconf 68' lang='lat' dir='ltr'>Dei,</span> 
     </span>
     <span class='ocr_line' id='line_1_30' title="bbox 496 1466 1556 1522; baseline -0.007 -12"><span class='ocrx_word' id='word_1_201' title='bbox 496 1482 532 1510; x_wconf 92' lang='lat' dir='ltr'>et</span> <span class='ocrx_word' id='word_1_202' title='bbox 559 1473 789 1522; x_wconf 88' lang='lat' dir='ltr'>inquantum</span> <span class='ocrx_word' id='word_1_203' title='bbox 818 1480 965 1510; x_wconf 89' lang='lat' dir='ltr'>creatus</span> <span class='ocrx_word' id='word_1_204' title='bbox 980 1478 991 1494; x_wconf 59' lang='grc' dir='ltr'><strong>ι</strong></span> <span class='ocrx_word' id='word_1_205' title='bbox 1016 1480 1071 1509; x_wconf 89' lang='lat' dir='ltr'>est</span> <span class='ocrx_word' id='word_1_206' title='bbox 1099 1471 1316 1509; x_wconf 90' lang='lat' dir='ltr'>secundum</span> <span class='ocrx_word' id='word_1_207' title='bbox 1344 1466 1556 1507; x_wconf 84' lang='lat' dir='ltr'>similitudi-</span> 
     </span>
     <span class='ocr_line' id='line_1_31' title="bbox 496 1521 1557 1574; baseline -0.007 -11"><span class='ocrx_word' id='word_1_208' title='bbox 496 1538 587 1564; x_wconf 89' lang='lat' dir='ltr'>nem</span> <span class='ocrx_word' id='word_1_209' title='bbox 605 1526 755 1574; x_wconf 88' lang='lat' dir='ltr'>gratiae.</span> <span class='ocrx_word' id='word_1_210' title='bbox 786 1527 834 1563; x_wconf 88' lang='lat' dir='ltr'>Et</span> <span class='ocrx_word' id='word_1_211' title='bbox 852 1525 940 1563; x_wconf 93' lang='lat' dir='ltr'>ideo</span> <span class='ocrx_word' id='word_1_212' title='bbox 959 1533 1125 1574; x_wconf 90' lang='lat' dir='ltr'>utroque</span> <span class='ocrx_word' id='word_1_213' title='bbox 1145 1524 1265 1561; x_wconf 91' lang='lat' dir='ltr'>modo</span> <span class='ocrx_word' id='word_1_214' title='bbox 1287 1529 1412 1572; x_wconf 91' lang='lat' dir='ltr'>potest</span> <span class='ocrx_word' id='word_1_215' title='bbox 1435 1521 1557 1557; x_wconf 92' lang='lat' dir='ltr'>homo</span> 
     </span>
     <span class='ocr_line' id='line_1_32' title="bbox 497 1572 1557 1627; baseline -0.007 -11"><span class='ocrx_word' id='word_1_216' title='bbox 497 1578 570 1616; x_wconf 91' lang='lat' dir='ltr'>dici</span> <span class='ocrx_word' id='word_1_217' title='bbox 589 1578 690 1616; x_wconf 89' lang='lat' dir='ltr'>filius</span> <span class='ocrx_word' id='word_1_218' title='bbox 716 1578 797 1616; x_wconf 92' lang='lat' dir='ltr'>eius</span> <span class='ocrx_word' id='word_1_219' title='bbox 817 1578 846 1616; x_wconf 67' lang='lat' dir='ltr'>t:</span> <span class='ocrx_word' id='word_1_220' title='bbox 876 1586 913 1616; x_wconf 90' lang='lat' dir='ltr'>et</span> <span class='ocrx_word' id='word_1_221' title='bbox 940 1578 1042 1627; x_wconf 76' lang='lat' dir='ltr'>quia,</span> <span class='ocrx_word' id='word_1_222' title='bbox 1070 1577 1220 1620; x_wconf 88' lang='lat' dir='ltr'>scilicet,</span> <span class='ocrx_word' id='word_1_223' title='bbox 1249 1583 1304 1613; x_wconf 91' lang='lat' dir='ltr'>est</span> <span class='ocrx_word' id='word_1_224' title='bbox 1332 1582 1480 1612; x_wconf 89' lang='lat' dir='ltr'>creatus</span> <span class='ocrx_word' id='word_1_225' title='bbox 1507 1572 1557 1609; x_wconf 89' lang='lat' dir='ltr'>ad</span> 
     </span>
     <span class='ocr_line' id='line_1_33' title="bbox 496 1629 1558 1680; baseline -0.007 -11"><span class='ocrx_word' id='word_1_226' title='bbox 496 1631 702 1679; x_wconf 87' lang='lat' dir='ltr'>imaginem</span> <span class='ocrx_word' id='word_1_227' title='bbox 721 1631 821 1677; x_wconf 85' lang='lat' dir='ltr'>eius;</span> <span class='ocrx_word' id='word_1_228' title='bbox 851 1639 887 1669; x_wconf 91' lang='lat' dir='ltr'>et</span> <span class='ocrx_word' id='word_1_229' title='bbox 905 1631 996 1680; x_wconf 89' lang='lat' dir='ltr'>quia</span> <span class='ocrx_word' id='word_1_230' title='bbox 1015 1638 1069 1668; x_wconf 91' lang='lat' dir='ltr'>est</span> <span class='ocrx_word' id='word_1_231' title='bbox 1093 1630 1126 1668; x_wconf 94' lang='lat' dir='ltr'>ei</span> <span class='ocrx_word' id='word_1_232' title='bbox 1146 1629 1373 1668; x_wconf 90' lang='lat' dir='ltr'>assimilatus</span> <span class='ocrx_word' id='word_1_233' title='bbox 1391 1637 1461 1677; x_wconf 90' lang='lat' dir='ltr'>per</span> <span class='ocrx_word' id='word_1_234' title='bbox 1478 1637 1558 1674; x_wconf 88' lang='lat' dir='ltr'>gra-</span> 
     </span>
     <span class='ocr_line' id='line_1_34' title="bbox 495 1693 599 1722; baseline -0.01 0"><span class='ocrx_word' id='word_1_235' title='bbox 495 1693 599 1722; x_wconf 81' lang='lat' dir='ltr'>tiam.</span> 
     </span>
    </p>

    <p class='ocr_par' dir='ltr' id='par_1_11' title="bbox 497 1732 1558 1887">
     <span class='ocr_line' id='line_1_35' title="bbox 550 1732 1558 1784; baseline -0.004 -10"><span class='ocrx_word' id='word_1_236' title='bbox 550 1738 616 1774; x_wconf 89' lang='lat' dir='ltr'>Est</span> <span class='ocrx_word' id='word_1_237' title='bbox 635 1745 764 1775; x_wconf 89' lang='lat' dir='ltr'>autem</span> <span class='ocrx_word' id='word_1_238' title='bbox 785 1737 1109 1774; x_wconf 88' lang='lat' dir='ltr'>considerandum</span> <span class='ocrx_word' id='word_1_239' title='bbox 1137 1735 1243 1784; x_wconf 92' lang='lat' dir='ltr'>quod</span> <span class='ocrx_word' id='word_1_240' title='bbox 1262 1734 1355 1772; x_wconf 91' lang='lat' dir='ltr'>illud</span> <span class='ocrx_word' id='word_1_241' title='bbox 1383 1732 1491 1782; x_wconf 89' lang='lat' dir='ltr'>quod</span> <span class='ocrx_word' id='word_1_242' title='bbox 1509 1734 1558 1771; x_wconf 92' lang='lat' dir='ltr'>de</span> 
     </span>
     <span class='ocr_line' id='line_1_36' title="bbox 497 1786 1557 1838; baseline -0.004 -12"><span class='ocrx_word' id='word_1_243' title='bbox 497 1789 626 1838; x_wconf 89' lang='lat' dir='ltr'>aliquo</span> <span class='ocrx_word' id='word_1_244' title='bbox 645 1789 782 1826; x_wconf 91' lang='lat' dir='ltr'>dicitur</span> <span class='ocrx_word' id='word_1_245' title='bbox 801 1789 1017 1826; x_wconf 90' lang='lat' dir='ltr'>secundum</span> <span class='ocrx_word' id='word_1_246' title='bbox 1035 1789 1242 1838; x_wconf 86' lang='lat' dir='ltr'>perfectam</span> <span class='ocrx_word' id='word_1_247' title='bbox 1256 1786 1456 1832; x_wconf 89' lang='lat' dir='ltr'>rationem,</span> <span class='ocrx_word' id='word_1_248' title='bbox 1475 1786 1557 1823; x_wconf 85' lang='lat' dir='ltr'>n&#39;on</span> 
     </span>
     <span class='ocr_line' id='line_1_37' title="bbox 497 1838 1558 1887; baseline -0.005 -8"><span class='ocrx_word' id='word_1_249' title='bbox 497 1850 552 1879; x_wconf 89' lang='lat' dir='ltr'>est</span> <span class='ocrx_word' id='word_1_250' title='bbox 579 1842 787 1879; x_wconf 90' lang='lat' dir='ltr'>dicendum</span> <span class='ocrx_word' id='word_1_251' title='bbox 816 1843 863 1879; x_wconf 92' lang='lat' dir='ltr'>de</span> <span class='ocrx_word' id='word_1_252' title='bbox 883 1854 930 1878; x_wconf 92' lang='lat' dir='ltr'>eo</span> <span class='ocrx_word' id='word_1_253' title='bbox 959 1841 1174 1878; x_wconf 91' lang='lat' dir='ltr'>secundum</span> <span class='ocrx_word' id='word_1_254' title='bbox 1202 1839 1389 1877; x_wconf 89' lang='lat' dir='ltr'>rationem</span> <span class='ocrx_word' id='word_1_255' title='bbox 1419 1838 1558 1887; x_wconf 89' lang='lat' dir='ltr'>imper-</span> 
     </span>
    </p>
   </div>
   <div class='ocr_carea' id='block_1_11' title="bbox 551 1969 1454 2076">
    <p class='ocr_par' dir='ltr' id='par_1_12' title="bbox 551 1969 1454 2076">
     <span class='ocr_line' id='line_1_38' title="bbox 551 1969 1454 2005; baseline -0.003 -9"><span class='ocrx_word' id='word_1_256' title='bbox 551 1971 578 2005; x_wconf 85' lang='grc' dir='ltr'>α)</span> <span class='ocrx_word' id='word_1_257' title='bbox 597 1972 736 2004; x_wconf 77' lang='lat' dir='ltr'>capillus...</span> <span class='ocrx_word' id='word_1_258' title='bbox 756 1971 867 1996; x_wconf 80' lang='lat' dir='ltr'>dicimus</span> <span class='ocrx_word' id='word_1_259' title='bbox 885 1971 965 2003; x_wconf 81' lang='lat' dir='ltr'>quod.</span> <span class='ocrx_word' id='word_1_260' title='bbox 982 1985 1003 1989; x_wconf 96' lang='lat'>—</span> <span class='ocrx_word' id='word_1_261' title='bbox 1020 1970 1080 1995; x_wconf 80' lang='lat' dir='ltr'>EFa</span> <span class='ocrx_word' id='word_1_262' title='bbox 1099 1975 1124 1995; x_wconf 89' lang='lat' dir='ltr'>et</span> <span class='ocrx_word' id='word_1_263' title='bbox 1142 1970 1215 1995; x_wconf 74' lang='lat' dir='ltr'>tertia</span> <span class='ocrx_word' id='word_1_264' title='bbox 1233 1974 1259 1994; x_wconf 89' lang='lat' dir='ltr'>et</span> <span class='ocrx_word' id='word_1_265' title='bbox 1277 1969 1382 2000; x_wconf 80' lang='lat' dir='ltr'>Escur.;</span> <span class='ocrx_word' id='word_1_266' title='bbox 1401 1977 1454 1996; x_wconf 85' lang='lat' dir='ltr'>om.</span> 
     </span>
     <span class='ocr_line' id='line_1_39' title="bbox 552 2006 1065 2041; baseline -0.004 -9"><span class='ocrx_word' id='word_1_267' title='bbox 552 2006 577 2041; x_wconf 82' lang='grc' dir='ltr'>β)</span> <span class='ocrx_word' id='word_1_268' title='bbox 597 2007 724 2033; x_wconf 83' lang='lat' dir='ltr'>nascitur.</span> <span class='ocrx_word' id='word_1_269' title='bbox 741 2021 761 2025; x_wconf 96' lang='lat'><strong>—</strong></span> <span class='ocrx_word' id='word_1_270' title='bbox 778 2014 815 2031; x_wconf 83' lang='lat' dir='ltr'>ex</span> <span class='ocrx_word' id='word_1_271' title='bbox 832 2007 930 2031; x_wconf 87' lang='lat' dir='ltr'>semine</span> <span class='ocrx_word' id='word_1_272' title='bbox 950 2006 1018 2030; x_wconf 85' lang='lat' dir='ltr'>addit</span> <span class='ocrx_word' id='word_1_273' title='bbox 1037 2006 1065 2031; x_wconf 86' lang='lat' dir='ltr'>P.</span> 
     </span>
     <span class='ocr_line' id='line_1_40' title="bbox 551 2042 931 2076; baseline 0 -9"><span class='ocrx_word' id='word_1_274' title='bbox 551 2046 578 2076; x_wconf 79' lang='grc' dir='ltr'>γ)</span> <span class='ocrx_word' id='word_1_275' title='bbox 596 2046 643 2067; x_wconf 78' lang='lat' dir='ltr'>est.</span> <span class='ocrx_word' id='word_1_276' title='bbox 661 2056 680 2061; x_wconf 94' lang='lat'>—</span> <span class='ocrx_word' id='word_1_277' title='bbox 697 2042 750 2067; x_wconf 85' lang='lat' dir='ltr'>erit</span> <span class='ocrx_word' id='word_1_278' title='bbox 768 2042 788 2066; x_wconf 81' lang='lat' dir='ltr'>F</span> <span class='ocrx_word' id='word_1_279' title='bbox 808 2047 832 2066; x_wconf 85' lang='lat' dir='ltr'>et</span> <span class='ocrx_word' id='word_1_280' title='bbox 851 2042 931 2067; x_wconf 86' lang='lat' dir='ltr'>tertia.</span> 
     </span>
    </p>
   </div>
   <div class='ocr_carea' id='block_1_12' title="bbox 1605 623 2671 883">
    <p class='ocr_par' dir='ltr' id='par_1_13' title="bbox 1605 623 2671 883">
     <span class='ocr_line' id='line_1_41' title="bbox 1605 623 2670 674; baseline 0.002 -14"><span class='ocrx_word' id='word_1_281' title='bbox 1605 631 1683 660; x_wconf 88' lang='lat' dir='ltr'>tem</span> <span class='ocrx_word' id='word_1_282' title='bbox 1712 631 1767 660; x_wconf 88' lang='lat' dir='ltr'>est</span> <span class='ocrx_word' id='word_1_283' title='bbox 1795 623 1913 661; x_wconf 91' lang='lat' dir='ltr'>Filius</span> <span class='ocrx_word' id='word_1_284' title='bbox 1931 624 2003 662; x_wconf 91' lang='lat' dir='ltr'>Dei</span> <span class='ocrx_word' id='word_1_285' title='bbox 2021 625 2237 662; x_wconf 88' lang='lat' dir='ltr'>secundum</span> <span class='ocrx_word' id='word_1_286' title='bbox 2255 625 2463 674; x_wconf 79' lang='lat' dir='ltr'>perfectam</span> <span class='ocrx_word' id='word_1_287' title='bbox 2480 624 2670 662; x_wconf 87' lang='lat' dir='ltr'>rationem</span> 
     </span>
     <span class='ocr_line' id='line_1_42' title="bbox 1605 675 2671 726; baseline 0.003 -13"><span class='ocrx_word' id='word_1_288' title='bbox 1605 675 1808 714; x_wconf 89' lang='lat' dir='ltr'>filiationis.</span> <span class='ocrx_word' id='word_1_289' title='bbox 1851 677 1974 719; x_wconf 87' lang='lat' dir='ltr'>Unde,</span> <span class='ocrx_word' id='word_1_290' title='bbox 2003 677 2183 726; x_wconf 89' lang='lat' dir='ltr'>quamvis</span> <span class='ocrx_word' id='word_1_291' title='bbox 2210 677 2428 715; x_wconf 89' lang='lat' dir='ltr'>secundum</span> <span class='ocrx_word' id='word_1_292' title='bbox 2453 677 2671 717; x_wconf 81' lang='lat' dir='ltr'>humanam</span> 
     </span>
     <span class='ocr_line' id='line_1_43' title="bbox 1607 728 2671 777; baseline 0.002 -12"><span class='ocrx_word' id='word_1_293' title='bbox 1607 736 1784 766; x_wconf 89' lang='lat' dir='ltr'>naturam</span> <span class='ocrx_word' id='word_1_294' title='bbox 1819 728 1864 765; x_wconf 91' lang='lat' dir='ltr'>sit</span> <span class='ocrx_word' id='word_1_295' title='bbox 1895 737 2044 766; x_wconf 90' lang='lat' dir='ltr'>creatus</span> <span class='ocrx_word' id='word_1_296' title='bbox 2081 738 2117 766; x_wconf 92' lang='lat' dir='ltr'>et</span> <span class='ocrx_word' id='word_1_297' title='bbox 2152 729 2395 775; x_wconf 88' lang='lat' dir='ltr'>iustificatus,</span> <span class='ocrx_word' id='word_1_298' title='bbox 2427 740 2509 767; x_wconf 90' lang='lat' dir='ltr'>non</span> <span class='ocrx_word' id='word_1_299' title='bbox 2539 736 2671 777; x_wconf 75' lang='lat' dir='ltr'>tamen</span> 
     </span>
     <span class='ocr_line' id='line_1_44' title="bbox 1607 781 2669 832; baseline 0.002 -14"><span class='ocrx_word' id='word_1_300' title='bbox 1607 781 1720 818; x_wconf 89' lang='lat' dir='ltr'>debet</span> <span class='ocrx_word' id='word_1_301' title='bbox 1739 781 1812 818; x_wconf 92' lang='lat' dir='ltr'>dici</span> <span class='ocrx_word' id='word_1_302' title='bbox 1830 781 1933 820; x_wconf 90' lang='lat' dir='ltr'>filius</span> <span class='ocrx_word' id='word_1_303' title='bbox 1951 781 2024 819; x_wconf 92' lang='lat' dir='ltr'>Dei</span> <span class='ocrx_word' id='word_1_304' title='bbox 2051 794 2179 832; x_wconf 91' lang='lat' dir='ltr'>neque</span> <span class='ocrx_word' id='word_1_305' title='bbox 2199 782 2345 820; x_wconf 87' lang='lat' dir='ltr'>ratione</span> <span class='ocrx_word' id='word_1_306' title='bbox 2363 781 2576 826; x_wconf 79' lang='lat' dir='ltr'>creationis,</span> <span class='ocrx_word' id='word_1_307' title='bbox 2604 786 2669 820; x_wconf 81' lang='lat' dir='ltr'>ne·</span> 
     </span>
     <span class='ocr_line' id='line_1_45' title="bbox 1607 833 2671 883; baseline 0.001 -12"><span class='ocrx_word' id='word_1_308' title='bbox 1607 846 1684 883; x_wconf 91' lang='lat' dir='ltr'>que</span> <span class='ocrx_word' id='word_1_309' title='bbox 1712 833 1858 872; x_wconf 90' lang='lat' dir='ltr'>ratione</span> <span class='ocrx_word' id='word_1_310' title='bbox 1886 834 2181 872; x_wconf 89' lang='lat' dir='ltr'>iustificationis:</span> <span class='ocrx_word' id='word_1_311' title='bbox 2211 835 2279 872; x_wconf 89' lang='lat' dir='ltr'>sed</span> <span class='ocrx_word' id='word_1_312' title='bbox 2297 836 2425 872; x_wconf 91' lang='lat' dir='ltr'>solum</span> <span class='ocrx_word' id='word_1_313' title='bbox 2443 834 2671 883; x_wconf 52' lang='lat' dir='ltr'>rationegse</span> 
     </span>
    </p>
   </div>
   <div class='ocr_carea' id='block_1_13' title="bbox 1607 886 2696 981">
    <p class='ocr_par' dir='ltr' id='par_1_14' title="bbox 1607 863 2774 986">
     <span class='ocr_line' id='line_1_46' title="bbox 1607 886 2673 937; baseline 0.001 -14"><span class='ocrx_word' id='word_1_314' title='bbox 1607 886 1814 924; x_wconf 86' lang='lat' dir='ltr'>nerationis</span> <span class='ocrx_word' id='word_1_315' title='bbox 1827 894 2014 934; x_wconf 86' lang='lat' dir='ltr'>aeternae,</span> <span class='ocrx_word' id='word_1_316' title='bbox 2030 888 2247 925; x_wconf 89' lang='lat' dir='ltr'>secundum</span> <span class='ocrx_word' id='word_1_317' title='bbox 2261 900 2381 937; x_wconf 84' lang='lat' dir='ltr'>quam</span> <span class='ocrx_word' id='word_1_318' title='bbox 2395 895 2451 926; x_wconf 90' lang='lat' dir='ltr'>est</span> <span class='ocrx_word' id='word_1_319' title='bbox 2469 887 2587 925; x_wconf 87' lang='lat' dir='ltr'>Filius</span> <span class='ocrx_word' id='word_1_320' title='bbox 2600 888 2673 926; x_wconf 59' lang='lat' dir='ltr'>Pae</span> 
     </span>
     <span class='ocr_line' id='line_1_47' title="bbox 1607 939 2696 981; baseline 0.004 -5"><span class='ocrx_word' id='word_1_321' title='bbox 1607 939 1672 976; x_wconf 88' lang='lat' dir='ltr'>tris</span> <span class='ocrx_word' id='word_1_322' title='bbox 1687 939 1816 977; x_wconf 93' lang='lat' dir='ltr'>solius.</span> <span class='ocrx_word' id='word_1_323' title='bbox 1837 940 1887 977; x_wconf 93' lang='lat' dir='ltr'>Et</span> <span class='ocrx_word' id='word_1_324' title='bbox 1905 939 1992 978; x_wconf 91' lang='lat' dir='ltr'>ideo</span> <span class='ocrx_word' id='word_1_325' title='bbox 2009 941 2116 979; x_wconf 92' lang='lat' dir='ltr'>nullo</span> <span class='ocrx_word' id='word_1_326' title='bbox 2135 940 2258 979; x_wconf 89' lang='lat' dir='ltr'>modo</span> <span class='ocrx_word' id='word_1_327' title='bbox 2275 941 2391 978; x_wconf 88' lang='lat' dir='ltr'>debet</span> <span class='ocrx_word' id='word_1_328' title='bbox 2409 939 2484 978; x_wconf 79' lang='lat' dir='ltr'>dici</span> <span class='ocrx_word' id='word_1_329' title='bbox 2498 939 2677 981; x_wconf 64' lang='lat' dir='ltr'>Christus</span> <span class='ocrx_word' id='word_1_330' title='bbox 2694 959 2696 962; x_wconf 53' lang='lat'><em>⁴</em></span> 
     </span>
    </p>
   </div>
   <div class='ocr_carea' id='block_1_14' title="bbox 1608 991 2676 1147">
    <p class='ocr_par' dir='ltr' id='par_1_15' title="bbox 1608 991 2676 1147">
     <span class='ocr_line' id='line_1_48' title="bbox 1608 991 2672 1042; baseline 0.004 -13"><span class='ocrx_word' id='word_1_331' title='bbox 1608 992 1710 1029; x_wconf 89' lang='lat' dir='ltr'>filius</span> <span class='ocrx_word' id='word_1_332' title='bbox 1739 992 1902 1042; x_wconf 90' lang='lat' dir='ltr'>Spiritus</span> <span class='ocrx_word' id='word_1_333' title='bbox 1921 992 2069 1030; x_wconf 86' lang='lat' dir='ltr'>Sancti:</span> <span class='ocrx_word' id='word_1_334' title='bbox 2100 1005 2171 1030; x_wconf 91' lang='lat' dir='ltr'>nec</span> <span class='ocrx_word' id='word_1_335' title='bbox 2195 993 2310 1031; x_wconf 90' lang='lat' dir='ltr'>etiam</span> <span class='ocrx_word' id='word_1_336' title='bbox 2329 993 2446 1032; x_wconf 81' lang='lat' dir='ltr'>totius</span> <span class='ocrx_word' id='word_1_337' title='bbox 2463 991 2672 1033; x_wconf 66' lang='lat' dir='ltr'>Trinitatis:</span> 
     </span>
     <span class='ocr_line' id='line_1_49' title="bbox 1661 1045 2675 1095; baseline 0.003 -13"><span class='ocrx_word' id='word_1_338' title='bbox 1661 1046 1719 1082; x_wconf 81' lang='lat' dir='ltr'>An</span> <span class='ocrx_word' id='word_1_339' title='bbox 1747 1057 1883 1083; x_wconf 74' lang='lat' dir='ltr'>patmum</span> <span class='ocrx_word' id='word_1_340' title='bbox 1911 1057 2009 1083; x_wconf 64' lang='lat' dir='ltr'>aizoo</span> <span class='ocrx_word' id='word_1_341' title='bbox 2037 1047 2220 1084; x_wconf 64' lang='lat' dir='ltr'>menmium</span> <span class='ocrx_word' id='word_1_342' title='bbox 2246 1046 2354 1095; x_wconf 88' lang='lat' dir='ltr'>quod</span> <span class='ocrx_word' id='word_1_343' title='bbox 2383 1045 2557 1084; x_wconf 85' lang='lat' dir='ltr'>Christus</span> <span class='ocrx_word' id='word_1_344' title='bbox 2579 1056 2675 1095; x_wconf 62' lang='lat' dir='ltr'>equs</span> 
     </span>
     <span class='ocr_line' id='line_1_50' title="bbox 1609 1097 2676 1147; baseline 0.002 -12"><span class='ocrx_word' id='word_1_345' title='bbox 1609 1105 1741 1147; x_wconf 90' lang='lat' dir='ltr'>ceptus</span> <span class='ocrx_word' id='word_1_346' title='bbox 1760 1106 1816 1135; x_wconf 90' lang='lat' dir='ltr'>est</span> <span class='ocrx_word' id='word_1_347' title='bbox 1836 1098 1884 1135; x_wconf 92' lang='lat' dir='ltr'>de</span> <span class='ocrx_word' id='word_1_348' title='bbox 1904 1097 2028 1136; x_wconf 88' lang='lat' dir='ltr'>Maria</span> <span class='ocrx_word' id='word_1_349' title='bbox 2045 1098 2199 1147; x_wconf 87' lang='lat' dir='ltr'>Virgine</span> <span class='ocrx_word' id='word_1_350' title='bbox 2218 1098 2419 1136; x_wconf 85' lang='lat' dir='ltr'>materiam</span> <span class='ocrx_word' id='word_1_351' title='bbox 2437 1098 2676 1145; x_wconf 65' lang='lat' dir='ltr'>ministrante</span> 
     </span>
    </p>
   </div>
   <div class='ocr_carea' id='block_1_15' title="bbox 1608 1150 2755 1308">
    <p class='ocr_par' dir='ltr' id='par_1_16' title="bbox 1608 1135 2779 1308">
     <span class='ocr_line' id='line_1_51' title="bbox 1608 1150 2675 1200; baseline 0 -12"><span class='ocrx_word' id='word_1_352' title='bbox 1608 1150 1648 1188; x_wconf 91' lang='lat' dir='ltr'>in</span> <span class='ocrx_word' id='word_1_353' title='bbox 1683 1150 1973 1188; x_wconf 89' lang='lat' dir='ltr'>similitudinem</span> <span class='ocrx_word' id='word_1_354' title='bbox 2006 1151 2158 1200; x_wconf 87' lang='lat' dir='ltr'>speciei.</span> <span class='ocrx_word' id='word_1_355' title='bbox 2197 1152 2247 1189; x_wconf 89' lang='lat' dir='ltr'>Et</span> <span class='ocrx_word' id='word_1_356' title='bbox 2280 1151 2368 1190; x_wconf 89' lang='lat' dir='ltr'>ideo</span> <span class='ocrx_word' id='word_1_357' title='bbox 2402 1151 2540 1189; x_wconf 89' lang='lat' dir='ltr'>dicitur</span> <span class='ocrx_word' id='word_1_358' title='bbox 2567 1150 2675 1191; x_wconf 75' lang='lat' dir='ltr'>filius</span> 
     </span>
     <span class='ocr_line' id='line_1_52' title="bbox 1610 1203 2755 1254; baseline 0.003 -14"><span class='ocrx_word' id='word_1_359' title='bbox 1610 1204 1703 1241; x_wconf 90' lang='lat' dir='ltr'>eius.</span> <span class='ocrx_word' id='word_1_360' title='bbox 1725 1203 1900 1241; x_wconf 87' lang='lat' dir='ltr'>Christus</span> <span class='ocrx_word' id='word_1_361' title='bbox 1919 1211 2061 1251; x_wconf 89' lang='lat' dir='ltr'>autem,</span> <span class='ocrx_word' id='word_1_362' title='bbox 2077 1204 2292 1242; x_wconf 90' lang='lat' dir='ltr'>secundum</span> <span class='ocrx_word' id='word_1_363' title='bbox 2307 1204 2416 1254; x_wconf 90' lang='lat' dir='ltr'>quod</span> <span class='ocrx_word' id='word_1_364' title='bbox 2429 1205 2563 1252; x_wconf 90' lang='lat' dir='ltr'>homo,</span> <span class='ocrx_word' id='word_1_365' title='bbox 2574 1214 2676 1243; x_wconf 61' lang='lat' dir='ltr'>‘m</span> <span class='ocrx_word' id='word_1_366' title='bbox 2712 1211 2755 1225; x_wconf 61' lang='grc'>“““’</span> 
     </span>
     <span class='ocr_line' id='line_1_53' title="bbox 1609 1256 2724 1308; baseline 0.003 -15"><span class='ocrx_word' id='word_1_367' title='bbox 1609 1264 1742 1306; x_wconf 89' lang='lat' dir='ltr'>ceptus</span> <span class='ocrx_word' id='word_1_368' title='bbox 1771 1264 1826 1294; x_wconf 89' lang='lat' dir='ltr'>est</span> <span class='ocrx_word' id='word_1_369' title='bbox 1854 1257 1902 1294; x_wconf 91' lang='lat' dir='ltr'>de</span> <span class='ocrx_word' id='word_1_370' title='bbox 1924 1256 2066 1306; x_wconf 89' lang='lat' dir='ltr'>Spiritu</span> <span class='ocrx_word' id='word_1_371' title='bbox 2086 1257 2227 1295; x_wconf 87' lang='lat' dir='ltr'>Sancto</span> <span class='ocrx_word' id='word_1_372' title='bbox 2247 1257 2343 1295; x_wconf 89' lang='lat' dir='ltr'>sicut</span> <span class='ocrx_word' id='word_1_373' title='bbox 2361 1258 2409 1295; x_wconf 90' lang='lat' dir='ltr'>de</span> <span class='ocrx_word' id='word_1_374' title='bbox 2428 1257 2553 1296; x_wconf 82' lang='lat' dir='ltr'>activo</span> <span class='ocrx_word' id='word_1_375' title='bbox 2570 1257 2675 1308; x_wconf 71' lang='lat' dir='ltr'>prim</span> <span class='ocrx_word' id='word_1_376' title='bbox 2721 1282 2724 1286; x_wconf 37' lang='grc' dir='ltr'><em>ι</em></span> 
     </span>
    </p>
   </div>
   <div class='ocr_carea' id='block_1_16' title="bbox 1610 1309 2675 1361">
    <p class='ocr_par' dir='ltr' id='par_1_17' title="bbox 1610 1309 2675 1361">
     <span class='ocr_line' id='line_1_54' title="bbox 1610 1309 2675 1361; baseline 0.002 -15"><span class='ocrx_word' id='word_1_377' title='bbox 1610 1309 1728 1359; x_wconf 91' lang='lat' dir='ltr'>cipio:</span> <span class='ocrx_word' id='word_1_378' title='bbox 1763 1321 1844 1347; x_wconf 89' lang='lat' dir='ltr'>non</span> <span class='ocrx_word' id='word_1_379' title='bbox 1871 1317 2001 1347; x_wconf 91' lang='lat' dir='ltr'>tamen</span> <span class='ocrx_word' id='word_1_380' title='bbox 2029 1310 2246 1348; x_wconf 89' lang='lat' dir='ltr'>secundum</span> <span class='ocrx_word' id='word_1_381' title='bbox 2273 1309 2564 1348; x_wconf 89' lang='lat' dir='ltr'>similitudinem</span> <span class='ocrx_word' id='word_1_382' title='bbox 2584 1321 2675 1361; x_wconf 56' lang='lat' dir='ltr'>&gt;spese</span> 
     </span>
    </p>
   </div>
   <div class='ocr_carea' id='block_1_17' title="bbox 1610 1358 2766 1412">
    <p class='ocr_par' dir='ltr' id='par_1_18' title="bbox 1610 1358 2776 1412">
     <span class='ocr_line' id='line_1_55' title="bbox 1610 1358 2766 1412; baseline 0.005 -12"><span class='ocrx_word' id='word_1_383' title='bbox 1610 1361 1692 1409; x_wconf 91' lang='lat' dir='ltr'>ciei,</span> <span class='ocrx_word' id='word_1_384' title='bbox 1721 1361 1818 1400; x_wconf 90' lang='lat' dir='ltr'>sicut</span> <span class='ocrx_word' id='word_1_385' title='bbox 1845 1362 1967 1401; x_wconf 90' lang='lat' dir='ltr'>homo</span> <span class='ocrx_word' id='word_1_386' title='bbox 1995 1362 2164 1401; x_wconf 87' lang='lat' dir='ltr'>nascitur</span> <span class='ocrx_word' id='word_1_387' title='bbox 2191 1363 2239 1400; x_wconf 91' lang='lat' dir='ltr'>de</span> <span class='ocrx_word' id='word_1_388' title='bbox 2267 1371 2374 1412; x_wconf 86' lang='lat' dir='ltr'>patre</span> <span class='ocrx_word' id='word_1_389' title='bbox 2402 1375 2487 1401; x_wconf 87' lang='lat' dir='ltr'>suo.</span> <span class='ocrx_word' id='word_1_390' title='bbox 2515 1363 2566 1402; x_wconf 81' lang='lat' dir='ltr'>Et</span> <span class='ocrx_word' id='word_1_391' title='bbox 2585 1363 2676 1403; x_wconf 78' lang='lat' dir='ltr'>ideo</span> <span class='ocrx_word' id='word_1_392' title='bbox 2742 1358 2766 1374; x_wconf 69' lang='grc'><em>”</em></span> 
     </span>
    </p>
   </div>
   <div class='ocr_carea' id='block_1_18' title="bbox 1610 1414 2680 1730">
    <p class='ocr_par' dir='ltr' id='par_1_19' title="bbox 1612 1414 2548 1465">
     <span class='ocr_line' id='line_1_56' title="bbox 1612 1414 2548 1465; baseline 0.002 -13"><span class='ocrx_word' id='word_1_393' title='bbox 1612 1414 1786 1453; x_wconf 88' lang='lat' dir='ltr'>Christus</span> <span class='ocrx_word' id='word_1_394' title='bbox 1814 1427 1894 1453; x_wconf 91' lang='lat' dir='ltr'>non</span> <span class='ocrx_word' id='word_1_395' title='bbox 1922 1414 2060 1453; x_wconf 91' lang='lat' dir='ltr'>dicitur</span> <span class='ocrx_word' id='word_1_396' title='bbox 2085 1415 2189 1453; x_wconf 90' lang='lat' dir='ltr'>filius</span> <span class='ocrx_word' id='word_1_397' title='bbox 2216 1415 2380 1465; x_wconf 84' lang='lat' dir='ltr'>Spiritus</span> <span class='ocrx_word' id='word_1_398' title='bbox 2407 1415 2548 1455; x_wconf 85' lang='lat' dir='ltr'>Sancti.</span> 
     </span>
    </p>

    <p class='ocr_par' dir='ltr' id='par_1_20' title="bbox 1610 1468 2680 1730">
     <span class='ocr_line' id='line_1_57' title="bbox 1664 1468 2678 1520; baseline 0.001 -15"><span class='ocrx_word' id='word_1_399' title='bbox 1664 1469 1721 1505; x_wconf 82' lang='lat' dir='ltr'>An</span> <span class='ocrx_word' id='word_1_400' title='bbox 1749 1480 1940 1506; x_wconf 73' lang='lat' dir='ltr'><strong>SECUNDUM</strong></span> <span class='ocrx_word' id='word_1_401' title='bbox 1962 1481 2145 1507; x_wconf 69' lang='lat' dir='ltr'>mcannum</span> <span class='ocrx_word' id='word_1_402' title='bbox 2172 1469 2280 1519; x_wconf 91' lang='lat' dir='ltr'>quod</span> <span class='ocrx_word' id='word_1_403' title='bbox 2300 1468 2479 1506; x_wconf 89' lang='lat' dir='ltr'>homines</span> <span class='ocrx_word' id='word_1_404' title='bbox 2505 1468 2578 1519; x_wconf 56' lang='lat' dir='ltr'>qui⁴</span> <span class='ocrx_word' id='word_1_405' title='bbox 2601 1469 2678 1520; x_wconf 80' lang='lat' dir='ltr'>spi-</span> 
     </span>
     <span class='ocr_line' id='line_1_58' title="bbox 1611 1520 2676 1572; baseline 0.001 -13"><span class='ocrx_word' id='word_1_406' title='bbox 1611 1520 1793 1559; x_wconf 88' lang='lat' dir='ltr'>ritualiter</span> <span class='ocrx_word' id='word_1_407' title='bbox 1818 1521 2034 1558; x_wconf 85' lang='lat' dir='ltr'>formantur</span> <span class='ocrx_word' id='word_1_408' title='bbox 2068 1534 2090 1559; x_wconf 92' lang='lat' dir='ltr'>a</span> <span class='ocrx_word' id='word_1_409' title='bbox 2119 1521 2262 1571; x_wconf 90' lang='lat' dir='ltr'>Spiritu</span> <span class='ocrx_word' id='word_1_410' title='bbox 2291 1522 2450 1569; x_wconf 87' lang='lat' dir='ltr'>Sancto,</span> <span class='ocrx_word' id='word_1_411' title='bbox 2478 1533 2559 1560; x_wconf 90' lang='lat' dir='ltr'>non</span> <span class='ocrx_word' id='word_1_412' title='bbox 2588 1532 2676 1572; x_wconf 85' lang='lat' dir='ltr'>pos-</span> 
     </span>
     <span class='ocr_line' id='line_1_59' title="bbox 1612 1573 2678 1624; baseline 0.003 -14"><span class='ocrx_word' id='word_1_413' title='bbox 1612 1581 1700 1611; x_wconf 89' lang='lat' dir='ltr'>sunt</span> <span class='ocrx_word' id='word_1_414' title='bbox 1728 1573 1802 1612; x_wconf 88' lang='lat' dir='ltr'>dici</span> <span class='ocrx_word' id='word_1_415' title='bbox 1829 1573 1897 1611; x_wconf 90' lang='lat' dir='ltr'>filii</span> <span class='ocrx_word' id='word_1_416' title='bbox 1919 1573 1991 1612; x_wconf 92' lang='lat' dir='ltr'>Dei</span> <span class='ocrx_word' id='word_1_417' title='bbox 2019 1575 2236 1612; x_wconf 89' lang='lat' dir='ltr'>secundum</span> <span class='ocrx_word' id='word_1_418' title='bbox 2263 1575 2470 1624; x_wconf 85' lang='lat' dir='ltr'>perfectam</span> <span class='ocrx_word' id='word_1_419' title='bbox 2488 1574 2678 1621; x_wconf 77' lang='lat' dir='ltr'>rationem</span> 
     </span>
     <span class='ocr_line' id='line_1_60' title="bbox 1610 1626 2677 1674; baseline 0.001 -9"><span class='ocrx_word' id='word_1_420' title='bbox 1610 1626 1813 1665; x_wconf 90' lang='lat' dir='ltr'>filiationis.</span> <span class='ocrx_word' id='word_1_421' title='bbox 1852 1627 1901 1664; x_wconf 89' lang='lat' dir='ltr'>Et</span> <span class='ocrx_word' id='word_1_422' title='bbox 1927 1627 2015 1664; x_wconf 90' lang='lat' dir='ltr'>ideo</span> <span class='ocrx_word' id='word_1_423' title='bbox 2050 1627 2231 1665; x_wconf 89' lang='lat' dir='ltr'>dicuntur</span> <span class='ocrx_word' id='word_1_424' title='bbox 2261 1626 2329 1665; x_wconf 91' lang='lat' dir='ltr'>filii</span> <span class='ocrx_word' id='word_1_425' title='bbox 2356 1627 2429 1666; x_wconf 89' lang='lat' dir='ltr'>Dei</span> <span class='ocrx_word' id='word_1_426' title='bbox 2460 1627 2677 1674; x_wconf 81' lang='lat' dir='ltr'>secundum</span> 
     </span>
     <span class='ocr_line' id='line_1_61' title="bbox 1611 1679 2680 1730; baseline 0.001 -14"><span class='ocrx_word' id='word_1_427' title='bbox 1611 1679 1837 1717; x_wconf 87' lang='lat' dir='ltr'>filiationem</span> <span class='ocrx_word' id='word_1_428' title='bbox 1865 1679 2144 1729; x_wconf 85' lang='lat' dir='ltr'>imperfectam,</span> <span class='ocrx_word' id='word_1_429' title='bbox 2174 1692 2274 1730; x_wconf 85' lang='lat' dir='ltr'>quae</span> <span class='ocrx_word' id='word_1_430' title='bbox 2303 1688 2358 1718; x_wconf 91' lang='lat' dir='ltr'>est</span> <span class='ocrx_word' id='word_1_431' title='bbox 2385 1680 2602 1719; x_wconf 80' lang='lat' dir='ltr'>secundum</span> <span class='ocrx_word' id='word_1_432' title='bbox 2629 1679 2680 1719; x_wconf 46' lang='lat' dir='ltr'>sia</span> 
     </span>
    </p>
   </div>
   <div class='ocr_carea' id='block_1_19' title="bbox 1612 1731 2740 1834">
    <p class='ocr_par' dir='ltr' id='par_1_21' title="bbox 1612 1723 2772 1834">
     <span class='ocr_line' id='line_1_62' title="bbox 1613 1731 2681 1783; baseline 0.005 -14"><span class='ocrx_word' id='word_1_433' title='bbox 1613 1731 1869 1770; x_wconf 88' lang='lat' dir='ltr'>militudinem</span> <span class='ocrx_word' id='word_1_434' title='bbox 1887 1732 2038 1781; x_wconf 86' lang='lat' dir='ltr'>gratiae,</span> <span class='ocrx_word' id='word_1_435' title='bbox 2058 1745 2160 1783; x_wconf 89' lang='lat' dir='ltr'>quae</span> <span class='ocrx_word' id='word_1_436' title='bbox 2185 1741 2242 1771; x_wconf 89' lang='lat' dir='ltr'>est</span> <span class='ocrx_word' id='word_1_437' title='bbox 2259 1746 2283 1771; x_wconf 89' lang='lat' dir='ltr'>a</span> <span class='ocrx_word' id='word_1_438' title='bbox 2296 1741 2375 1772; x_wconf 86' lang='lat' dir='ltr'>tota</span> <span class='ocrx_word' id='word_1_439' title='bbox 2387 1733 2681 1773; x_wconf 58' lang='lat' dir='ltr'>Triniumffid</span> 
     </span>
     <span class='ocr_line' id='line_1_63' title="bbox 1612 1784 2740 1834; baseline 0.003 -13"><span class='ocrx_word' id='word_1_440' title='bbox 1612 1785 1661 1822; x_wconf 90' lang='lat' dir='ltr'>de</span> <span class='ocrx_word' id='word_1_441' title='bbox 1691 1784 1842 1823; x_wconf 90' lang='lat' dir='ltr'>Christo</span> <span class='ocrx_word' id='word_1_442' title='bbox 1871 1793 1927 1822; x_wconf 91' lang='lat' dir='ltr'>est</span> <span class='ocrx_word' id='word_1_443' title='bbox 1953 1786 2026 1824; x_wconf 90' lang='lat' dir='ltr'>alia</span> <span class='ocrx_word' id='word_1_444' title='bbox 2054 1786 2160 1834; x_wconf 88' lang='lat' dir='ltr'>ratio,</span> <span class='ocrx_word' id='word_1_445' title='bbox 2189 1795 2232 1824; x_wconf 92' lang='lat' dir='ltr'>ut</span> <span class='ocrx_word' id='word_1_446' title='bbox 2260 1786 2407 1825; x_wconf 88' lang='lat' dir='ltr'>dictum</span> <span class='ocrx_word' id='word_1_447' title='bbox 2435 1794 2492 1824; x_wconf 87' lang='lat' dir='ltr'>est</span> <span class='ocrx_word' id='word_1_448' title='bbox 2506 1786 2547 1825; x_wconf 73' lang='grc'>·*.1</span> <span class='ocrx_word' id='word_1_449' title='bbox 2569 1803 2587 1821; x_wconf 72' lang='lat' dir='ltr'>v1</span> <span class='ocrx_word' id='word_1_450' title='bbox 2639 1818 2641 1821; x_wconf 96' lang='lat'>.</span> <span class='ocrx_word' id='word_1_451' title='bbox 2673 1814 2679 1822; x_wconf 75' lang='grc'>,-</span> <span class='ocrx_word' id='word_1_452' title='bbox 2705 1790 2740 1805; x_wconf 56' lang='lat'>’⁴</span> 
     </span>
    </p>
   </div>
   <div class='ocr_carea' id='block_1_20' title="bbox 1666 1837 2503 1878">
    <p class='ocr_par' dir='ltr' id='par_1_22' title="bbox 1666 1837 2503 1878">
     <span class='ocr_line' id='line_1_64' title="bbox 1666 1837 2503 1878; baseline 0.006 -5"><span class='ocrx_word' id='word_1_453' title='bbox 1666 1839 1714 1874; x_wconf 92' lang='lat' dir='ltr'>Et</span> <span class='ocrx_word' id='word_1_454' title='bbox 1741 1837 1912 1875; x_wconf 89' lang='lat' dir='ltr'>similiter</span> <span class='ocrx_word' id='word_1_455' title='bbox 1939 1838 2148 1876; x_wconf 91' lang='lat' dir='ltr'>dicendum</span> <span class='ocrx_word' id='word_1_456' title='bbox 2176 1847 2232 1876; x_wconf 89' lang='lat' dir='ltr'>est</span> <span class='ocrx_word' id='word_1_457' title='bbox 2259 1840 2308 1877; x_wconf 89' lang='lat' dir='ltr'>ad</span> <span class='ocrx_word' id='word_1_458' title='bbox 2336 1839 2503 1878; x_wconf 85' lang='lat' dir='ltr'>tertium.</span> 
     </span>
    </p>
   </div>
   <div class='ocr_carea' id='block_1_21' title="bbox 1613 1967 2680 2109">
    <p class='ocr_par' dir='ltr' id='par_1_23' title="bbox 1613 1967 2680 2039">
     <span class='ocr_line' id='line_1_65' title="bbox 1666 1967 2680 2003; baseline 0.003 -10"><span class='ocrx_word' id='word_1_459' title='bbox 1666 1967 1692 2001; x_wconf 81' lang='grc' dir='ltr'>δ)</span> <span class='ocrx_word' id='word_1_460' title='bbox 1711 1968 1814 1994; x_wconf 77' lang='lat' dir='ltr'>Sicut...</span> <span class='ocrx_word' id='word_1_461' title='bbox 1840 1969 2004 2003; x_wconf 71' lang='lat' dir='ltr'>imper-secta.</span> <span class='ocrx_word' id='word_1_462' title='bbox 2021 1983 2041 1988; x_wconf 93' lang='lat'><em>-</em></span> <span class='ocrx_word' id='word_1_463' title='bbox 2062 1969 2082 1994; x_wconf 88' lang='lat' dir='ltr'>F</span> <span class='ocrx_word' id='word_1_464' title='bbox 2106 1974 2132 1994; x_wconf 81' lang='lat' dir='ltr'>et</span> <span class='ocrx_word' id='word_1_465' title='bbox 2153 1969 2241 2000; x_wconf 77' lang='lat' dir='ltr'>tertia3</span> <span class='ocrx_word' id='word_1_466' title='bbox 2267 1970 2298 1995; x_wconf 80' lang='lat' dir='ltr'>In</span> <span class='ocrx_word' id='word_1_467' title='bbox 2321 1969 2428 1995; x_wconf 80' lang='lat' dir='ltr'>homine</span> <span class='ocrx_word' id='word_1_468' title='bbox 2450 1973 2541 1997; x_wconf 72' lang='lat' dir='ltr'>maa</span> <span class='ocrx_word' id='word_1_469' title='bbox 2556 1971 2604 1996; x_wconf 61' lang='lat' dir='ltr'>‘m</span> <span class='ocrx_word' id='word_1_470' title='bbox 2627 1970 2680 1996; x_wconf 78' lang='lat' dir='ltr'>Dei</span> 
     </span>
     <span class='ocr_line' id='line_1_66' title="bbox 1613 2004 2609 2039; baseline 0.003 -10"><span class='ocrx_word' id='word_1_471' title='bbox 1613 2004 1761 2030; x_wconf 77' lang='lat' dir='ltr'>similitudo</span> <span class='ocrx_word' id='word_1_472' title='bbox 1780 2005 1809 2035; x_wconf 85' lang='lat' dir='ltr'>E,</span> <span class='ocrx_word' id='word_1_473' title='bbox 1831 2005 1880 2030; x_wconf 82' lang='lat' dir='ltr'>Est</span> <span class='ocrx_word' id='word_1_474' title='bbox 1897 2008 1987 2030; x_wconf 82' lang='lat' dir='ltr'>autem</span> <span class='ocrx_word' id='word_1_475' title='bbox 2005 2005 2153 2030; x_wconf 80' lang='lat' dir='ltr'>similitudo</span> <span class='ocrx_word' id='word_1_476' title='bbox 2173 2005 2328 2039; x_wconf 81' lang='lat' dir='ltr'>imperfecta</span> <span class='ocrx_word' id='word_1_477' title='bbox 2347 2006 2387 2031; x_wconf 89' lang='lat' dir='ltr'>ed.</span> <span class='ocrx_word' id='word_1_478' title='bbox 2405 2012 2431 2035; x_wconf 81' lang='lat' dir='ltr'>a,</span> <span class='ocrx_word' id='word_1_479' title='bbox 2450 2012 2504 2032; x_wconf 87' lang='lat' dir='ltr'>om.</span> <span class='ocrx_word' id='word_1_480' title='bbox 2522 2005 2609 2032; x_wconf 80' lang='lat' dir='ltr'>ceteri.</span> 
     </span>
    </p>

    <p class='ocr_par' dir='ltr' id='par_1_24' title="bbox 1667 2039 2479 2073">
     <span class='ocr_line' id='line_1_67' title="bbox 1667 2039 2479 2073; baseline 0.004 -9"><span class='ocrx_word' id='word_1_481' title='bbox 1667 2039 1690 2073; x_wconf 85' lang='grc' dir='ltr'>ε)</span> <span class='ocrx_word' id='word_1_482' title='bbox 1709 2043 1824 2066; x_wconf 81' lang='lat' dir='ltr'>creatus.</span> <span class='ocrx_word' id='word_1_483' title='bbox 1841 2055 1860 2059; x_wconf 87' lang='lat'>—</span> <span class='ocrx_word' id='word_1_484' title='bbox 1879 2043 2014 2066; x_wconf 78' lang='lat' dir='ltr'>recreatus</span> <span class='ocrx_word' id='word_1_485' title='bbox 2033 2040 2053 2064; x_wconf 78' lang='lat' dir='ltr'>F</span> <span class='ocrx_word' id='word_1_486' title='bbox 2073 2045 2099 2065; x_wconf 91' lang='lat' dir='ltr'>et</span> <span class='ocrx_word' id='word_1_487' title='bbox 2116 2040 2189 2065; x_wconf 82' lang='lat' dir='ltr'>tertia</span> <span class='ocrx_word' id='word_1_488' title='bbox 2208 2046 2309 2073; x_wconf 83' lang='lat' dir='ltr'>praeter</span> <span class='ocrx_word' id='word_1_489' title='bbox 2328 2040 2360 2069; x_wconf 83' lang='lat' dir='ltr'>G.</span> <span class='ocrx_word' id='word_1_490' title='bbox 2378 2048 2431 2067; x_wconf 91' lang='lat' dir='ltr'>om.</span> <span class='ocrx_word' id='word_1_491' title='bbox 2450 2041 2479 2067; x_wconf 85' lang='grc' dir='ltr'>Β.</span> 
     </span>
    </p>

    <p class='ocr_par' dir='ltr' id='par_1_25' title="bbox 1667 2074 1983 2109">
     <span class='ocr_line' id='line_1_68' title="bbox 1667 2074 1983 2109; baseline -0.003 -8"><span class='ocrx_word' id='word_1_492' title='bbox 1667 2074 1692 2109; x_wconf 82' lang='grc' dir='ltr'>ζ)</span> <span class='ocrx_word' id='word_1_493' title='bbox 1711 2076 1775 2101; x_wconf 81' lang='lat' dir='ltr'>eius.</span> <span class='ocrx_word' id='word_1_494' title='bbox 1793 2090 1813 2094; x_wconf 91' lang='lat'><strong>—</strong></span> <span class='ocrx_word' id='word_1_495' title='bbox 1831 2075 1884 2101; x_wconf 83' lang='lat' dir='ltr'>Dei</span> <span class='ocrx_word' id='word_1_496' title='bbox 1901 2075 1983 2100; x_wconf 81' lang='lat' dir='ltr'>tertia.</span> 
     </span>
    </p>
   </div>
   <div class='ocr_carea' id='block_1_22' title="bbox 1173 2142 2674 2200">
    <p class='ocr_par' dir='ltr' id='par_1_26' title="bbox 1173 2142 2674 2200">
     <span class='ocr_line' id='line_1_69' title="bbox 1173 2142 2674 2200; baseline -0.003 -4"><span class='ocrx_word' id='word_1_497' title='bbox 1173 2163 1509 2197; x_wconf 76' lang='lat' dir='ltr'>Commentaria</span> <span class='ocrx_word' id='word_1_498' title='bbox 1531 2163 1784 2197; x_wconf 77' lang='lat' dir='ltr'>Cardinalis</span> <span class='ocrx_word' id='word_1_499' title='bbox 1807 2163 2009 2196; x_wconf 78' lang='lat' dir='ltr'>Caietani</span> <span class='ocrx_word' id='word_1_500' title='bbox 2647 2166 2657 2200; x_wconf 65' lang='grc' dir='ltr'>ξ</span> <span class='ocrx_word' id='word_1_501' title='bbox 2671 2142 2674 2144; x_wconf 94' lang='lat'>.</span> 
     </span>
    </p>
   </div>
   <div class='ocr_carea' id='block_1_23' title="bbox 501 2251 1591 2329">
    <p class='ocr_par' dir='ltr' id='par_1_27' title="bbox 501 2251 1591 2329">
     <span class='ocr_line' id='line_1_70' title="bbox 501 2251 1591 2329; baseline -0.003 -44"><span class='ocrx_word' id='word_1_502' title='bbox 501 2264 664 2329; x_wconf 76' lang='lat' dir='ltr'>Txrums</span> <span class='ocrx_word' id='word_1_503' title='bbox 688 2254 799 2284; x_wconf 89' lang='lat' dir='ltr'>clarus.</span> <span class='ocrx_word' id='word_1_504' title='bbox 822 2271 845 2276; x_wconf 88' lang='lat'>-</span> <span class='ocrx_word' id='word_1_505' title='bbox 873 2253 908 2283; x_wconf 92' lang='lat' dir='ltr'>In</span> <span class='ocrx_word' id='word_1_506' title='bbox 932 2262 1066 2293; x_wconf 90' lang='lat' dir='ltr'>corpore</span> <span class='ocrx_word' id='word_1_507' title='bbox 1097 2253 1220 2283; x_wconf 86' lang='lat' dir='ltr'>articuli</span> <span class='ocrx_word' id='word_1_508' title='bbox 1241 2253 1300 2283; x_wconf 86' lang='lat' dir='ltr'>tria</span> <span class='ocrx_word' id='word_1_509' title='bbox 1321 2251 1420 2283; x_wconf 88' lang='lat' dir='ltr'>fiunt:</span> <span class='ocrx_word' id='word_1_510' title='bbox 1445 2253 1561 2292; x_wconf 90' lang='lat' dir='ltr'>primo,</span> <span class='ocrx_word' id='word_1_511' title='bbox 1587 2251 1591 2290; x_wconf 95' lang='grc' dir='ltr'>Ι</span> 
     </span>
    </p>
   </div>
   <div class='ocr_carea' id='block_1_24' title="bbox 498 2295 1564 3350">
    <p class='ocr_par' dir='ltr' id='par_1_28' title="bbox 499 2295 1564 2516">
     <span class='ocr_line' id='line_1_71' title="bbox 558 2295 1562 2340; baseline -0.003 -11"><span class='ocrx_word' id='word_1_512' title='bbox 558 2298 767 2340; x_wconf 90' lang='lat' dir='ltr'>praemittitur</span> <span class='ocrx_word' id='word_1_513' title='bbox 797 2298 875 2328; x_wconf 84' lang='lat' dir='ltr'>ratio</span> <span class='ocrx_word' id='word_1_514' title='bbox 900 2297 1094 2337; x_wconf 86' lang='lat' dir='ltr'>paternitatis</span> <span class='ocrx_word' id='word_1_515' title='bbox 1124 2302 1155 2327; x_wconf 93' lang='lat' dir='ltr'>et</span> <span class='ocrx_word' id='word_1_516' title='bbox 1174 2295 1346 2333; x_wconf 88' lang='lat' dir='ltr'>filiationis,</span> <span class='ocrx_word' id='word_1_517' title='bbox 1370 2302 1436 2327; x_wconf 87' lang='lat' dir='ltr'>tam</span> <span class='ocrx_word' id='word_1_518' title='bbox 1458 2296 1562 2337; x_wconf 90' lang='lat' dir='ltr'>perfe-</span> 
     </span>
     <span class='ocr_line' id='line_1_72' title="bbox 499 2340 1562 2383; baseline -0.003 -9"><span class='ocrx_word' id='word_1_519' title='bbox 499 2349 548 2374; x_wconf 90' lang='lat' dir='ltr'>cte</span> <span class='ocrx_word' id='word_1_520' title='bbox 572 2352 669 2383; x_wconf 88' lang='lat' dir='ltr'>quam</span> <span class='ocrx_word' id='word_1_521' title='bbox 691 2341 886 2382; x_wconf 86' lang='lat' dir='ltr'>imperfecte,</span> <span class='ocrx_word' id='word_1_522' title='bbox 911 2341 1089 2371; x_wconf 89' lang='lat' dir='ltr'>secundum</span> <span class='ocrx_word' id='word_1_523' title='bbox 1106 2340 1183 2381; x_wconf 91' lang='lat' dir='ltr'>quid</span> <span class='ocrx_word' id='word_1_524' title='bbox 1199 2340 1384 2377; x_wconf 88' lang='lat' dir='ltr'>attenditur;</span> <span class='ocrx_word' id='word_1_525' title='bbox 1409 2340 1562 2377; x_wconf 90' lang='lat' dir='ltr'>secundo,</span> 
     </span>
     <span class='ocr_line' id='line_1_73' title="bbox 499 2385 1563 2426; baseline -0.004 -8"><span class='ocrx_word' id='word_1_526' title='bbox 499 2387 680 2419; x_wconf 90' lang='lat' dir='ltr'>communis</span> <span class='ocrx_word' id='word_1_527' title='bbox 706 2386 814 2426; x_wconf 89' lang='lat' dir='ltr'>regula</span> <span class='ocrx_word' id='word_1_528' title='bbox 843 2385 883 2416; x_wconf 90' lang='lat' dir='ltr'>de</span> <span class='ocrx_word' id='word_1_529' title='bbox 909 2385 1146 2426; x_wconf 88' lang='lat' dir='ltr'>praedicatione</span> <span class='ocrx_word' id='word_1_530' title='bbox 1177 2386 1273 2416; x_wconf 89' lang='lat' dir='ltr'>unius</span> <span class='ocrx_word' id='word_1_531' title='bbox 1302 2390 1450 2425; x_wconf 87' lang='lat' dir='ltr'>respectu</span> <span class='ocrx_word' id='word_1_532' title='bbox 1480 2385 1563 2415; x_wconf 88' lang='lat' dir='ltr'>eius-</span> 
     </span>
     <span class='ocr_line' id='line_1_74' title="bbox 500 2428 1564 2471; baseline -0.003 -9"><span class='ocrx_word' id='word_1_533' title='bbox 500 2431 572 2462; x_wconf 87' lang='lat' dir='ltr'>dem</span> <span class='ocrx_word' id='word_1_534' title='bbox 594 2430 734 2471; x_wconf 86' lang='lat' dir='ltr'>perfecte</span> <span class='ocrx_word' id='word_1_535' title='bbox 757 2436 788 2460; x_wconf 91' lang='lat' dir='ltr'>et</span> <span class='ocrx_word' id='word_1_536' title='bbox 809 2429 995 2470; x_wconf 85' lang='lat' dir='ltr'>imperfecte</span> <span class='ocrx_word' id='word_1_537' title='bbox 1011 2430 1044 2466; x_wconf 75' lang='lat'>*;</span> <span class='ocrx_word' id='word_1_538' title='bbox 1075 2430 1186 2466; x_wconf 89' lang='lat' dir='ltr'>tertio,</span> <span class='ocrx_word' id='word_1_539' title='bbox 1211 2439 1248 2459; x_wconf 86' lang='lat' dir='ltr'>ex</span> <span class='ocrx_word' id='word_1_540' title='bbox 1277 2430 1326 2460; x_wconf 87' lang='lat' dir='ltr'>his</span> <span class='ocrx_word' id='word_1_541' title='bbox 1352 2428 1564 2469; x_wconf 86' lang='lat' dir='ltr'>respondetur</span> 
     </span>
     <span class='ocr_line' id='line_1_75' title="bbox 499 2476 685 2516; baseline -0.005 -10"><span class='ocrx_word' id='word_1_542' title='bbox 499 2476 642 2516; x_wconf 91' lang='lat' dir='ltr'>quaesito</span> <span class='ocrx_word' id='word_1_543' title='bbox 659 2477 685 2505; x_wconf 40' lang='grc' dir='ltr'>ὓ.</span> 
     </span>
    </p>

    <p class='ocr_par' dir='ltr' id='par_1_29' title="bbox 498 2517 1563 2771">
     <span class='ocr_line' id='line_1_76' title="bbox 554 2517 1563 2559; baseline -0.002 -9"><span class='ocrx_word' id='word_1_544' title='bbox 554 2519 671 2558; x_wconf 85' lang='lat' dir='ltr'>Quoad</span> <span class='ocrx_word' id='word_1_545' title='bbox 701 2519 858 2559; x_wconf 91' lang='lat' dir='ltr'>primum,</span> <span class='ocrx_word' id='word_1_546' title='bbox 890 2518 955 2548; x_wconf 91' lang='lat' dir='ltr'>duo</span> <span class='ocrx_word' id='word_1_547' title='bbox 981 2518 1020 2549; x_wconf 90' lang='lat' dir='ltr'>de</span> <span class='ocrx_word' id='word_1_548' title='bbox 1042 2518 1091 2548; x_wconf 92' lang='lat' dir='ltr'>his</span> <span class='ocrx_word' id='word_1_549' title='bbox 1115 2517 1280 2548; x_wconf 86' lang='lat' dir='ltr'>dicuntur:</span> <span class='ocrx_word' id='word_1_550' title='bbox 1311 2518 1436 2558; x_wconf 90' lang='lat' dir='ltr'>primo,</span> <span class='ocrx_word' id='word_1_551' title='bbox 1464 2526 1563 2558; x_wconf 89' lang='lat' dir='ltr'>penes</span> 
     </span>
     <span class='ocr_line' id='line_1_77' title="bbox 498 2561 1563 2604; baseline -0.002 -10"><span class='ocrx_word' id='word_1_552' title='bbox 498 2564 575 2604; x_wconf 90' lang='lat' dir='ltr'>quid</span> <span class='ocrx_word' id='word_1_553' title='bbox 595 2562 812 2598; x_wconf 88' lang='lat' dir='ltr'>attendantur;</span> <span class='ocrx_word' id='word_1_554' title='bbox 837 2562 990 2599; x_wconf 86' lang='lat' dir='ltr'>secundo,</span> <span class='ocrx_word' id='word_1_555' title='bbox 1015 2562 1251 2602; x_wconf 88' lang='lat' dir='ltr'>distinguuntur</span> <span class='ocrx_word' id='word_1_556' title='bbox 1274 2562 1308 2592; x_wconf 91' lang='lat' dir='ltr'>in</span> <span class='ocrx_word' id='word_1_557' title='bbox 1330 2562 1490 2602; x_wconf 90' lang='lat' dir='ltr'>perfectae</span> <span class='ocrx_word' id='word_1_558' title='bbox 1512 2561 1563 2591; x_wconf 87' lang='lat' dir='ltr'>vel</span> 
     </span>
     <span class='ocr_line' id='line_1_78' title="bbox 498 2605 1563 2648; baseline -0.003 -9"><span class='ocrx_word' id='word_1_559' title='bbox 498 2607 702 2648; x_wconf 89' lang='lat' dir='ltr'>imperfectae</span> <span class='ocrx_word' id='word_1_560' title='bbox 725 2607 854 2637; x_wconf 87' lang='lat' dir='ltr'>rationis</span> <span class='ocrx_word' id='word_1_561' title='bbox 877 2607 1029 2637; x_wconf 88' lang='lat' dir='ltr'>membra.</span> <span class='ocrx_word' id='word_1_562' title='bbox 1053 2607 1226 2636; x_wconf 88' lang='lat' dir='ltr'>Paternitas</span> <span class='ocrx_word' id='word_1_563' title='bbox 1246 2606 1342 2646; x_wconf 88' lang='lat' dir='ltr'>igitur</span> <span class='ocrx_word' id='word_1_564' title='bbox 1357 2611 1388 2636; x_wconf 90' lang='lat' dir='ltr'>et</span> <span class='ocrx_word' id='word_1_565' title='bbox 1403 2605 1514 2636; x_wconf 84' lang='lat' dir='ltr'>filiatio</span> <span class='ocrx_word' id='word_1_566' title='bbox 1529 2605 1563 2636; x_wconf 89' lang='lat' dir='ltr'>in</span> 
     </span>
     <span class='ocr_line' id='line_1_79' title="bbox 499 2650 1563 2691; baseline -0.002 -9"><span class='ocrx_word' id='word_1_567' title='bbox 499 2652 684 2683; x_wconf 87' lang='lat' dir='ltr'>animalium</span> <span class='ocrx_word' id='word_1_568' title='bbox 710 2651 915 2691; x_wconf 82' lang='lat' dir='ltr'>generatione</span> <span class='ocrx_word' id='word_1_569' title='bbox 943 2650 1121 2681; x_wconf 88' lang='lat' dir='ltr'>secundum</span> <span class='ocrx_word' id='word_1_570' title='bbox 1149 2650 1406 2686; x_wconf 86' lang='lat' dir='ltr'>similitudinem,</span> <span class='ocrx_word' id='word_1_571' title='bbox 1433 2650 1563 2690; x_wconf 90' lang='lat' dir='ltr'>proprie</span> 
     </span>
     <span class='ocr_line' id='line_1_80' title="bbox 499 2694 1561 2735; baseline -0.002 -9"><span class='ocrx_word' id='word_1_572' title='bbox 499 2697 656 2727; x_wconf 88' lang='lat' dir='ltr'>dicuntur.</span> <span class='ocrx_word' id='word_1_573' title='bbox 691 2695 812 2726; x_wconf 91' lang='lat' dir='ltr'>Omnes</span> <span class='ocrx_word' id='word_1_574' title='bbox 838 2695 1010 2735; x_wconf 89' lang='lat' dir='ltr'>particulae</span> <span class='ocrx_word' id='word_1_575' title='bbox 1040 2695 1073 2725; x_wconf 90' lang='lat' dir='ltr'>in</span> <span class='ocrx_word' id='word_1_576' title='bbox 1096 2695 1198 2725; x_wconf 90' lang='lat' dir='ltr'>littera</span> <span class='ocrx_word' id='word_1_577' title='bbox 1221 2694 1402 2735; x_wconf 86' lang='lat' dir='ltr'>singillatim</span> <span class='ocrx_word' id='word_1_578' title='bbox 1427 2700 1457 2724; x_wconf 92' lang='lat' dir='ltr'>et</span> <span class='ocrx_word' id='word_1_579' title='bbox 1480 2694 1561 2724; x_wconf 91' lang='lat' dir='ltr'>clare</span> 
     </span>
     <span class='ocr_line' id='line_1_81' title="bbox 499 2741 706 2771; baseline -0.005 0"><span class='ocrx_word' id='word_1_580' title='bbox 499 2741 706 2771; x_wconf 87' lang='lat' dir='ltr'>declarantur.</span> 
     </span>
    </p>

    <p class='ocr_par' dir='ltr' id='par_1_30' title="bbox 499 2782 1562 3133">
     <span class='ocr_line' id='line_1_82' title="bbox 553 2782 1561 2824; baseline -0.002 -10"><span class='ocrx_word' id='word_1_581' title='bbox 553 2785 799 2824; x_wconf 88' lang='lat' dir='ltr'>Distinguuntur</span> <span class='ocrx_word' id='word_1_582' title='bbox 814 2788 921 2813; x_wconf 88' lang='lat' dir='ltr'>autern</span> <span class='ocrx_word' id='word_1_583' title='bbox 938 2783 1106 2823; x_wconf 87' lang='lat' dir='ltr'>paternitas</span> <span class='ocrx_word' id='word_1_584' title='bbox 1123 2789 1154 2813; x_wconf 92' lang='lat' dir='ltr'>et</span> <span class='ocrx_word' id='word_1_585' title='bbox 1169 2782 1280 2814; x_wconf 90' lang='lat' dir='ltr'>filiatio</span> <span class='ocrx_word' id='word_1_586' title='bbox 1297 2782 1475 2813; x_wconf 89' lang='lat' dir='ltr'>secundum</span> <span class='ocrx_word' id='word_1_587' title='bbox 1491 2792 1561 2822; x_wconf 93' lang='lat' dir='ltr'>per-</span> 
     </span>
     <span class='ocr_line' id='line_1_83' title="bbox 499 2826 1562 2868; baseline -0.002 -9"><span class='ocrx_word' id='word_1_588' title='bbox 499 2829 614 2859; x_wconf 88' lang='lat' dir='ltr'>fectam</span> <span class='ocrx_word' id='word_1_589' title='bbox 636 2829 686 2858; x_wconf 92' lang='lat' dir='ltr'>vel</span> <span class='ocrx_word' id='word_1_590' title='bbox 710 2827 928 2868; x_wconf 90' lang='lat' dir='ltr'>imperfectam</span> <span class='ocrx_word' id='word_1_591' title='bbox 951 2828 1125 2863; x_wconf 90' lang='lat' dir='ltr'>rationem,</span> <span class='ocrx_word' id='word_1_592' title='bbox 1155 2828 1242 2859; x_wconf 87' lang='lat' dir='ltr'>iuxta</span> <span class='ocrx_word' id='word_1_593' title='bbox 1269 2826 1409 2858; x_wconf 88' lang='lat' dir='ltr'>diversae</span> <span class='ocrx_word' id='word_1_594' title='bbox 1432 2827 1562 2858; x_wconf 86' lang='lat' dir='ltr'>rationis</span> 
     </span>
     <span class='ocr_line' id='line_1_84' title="bbox 499 2871 1561 2907; baseline 0 -5"><span class='ocrx_word' id='word_1_595' title='bbox 499 2872 747 2903; x_wconf 89' lang='lat' dir='ltr'>similitudinem.</span> <span class='ocrx_word' id='word_1_596' title='bbox 782 2872 865 2902; x_wconf 88' lang='lat' dir='ltr'>Nam</span> <span class='ocrx_word' id='word_1_597' title='bbox 896 2872 1011 2902; x_wconf 87' lang='lat' dir='ltr'>animal</span> <span class='ocrx_word' id='word_1_598' title='bbox 1043 2881 1080 2902; x_wconf 88' lang='lat' dir='ltr'>ex</span> <span class='ocrx_word' id='word_1_599' title='bbox 1104 2871 1248 2907; x_wconf 87' lang='lat' dir='ltr'>animali,</span> <span class='ocrx_word' id='word_1_600' title='bbox 1279 2877 1333 2902; x_wconf 87' lang='lat' dir='ltr'>aut</span> <span class='ocrx_word' id='word_1_601' title='bbox 1357 2871 1561 2902; x_wconf 85' lang='lat' dir='ltr'>excellentius</span> 
     </span>
     <span class='ocr_line' id='line_1_85' title="bbox 499 2915 1561 2956; baseline 0.001 -11"><span class='ocrx_word' id='word_1_602' title='bbox 499 2917 623 2947; x_wconf 91' lang='lat' dir='ltr'>vivente</span> <span class='ocrx_word' id='word_1_603' title='bbox 648 2925 744 2956; x_wconf 84' lang='lat' dir='ltr'>quam</span> <span class='ocrx_word' id='word_1_604' title='bbox 768 2915 893 2952; x_wconf 88' lang='lat' dir='ltr'>animal,</span> <span class='ocrx_word' id='word_1_605' title='bbox 917 2915 1104 2956; x_wconf 90' lang='lat' dir='ltr'>procedens,</span> <span class='ocrx_word' id='word_1_606' title='bbox 1129 2916 1155 2946; x_wconf 91' lang='lat' dir='ltr'>si</span> <span class='ocrx_word' id='word_1_607' title='bbox 1176 2915 1317 2956; x_wconf 82' lang='lat' dir='ltr'>perfecte</span> <span class='ocrx_word' id='word_1_608' title='bbox 1340 2915 1454 2956; x_wconf 89' lang='lat' dir='ltr'>accipit</span> <span class='ocrx_word' id='word_1_609' title='bbox 1475 2915 1561 2946; x_wconf 90' lang='lat' dir='ltr'>simi-</span> 
     </span>
     <span class='ocr_line' id='line_1_86' title="bbox 499 2958 1561 3000; baseline 0 -10"><span class='ocrx_word' id='word_1_610' title='bbox 499 2960 666 2991; x_wconf 89' lang='lat' dir='ltr'>litudinem</span> <span class='ocrx_word' id='word_1_611' title='bbox 690 2959 910 3000; x_wconf 86' lang='lat' dir='ltr'>producentis,</span> <span class='ocrx_word' id='word_1_612' title='bbox 935 2959 1074 3000; x_wconf 90' lang='lat' dir='ltr'>perfecte</span> <span class='ocrx_word' id='word_1_613' title='bbox 1097 2961 1141 2990; x_wconf 91' lang='lat' dir='ltr'>ibi</span> <span class='ocrx_word' id='word_1_614' title='bbox 1169 2965 1215 2990; x_wconf 91' lang='lat' dir='ltr'>est</span> <span class='ocrx_word' id='word_1_615' title='bbox 1237 2965 1326 3000; x_wconf 88' lang='lat' dir='ltr'>pater</span> <span class='ocrx_word' id='word_1_616' title='bbox 1349 2965 1380 2990; x_wconf 92' lang='lat' dir='ltr'>et</span> <span class='ocrx_word' id='word_1_617' title='bbox 1402 2958 1503 2990; x_wconf 88' lang='lat' dir='ltr'>filius:</span> <span class='ocrx_word' id='word_1_618' title='bbox 1535 2961 1561 2990; x_wconf 90' lang='lat' dir='ltr'>si</span> 
     </span>
     <span class='ocr_line' id='line_1_87' title="bbox 500 3003 1561 3044; baseline -0.001 -9"><span class='ocrx_word' id='word_1_619' title='bbox 500 3004 683 3044; x_wconf 89' lang='lat' dir='ltr'>imperfecta</span> <span class='ocrx_word' id='word_1_620' title='bbox 706 3010 753 3034; x_wconf 90' lang='lat' dir='ltr'>est</span> <span class='ocrx_word' id='word_1_621' title='bbox 768 3003 954 3040; x_wconf 87' lang='lat' dir='ltr'>similitudo,</span> <span class='ocrx_word' id='word_1_622' title='bbox 978 3003 1164 3044; x_wconf 84' lang='lat' dir='ltr'>imperfecta</span> <span class='ocrx_word' id='word_1_623' title='bbox 1179 3013 1312 3044; x_wconf 90' lang='lat' dir='ltr'>quoque</span> <span class='ocrx_word' id='word_1_624' title='bbox 1336 3010 1383 3034; x_wconf 89' lang='lat' dir='ltr'>est</span> <span class='ocrx_word' id='word_1_625' title='bbox 1405 3004 1501 3044; x_wconf 88' lang='lat' dir='ltr'>patris</span> <span class='ocrx_word' id='word_1_626' title='bbox 1524 3004 1561 3035; x_wconf 91' lang='lat' dir='ltr'>fi-</span> 
     </span>
     <span class='ocr_line' id='line_1_88' title="bbox 501 3047 1560 3088; baseline 0.001 -10"><span class='ocrx_word' id='word_1_627' title='bbox 501 3049 598 3088; x_wconf 89' lang='lat' dir='ltr'>liique</span> <span class='ocrx_word' id='word_1_628' title='bbox 613 3049 703 3079; x_wconf 88' lang='lat' dir='ltr'>ratio.</span> <span class='ocrx_word' id='word_1_629' title='bbox 728 3048 975 3088; x_wconf 86' lang='lat' dir='ltr'>Declaraturque</span> <span class='ocrx_word' id='word_1_630' title='bbox 992 3049 1145 3088; x_wconf 87' lang='lat' dir='ltr'>exemplis</span> <span class='ocrx_word' id='word_1_631' title='bbox 1160 3048 1258 3079; x_wconf 86' lang='lat' dir='ltr'>Patris</span> <span class='ocrx_word' id='word_1_632' title='bbox 1281 3047 1459 3079; x_wconf 88' lang='lat' dir='ltr'>secundum</span> <span class='ocrx_word' id='word_1_633' title='bbox 1475 3058 1560 3079; x_wconf 87' lang='lat' dir='ltr'>crea-</span> 
     </span>
     <span class='ocr_line' id='line_1_89' title="bbox 501 3092 1265 3133; baseline 0.001 -11"><span class='ocrx_word' id='word_1_634' title='bbox 501 3093 631 3127; x_wconf 76' lang='lat' dir='ltr'>tionem,</span> <span class='ocrx_word' id='word_1_635' title='bbox 655 3098 686 3123; x_wconf 90' lang='lat' dir='ltr'>et</span> <span class='ocrx_word' id='word_1_636' title='bbox 709 3092 887 3123; x_wconf 89' lang='lat' dir='ltr'>secundum</span> <span class='ocrx_word' id='word_1_637' title='bbox 909 3092 1116 3132; x_wconf 87' lang='lat' dir='ltr'>adoptionem</span> <span class='ocrx_word' id='word_1_638' title='bbox 1139 3093 1265 3133; x_wconf 85' lang='lat' dir='ltr'>gratiae.</span> 
     </span>
    </p>

    <p class='ocr_par' dir='ltr' id='par_1_31' title="bbox 502 3135 1561 3350">
     <span class='ocr_line' id='line_1_90' title="bbox 555 3135 1561 3177; baseline 0.002 -11"><span class='ocrx_word' id='word_1_639' title='bbox 555 3135 592 3166; x_wconf 92' lang='lat'>11.</span> <span class='ocrx_word' id='word_1_640' title='bbox 617 3135 733 3174; x_wconf 85' lang='lat' dir='ltr'>Quoad</span> <span class='ocrx_word' id='word_1_641' title='bbox 757 3136 943 3172; x_wconf 87' lang='lat' dir='ltr'>secundum,</span> <span class='ocrx_word' id='word_1_642' title='bbox 967 3137 1074 3176; x_wconf 87' lang='lat' dir='ltr'>regula</span> <span class='ocrx_word' id='word_1_643' title='bbox 1098 3142 1160 3167; x_wconf 91' lang='lat' dir='ltr'>est:</span> <span class='ocrx_word' id='word_1_644' title='bbox 1185 3136 1235 3167; x_wconf 91' lang='lat' dir='ltr'>De</span> <span class='ocrx_word' id='word_1_645' title='bbox 1250 3136 1360 3177; x_wconf 80' lang='lat' dir='ltr'>aliquo</span> <span class='ocrx_word' id='word_1_646' title='bbox 1376 3136 1495 3168; x_wconf 80' lang='lat' dir='ltr'>dictum</span> <span class='ocrx_word' id='word_1_647' title='bbox 1513 3147 1561 3168; x_wconf 85' lang='lat' dir='ltr'>se-</span> 
     </span>
     <span class='ocr_line' id='line_1_91' title="bbox 502 3179 1560 3221; baseline 0.003 -12"><span class='ocrx_word' id='word_1_648' title='bbox 502 3179 639 3210; x_wconf 84' lang='lat' dir='ltr'>cundum</span> <span class='ocrx_word' id='word_1_649' title='bbox 657 3180 835 3221; x_wconf 76' lang='lat' dir='ltr'>perfectam</span> <span class='ocrx_word' id='word_1_650' title='bbox 855 3180 1022 3215; x_wconf 83' lang='lat' dir='ltr'>rationem,</span> <span class='ocrx_word' id='word_1_651' title='bbox 1047 3190 1111 3211; x_wconf 87' lang='lat' dir='ltr'>non</span> <span class='ocrx_word' id='word_1_652' title='bbox 1129 3180 1247 3211; x_wconf 87' lang='lat' dir='ltr'>dicitur</span> <span class='ocrx_word' id='word_1_653' title='bbox 1262 3180 1300 3211; x_wconf 86' lang='lat' dir='ltr'>de</span> <span class='ocrx_word' id='word_1_654' title='bbox 1316 3181 1426 3211; x_wconf 86' lang='lat' dir='ltr'>eodem</span> <span class='ocrx_word' id='word_1_655' title='bbox 1449 3190 1560 3212; x_wconf 87' lang='lat' dir='ltr'>secun-</span> 
     </span>
     <span class='ocr_line' id='line_1_92' title="bbox 502 3222 1560 3265; baseline 0.003 -12"><span class='ocrx_word' id='word_1_656' title='bbox 502 3222 575 3253; x_wconf 81' lang='lat' dir='ltr'>dum</span> <span class='ocrx_word' id='word_1_657' title='bbox 593 3223 809 3265; x_wconf 81' lang='lat' dir='ltr'>imperfectam</span> <span class='ocrx_word' id='word_1_658' title='bbox 826 3224 992 3253; x_wconf 78' lang='lat' dir='ltr'>rationem.</span> <span class='ocrx_word' id='word_1_659' title='bbox 1010 3224 1194 3255; x_wconf 84' lang='lat' dir='ltr'>Declaratur</span> <span class='ocrx_word' id='word_1_660' title='bbox 1209 3225 1356 3265; x_wconf 89' lang='lat' dir='ltr'>exemplo</span> <span class='ocrx_word' id='word_1_661' title='bbox 1373 3224 1412 3255; x_wconf 92' lang='lat' dir='ltr'>de</span> <span class='ocrx_word' id='word_1_662' title='bbox 1428 3225 1560 3256; x_wconf 91' lang='lat' dir='ltr'>homine</span> 
     </span>
     <span class='ocr_line' id='line_1_93' title="bbox 503 3266 1560 3310; baseline 0.004 -14"><span class='ocrx_word' id='word_1_663' title='bbox 503 3266 679 3297; x_wconf 84' lang='lat' dir='ltr'>secundum</span> <span class='ocrx_word' id='word_1_664' title='bbox 702 3267 858 3297; x_wconf 81' lang='lat' dir='ltr'>rationem</span> <span class='ocrx_word' id='word_1_665' title='bbox 880 3268 955 3302; x_wconf 82' lang='lat' dir='ltr'>veri,</span> <span class='ocrx_word' id='word_1_666' title='bbox 981 3273 1011 3297; x_wconf 90' lang='lat' dir='ltr'>et</span> <span class='ocrx_word' id='word_1_667' title='bbox 1034 3267 1211 3298; x_wconf 89' lang='lat' dir='ltr'>secundum</span> <span class='ocrx_word' id='word_1_668' title='bbox 1230 3269 1386 3300; x_wconf 87' lang='lat' dir='ltr'>rationem</span> <span class='ocrx_word' id='word_1_669' title='bbox 1409 3269 1485 3310; x_wconf 91' lang='lat' dir='ltr'>picti</span> <span class='ocrx_word' id='word_1_670' title='bbox 1501 3269 1560 3300; x_wconf 84' lang='lat' dir='ltr'>ho-</span> 
     </span>
     <span class='ocr_line' id='line_1_94' title="bbox 504 3310 1250 3350; baseline 0.003 -10"><span class='ocrx_word' id='word_1_671' title='bbox 504 3311 606 3347; x_wconf 76' lang='lat' dir='ltr'>minis,</span> <span class='ocrx_word' id='word_1_672' title='bbox 630 3316 775 3350; x_wconf 86' lang='lat' dir='ltr'>respectu</span> <span class='ocrx_word' id='word_1_673' title='bbox 799 3310 944 3341; x_wconf 83' lang='lat' dir='ltr'>Socratis.</span> <span class='ocrx_word' id='word_1_674' title='bbox 969 3310 1009 3341; x_wconf 90' lang='lat' dir='ltr'>Et</span> <span class='ocrx_word' id='word_1_675' title='bbox 1032 3317 1118 3350; x_wconf 87' lang='lat' dir='ltr'>patet</span> <span class='ocrx_word' id='word_1_676' title='bbox 1140 3312 1250 3342; x_wconf 87' lang='lat' dir='ltr'>littera.</span> 
     </span>
    </p>
   </div>
   <div class='ocr_carea' id='block_1_25' title="bbox 1616 2236 2685 2346">
    <p class='ocr_par' dir='ltr' id='par_1_32' title="bbox 1616 2236 2774 2346">
     <span class='ocr_line' id='line_1_95' title="bbox 1671 2236 2682 2295; baseline 0 -13"><span class='ocrx_word' id='word_1_677' title='bbox 1671 2252 1734 2283; x_wconf 91' lang='lat' dir='ltr'>Ubi</span> <span class='ocrx_word' id='word_1_678' title='bbox 1757 2251 1884 2284; x_wconf 88' lang='lat' dir='ltr'>adverte</span> <span class='ocrx_word' id='word_1_679' title='bbox 1915 2252 2004 2293; x_wconf 91' lang='lat' dir='ltr'>quod</span> <span class='ocrx_word' id='word_1_680' title='bbox 2033 2253 2142 2293; x_wconf 79' lang='lat' dir='ltr'>regula</span> <span class='ocrx_word' id='word_1_681' title='bbox 2172 2253 2358 2294; x_wconf 86' lang='lat' dir='ltr'>intelligitur</span> <span class='ocrx_word' id='word_1_682' title='bbox 2383 2253 2423 2286; x_wconf 87' lang='lat' dir='ltr'>de</span> <span class='ocrx_word' id='word_1_683' title='bbox 2445 2236 2682 2295; x_wconf 56' lang='lat' dir='ltr'>praedictione</span> 
     </span>
     <span class='ocr_line' id='line_1_96' title="bbox 1616 2297 2685 2346; baseline 0.005 -20"><span class='ocrx_word' id='word_1_684' title='bbox 1616 2297 1800 2337; x_wconf 87' lang='lat' dir='ltr'>simpliciter</span> <span class='ocrx_word' id='word_1_685' title='bbox 1823 2302 1855 2327; x_wconf 92' lang='lat' dir='ltr'>et</span> <span class='ocrx_word' id='word_1_686' title='bbox 1877 2297 2040 2334; x_wconf 86' lang='lat' dir='ltr'>absolute,</span> <span class='ocrx_word' id='word_1_687' title='bbox 2071 2298 2135 2328; x_wconf 90' lang='lat' dir='ltr'>hoc</span> <span class='ocrx_word' id='word_1_688' title='bbox 2158 2303 2222 2334; x_wconf 88' lang='lat' dir='ltr'>est,</span> <span class='ocrx_word' id='word_1_689' title='bbox 2252 2298 2320 2329; x_wconf 87' lang='lat' dir='ltr'>sine</span> <span class='ocrx_word' id='word_1_690' title='bbox 2342 2297 2506 2332; x_wconf 78' lang='lat' dir='ltr'>additione</span> <span class='ocrx_word' id='word_1_691' title='bbox 2527 2299 2685 2346; x_wconf 44' lang='grc' dir='ltr'>ιΙίςω-νὲ.</span> 
     </span>
    </p>
   </div>
   <div class='ocr_carea' id='block_1_26' title="bbox 2711 2343 2765 2383">
    <p class='ocr_par' dir='ltr' id='par_1_33' title="bbox 2711 2339 2765 2383">
     <span class='ocr_line' id='line_1_97' title="bbox 2711 2343 2765 2368; baseline 0 0"><span class='ocrx_word' id='word_1_692' title='bbox 2711 2350 2745 2368; x_wconf 42' lang='lat' dir='ltr'>ff:</span> <span class='ocrx_word' id='word_1_693' title='bbox 2760 2343 2765 2353; x_wconf 59' lang='lat'>⁷</span> 
     </span>
     <span class='ocr_line' id='line_1_98' title="bbox 2733 2369 2748 2383; baseline 0 0"><span class='ocrx_word' id='word_1_694' title='bbox 2733 2369 2748 2383; x_wconf 61' lang='lat' dir='ltr'>*c</span> 
     </span>
    </p>
   </div>
   <div class='ocr_carea' id='block_1_27' title="bbox 1615 2339 2666 2434">
    <p class='ocr_par' dir='ltr' id='par_1_34' title="bbox 1615 2339 2666 2434">
     <span class='ocr_line' id='line_1_99' title="bbox 1615 2339 2666 2383; baseline 0.005 -12"><span class='ocrx_word' id='word_1_695' title='bbox 1615 2341 1657 2371; x_wconf 91' lang='lat' dir='ltr'>Et</span> <span class='ocrx_word' id='word_1_696' title='bbox 1678 2341 1712 2371; x_wconf 84' lang='lat' dir='ltr'>in</span> <span class='ocrx_word' id='word_1_697' title='bbox 1735 2339 1890 2381; x_wconf 85' lang='lat' dir='ltr'>promptu</span> <span class='ocrx_word' id='word_1_698' title='bbox 1913 2342 1981 2372; x_wconf 87' lang='lat' dir='ltr'>eius</span> <span class='ocrx_word' id='word_1_699' title='bbox 2004 2342 2084 2372; x_wconf 88' lang='lat' dir='ltr'>ratio</span> <span class='ocrx_word' id='word_1_700' title='bbox 2108 2347 2170 2373; x_wconf 89' lang='lat' dir='ltr'>est:</span> <span class='ocrx_word' id='word_1_701' title='bbox 2195 2342 2272 2382; x_wconf 76' lang='lat' dir='ltr'>quia</span> <span class='ocrx_word' id='word_1_702' title='bbox 2293 2351 2416 2375; x_wconf 88' lang='lat' dir='ltr'>nomen</span> <span class='ocrx_word' id='word_1_703' title='bbox 2438 2341 2604 2383; x_wconf 70' lang='lat' dir='ltr'>quodcum</span> <span class='ocrx_word' id='word_1_704' title='bbox 2662 2379 2666 2382; x_wconf 56' lang='grc'>,</span> 
     </span>
     <span class='ocr_line' id='line_1_100' title="bbox 1617 2385 2657 2434; baseline 0.004 -19"><span class='ocrx_word' id='word_1_705' title='bbox 1617 2385 1801 2425; x_wconf 89' lang='lat' dir='ltr'>simpliciter</span> <span class='ocrx_word' id='word_1_706' title='bbox 1824 2386 2025 2417; x_wconf 85' lang='lat' dir='ltr'>enuntiatum</span> <span class='ocrx_word' id='word_1_707' title='bbox 2048 2385 2087 2416; x_wconf 92' lang='lat' dir='ltr'>de</span> <span class='ocrx_word' id='word_1_708' title='bbox 2106 2385 2215 2426; x_wconf 86' lang='lat' dir='ltr'>aliquo</span> <span class='ocrx_word' id='word_1_709' title='bbox 2238 2385 2379 2426; x_wconf 80' lang='lat' dir='ltr'>perfecta</span> <span class='ocrx_word' id='word_1_710' title='bbox 2393 2387 2517 2419; x_wconf 83' lang='lat' dir='ltr'>ratione</span> <span class='ocrx_word' id='word_1_711' title='bbox 2528 2386 2612 2423; x_wconf 72' lang='lat' dir='ltr'>illud</span> <span class='ocrx_word' id='word_1_712' title='bbox 2653 2431 2657 2434; x_wconf 22' lang='lat' dir='ltr'><strong><em>V</em></strong></span> 
     </span>
    </p>
   </div>
   <div class='ocr_carea' id='block_1_28' title="bbox 1616 2429 2836 2475">
    <p class='ocr_par' dir='ltr' id='par_1_35' title="bbox 1616 2417 2836 2477">
     <span class='ocr_line' id='line_1_101' title="bbox 1616 2429 2836 2475; baseline 0.006 -16"><span class='ocrx_word' id='word_1_713' title='bbox 1616 2430 1722 2466; x_wconf 90' lang='lat' dir='ltr'>bente‚</span> <span class='ocrx_word' id='word_1_714' title='bbox 1745 2439 1813 2460; x_wconf 90' lang='lat' dir='ltr'>non</span> <span class='ocrx_word' id='word_1_715' title='bbox 1829 2429 2023 2470; x_wconf 86' lang='lat' dir='ltr'>significatur</span> <span class='ocrx_word' id='word_1_716' title='bbox 2038 2429 2194 2461; x_wconf 86' lang='lat' dir='ltr'>diminute</span> <span class='ocrx_word' id='word_1_717' title='bbox 2209 2430 2255 2461; x_wconf 91' lang='lat' dir='ltr'>illi</span> <span class='ocrx_word' id='word_1_718' title='bbox 2269 2431 2458 2468; x_wconf 82' lang='lat' dir='ltr'>convenire;</span> <span class='ocrx_word' id='word_1_719' title='bbox 2480 2438 2520 2463; x_wconf 72' lang='lat' dir='ltr'>ec</span> <span class='ocrx_word' id='word_1_720' title='bbox 2530 2431 2684 2475; x_wconf 50' lang='grc' dir='ltr'>ΝΜ</span> <span class='ocrx_word' id='word_1_721' title='bbox 2834 2470 2836 2472; x_wconf 47' lang='grc'>,</span> 
     </span>
    </p>
   </div>
   <div class='ocr_carea' id='block_1_29' title="bbox 1615 2473 2680 2548">
    <p class='ocr_par' dir='ltr' id='par_1_36' title="bbox 1615 2473 2680 2548">
     <span class='ocr_line' id='line_1_102' title="bbox 1615 2473 2680 2516; baseline 0.005 -13"><span class='ocrx_word' id='word_1_722' title='bbox 1615 2483 1683 2503; x_wconf 91' lang='lat' dir='ltr'>non</span> <span class='ocrx_word' id='word_1_723' title='bbox 1706 2473 1885 2504; x_wconf 89' lang='lat' dir='ltr'>secundum</span> <span class='ocrx_word' id='word_1_724' title='bbox 1907 2473 2138 2515; x_wconf 83' lang='lat' dir='ltr'>imperfectam,</span> <span class='ocrx_word' id='word_1_725' title='bbox 2163 2473 2219 2505; x_wconf 91' lang='lat' dir='ltr'>sed</span> <span class='ocrx_word' id='word_1_726' title='bbox 2241 2474 2420 2506; x_wconf 87' lang='lat' dir='ltr'>secundum</span> <span class='ocrx_word' id='word_1_727' title='bbox 2442 2473 2617 2516; x_wconf 69' lang='lat' dir='ltr'>perfectam</span> <span class='ocrx_word' id='word_1_728' title='bbox 2630 2485 2680 2508; x_wconf 72' lang='lat' dir='ltr'>rn-</span> 
     </span>
     <span class='ocr_line' id='line_1_103' title="bbox 1615 2518 1748 2548; baseline 0.008 -1"><span class='ocrx_word' id='word_1_729' title='bbox 1615 2518 1748 2548; x_wconf 89' lang='lat' dir='ltr'>tionem.</span> 
     </span>
    </p>
   </div>
   <div class='ocr_carea' id='block_1_30' title="bbox 1671 2562 2755 2603">
    <p class='ocr_par' dir='ltr' id='par_1_37' title="bbox 1671 2546 2777 2603">
     <span class='ocr_line' id='line_1_104' title="bbox 1671 2562 2755 2603; baseline 0.002 -11"><span class='ocrx_word' id='word_1_730' title='bbox 1671 2562 1712 2592; x_wconf 93' lang='lat' dir='ltr'>Et</span> <span class='ocrx_word' id='word_1_731' title='bbox 1735 2563 1814 2593; x_wconf 90' lang='lat' dir='ltr'>scito</span> <span class='ocrx_word' id='word_1_732' title='bbox 1839 2562 1929 2603; x_wconf 91' lang='lat' dir='ltr'>quod</span> <span class='ocrx_word' id='word_1_733' title='bbox 1951 2572 2047 2603; x_wconf 90' lang='lat' dir='ltr'>super</span> <span class='ocrx_word' id='word_1_734' title='bbox 2069 2563 2127 2594; x_wconf 91' lang='lat' dir='ltr'>ista</span> <span class='ocrx_word' id='word_1_735' title='bbox 2142 2563 2251 2603; x_wconf 84' lang='lat' dir='ltr'>regula</span> <span class='ocrx_word' id='word_1_736' title='bbox 2273 2562 2424 2594; x_wconf 86' lang='lat' dir='ltr'>fundatur</span> <span class='ocrx_word' id='word_1_737' title='bbox 2438 2563 2618 2596; x_wconf 72' lang='lat' dir='ltr'>intellectus</span> <span class='ocrx_word' id='word_1_738' title='bbox 2631 2574 2682 2596; x_wconf 51' lang='grc' dir='ltr'>ιιι</span> <span class='ocrx_word' id='word_1_739' title='bbox 2733 2586 2755 2598; x_wconf 67' lang='grc'><em>.</em></span> 
     </span>
    </p>
   </div>
   <div class='ocr_carea' id='block_1_31' title="bbox 1616 2606 2682 2648">
    <p class='ocr_par' dir='ltr' id='par_1_38' title="bbox 1616 2606 2682 2648">
     <span class='ocr_line' id='line_1_105' title="bbox 1616 2606 2682 2648; baseline 0.004 -12"><span class='ocrx_word' id='word_1_740' title='bbox 1616 2615 1687 2636; x_wconf 89' lang='lat' dir='ltr'>crae</span> <span class='ocrx_word' id='word_1_741' title='bbox 1710 2606 1890 2646; x_wconf 90' lang='lat' dir='ltr'>Scripturae</span> <span class='ocrx_word' id='word_1_742' title='bbox 1913 2616 2006 2643; x_wconf 89' lang='lat' dir='ltr'>cum,</span> <span class='ocrx_word' id='word_1_743' title='bbox 2038 2606 2078 2638; x_wconf 92' lang='lat' dir='ltr'>de</span> <span class='ocrx_word' id='word_1_744' title='bbox 2105 2607 2180 2638; x_wconf 75' lang='lat' dir='ltr'>iesu</span> <span class='ocrx_word' id='word_1_745' title='bbox 2207 2606 2334 2638; x_wconf 81' lang='lat' dir='ltr'>Christo</span> <span class='ocrx_word' id='word_1_746' title='bbox 2363 2608 2519 2648; x_wconf 84' lang='lat' dir='ltr'>loquens,</span> <span class='ocrx_word' id='word_1_747' title='bbox 2547 2607 2682 2647; x_wconf 64' lang='lat' dir='ltr'>affirmat</span> 
     </span>
    </p>
   </div>
   <div class='ocr_carea' id='block_1_32' title="bbox 1615 2650 2680 2692">
    <p class='ocr_par' dir='ltr' id='par_1_39' title="bbox 1615 2633 2773 2692">
     <span class='ocr_line' id='line_1_106' title="bbox 1615 2650 2680 2692; baseline 0.004 -12"><span class='ocrx_word' id='word_1_748' title='bbox 1615 2650 1722 2689; x_wconf 88' lang='lat' dir='ltr'>ipsum</span> <span class='ocrx_word' id='word_1_749' title='bbox 1745 2660 1812 2681; x_wconf 87' lang='lat' dir='ltr'>esse</span> <span class='ocrx_word' id='word_1_750' title='bbox 1837 2651 1897 2681; x_wconf 91' lang='lat' dir='ltr'>Dei</span> <span class='ocrx_word' id='word_1_751' title='bbox 1920 2651 2049 2683; x_wconf 86' lang='lat' dir='ltr'>Filium.</span> <span class='ocrx_word' id='word_1_752' title='bbox 2083 2651 2132 2683; x_wconf 86' lang='lat' dir='ltr'>Ex</span> <span class='ocrx_word' id='word_1_753' title='bbox 2154 2652 2218 2683; x_wconf 91' lang='lat' dir='ltr'>hoc</span> <span class='ocrx_word' id='word_1_754' title='bbox 2242 2652 2329 2683; x_wconf 89' lang='lat' dir='ltr'>enim</span> <span class='ocrx_word' id='word_1_755' title='bbox 2358 2651 2448 2692; x_wconf 89' lang='lat' dir='ltr'>quod</span> <span class='ocrx_word' id='word_1_756' title='bbox 2471 2661 2540 2684; x_wconf 81' lang='lat' dir='ltr'>esse</span> <span class='ocrx_word' id='word_1_757' title='bbox 2561 2651 2680 2685; x_wconf 76' lang='lat' dir='ltr'>Filium</span> 
     </span>
    </p>
   </div>
   <div class='ocr_carea' id='block_1_33' title="bbox 1615 2693 2752 2783">
    <p class='ocr_par' dir='ltr' id='par_1_40' title="bbox 1615 2679 2770 2783">
     <span class='ocr_line' id='line_1_107' title="bbox 1616 2693 2680 2736; baseline 0.004 -12"><span class='ocrx_word' id='word_1_758' title='bbox 1616 2694 1676 2724; x_wconf 90' lang='lat' dir='ltr'>Dei</span> <span class='ocrx_word' id='word_1_759' title='bbox 1700 2694 1827 2725; x_wconf 89' lang='lat' dir='ltr'>Christo</span> <span class='ocrx_word' id='word_1_760' title='bbox 1851 2695 2002 2726; x_wconf 82' lang='lat' dir='ltr'>convenit</span> <span class='ocrx_word' id='word_1_761' title='bbox 2031 2695 2211 2727; x_wconf 88' lang='lat' dir='ltr'>secundum</span> <span class='ocrx_word' id='word_1_762' title='bbox 2232 2694 2407 2736; x_wconf 84' lang='lat' dir='ltr'>perfectam</span> <span class='ocrx_word' id='word_1_763' title='bbox 2435 2693 2597 2728; x_wconf 74' lang='lat' dir='ltr'>filiationis</span> <span class='ocrx_word' id='word_1_764' title='bbox 2618 2696 2680 2729; x_wconf 81' lang='lat' dir='ltr'>Dei</span> 
     </span>
     <span class='ocr_line' id='line_1_108' title="bbox 1615 2739 2752 2783; baseline 0.004 -15"><span class='ocrx_word' id='word_1_765' title='bbox 1615 2739 1782 2775; x_wconf 87' lang='lat' dir='ltr'>rationem,</span> <span class='ocrx_word' id='word_1_766' title='bbox 1807 2739 1883 2779; x_wconf 87' lang='lat' dir='ltr'>quia</span> <span class='ocrx_word' id='word_1_767' title='bbox 1906 2745 1952 2770; x_wconf 89' lang='lat' dir='ltr'>est</span> <span class='ocrx_word' id='word_1_768' title='bbox 1975 2740 2125 2771; x_wconf 85' lang='lat' dir='ltr'>naturalis</span> <span class='ocrx_word' id='word_1_769' title='bbox 2144 2740 2243 2771; x_wconf 88' lang='lat' dir='ltr'>Filius</span> <span class='ocrx_word' id='word_1_770' title='bbox 2261 2740 2340 2777; x_wconf 87' lang='lat' dir='ltr'>Dei;</span> <span class='ocrx_word' id='word_1_771' title='bbox 2364 2749 2567 2783; x_wconf 69' lang='lat' dir='ltr'>consequens</span> <span class='ocrx_word' id='word_1_772' title='bbox 2581 2745 2680 2778; x_wconf 61' lang='lat' dir='ltr'>estut</span> <span class='ocrx_word' id='word_1_773' title='bbox 2725 2751 2752 2782; x_wconf 58' lang='grc' dir='ltr'>«ς</span> 
     </span>
    </p>
   </div>
   <div class='ocr_carea' id='block_1_34' title="bbox 1614 2783 2680 2958">
    <p class='ocr_par' dir='ltr' id='par_1_41' title="bbox 1614 2783 2680 2873">
     <span class='ocr_line' id='line_1_109' title="bbox 1614 2783 2680 2826; baseline 0.004 -13"><span class='ocrx_word' id='word_1_774' title='bbox 1614 2792 1782 2823; x_wconf 90' lang='lat' dir='ltr'>nunquam</span> <span class='ocrx_word' id='word_1_775' title='bbox 1806 2783 1951 2814; x_wconf 88' lang='lat' dir='ltr'>Christus</span> <span class='ocrx_word' id='word_1_776' title='bbox 1973 2784 2198 2824; x_wconf 89' lang='lat' dir='ltr'>intelligendus</span> <span class='ocrx_word' id='word_1_777' title='bbox 2220 2785 2259 2815; x_wconf 91' lang='lat' dir='ltr'>sit</span> <span class='ocrx_word' id='word_1_778' title='bbox 2281 2783 2366 2815; x_wconf 85' lang='lat' dir='ltr'>filius</span> <span class='ocrx_word' id='word_1_779' title='bbox 2389 2784 2574 2826; x_wconf 75' lang='lat' dir='ltr'>adoptivus.</span> <span class='ocrx_word' id='word_1_780' title='bbox 2596 2785 2680 2817; x_wconf 70' lang='lat' dir='ltr'>sicut</span> 
     </span>
     <span class='ocr_line' id='line_1_110' title="bbox 1615 2827 2662 2873; baseline 0.004 -15"><span class='ocrx_word' id='word_1_781' title='bbox 1615 2828 1712 2858; x_wconf 86' lang='lat' dir='ltr'>ceteri</span> <span class='ocrx_word' id='word_1_782' title='bbox 1734 2828 1844 2864; x_wconf 89' lang='lat' dir='ltr'>sancti,</span> <span class='ocrx_word' id='word_1_783' title='bbox 1869 2837 1944 2859; x_wconf 90' lang='lat' dir='ltr'>cum</span> <span class='ocrx_word' id='word_1_784' title='bbox 1968 2827 2083 2859; x_wconf 88' lang='lat' dir='ltr'>dicitur</span> <span class='ocrx_word' id='word_1_785' title='bbox 2104 2828 2204 2860; x_wconf 87' lang='lat' dir='ltr'>Filius</span> <span class='ocrx_word' id='word_1_786' title='bbox 2226 2829 2298 2861; x_wconf 84' lang='lat' dir='ltr'>Dei.</span> <span class='ocrx_word' id='word_1_787' title='bbox 2513 2852 2524 2856; x_wconf 84' lang='lat'>-</span> <span class='ocrx_word' id='word_1_788' title='bbox 2542 2842 2662 2873; x_wconf 41' lang='lat' dir='ltr'>5135..ss</span> 
     </span>
    </p>

    <p class='ocr_par' dir='ltr' id='par_1_42' title="bbox 1615 2871 2669 2958">
     <span class='ocr_line' id='line_1_111' title="bbox 1671 2871 2599 2914; baseline 0.004 -12"><span class='ocrx_word' id='word_1_789' title='bbox 1671 2871 1722 2902; x_wconf 86' lang='grc' dir='ltr'><strong>ΙΙΙ.</strong></span> <span class='ocrx_word' id='word_1_790' title='bbox 1739 2871 1857 2910; x_wconf 93' lang='lat' dir='ltr'>Quoad</span> <span class='ocrx_word' id='word_1_791' title='bbox 1873 2873 2001 2903; x_wconf 86' lang='lat' dir='ltr'>tertium</span> <span class='ocrx_word' id='word_1_792' title='bbox 2013 2873 2040 2910; x_wconf 76' lang='lat'>*‚</span> <span class='ocrx_word' id='word_1_793' title='bbox 2057 2873 2223 2904; x_wconf 87' lang='lat' dir='ltr'>conclusio</span> <span class='ocrx_word' id='word_1_794' title='bbox 2237 2878 2297 2904; x_wconf 82' lang='lat' dir='ltr'>est:</span> <span class='ocrx_word' id='word_1_795' title='bbox 2317 2873 2465 2909; x_wconf 66' lang='lat' dir='ltr'>Christus</span> <span class='ocrx_word' id='word_1_796' title='bbox 2479 2871 2570 2911; x_wconf 63' lang='grc' dir='ltr'>118Πρ</span> <span class='ocrx_word' id='word_1_797' title='bbox 2597 2911 2599 2914; x_wconf 29' lang='lat'><strong>⁴</strong></span> 
     </span>
     <span class='ocr_line' id='line_1_112' title="bbox 1615 2912 2669 2958; baseline 0.005 -12"><span class='ocrx_word' id='word_1_798' title='bbox 1615 2915 1704 2946; x_wconf 82' lang='lat' dir='ltr'>debet</span> <span class='ocrx_word' id='word_1_799' title='bbox 1723 2915 1787 2946; x_wconf 82' lang='lat' dir='ltr'>dici</span> <span class='ocrx_word' id='word_1_800' title='bbox 1799 2917 1896 2958; x_wconf 84' lang='lat' dir='ltr'>filius</span> <span class='ocrx_word' id='word_1_801' title='bbox 1911 2916 2050 2957; x_wconf 81' lang='lat' dir='ltr'>Spiritus</span> <span class='ocrx_word' id='word_1_802' title='bbox 2065 2916 2186 2953; x_wconf 82' lang='lat' dir='ltr'>Sancti,</span> <span class='ocrx_word' id='word_1_803' title='bbox 2210 2921 2268 2948; x_wconf 85' lang='lat' dir='ltr'>aut</span> <span class='ocrx_word' id='word_1_804' title='bbox 2285 2917 2383 2949; x_wconf 76' lang='lat' dir='ltr'>totius</span> <span class='ocrx_word' id='word_1_805' title='bbox 2401 2912 2582 2954; x_wconf 58' lang='lat' dir='ltr'>multam}</span> <span class='ocrx_word' id='word_1_806' title='bbox 2662 2950 2669 2955; x_wconf 17' lang='lat' dir='ltr'>,a</span> 
     </span>
    </p>
   </div>
   <div class='ocr_carea' id='block_1_35' title="bbox 1615 2951 2680 3002">
    <p class='ocr_par' dir='ltr' id='par_1_43' title="bbox 1615 2943 2766 3002">
     <span class='ocr_line' id='line_1_113' title="bbox 1615 2951 2680 3002; baseline 0.004 -12"><span class='ocrx_word' id='word_1_807' title='bbox 1615 2961 1715 2990; x_wconf 89' lang='lat' dir='ltr'>batur.</span> <span class='ocrx_word' id='word_1_808' title='bbox 1748 2959 1892 2991; x_wconf 89' lang='lat' dir='ltr'>Christus</span> <span class='ocrx_word' id='word_1_809' title='bbox 1916 2967 1962 2991; x_wconf 86' lang='lat' dir='ltr'>est</span> <span class='ocrx_word' id='word_1_810' title='bbox 1985 2961 2084 2992; x_wconf 88' lang='lat' dir='ltr'>Filius</span> <span class='ocrx_word' id='word_1_811' title='bbox 2107 2961 2168 2992; x_wconf 93' lang='lat' dir='ltr'>Dei</span> <span class='ocrx_word' id='word_1_812' title='bbox 2190 2960 2369 2993; x_wconf 90' lang='lat' dir='ltr'>secundum</span> <span class='ocrx_word' id='word_1_813' title='bbox 2391 2951 2680 3002; x_wconf 45' lang='lat' dir='ltr'>perfectum-{EQ</span> 
     </span>
    </p>
   </div>
   <div class='ocr_carea' id='block_1_36' title="bbox 2598 2851 2766 2892">
    <p class='ocr_par' dir='ltr' id='par_1_44' title="bbox 2598 2851 2766 2892">
     <span class='ocr_line' id='line_1_114' title="bbox 2598 2851 2766 2870; baseline -0.006 -11"><span class='ocrx_word' id='word_1_814' title='bbox 2598 2860 2610 2870; x_wconf 32' lang='grc' dir='ltr'><em>ὦ</em></span> <span class='ocrx_word' id='word_1_815' title='bbox 2740 2851 2766 2859; x_wconf 83' lang='grc'>.-</span> 
     </span>
     <span class='ocr_line' id='line_1_115' title="bbox 2617 2868 2760 2892; baseline 0.014 -13"><span class='ocrx_word' id='word_1_816' title='bbox 2617 2868 2626 2879; x_wconf 57' lang='lat' dir='ltr'>s</span> <span class='ocrx_word' id='word_1_817' title='bbox 2706 2872 2760 2892; x_wconf 41' lang='grc' dir='ltr'>,υ-</span> 
     </span>
    </p>
   </div>
   <div class='ocr_carea' id='block_1_37' title="bbox 1614 3003 2681 3048">
    <p class='ocr_par' dir='ltr' id='par_1_45' title="bbox 1614 3003 2770 3048">
     <span class='ocr_line' id='line_1_116' title="bbox 1614 3003 2681 3048; baseline 0.003 -14"><span class='ocrx_word' id='word_1_818' title='bbox 1614 3013 1689 3035; x_wconf 90' lang='lat' dir='ltr'>nem</span> <span class='ocrx_word' id='word_1_819' title='bbox 1714 3004 1883 3036; x_wconf 88' lang='lat' dir='ltr'>filiationis.</span> <span class='ocrx_word' id='word_1_820' title='bbox 1917 3005 2003 3046; x_wconf 87' lang='lat' dir='ltr'>Ergo</span> <span class='ocrx_word' id='word_1_821' title='bbox 2020 3006 2132 3046; x_wconf 53' lang='lat' dir='ltr'>*neque</span> <span class='ocrx_word' id='word_1_822' title='bbox 2155 3006 2277 3036; x_wconf 77' lang='lat' dir='ltr'>ratione</span> <span class='ocrx_word' id='word_1_823' title='bbox 2300 3006 2478 3043; x_wconf 70' lang='lat' dir='ltr'>creationis,</span> <span class='ocrx_word' id='word_1_824' title='bbox 2498 3003 2681 3048; x_wconf 55' lang='lat' dir='ltr'>nequest-2</span> 
     </span>
    </p>
   </div>
   <div class='ocr_carea' id='block_1_38' title="bbox 1615 3046 2747 3167">
    <p class='ocr_par' dir='ltr' id='par_1_46' title="bbox 1615 3042 2762 3167">
     <span class='ocr_line' id='line_1_117' title="bbox 1615 3046 2742 3091; baseline 0.004 -12"><span class='ocrx_word' id='word_1_825' title='bbox 1615 3047 1827 3085; x_wconf 73' lang='lat' dir='ltr'>sfificafionis,</span> <span class='ocrx_word' id='word_1_826' title='bbox 1859 3049 1914 3080; x_wconf 91' lang='lat' dir='ltr'>sed</span> <span class='ocrx_word' id='word_1_827' title='bbox 1941 3050 2040 3081; x_wconf 82' lang='lat' dir='ltr'>solius</span> <span class='ocrx_word' id='word_1_828' title='bbox 2069 3055 2214 3081; x_wconf 88' lang='lat' dir='ltr'>aeternae</span> <span class='ocrx_word' id='word_1_829' title='bbox 2235 3050 2466 3091; x_wconf 79' lang='lat' dir='ltr'>generationis,</span> <span class='ocrx_word' id='word_1_830' title='bbox 2496 3048 2681 3086; x_wconf 66' lang='lat' dir='ltr'>debetffl</span> <span class='ocrx_word' id='word_1_831' title='bbox 2731 3052 2759 3086; x_wconf 68' lang='lat' dir='ltr'>„i</span> 
     </span>
     <span class='ocr_line' id='line_1_118' title="bbox 2025 3093 2747 3142; baseline 0.003 -16"><span class='ocrx_word' id='word_1_832' title='bbox 2025 3094 2160 3136; x_wconf 85' lang='lat' dir='ltr'>Spiritus</span> <span class='ocrx_word' id='word_1_833' title='bbox 2175 3094 2293 3130; x_wconf 81' lang='lat' dir='ltr'>Sancti,</span> <span class='ocrx_word' id='word_1_834' title='bbox 2316 3103 2376 3126; x_wconf 82' lang='lat' dir='ltr'>nec</span> <span class='ocrx_word' id='word_1_835' title='bbox 2400 3094 2562 3127; x_wconf 76' lang='lat' dir='ltr'>Trinitatis</span> <span class='ocrx_word' id='word_1_836' title='bbox 2576 3093 2681 3138; x_wconf 49' lang='lat' dir='ltr'>deba</span> <span class='ocrx_word' id='word_1_837' title='bbox 2716 3112 2730 3130; x_wconf 66' lang='lat'><em>2</em></span> 
     </span>
     <span class='ocr_line' id='line_1_119' title="bbox 2415 3150 2727 3167; baseline 0 -9"><span class='ocrx_word' id='word_1_838' title='bbox 2415 3154 2421 3158; x_wconf 80' lang='grc'><strong>.</strong></span> <span class='ocrx_word' id='word_1_839' title='bbox 2655 3151 2675 3167; x_wconf 72' lang='grc'>,,</span> <span class='ocrx_word' id='word_1_840' title='bbox 2723 3150 2727 3151; x_wconf 28' lang='lat'><em>⁷</em></span> 
     </span>
    </p>
   </div>
   <div class='ocr_carea' id='block_1_39' title="bbox 1615 3093 2002 3168">
    <p class='ocr_par' dir='ltr' id='par_1_47' title="bbox 1615 3093 2002 3168">
     <span class='ocr_line' id='line_1_120' title="bbox 1615 3093 2002 3134; baseline 0.005 -11"><span class='ocrx_word' id='word_1_841' title='bbox 1615 3093 1714 3124; x_wconf 89' lang='lat' dir='ltr'>Filius</span> <span class='ocrx_word' id='word_1_842' title='bbox 1737 3093 1807 3124; x_wconf 88' lang='lat' dir='ltr'>Dei.</span> <span class='ocrx_word' id='word_1_843' title='bbox 1832 3093 1918 3134; x_wconf 86' lang='lat' dir='ltr'>Ergo</span> <span class='ocrx_word' id='word_1_844' title='bbox 1941 3104 2002 3125; x_wconf 90' lang='lat' dir='ltr'>nec</span> 
     </span>
     <span class='ocr_line' id='line_1_121' title="bbox 1615 3136 1793 3168; baseline 0 0"><span class='ocrx_word' id='word_1_845' title='bbox 1615 3137 1677 3168; x_wconf 92' lang='lat' dir='ltr'>dici</span> <span class='ocrx_word' id='word_1_846' title='bbox 1700 3136 1793 3168; x_wconf 88' lang='lat' dir='ltr'>filius.</span> 
     </span>
    </p>
   </div>
   <div class='ocr_carea' id='block_1_40' title="bbox 1614 3166 2756 3318">
    <p class='ocr_par' dir='ltr' id='par_1_48' title="bbox 1614 3166 2756 3318">
     <span class='ocr_line' id='line_1_122' title="bbox 1669 3166 2682 3225; baseline 0.003 -14"><span class='ocrx_word' id='word_1_847' title='bbox 1669 3181 1871 3212; x_wconf 89' lang='lat' dir='ltr'>Antecedens</span> <span class='ocrx_word' id='word_1_848' title='bbox 1900 3188 1996 3223; x_wconf 89' lang='lat' dir='ltr'>patet.</span> <span class='ocrx_word' id='word_1_849' title='bbox 2020 3201 2043 3205; x_wconf 94' lang='lat'>—</span> <span class='ocrx_word' id='word_1_850' title='bbox 2065 3182 2169 3214; x_wconf 87' lang='lat' dir='ltr'>Prima</span> <span class='ocrx_word' id='word_1_851' title='bbox 2200 3182 2429 3224; x_wconf 83' lang='lat' dir='ltr'>consequentia</span> <span class='ocrx_word' id='word_1_852' title='bbox 2457 3166 2682 3225; x_wconf 42' lang='lat' dir='ltr'>probatursffif</span> 
     </span>
     <span class='ocr_line' id='line_1_123' title="bbox 1614 3225 2750 3268; baseline 0.002 -12"><span class='ocrx_word' id='word_1_853' title='bbox 1614 3225 1722 3266; x_wconf 82' lang='lat' dir='ltr'>regula</span> <span class='ocrx_word' id='word_1_854' title='bbox 1744 3227 1995 3266; x_wconf 79' lang='lat' dir='ltr'>praesupposita.</span> <span class='ocrx_word' id='word_1_855' title='bbox 2018 3245 2042 3249; x_wconf 93' lang='lat'>—</span> <span class='ocrx_word' id='word_1_856' title='bbox 2065 3226 2211 3258; x_wconf 78' lang='lat' dir='ltr'>Secunda</span> <span class='ocrx_word' id='word_1_857' title='bbox 2233 3236 2310 3258; x_wconf 83' lang='lat' dir='ltr'>vero</span> <span class='ocrx_word' id='word_1_858' title='bbox 2333 3227 2502 3268; x_wconf 79' lang='lat' dir='ltr'>probatur:</span> <span class='ocrx_word' id='word_1_859' title='bbox 2530 3227 2679 3267; x_wconf 56' lang='lat' dir='ltr'>quinne-²</span> <span class='ocrx_word' id='word_1_860' title='bbox 2715 3247 2731 3267; x_wconf 53' lang='grc'>;</span> <span class='ocrx_word' id='word_1_861' title='bbox 2747 3266 2750 3267; x_wconf 19' lang='lat'><em>⁷</em></span> 
     </span>
     <span class='ocr_line' id='line_1_124' title="bbox 1615 3267 2756 3318; baseline 0.001 -18"><span class='ocrx_word' id='word_1_862' title='bbox 1615 3269 1758 3300; x_wconf 89' lang='lat' dir='ltr'>cundum</span> <span class='ocrx_word' id='word_1_863' title='bbox 1787 3275 1947 3301; x_wconf 84' lang='lat' dir='ltr'>aeternam</span> <span class='ocrx_word' id='word_1_864' title='bbox 1974 3271 2215 3311; x_wconf 84' lang='lat' dir='ltr'>generationem</span> <span class='ocrx_word' id='word_1_865' title='bbox 2244 3270 2343 3303; x_wconf 78' lang='lat' dir='ltr'>solius</span> <span class='ocrx_word' id='word_1_866' title='bbox 2365 3270 2465 3302; x_wconf 72' lang='lat' dir='ltr'>Patris</span> <span class='ocrx_word' id='word_1_867' title='bbox 2493 3275 2541 3302; x_wconf 88' lang='lat' dir='ltr'>est</span> <span class='ocrx_word' id='word_1_868' title='bbox 2565 3267 2681 3303; x_wconf 68' lang='lat' dir='ltr'>Filia-i</span> <span class='ocrx_word' id='word_1_869' title='bbox 2726 3283 2756 3318; x_wconf 26' lang='grc' dir='ltr'>ζμ</span> 
     </span>
    </p>
   </div>
   <div class='ocr_carea' id='block_1_41' title="bbox 2684 0 2872 3970">
    <p class='ocr_par' dir='ltr' id='par_1_49' title="bbox 2684 0 2872 3970">
     <span class='ocr_line' id='line_1_125' title="bbox 2684 0 2872 3970; baseline 0 0"><span class='ocrx_word' id='word_1_870' title='bbox 2684 0 2872 3970; x_wconf 95' lang='lat' dir='ltr'> </span> 
     </span>
    </p>
   </div>
  </div>
 </body>
</html>
