<?xml version="1.0" encoding="UTF-8"?>
<!DOCTYPE html PUBLIC "-//W3C//DTD XHTML 1.0 Transitional//EN"
    "http://www.w3.org/TR/xhtml1/DTD/xhtml1-transitional.dtd">
<html xmlns="http://www.w3.org/1999/xhtml" xml:lang="en" lang="en">
 <head>
  <title>
</title>
<meta http-equiv="Content-Type" content="text/html;charset=utf-8" />
  <meta name='ocr-system' content='tesseract 3.04.00' />
  <meta name='ocr-capabilities' content='ocr_page ocr_carea ocr_par ocr_line ocrx_word'/>
</head>
<body>
  <div class='ocr_page' id='page_1' title='image "./operaomniaiussui11thom/operaomniaiussui11thom_0210.png"; bbox 0 0 2872 3970; ppageno 0'>
   <div class='ocr_carea' id='block_1_1' title="bbox 147 923 362 1025">
    <p class='ocr_par' dir='ltr' id='par_1_1' title="bbox 147 923 362 1025">
     <span class='ocr_line' id='line_1_1' title="bbox 150 923 361 951; baseline -0.005 -6"><span class='ocrx_word' id='word_1_1' title='bbox 150 925 159 934; x_wconf 77' lang='lat'>⁸</span> <span class='ocrx_word' id='word_1_2' title='bbox 167 924 188 945; x_wconf 81' lang='lat' dir='ltr'><strong>A</strong></span> <span class='ocrx_word' id='word_1_3' title='bbox 207 923 244 945; x_wconf 87' lang='lat' dir='ltr'>ud.</span> <span class='ocrx_word' id='word_1_4' title='bbox 254 923 361 951; x_wconf 69' lang='lat' dir='ltr'>Capi-eol.</span> 
     </span>
     <span class='ocr_line' id='line_1_2' title="bbox 148 950 361 978; baseline -0.005 -6"><span class='ocrx_word' id='word_1_5' title='bbox 148 950 181 972; x_wconf 86' lang='lat' dir='ltr'>ibi</span> <span class='ocrx_word' id='word_1_6' title='bbox 202 965 207 971; x_wconf 93' lang='lat'>.</span> <span class='ocrx_word' id='word_1_7' title='bbox 223 956 263 978; x_wconf 86' lang='lat' dir='ltr'>qu.</span> <span class='ocrx_word' id='word_1_8' title='bbox 279 956 304 977; x_wconf 83' lang='lat' dir='ltr'>n,</span> <span class='ocrx_word' id='word_1_9' title='bbox 320 954 361 971; x_wconf 82' lang='lat' dir='ltr'>art.</span> 
     </span>
     <span class='ocr_line' id='line_1_3' title="bbox 148 977 362 1002; baseline 0 -4"><span class='ocrx_word' id='word_1_10' title='bbox 148 983 169 1002; x_wconf 74' lang='lat'>2.</span> <span class='ocrx_word' id='word_1_11' title='bbox 177 981 239 998; x_wconf 87' lang='lat' dir='ltr'>cont.</span> <span class='ocrx_word' id='word_1_12' title='bbox 247 977 293 998; x_wconf 66' lang='lat'>2⁸¹⁰</span> <span class='ocrx_word' id='word_1_13' title='bbox 305 983 362 998; x_wconf 88' lang='lat' dir='ltr'>con-</span> 
     </span>
     <span class='ocr_line' id='line_1_4' title="bbox 147 1004 207 1025; baseline -0.017 0"><span class='ocrx_word' id='word_1_14' title='bbox 147 1004 207 1025; x_wconf 84' lang='lat' dir='ltr'>clus.</span> 
     </span>
    </p>
   </div>
   <div class='ocr_carea' id='block_1_2' title="bbox 163 3140 373 3167">
    <p class='ocr_par' dir='ltr' id='par_1_2' title="bbox 163 3140 373 3167">
     <span class='ocr_line' id='line_1_5' title="bbox 163 3140 373 3167; baseline 0 -6"><span class='ocrx_word' id='word_1_15' title='bbox 163 3141 172 3151; x_wconf 78' lang='lat'>⁸</span> <span class='ocrx_word' id='word_1_16' title='bbox 189 3140 235 3167; x_wconf 78' lang='lat' dir='ltr'>Qu.</span> <span class='ocrx_word' id='word_1_17' title='bbox 246 3146 287 3165; x_wconf 80' lang='lat' dir='ltr'>xn,</span> <span class='ocrx_word' id='word_1_18' title='bbox 302 3143 344 3161; x_wconf 82' lang='lat' dir='ltr'>art.</span> <span class='ocrx_word' id='word_1_19' title='bbox 353 3146 373 3161; x_wconf 80' lang='lat'>2.</span> 
     </span>
    </p>
   </div>
   <div class='ocr_carea' id='block_1_3' title="bbox 399 274 473 320">
    <p class='ocr_par' dir='ltr' id='par_1_3' title="bbox 399 274 473 320">
     <span class='ocr_line' id='line_1_6' title="bbox 399 274 473 320; baseline 0.014 -12"><span class='ocrx_word' id='word_1_20' title='bbox 399 274 473 320; x_wconf 87' lang='lat'>154</span> 
     </span>
    </p>
   </div>
   <div class='ocr_carea' id='block_1_4' title="bbox 388 350 1469 2257">
    <p class='ocr_par' dir='ltr' id='par_1_4' title="bbox 389 350 1465 869">
     <span class='ocr_line' id='line_1_7' title="bbox 391 350 1463 382; baseline 0.001 -2"><span class='ocrx_word' id='word_1_21' title='bbox 391 351 534 381; x_wconf 82' lang='lat' dir='ltr'>consistit</span> <span class='ocrx_word' id='word_1_22' title='bbox 557 352 590 381; x_wconf 92' lang='lat' dir='ltr'>in</span> <span class='ocrx_word' id='word_1_23' title='bbox 614 351 672 381; x_wconf 87' lang='lat' dir='ltr'>hac</span> <span class='ocrx_word' id='word_1_24' title='bbox 697 350 909 382; x_wconf 87' lang='lat' dir='ltr'>distinctione.</span> <span class='ocrx_word' id='word_1_25' title='bbox 946 351 1065 382; x_wconf 86' lang='lat' dir='ltr'>Infiniti</span> <span class='ocrx_word' id='word_1_26' title='bbox 1093 351 1271 382; x_wconf 91' lang='lat' dir='ltr'>secundum</span> <span class='ocrx_word' id='word_1_27' title='bbox 1295 351 1463 381; x_wconf 87' lang='lat' dir='ltr'>essentiam</span> 
     </span>
     <span class='ocr_line' id='line_1_8' title="bbox 391 395 1462 436; baseline 0.001 -12"><span class='ocrx_word' id='word_1_28' title='bbox 391 395 520 426; x_wconf 91' lang='lat' dir='ltr'>scientia</span> <span class='ocrx_word' id='word_1_29' title='bbox 545 395 807 436; x_wconf 86' lang='lat' dir='ltr'>comprehensiva</span> <span class='ocrx_word' id='word_1_30' title='bbox 832 401 878 426; x_wconf 91' lang='lat' dir='ltr'>est</span> <span class='ocrx_word' id='word_1_31' title='bbox 901 395 1041 426; x_wconf 86' lang='lat' dir='ltr'>infinita:</span> <span class='ocrx_word' id='word_1_32' title='bbox 1074 395 1189 426; x_wconf 88' lang='lat' dir='ltr'>infiniti</span> <span class='ocrx_word' id='word_1_33' title='bbox 1222 401 1330 425; x_wconf 89' lang='lat' dir='ltr'>autem</span> <span class='ocrx_word' id='word_1_34' title='bbox 1357 395 1462 431; x_wconf 89' lang='lat' dir='ltr'>aliter,</span> 
     </span>
     <span class='ocr_line' id='line_1_9' title="bbox 391 438 1464 480; baseline 0 -12"><span class='ocrx_word' id='word_1_35' title='bbox 391 438 471 469; x_wconf 87' lang='lat' dir='ltr'>finiti</span> <span class='ocrx_word' id='word_1_36' title='bbox 495 445 602 470; x_wconf 88' lang='lat' dir='ltr'>tamen</span> <span class='ocrx_word' id='word_1_37' title='bbox 626 439 805 470; x_wconf 91' lang='lat' dir='ltr'>secundum</span> <span class='ocrx_word' id='word_1_38' title='bbox 829 441 1014 476; x_wconf 79' lang='lat' dir='ltr'>essentiam,</span> <span class='ocrx_word' id='word_1_39' title='bbox 1044 440 1176 470; x_wconf 89' lang='lat' dir='ltr'>scientia</span> <span class='ocrx_word' id='word_1_40' title='bbox 1200 439 1464 480; x_wconf 84' lang='lat' dir='ltr'>comprehensiva</span> 
     </span>
     <span class='ocr_line' id='line_1_10' title="bbox 390 482 1464 522; baseline 0 -9"><span class='ocrx_word' id='word_1_41' title='bbox 390 492 458 513; x_wconf 89' lang='lat' dir='ltr'>non</span> <span class='ocrx_word' id='word_1_42' title='bbox 483 490 529 514; x_wconf 91' lang='lat' dir='ltr'>est</span> <span class='ocrx_word' id='word_1_43' title='bbox 551 483 685 514; x_wconf 86' lang='lat' dir='ltr'>infinita.</span> <span class='ocrx_word' id='word_1_44' title='bbox 711 484 796 522; x_wconf 87' lang='lat' dir='ltr'><strong>Quia</strong></span> <span class='ocrx_word' id='word_1_45' title='bbox 819 485 950 514; x_wconf 88' lang='lat' dir='ltr'>scientia</span> <span class='ocrx_word' id='word_1_46' title='bbox 974 490 1021 514; x_wconf 88' lang='lat' dir='ltr'>est</span> <span class='ocrx_word' id='word_1_47' title='bbox 1044 484 1134 514; x_wconf 90' lang='lat' dir='ltr'>finita</span> <span class='ocrx_word' id='word_1_48' title='bbox 1153 484 1202 514; x_wconf 86' lang='lat' dir='ltr'>vel</span> <span class='ocrx_word' id='word_1_49' title='bbox 1222 483 1346 514; x_wconf 87' lang='lat' dir='ltr'>infinita</span> <span class='ocrx_word' id='word_1_50' title='bbox 1370 493 1407 514; x_wconf 84' lang='lat' dir='ltr'>ex</span> <span class='ocrx_word' id='word_1_51' title='bbox 1428 482 1464 514; x_wconf 88' lang='lat' dir='ltr'>fi-</span> 
     </span>
     <span class='ocr_line' id='line_1_11' title="bbox 390 526 1463 568; baseline 0.001 -11"><span class='ocrx_word' id='word_1_52' title='bbox 390 528 486 558; x_wconf 88' lang='lat' dir='ltr'>nitate</span> <span class='ocrx_word' id='word_1_53' title='bbox 510 528 561 558; x_wconf 83' lang='lat' dir='ltr'>vel</span> <span class='ocrx_word' id='word_1_54' title='bbox 584 527 740 559; x_wconf 89' lang='lat' dir='ltr'>infinitate</span> <span class='ocrx_word' id='word_1_55' title='bbox 763 529 885 568; x_wconf 90' lang='lat' dir='ltr'>proprii</span> <span class='ocrx_word' id='word_1_56' title='bbox 909 529 1037 565; x_wconf 87' lang='lat' dir='ltr'>obiecti,</span> <span class='ocrx_word' id='word_1_57' title='bbox 1063 534 1094 559; x_wconf 87' lang='lat' dir='ltr'>et</span> <span class='ocrx_word' id='word_1_58' title='bbox 1117 538 1184 558; x_wconf 92' lang='lat' dir='ltr'>non</span> <span class='ocrx_word' id='word_1_59' title='bbox 1209 537 1246 558; x_wconf 89' lang='lat' dir='ltr'>ex</span> <span class='ocrx_word' id='word_1_60' title='bbox 1265 527 1326 558; x_wconf 87' lang='lat' dir='ltr'>alia</span> <span class='ocrx_word' id='word_1_61' title='bbox 1342 526 1463 558; x_wconf 89' lang='lat' dir='ltr'>finitate</span> 
     </span>
     <span class='ocr_line' id='line_1_12' title="bbox 390 572 1465 612; baseline 0.001 -11"><span class='ocrx_word' id='word_1_62' title='bbox 390 572 440 602; x_wconf 91' lang='lat' dir='ltr'>vel</span> <span class='ocrx_word' id='word_1_63' title='bbox 467 572 633 603; x_wconf 85' lang='lat' dir='ltr'>infinitate.</span> <span class='ocrx_word' id='word_1_64' title='bbox 668 573 840 612; x_wconf 92' lang='lat' dir='ltr'>Proprium</span> <span class='ocrx_word' id='word_1_65' title='bbox 871 578 979 603; x_wconf 88' lang='lat' dir='ltr'>autern</span> <span class='ocrx_word' id='word_1_66' title='bbox 1010 574 1176 603; x_wconf 90' lang='lat' dir='ltr'>obiectum</span> <span class='ocrx_word' id='word_1_67' title='bbox 1207 572 1386 603; x_wconf 89' lang='lat' dir='ltr'>intellectus</span> <span class='ocrx_word' id='word_1_68' title='bbox 1418 578 1465 602; x_wconf 92' lang='lat' dir='ltr'>est</span> 
     </span>
     <span class='ocr_line' id='line_1_13' title="bbox 389 616 1463 658; baseline 0.001 -12"><span class='ocrx_word' id='word_1_69' title='bbox 389 617 476 656; x_wconf 86' lang='lat' dir='ltr'>quod</span> <span class='ocrx_word' id='word_1_70' title='bbox 498 616 576 658; x_wconf 85' lang='lat' dir='ltr'>quid</span> <span class='ocrx_word' id='word_1_71' title='bbox 599 622 654 648; x_wconf 85' lang='lat' dir='ltr'>est.</span> <span class='ocrx_word' id='word_1_72' title='bbox 679 617 720 647; x_wconf 91' lang='lat' dir='ltr'>Et</span> <span class='ocrx_word' id='word_1_73' title='bbox 742 617 827 653; x_wconf 88' lang='lat' dir='ltr'>ideo,</span> <span class='ocrx_word' id='word_1_74' title='bbox 852 617 877 646; x_wconf 90' lang='lat' dir='ltr'>si</span> <span class='ocrx_word' id='word_1_75' title='bbox 900 617 987 658; x_wconf 81' lang='lat' dir='ltr'>quod</span> <span class='ocrx_word' id='word_1_76' title='bbox 1004 617 1082 658; x_wconf 85' lang='lat' dir='ltr'>quid</span> <span class='ocrx_word' id='word_1_77' title='bbox 1101 622 1156 653; x_wconf 85' lang='lat' dir='ltr'>est,</span> <span class='ocrx_word' id='word_1_78' title='bbox 1177 618 1239 647; x_wconf 89' lang='lat' dir='ltr'>hoc</span> <span class='ocrx_word' id='word_1_79' title='bbox 1256 622 1302 647; x_wconf 89' lang='lat' dir='ltr'>est</span> <span class='ocrx_word' id='word_1_80' title='bbox 1319 617 1463 653; x_wconf 86' lang='lat' dir='ltr'>essentia,</span> 
     </span>
     <span class='ocr_line' id='line_1_14' title="bbox 391 661 1465 702; baseline 0.001 -12"><span class='ocrx_word' id='word_1_81' title='bbox 391 666 437 690; x_wconf 93' lang='lat' dir='ltr'>est</span> <span class='ocrx_word' id='word_1_82' title='bbox 461 661 594 697; x_wconf 86' lang='lat' dir='ltr'>infinita,</span> <span class='ocrx_word' id='word_1_83' title='bbox 619 661 750 692; x_wconf 91' lang='lat' dir='ltr'>scientia</span> <span class='ocrx_word' id='word_1_84' title='bbox 767 661 1031 701; x_wconf 87' lang='lat' dir='ltr'>comprehensiva</span> <span class='ocrx_word' id='word_1_85' title='bbox 1055 667 1101 692; x_wconf 92' lang='lat' dir='ltr'>est</span> <span class='ocrx_word' id='word_1_86' title='bbox 1117 661 1257 692; x_wconf 84' lang='lat' dir='ltr'>infinita:</span> <span class='ocrx_word' id='word_1_87' title='bbox 1283 667 1314 691; x_wconf 87' lang='lat' dir='ltr'>et</span> <span class='ocrx_word' id='word_1_88' title='bbox 1337 661 1362 691; x_wconf 90' lang='lat' dir='ltr'>si</span> <span class='ocrx_word' id='word_1_89' title='bbox 1378 661 1465 702; x_wconf 86' lang='lat' dir='ltr'>quod</span> 
     </span>
     <span class='ocr_line' id='line_1_15' title="bbox 390 704 1463 745; baseline -0.001 -9"><span class='ocrx_word' id='word_1_90' title='bbox 390 705 467 745; x_wconf 84' lang='lat' dir='ltr'>quid</span> <span class='ocrx_word' id='word_1_91' title='bbox 490 711 545 741; x_wconf 80' lang='lat' dir='ltr'>est,</span> <span class='ocrx_word' id='word_1_92' title='bbox 570 716 627 736; x_wconf 90' lang='lat' dir='ltr'>seu</span> <span class='ocrx_word' id='word_1_93' title='bbox 644 706 788 742; x_wconf 85' lang='lat' dir='ltr'>essentia,</span> <span class='ocrx_word' id='word_1_94' title='bbox 815 711 861 735; x_wconf 92' lang='lat' dir='ltr'>est</span> <span class='ocrx_word' id='word_1_95' title='bbox 885 705 983 742; x_wconf 88' lang='lat' dir='ltr'>finita,</span> <span class='ocrx_word' id='word_1_96' title='bbox 1009 706 1140 736; x_wconf 87' lang='lat' dir='ltr'>scientia</span> <span class='ocrx_word' id='word_1_97' title='bbox 1164 711 1211 738; x_wconf 83' lang='lat' dir='ltr'>est</span> <span class='ocrx_word' id='word_1_98' title='bbox 1234 705 1333 735; x_wconf 85' lang='lat' dir='ltr'>finita.</span> <span class='ocrx_word' id='word_1_99' title='bbox 1358 704 1463 742; x_wconf 85' lang='lat' dir='ltr'>Unde,</span> 
     </span>
     <span class='ocr_line' id='line_1_16' title="bbox 391 749 1463 780; baseline 0 0"><span class='ocrx_word' id='word_1_100' title='bbox 391 758 465 780; x_wconf 86' lang='lat' dir='ltr'>curn</span> <span class='ocrx_word' id='word_1_101' title='bbox 489 749 613 780; x_wconf 85' lang='lat' dir='ltr'>infinita</span> <span class='ocrx_word' id='word_1_102' title='bbox 637 750 713 780; x_wconf 87' lang='lat' dir='ltr'>scita</span> <span class='ocrx_word' id='word_1_103' title='bbox 737 750 776 779; x_wconf 91' lang='lat' dir='ltr'>ab</span> <span class='ocrx_word' id='word_1_104' title='bbox 801 750 907 780; x_wconf 89' lang='lat' dir='ltr'>anima</span> <span class='ocrx_word' id='word_1_105' title='bbox 931 749 1049 780; x_wconf 81' lang='lat' dir='ltr'>Christi</span> <span class='ocrx_word' id='word_1_106' title='bbox 1077 750 1138 780; x_wconf 90' lang='lat' dir='ltr'>sint</span> <span class='ocrx_word' id='word_1_107' title='bbox 1165 749 1254 780; x_wconf 86' lang='lat' dir='ltr'>finita</span> <span class='ocrx_word' id='word_1_108' title='bbox 1285 749 1463 780; x_wconf 88' lang='lat' dir='ltr'>secundum</span> 
     </span>
     <span class='ocr_line' id='line_1_17' title="bbox 391 793 1464 830; baseline 0 -6"><span class='ocrx_word' id='word_1_109' title='bbox 391 795 576 827; x_wconf 84' lang='lat' dir='ltr'>essentiam.</span> <span class='ocrx_word' id='word_1_110' title='bbox 602 794 676 824; x_wconf 87' lang='lat' dir='ltr'>licet</span> <span class='ocrx_word' id='word_1_111' title='bbox 698 793 826 823; x_wconf 88' lang='lat' dir='ltr'>infinita·</span> <span class='ocrx_word' id='word_1_112' title='bbox 846 793 1026 824; x_wconf 89' lang='lat' dir='ltr'>secundum</span> <span class='ocrx_word' id='word_1_113' title='bbox 1049 793 1300 830; x_wconf 88' lang='lat' dir='ltr'>multitudinem,</span> <span class='ocrx_word' id='word_1_114' title='bbox 1324 803 1392 824; x_wconf 92' lang='lat' dir='ltr'>non</span> <span class='ocrx_word' id='word_1_115' title='bbox 1415 794 1464 824; x_wconf 92' lang='lat' dir='ltr'>in-</span> 
     </span>
     <span class='ocr_line' id='line_1_18' title="bbox 390 837 1260 869; baseline 0.001 -1"><span class='ocrx_word' id='word_1_116' title='bbox 390 837 497 868; x_wconf 87' lang='lat' dir='ltr'>ferunt</span> <span class='ocrx_word' id='word_1_117' title='bbox 520 839 685 869; x_wconf 87' lang='lat' dir='ltr'>scientiam</span> <span class='ocrx_word' id='word_1_118' title='bbox 709 838 834 868; x_wconf 86' lang='lat' dir='ltr'>animae</span> <span class='ocrx_word' id='word_1_119' title='bbox 858 838 976 868; x_wconf 88' lang='lat' dir='ltr'>Christi</span> <span class='ocrx_word' id='word_1_120' title='bbox 1001 848 1068 868; x_wconf 90' lang='lat' dir='ltr'>esse</span> <span class='ocrx_word' id='word_1_121' title='bbox 1092 838 1260 869; x_wconf 88' lang='lat' dir='ltr'>infinitam.</span> 
     </span>
    </p>

    <p class='ocr_par' dir='ltr' id='par_1_5' title="bbox 388 881 1464 1188">
     <span class='ocr_line' id='line_1_19' title="bbox 445 881 1464 922; baseline 0 -10"><span class='ocrx_word' id='word_1_122' title='bbox 445 883 498 913; x_wconf 94' lang='lat' dir='ltr'>VI.</span> <span class='ocrx_word' id='word_1_123' title='bbox 523 883 558 912; x_wconf 93' lang='lat' dir='ltr'>In</span> <span class='ocrx_word' id='word_1_124' title='bbox 582 883 642 913; x_wconf 89' lang='lat' dir='ltr'>hac</span> <span class='ocrx_word' id='word_1_125' title='bbox 666 882 876 922; x_wconf 88' lang='lat' dir='ltr'>responsione</span> <span class='ocrx_word' id='word_1_126' title='bbox 901 881 1038 913; x_wconf 90' lang='lat' dir='ltr'>dubium</span> <span class='ocrx_word' id='word_1_127' title='bbox 1061 884 1200 913; x_wconf 89' lang='lat' dir='ltr'>occurrit</span> <span class='ocrx_word' id='word_1_128' title='bbox 1223 893 1261 913; x_wconf 88' lang='lat' dir='ltr'>ex</span> <span class='ocrx_word' id='word_1_129' title='bbox 1284 883 1406 918; x_wconf 87' lang='lat' dir='ltr'>Adam,</span> <span class='ocrx_word' id='word_1_130' title='bbox 1430 883 1464 912; x_wconf 90' lang='lat' dir='ltr'>in</span> 
     </span>
     <span class='ocr_line' id='line_1_20' title="bbox 390 926 1464 966; baseline 0.002 -10"><span class='ocrx_word' id='word_1_131' title='bbox 390 926 578 962; x_wconf 71' lang='lat' dir='ltr'>11ISent.*‚</span> <span class='ocrx_word' id='word_1_132' title='bbox 603 927 738 966; x_wconf 89' lang='lat' dir='ltr'>probare</span> <span class='ocrx_word' id='word_1_133' title='bbox 763 932 900 956; x_wconf 86' lang='lat' dir='ltr'>conante</span> <span class='ocrx_word' id='word_1_134' title='bbox 932 926 1022 966; x_wconf 91' lang='lat' dir='ltr'>quod</span> <span class='ocrx_word' id='word_1_135' title='bbox 1045 927 1226 958; x_wconf 90' lang='lat' dir='ltr'>intellectus</span> <span class='ocrx_word' id='word_1_136' title='bbox 1249 934 1372 958; x_wconf 88' lang='lat' dir='ltr'>creatus</span> <span class='ocrx_word' id='word_1_137' title='bbox 1396 936 1464 957; x_wconf 91' lang='lat' dir='ltr'>non</span> 
     </span>
     <span class='ocr_line' id='line_1_21' title="bbox 389 969 1464 1012; baseline 0.001 -11"><span class='ocrx_word' id='word_1_138' title='bbox 389 977 495 1010; x_wconf 90' lang='lat' dir='ltr'>potest</span> <span class='ocrx_word' id='word_1_139' title='bbox 519 971 613 1001; x_wconf 89' lang='lat' dir='ltr'>simul</span> <span class='ocrx_word' id='word_1_140' title='bbox 637 970 743 1000; x_wconf 89' lang='lat' dir='ltr'>videre</span> <span class='ocrx_word' id='word_1_141' title='bbox 768 969 891 1000; x_wconf 87' lang='lat' dir='ltr'>infinita</span> <span class='ocrx_word' id='word_1_142' title='bbox 922 971 964 1000; x_wconf 93' lang='lat' dir='ltr'>ita</span> <span class='ocrx_word' id='word_1_143' title='bbox 992 970 1081 1011; x_wconf 92' lang='lat' dir='ltr'>quod</span> <span class='ocrx_word' id='word_1_144' title='bbox 1112 970 1258 1002; x_wconf 91' lang='lat' dir='ltr'>distincte</span> <span class='ocrx_word' id='word_1_145' title='bbox 1289 977 1464 1012; x_wconf 88' lang='lat' dir='ltr'>cognoscat</span> 
     </span>
     <span class='ocr_line' id='line_1_22' title="bbox 390 1014 1464 1056; baseline 0.001 -11"><span class='ocrx_word' id='word_1_146' title='bbox 390 1015 557 1055; x_wconf 88' lang='lat' dir='ltr'>quodlibet</span> <span class='ocrx_word' id='word_1_147' title='bbox 581 1024 705 1045; x_wconf 88' lang='lat' dir='ltr'>eorum.</span> <span class='ocrx_word' id='word_1_148' title='bbox 731 1014 780 1044; x_wconf 95' lang='lat' dir='ltr'>Eo</span> <span class='ocrx_word' id='word_1_149' title='bbox 798 1014 888 1054; x_wconf 91' lang='lat' dir='ltr'>quod</span> <span class='ocrx_word' id='word_1_150' title='bbox 904 1021 1091 1055; x_wconf 84' lang='lat' dir='ltr'>sequeretur</span> <span class='ocrx_word' id='word_1_151' title='bbox 1111 1015 1200 1056; x_wconf 88' lang='lat' dir='ltr'>quod</span> <span class='ocrx_word' id='word_1_152' title='bbox 1217 1016 1296 1046; x_wconf 89' lang='lat' dir='ltr'>visio</span> <span class='ocrx_word' id='word_1_153' title='bbox 1313 1016 1366 1046; x_wconf 88' lang='lat' dir='ltr'>illa</span> <span class='ocrx_word' id='word_1_154' title='bbox 1383 1015 1464 1046; x_wconf 91' lang='lat' dir='ltr'>esset</span> 
     </span>
     <span class='ocr_line' id='line_1_23' title="bbox 388 1059 1464 1101; baseline 0 -11"><span class='ocrx_word' id='word_1_155' title='bbox 388 1059 531 1090; x_wconf 88' lang='lat' dir='ltr'>infinitae</span> <span class='ocrx_word' id='word_1_156' title='bbox 555 1059 760 1099; x_wconf 86' lang='lat' dir='ltr'>perfectionis</span> <span class='ocrx_word' id='word_1_157' title='bbox 784 1059 817 1089; x_wconf 88' lang='lat' dir='ltr'>in</span> <span class='ocrx_word' id='word_1_158' title='bbox 833 1069 950 1099; x_wconf 87' lang='lat' dir='ltr'>genere</span> <span class='ocrx_word' id='word_1_159' title='bbox 966 1060 1176 1100; x_wconf 85' lang='lat' dir='ltr'>cognitionis:</span> <span class='ocrx_word' id='word_1_160' title='bbox 1202 1060 1278 1100; x_wconf 92' lang='lat' dir='ltr'>quia</span> <span class='ocrx_word' id='word_1_161' title='bbox 1297 1060 1464 1101; x_wconf 89' lang='lat' dir='ltr'>aequipol-</span> 
     </span>
     <span class='ocr_line' id='line_1_24' title="bbox 390 1103 1463 1145; baseline 0 -10"><span class='ocrx_word' id='word_1_162' title='bbox 390 1105 467 1135; x_wconf 88' lang='lat' dir='ltr'>leret</span> <span class='ocrx_word' id='word_1_163' title='bbox 490 1103 622 1134; x_wconf 87' lang='lat' dir='ltr'>infinitis</span> <span class='ocrx_word' id='word_1_164' title='bbox 646 1103 902 1144; x_wconf 87' lang='lat' dir='ltr'>cognitionibus,</span> <span class='ocrx_word' id='word_1_165' title='bbox 927 1105 1022 1134; x_wconf 89' lang='lat' dir='ltr'>etiam</span> <span class='ocrx_word' id='word_1_166' title='bbox 1046 1105 1152 1144; x_wconf 89' lang='lat' dir='ltr'>specie</span> <span class='ocrx_word' id='word_1_167' title='bbox 1177 1104 1348 1141; x_wconf 85' lang='lat' dir='ltr'>distinctis,</span> <span class='ocrx_word' id='word_1_168' title='bbox 1380 1114 1463 1145; x_wconf 91' lang='lat' dir='ltr'>quae</span> 
     </span>
     <span class='ocr_line' id='line_1_25' title="bbox 390 1148 1005 1188; baseline -0.002 -9"><span class='ocrx_word' id='word_1_169' title='bbox 390 1148 429 1179; x_wconf 93' lang='lat' dir='ltr'>ad</span> <span class='ocrx_word' id='word_1_170' title='bbox 453 1148 577 1179; x_wconf 88' lang='lat' dir='ltr'>infinita</span> <span class='ocrx_word' id='word_1_171' title='bbox 599 1148 653 1178; x_wconf 92' lang='lat' dir='ltr'>illa</span> <span class='ocrx_word' id='word_1_172' title='bbox 676 1149 839 1178; x_wconf 88' lang='lat' dir='ltr'>terminari</span> <span class='ocrx_word' id='word_1_173' title='bbox 862 1155 1005 1188; x_wconf 91' lang='lat' dir='ltr'>possent.</span> 
     </span>
    </p>

    <p class='ocr_par' dir='ltr' id='par_1_6' title="bbox 391 1192 1464 1277">
     <span class='ocr_line' id='line_1_26' title="bbox 445 1192 1464 1234; baseline 0.001 -11"><span class='ocrx_word' id='word_1_174' title='bbox 445 1193 486 1223; x_wconf 90' lang='lat' dir='ltr'>Et</span> <span class='ocrx_word' id='word_1_175' title='bbox 510 1194 585 1233; x_wconf 86' lang='lat' dir='ltr'>quia</span> <span class='ocrx_word' id='word_1_176' title='bbox 610 1202 677 1223; x_wconf 91' lang='lat' dir='ltr'>non</span> <span class='ocrx_word' id='word_1_177' title='bbox 700 1192 773 1233; x_wconf 90' lang='lat' dir='ltr'>plus</span> <span class='ocrx_word' id='word_1_178' title='bbox 796 1197 904 1232; x_wconf 92' lang='lat' dir='ltr'>potest</span> <span class='ocrx_word' id='word_1_179' title='bbox 934 1199 1077 1224; x_wconf 89' lang='lat' dir='ltr'>creatura</span> <span class='ocrx_word' id='word_1_180' title='bbox 1108 1193 1203 1224; x_wconf 91' lang='lat' dir='ltr'>simul</span> <span class='ocrx_word' id='word_1_181' title='bbox 1227 1193 1334 1225; x_wconf 88' lang='lat' dir='ltr'>videre</span> <span class='ocrx_word' id='word_1_182' title='bbox 1365 1203 1464 1234; x_wconf 90' lang='lat' dir='ltr'>quam</span> 
     </span>
     <span class='ocr_line' id='line_1_27' title="bbox 391 1236 864 1277; baseline 0 -10"><span class='ocrx_word' id='word_1_183' title='bbox 391 1238 479 1268; x_wconf 89' lang='lat' dir='ltr'>Deus</span> <span class='ocrx_word' id='word_1_184' title='bbox 503 1238 605 1277; x_wconf 86' lang='lat' dir='ltr'>possit</span> <span class='ocrx_word' id='word_1_185' title='bbox 628 1237 724 1267; x_wconf 92' lang='lat' dir='ltr'>simul</span> <span class='ocrx_word' id='word_1_186' title='bbox 751 1236 864 1268; x_wconf 88' lang='lat' dir='ltr'>facere.</span> 
     </span>
    </p>

    <p class='ocr_par' dir='ltr' id='par_1_7' title="bbox 390 1281 1464 1455">
     <span class='ocr_line' id='line_1_28' title="bbox 446 1281 1463 1322; baseline 0.001 -10"><span class='ocrx_word' id='word_1_187' title='bbox 446 1282 486 1312; x_wconf 91' lang='lat' dir='ltr'>Et</span> <span class='ocrx_word' id='word_1_188' title='bbox 510 1283 586 1322; x_wconf 86' lang='lat' dir='ltr'>quia</span> <span class='ocrx_word' id='word_1_189' title='bbox 609 1287 796 1321; x_wconf 85' lang='lat' dir='ltr'>sequeretur</span> <span class='ocrx_word' id='word_1_190' title='bbox 820 1282 909 1321; x_wconf 94' lang='lat' dir='ltr'>quod</span> <span class='ocrx_word' id='word_1_191' title='bbox 934 1288 1015 1312; x_wconf 90' lang='lat' dir='ltr'>esset</span> <span class='ocrx_word' id='word_1_192' title='bbox 1039 1282 1151 1313; x_wconf 89' lang='lat' dir='ltr'>odium</span> <span class='ocrx_word' id='word_1_193' title='bbox 1175 1281 1291 1313; x_wconf 88' lang='lat' dir='ltr'>infiniti</span> <span class='ocrx_word' id='word_1_194' title='bbox 1308 1282 1463 1318; x_wconf 90' lang='lat' dir='ltr'>demeriti,</span> 
     </span>
     <span class='ocr_line' id='line_1_29' title="bbox 390 1325 1464 1367; baseline 0 -10"><span class='ocrx_word' id='word_1_195' title='bbox 390 1332 468 1367; x_wconf 87' lang='lat' dir='ltr'>puta</span> <span class='ocrx_word' id='word_1_196' title='bbox 492 1327 517 1356; x_wconf 93' lang='lat' dir='ltr'>si</span> <span class='ocrx_word' id='word_1_197' title='bbox 542 1327 613 1366; x_wconf 90' lang='lat' dir='ltr'>quis</span> <span class='ocrx_word' id='word_1_198' title='bbox 637 1326 732 1356; x_wconf 90' lang='lat' dir='ltr'>vellet</span> <span class='ocrx_word' id='word_1_199' title='bbox 756 1336 794 1356; x_wconf 88' lang='lat' dir='ltr'>ex</span> <span class='ocrx_word' id='word_1_200' title='bbox 818 1325 895 1357; x_wconf 93' lang='lat' dir='ltr'>odio</span> <span class='ocrx_word' id='word_1_201' title='bbox 912 1327 972 1357; x_wconf 90' lang='lat' dir='ltr'>Dei</span> <span class='ocrx_word' id='word_1_202' title='bbox 992 1326 1138 1358; x_wconf 90' lang='lat' dir='ltr'>occidere</span> <span class='ocrx_word' id='word_1_203' title='bbox 1157 1326 1300 1358; x_wconf 88' lang='lat' dir='ltr'>infinitos</span> <span class='ocrx_word' id='word_1_204' title='bbox 1315 1327 1464 1358; x_wconf 90' lang='lat' dir='ltr'>homines</span> 
     </span>
     <span class='ocr_line' id='line_1_30' title="bbox 390 1370 1464 1412; baseline 0.001 -11"><span class='ocrx_word' id='word_1_205' title='bbox 390 1372 475 1401; x_wconf 91' lang='lat' dir='ltr'>visos</span> <span class='ocrx_word' id='word_1_206' title='bbox 499 1371 611 1401; x_wconf 86' lang='lat' dir='ltr'>simul:</span> <span class='ocrx_word' id='word_1_207' title='bbox 636 1371 687 1401; x_wconf 91' lang='lat' dir='ltr'>vel</span> <span class='ocrx_word' id='word_1_208' title='bbox 711 1371 822 1401; x_wconf 83' lang='lat' dir='ltr'>caritas</span> <span class='ocrx_word' id='word_1_209' title='bbox 846 1370 962 1402; x_wconf 86' lang='lat' dir='ltr'>infiniti</span> <span class='ocrx_word' id='word_1_210' title='bbox 985 1371 1100 1408; x_wconf 88' lang='lat' dir='ltr'>meriti,</span> <span class='ocrx_word' id='word_1_211' title='bbox 1124 1377 1203 1412; x_wconf 92' lang='lat' dir='ltr'>puta</span> <span class='ocrx_word' id='word_1_212' title='bbox 1226 1372 1252 1402; x_wconf 90' lang='lat' dir='ltr'>si</span> <span class='ocrx_word' id='word_1_213' title='bbox 1269 1372 1342 1412; x_wconf 89' lang='lat' dir='ltr'>quis</span> <span class='ocrx_word' id='word_1_214' title='bbox 1358 1381 1396 1402; x_wconf 88' lang='lat' dir='ltr'>ex</span> <span class='ocrx_word' id='word_1_215' title='bbox 1413 1381 1464 1402; x_wconf 88' lang='lat' dir='ltr'>ca-</span> 
     </span>
     <span class='ocr_line' id='line_1_31' title="bbox 390 1414 923 1455; baseline -0.002 -9"><span class='ocrx_word' id='word_1_216' title='bbox 390 1417 481 1446; x_wconf 91' lang='lat' dir='ltr'>ritate</span> <span class='ocrx_word' id='word_1_217' title='bbox 505 1416 578 1446; x_wconf 93' lang='lat' dir='ltr'>illos</span> <span class='ocrx_word' id='word_1_218' title='bbox 602 1414 745 1445; x_wconf 85' lang='lat' dir='ltr'>infinitos</span> <span class='ocrx_word' id='word_1_219' title='bbox 769 1414 923 1455; x_wconf 87' lang='lat' dir='ltr'>diligeret.</span> 
     </span>
    </p>

    <p class='ocr_par' dir='ltr' id='par_1_8' title="bbox 391 1459 1469 2257">
     <span class='ocr_line' id='line_1_32' title="bbox 446 1459 1464 1500; baseline 0.001 -10"><span class='ocrx_word' id='word_1_220' title='bbox 446 1460 514 1490; x_wconf 85' lang='lat' dir='ltr'>Vll.</span> <span class='ocrx_word' id='word_1_221' title='bbox 535 1459 597 1490; x_wconf 88' lang='lat' dir='ltr'>Sed</span> <span class='ocrx_word' id='word_1_222' title='bbox 615 1469 651 1490; x_wconf 86' lang='lat' dir='ltr'>ex</span> <span class='ocrx_word' id='word_1_223' title='bbox 668 1460 727 1490; x_wconf 86' lang='lat' dir='ltr'>hac</span> <span class='ocrx_word' id='word_1_224' title='bbox 744 1459 845 1489; x_wconf 91' lang='lat' dir='ltr'>littera</span> <span class='ocrx_word' id='word_1_225' title='bbox 862 1460 1003 1499; x_wconf 91' lang='lat' dir='ltr'>primum</span> <span class='ocrx_word' id='word_1_226' title='bbox 1019 1466 1254 1500; x_wconf 85' lang='lat' dir='ltr'>argumentum,</span> <span class='ocrx_word' id='word_1_227' title='bbox 1273 1460 1363 1500; x_wconf 92' lang='lat' dir='ltr'>quod</span> <span class='ocrx_word' id='word_1_228' title='bbox 1379 1466 1464 1491; x_wconf 88' lang='lat' dir='ltr'>extra</span> 
     </span>
     <span class='ocr_line' id='line_1_33' title="bbox 391 1504 1464 1546; baseline 0.001 -11"><span class='ocrx_word' id='word_1_229' title='bbox 391 1505 519 1546; x_wconf 90' lang='lat' dir='ltr'>propria</span> <span class='ocrx_word' id='word_1_230' title='bbox 535 1505 685 1534; x_wconf 85' lang='lat' dir='ltr'>materiae</span> <span class='ocrx_word' id='word_1_231' title='bbox 701 1514 768 1534; x_wconf 90' lang='lat' dir='ltr'>non</span> <span class='ocrx_word' id='word_1_232' title='bbox 785 1509 925 1544; x_wconf 84' lang='lat' dir='ltr'>vagatur,</span> <span class='ocrx_word' id='word_1_233' title='bbox 943 1504 1034 1534; x_wconf 86' lang='lat' dir='ltr'>facile</span> <span class='ocrx_word' id='word_1_234' title='bbox 1056 1505 1190 1535; x_wconf 89' lang='lat' dir='ltr'>solvitur</span> <span class='ocrx_word' id='word_1_235' title='bbox 1213 1504 1350 1535; x_wconf 89' lang='lat' dir='ltr'>dicendo</span> <span class='ocrx_word' id='word_1_236' title='bbox 1374 1505 1464 1545; x_wconf 92' lang='lat' dir='ltr'>quod</span> 
     </span>
     <span class='ocr_line' id='line_1_34' title="bbox 391 1548 1465 1588; baseline -0.001 -8"><span class='ocrx_word' id='word_1_237' title='bbox 391 1550 470 1580; x_wconf 91' lang='lat' dir='ltr'>visio</span> <span class='ocrx_word' id='word_1_238' title='bbox 495 1559 562 1579; x_wconf 92' lang='lat' dir='ltr'>non</span> <span class='ocrx_word' id='word_1_239' title='bbox 587 1554 633 1579; x_wconf 90' lang='lat' dir='ltr'>est</span> <span class='ocrx_word' id='word_1_240' title='bbox 657 1548 780 1578; x_wconf 88' lang='lat' dir='ltr'>infinita</span> <span class='ocrx_word' id='word_1_241' title='bbox 804 1549 863 1578; x_wconf 92' lang='lat' dir='ltr'>nisi</span> <span class='ocrx_word' id='word_1_242' title='bbox 881 1549 1015 1579; x_wconf 86' lang='lat' dir='ltr'>essentia</span> <span class='ocrx_word' id='word_1_243' title='bbox 1039 1549 1271 1588; x_wconf 89' lang='lat' dir='ltr'>comprehensa</span> <span class='ocrx_word' id='word_1_244' title='bbox 1287 1549 1326 1579; x_wconf 90' lang='lat' dir='ltr'>sit</span> <span class='ocrx_word' id='word_1_245' title='bbox 1341 1548 1465 1579; x_wconf 86' lang='lat' dir='ltr'>infinita</span> 
     </span>
     <span class='ocr_line' id='line_1_35' title="bbox 391 1593 1465 1635; baseline -0.001 -10"><span class='ocrx_word' id='word_1_246' title='bbox 391 1594 606 1626; x_wconf 88' lang='lat' dir='ltr'>essentialiter.</span> <span class='ocrx_word' id='word_1_247' title='bbox 631 1593 672 1623; x_wconf 88' lang='lat' dir='ltr'>Et</span> <span class='ocrx_word' id='word_1_248' title='bbox 696 1594 772 1633; x_wconf 86' lang='lat' dir='ltr'>quia</span> <span class='ocrx_word' id='word_1_249' title='bbox 794 1602 930 1633; x_wconf 88' lang='lat' dir='ltr'>arguens</span> <span class='ocrx_word' id='word_1_250' title='bbox 953 1594 1088 1633; x_wconf 90' lang='lat' dir='ltr'>apponit</span> <span class='ocrx_word' id='word_1_251' title='bbox 1111 1593 1143 1634; x_wconf 92' lang='lat' dir='ltr'>ly</span> <span class='ocrx_word' id='word_1_252' title='bbox 1167 1593 1199 1623; x_wconf 87' lang='lat' dir='ltr'>in</span> <span class='ocrx_word' id='word_1_253' title='bbox 1215 1603 1336 1634; x_wconf 80' lang='lat' dir='ltr'>genere</span> <span class='ocrx_word' id='word_1_254' title='bbox 1351 1594 1465 1635; x_wconf 84' lang='lat' dir='ltr'>cogni·</span> 
     </span>
     <span class='ocr_line' id='line_1_36' title="bbox 391 1637 1464 1678; baseline -0.002 -8"><span class='ocrx_word' id='word_1_255' title='bbox 391 1639 498 1674; x_wconf 82' lang='lat' dir='ltr'>tionis,</span> <span class='ocrx_word' id='word_1_256' title='bbox 523 1638 607 1675; x_wconf 88' lang='lat' dir='ltr'>ideo,</span> <span class='ocrx_word' id='word_1_257' title='bbox 632 1647 672 1668; x_wconf 92' lang='lat' dir='ltr'>ne</span> <span class='ocrx_word' id='word_1_258' title='bbox 696 1638 730 1668; x_wconf 91' lang='lat' dir='ltr'>in</span> <span class='ocrx_word' id='word_1_259' title='bbox 753 1638 933 1678; x_wconf 87' lang='lat' dir='ltr'>aequivoco</span> <span class='ocrx_word' id='word_1_260' title='bbox 958 1637 1150 1677; x_wconf 88' lang='lat' dir='ltr'>disputetur,</span> <span class='ocrx_word' id='word_1_261' title='bbox 1176 1637 1333 1677; x_wconf 84' lang='lat' dir='ltr'>distingue</span> <span class='ocrx_word' id='word_1_262' title='bbox 1357 1638 1464 1678; x_wconf 92' lang='lat' dir='ltr'>quod,</span> 
     </span>
     <span class='ocr_line' id='line_1_37' title="bbox 391 1681 1464 1724; baseline -0.003 -9"><span class='ocrx_word' id='word_1_263' title='bbox 391 1685 416 1715; x_wconf 93' lang='lat' dir='ltr'>si</span> <span class='ocrx_word' id='word_1_264' title='bbox 440 1693 497 1724; x_wconf 91' lang='lat' dir='ltr'>per</span> <span class='ocrx_word' id='word_1_265' title='bbox 519 1684 582 1714; x_wconf 94' lang='lat' dir='ltr'>hoc</span> <span class='ocrx_word' id='word_1_266' title='bbox 606 1682 743 1713; x_wconf 91' lang='lat' dir='ltr'>intendit</span> <span class='ocrx_word' id='word_1_267' title='bbox 772 1682 862 1722; x_wconf 92' lang='lat' dir='ltr'>quod</span> <span class='ocrx_word' id='word_1_268' title='bbox 886 1683 925 1712; x_wconf 90' lang='lat' dir='ltr'>sit</span> <span class='ocrx_word' id='word_1_269' title='bbox 948 1683 1090 1722; x_wconf 87' lang='lat' dir='ltr'>cognitio</span> <span class='ocrx_word' id='word_1_270' title='bbox 1115 1681 1238 1713; x_wconf 85' lang='lat' dir='ltr'>infinita</span> <span class='ocrx_word' id='word_1_271' title='bbox 1261 1683 1464 1723; x_wconf 88' lang='lat' dir='ltr'>simpliciter,</span> 
     </span>
     <span class='ocr_line' id='line_1_38' title="bbox 391 1726 1465 1769; baseline 0 -11"><span class='ocrx_word' id='word_1_272' title='bbox 391 1733 477 1769; x_wconf 88' lang='lat' dir='ltr'>patet</span> <span class='ocrx_word' id='word_1_273' title='bbox 500 1728 668 1768; x_wconf 90' lang='lat' dir='ltr'>responsio</span> <span class='ocrx_word' id='word_1_274' title='bbox 693 1737 730 1758; x_wconf 86' lang='lat' dir='ltr'>ex</span> <span class='ocrx_word' id='word_1_275' title='bbox 754 1727 856 1758; x_wconf 88' lang='lat' dir='ltr'>littera</span> <span class='ocrx_word' id='word_1_276' title='bbox 880 1728 955 1757; x_wconf 88' lang='lat' dir='ltr'>hac:</span> <span class='ocrx_word' id='word_1_277' title='bbox 981 1726 1071 1766; x_wconf 93' lang='lat' dir='ltr'>quod</span> <span class='ocrx_word' id='word_1_278' title='bbox 1094 1727 1214 1758; x_wconf 90' lang='lat' dir='ltr'>scilicet</span> <span class='ocrx_word' id='word_1_279' title='bbox 1233 1728 1465 1767; x_wconf 84' lang='lat' dir='ltr'>consequentia</span> 
     </span>
     <span class='ocr_line' id='line_1_39' title="bbox 391 1771 1466 1812; baseline -0.002 -8"><span class='ocrx_word' id='word_1_280' title='bbox 391 1773 470 1804; x_wconf 90' lang='lat' dir='ltr'>nihil</span> <span class='ocrx_word' id='word_1_281' title='bbox 492 1773 586 1803; x_wconf 90' lang='lat' dir='ltr'>valet.</span> <span class='ocrx_word' id='word_1_282' title='bbox 610 1772 678 1802; x_wconf 90' lang='lat' dir='ltr'>Nec</span> <span class='ocrx_word' id='word_1_283' title='bbox 702 1781 740 1802; x_wconf 89' lang='lat' dir='ltr'>ex</span> <span class='ocrx_word' id='word_1_284' title='bbox 764 1781 804 1802; x_wconf 92' lang='lat' dir='ltr'>eo</span> <span class='ocrx_word' id='word_1_285' title='bbox 829 1771 918 1812; x_wconf 93' lang='lat' dir='ltr'>quod</span> <span class='ocrx_word' id='word_1_286' title='bbox 941 1781 1006 1802; x_wconf 91' lang='lat' dir='ltr'>una</span> <span class='ocrx_word' id='word_1_287' title='bbox 1029 1771 1172 1811; x_wconf 86' lang='lat' dir='ltr'>cognitio</span> <span class='ocrx_word' id='word_1_288' title='bbox 1197 1772 1394 1812; x_wconf 85' lang='lat' dir='ltr'>aequipollet</span> <span class='ocrx_word' id='word_1_289' title='bbox 1416 1772 1466 1802; x_wconf 92' lang='lat' dir='ltr'>in-</span> 
     </span>
     <span class='ocr_line' id='line_1_40' title="bbox 392 1815 1465 1857; baseline -0.002 -9"><span class='ocrx_word' id='word_1_290' title='bbox 392 1818 489 1848; x_wconf 92' lang='lat' dir='ltr'>finitis</span> <span class='ocrx_word' id='word_1_291' title='bbox 512 1818 546 1847; x_wconf 91' lang='lat' dir='ltr'>in</span> <span class='ocrx_word' id='word_1_292' title='bbox 569 1817 679 1857; x_wconf 91' lang='lat' dir='ltr'>aliquo</span> <span class='ocrx_word' id='word_1_293' title='bbox 704 1821 791 1846; x_wconf 87' lang='lat' dir='ltr'>certo</span> <span class='ocrx_word' id='word_1_294' title='bbox 815 1825 948 1856; x_wconf 90' lang='lat' dir='ltr'>genere,</span> <span class='ocrx_word' id='word_1_295' title='bbox 980 1817 1124 1856; x_wconf 90' lang='lat' dir='ltr'>sequitur</span> <span class='ocrx_word' id='word_1_296' title='bbox 1155 1815 1244 1855; x_wconf 91' lang='lat' dir='ltr'>quod</span> <span class='ocrx_word' id='word_1_297' title='bbox 1275 1816 1314 1846; x_wconf 92' lang='lat' dir='ltr'>sit</span> <span class='ocrx_word' id='word_1_298' title='bbox 1340 1815 1465 1846; x_wconf 89' lang='lat' dir='ltr'>infinita</span> 
     </span>
     <span class='ocr_line' id='line_1_41' title="bbox 391 1860 1465 1902; baseline -0.003 -9"><span class='ocrx_word' id='word_1_299' title='bbox 391 1862 596 1902; x_wconf 88' lang='lat' dir='ltr'>simpliciter:</span> <span class='ocrx_word' id='word_1_300' title='bbox 621 1861 677 1891; x_wconf 90' lang='lat' dir='ltr'>sed</span> <span class='ocrx_word' id='word_1_301' title='bbox 700 1866 747 1891; x_wconf 86' lang='lat' dir='ltr'>sat</span> <span class='ocrx_word' id='word_1_302' title='bbox 770 1866 817 1891; x_wconf 90' lang='lat' dir='ltr'>est</span> <span class='ocrx_word' id='word_1_303' title='bbox 840 1860 930 1900; x_wconf 93' lang='lat' dir='ltr'>quod</span> <span class='ocrx_word' id='word_1_304' title='bbox 945 1861 985 1890; x_wconf 88' lang='lat' dir='ltr'>sit</span> <span class='ocrx_word' id='word_1_305' title='bbox 1000 1860 1120 1890; x_wconf 90' lang='lat' dir='ltr'>altioris</span> <span class='ocrx_word' id='word_1_306' title='bbox 1144 1860 1274 1890; x_wconf 90' lang='lat' dir='ltr'>ordinis.</span> <span class='ocrx_word' id='word_1_307' title='bbox 1298 1861 1409 1891; x_wconf 91' lang='lat' dir='ltr'>Unum</span> <span class='ocrx_word' id='word_1_308' title='bbox 1425 1862 1465 1891; x_wconf 91' lang='lat' dir='ltr'>si-</span> 
     </span>
     <span class='ocr_line' id='line_1_42' title="bbox 393 1904 1465 1947; baseline -0.002 -9"><span class='ocrx_word' id='word_1_309' title='bbox 393 1907 525 1947; x_wconf 92' lang='lat' dir='ltr'>quidem</span> <span class='ocrx_word' id='word_1_310' title='bbox 548 1905 750 1936; x_wconf 89' lang='lat' dir='ltr'>individuum</span> <span class='ocrx_word' id='word_1_311' title='bbox 773 1905 945 1945; x_wconf 91' lang='lat' dir='ltr'>superioris</span> <span class='ocrx_word' id='word_1_312' title='bbox 969 1904 1088 1935; x_wconf 88' lang='lat' dir='ltr'>ordinis</span> <span class='ocrx_word' id='word_1_313' title='bbox 1107 1904 1231 1935; x_wconf 83' lang='lat' dir='ltr'>excedit</span> <span class='ocrx_word' id='word_1_314' title='bbox 1245 1904 1369 1935; x_wconf 88' lang='lat' dir='ltr'>infinita</span> <span class='ocrx_word' id='word_1_315' title='bbox 1383 1905 1465 1936; x_wconf 86' lang='lat' dir='ltr'>infe-</span> 
     </span>
     <span class='ocr_line' id='line_1_43' title="bbox 391 1949 1469 1990; baseline -0.003 -8"><span class='ocrx_word' id='word_1_316' title='bbox 391 1952 484 1982; x_wconf 90' lang='lat' dir='ltr'>rioris</span> <span class='ocrx_word' id='word_1_317' title='bbox 508 1951 644 1985; x_wconf 89' lang='lat' dir='ltr'>ordinis,</span> <span class='ocrx_word' id='word_1_318' title='bbox 670 1956 701 1980; x_wconf 91' lang='lat' dir='ltr'>et</span> <span class='ocrx_word' id='word_1_319' title='bbox 724 1959 789 1980; x_wconf 90' lang='lat' dir='ltr'>una</span> <span class='ocrx_word' id='word_1_320' title='bbox 812 1950 935 1990; x_wconf 91' lang='lat' dir='ltr'>species</span> <span class='ocrx_word' id='word_1_321' title='bbox 958 1950 1078 1980; x_wconf 90' lang='lat' dir='ltr'>altioris</span> <span class='ocrx_word' id='word_1_322' title='bbox 1102 1949 1222 1979; x_wconf 90' lang='lat' dir='ltr'>ordinis</span> <span class='ocrx_word' id='word_1_323' title='bbox 1247 1949 1371 1980; x_wconf 90' lang='lat' dir='ltr'>excedit</span> <span class='ocrx_word' id='word_1_324' title='bbox 1393 1959 1469 1990; x_wconf 77' lang='lat' dir='ltr'>per-,</span> 
     </span>
     <span class='ocr_line' id='line_1_44' title="bbox 392 1993 1464 2034; baseline -0.002 -7"><span class='ocrx_word' id='word_1_325' title='bbox 392 1997 566 2027; x_wconf 77' lang='lat' dir='ltr'>sectionem</span> <span class='ocrx_word' id='word_1_326' title='bbox 582 1994 779 2025; x_wconf 90' lang='lat' dir='ltr'>infinitarum</span> <span class='ocrx_word' id='word_1_327' title='bbox 795 1994 975 2034; x_wconf 89' lang='lat' dir='ltr'>specierum</span> <span class='ocrx_word' id='word_1_328' title='bbox 990 1993 1148 2024; x_wconf 87' lang='lat' dir='ltr'>inferioris</span> <span class='ocrx_word' id='word_1_329' title='bbox 1161 1993 1295 2024; x_wconf 86' lang='lat' dir='ltr'>ordinis:</span> <span class='ocrx_word' id='word_1_330' title='bbox 1312 1994 1361 2024; x_wconf 92' lang='lat' dir='ltr'>sol</span> <span class='ocrx_word' id='word_1_331' title='bbox 1377 1995 1464 2025; x_wconf 88' lang='lat' dir='ltr'>enim</span> 
     </span>
     <span class='ocr_line' id='line_1_45' title="bbox 393 2038 1464 2081; baseline -0.002 -10"><span class='ocrx_word' id='word_1_332' title='bbox 393 2047 439 2072; x_wconf 89' lang='lat' dir='ltr'>est</span> <span class='ocrx_word' id='word_1_333' title='bbox 451 2040 623 2081; x_wconf 90' lang='lat' dir='ltr'>perfectior</span> <span class='ocrx_word' id='word_1_334' title='bbox 635 2039 786 2069; x_wconf 89' lang='lat' dir='ltr'>omnibus</span> <span class='ocrx_word' id='word_1_335' title='bbox 797 2038 1031 2079; x_wconf 88' lang='lat' dir='ltr'>generabilibus</span> <span class='ocrx_word' id='word_1_336' title='bbox 1044 2043 1075 2068; x_wconf 90' lang='lat' dir='ltr'>et</span> <span class='ocrx_word' id='word_1_337' title='bbox 1087 2038 1356 2078; x_wconf 85' lang='lat' dir='ltr'>corruptibilibus,</span> <span class='ocrx_word' id='word_1_338' title='bbox 1368 2039 1464 2069; x_wconf 90' lang='lat' dir='ltr'>etiam</span> 
     </span>
     <span class='ocr_line' id='line_1_46' title="bbox 393 2082 1464 2122; baseline -0.002 -7"><span class='ocrx_word' id='word_1_339' title='bbox 393 2086 418 2115; x_wconf 93' lang='lat' dir='ltr'>si</span> <span class='ocrx_word' id='word_1_340' title='bbox 441 2084 582 2115; x_wconf 91' lang='lat' dir='ltr'>mundus</span> <span class='ocrx_word' id='word_1_341' title='bbox 606 2089 752 2114; x_wconf 90' lang='lat' dir='ltr'>aeternus</span> <span class='ocrx_word' id='word_1_342' title='bbox 777 2088 868 2114; x_wconf 89' lang='lat' dir='ltr'>esset.</span> <span class='ocrx_word' id='word_1_343' title='bbox 892 2082 986 2113; x_wconf 91' lang='lat' dir='ltr'>Unde</span> <span class='ocrx_word' id='word_1_344' title='bbox 1009 2083 1090 2112; x_wconf 93' lang='lat' dir='ltr'>visio</span> <span class='ocrx_word' id='word_1_345' title='bbox 1114 2083 1239 2112; x_wconf 85' lang='lat' dir='ltr'>animae</span> <span class='ocrx_word' id='word_1_346' title='bbox 1258 2082 1378 2113; x_wconf 83' lang='lat' dir='ltr'>Christi</span> <span class='ocrx_word' id='word_1_347' title='bbox 1400 2091 1464 2122; x_wconf 89' lang='lat' dir='ltr'>qua</span> 
     </span>
     <span class='ocr_line' id='line_1_47' title="bbox 393 2126 1463 2167; baseline -0.003 -7"><span class='ocrx_word' id='word_1_348' title='bbox 393 2130 479 2160; x_wconf 91' lang='lat' dir='ltr'>videt</span> <span class='ocrx_word' id='word_1_349' title='bbox 501 2130 644 2159; x_wconf 91' lang='lat' dir='ltr'>Verbum</span> <span class='ocrx_word' id='word_1_350' title='bbox 668 2133 700 2158; x_wconf 90' lang='lat' dir='ltr'>et</span> <span class='ocrx_word' id='word_1_351' title='bbox 722 2128 755 2158; x_wconf 91' lang='lat' dir='ltr'>in</span> <span class='ocrx_word' id='word_1_352' title='bbox 778 2128 834 2158; x_wconf 91' lang='lat' dir='ltr'>illo</span> <span class='ocrx_word' id='word_1_353' title='bbox 858 2126 998 2163; x_wconf 75' lang='lat' dir='ltr'>infinita,</span> <span class='ocrx_word' id='word_1_354' title='bbox 1026 2137 1095 2157; x_wconf 90' lang='lat' dir='ltr'>non</span> <span class='ocrx_word' id='word_1_355' title='bbox 1118 2127 1226 2157; x_wconf 89' lang='lat' dir='ltr'>solum</span> <span class='ocrx_word' id='word_1_356' title='bbox 1249 2127 1463 2167; x_wconf 84' lang='lat' dir='ltr'>aequipollet,</span> 
     </span>
     <span class='ocr_line' id='line_1_48' title="bbox 393 2170 1462 2212; baseline -0.004 -7"><span class='ocrx_word' id='word_1_357' title='bbox 393 2174 448 2205; x_wconf 89' lang='lat' dir='ltr'>sed</span> <span class='ocrx_word' id='word_1_358' title='bbox 472 2173 596 2204; x_wconf 88' lang='lat' dir='ltr'>excedit</span> <span class='ocrx_word' id='word_1_359' title='bbox 625 2172 765 2203; x_wconf 84' lang='lat' dir='ltr'>infinitas</span> <span class='ocrx_word' id='word_1_360' title='bbox 789 2172 991 2212; x_wconf 88' lang='lat' dir='ltr'>cognitiones</span> <span class='ocrx_word' id='word_1_361' title='bbox 1020 2171 1236 2202; x_wconf 87' lang='lat' dir='ltr'>terminabiles</span> <span class='ocrx_word' id='word_1_362' title='bbox 1259 2171 1299 2201; x_wconf 92' lang='lat' dir='ltr'>ad</span> <span class='ocrx_word' id='word_1_363' title='bbox 1321 2170 1462 2202; x_wconf 85' lang='lat' dir='ltr'>infinita:</span> 
     </span>
     <span class='ocr_line' id='line_1_49' title="bbox 393 2216 1463 2257; baseline -0.004 -7"><span class='ocrx_word' id='word_1_364' title='bbox 393 2226 424 2250; x_wconf 88' lang='lat' dir='ltr'>et</span> <span class='ocrx_word' id='word_1_365' title='bbox 447 2225 555 2249; x_wconf 91' lang='lat' dir='ltr'>tamen</span> <span class='ocrx_word' id='word_1_366' title='bbox 577 2227 645 2248; x_wconf 90' lang='lat' dir='ltr'>non</span> <span class='ocrx_word' id='word_1_367' title='bbox 670 2223 716 2248; x_wconf 87' lang='lat' dir='ltr'>est</span> <span class='ocrx_word' id='word_1_368' title='bbox 730 2216 855 2247; x_wconf 86' lang='lat' dir='ltr'>infinita</span> <span class='ocrx_word' id='word_1_369' title='bbox 870 2217 1065 2257; x_wconf 89' lang='lat' dir='ltr'>simpliciter.</span> <span class='ocrx_word' id='word_1_370' title='bbox 1089 2216 1158 2246; x_wconf 91' lang='lat' dir='ltr'>Nec</span> <span class='ocrx_word' id='word_1_371' title='bbox 1173 2216 1245 2246; x_wconf 91' lang='lat' dir='ltr'>illae</span> <span class='ocrx_word' id='word_1_372' title='bbox 1261 2216 1463 2256; x_wconf 87' lang='lat' dir='ltr'>cognitiones</span> 
     </span>
    </p>
   </div>
   <div class='ocr_carea' id='block_1_5' title="bbox 483 2377 2495 2518">
    <p class='ocr_par' dir='ltr' id='par_1_9' title="bbox 483 2377 2495 2518">
     <span class='ocr_line' id='line_1_50' title="bbox 1010 2377 1803 2437; baseline 0.001 -18"><span class='ocrx_word' id='word_1_373' title='bbox 1010 2431 1018 2437; x_wconf 19' lang='grc' dir='ltr'>Χ</span> <span class='ocrx_word' id='word_1_374' title='bbox 1177 2377 1498 2420; x_wconf 86' lang='lat' dir='ltr'>ARTICULUS</span> <span class='ocrx_word' id='word_1_375' title='bbox 1529 2377 1803 2427; x_wconf 83' lang='lat' dir='ltr'><strong>QUARTUS</strong></span> 
     </span>
     <span class='ocr_line' id='line_1_51' title="bbox 483 2475 2495 2518; baseline -0.001 -5"><span class='ocrx_word' id='word_1_376' title='bbox 483 2482 640 2514; x_wconf 86' lang='lat' dir='ltr'>UTRUM</span> <span class='ocrx_word' id='word_1_377' title='bbox 663 2481 805 2512; x_wconf 86' lang='lat' dir='ltr'><strong>ANIMA</strong></span> <span class='ocrx_word' id='word_1_378' title='bbox 829 2481 1002 2512; x_wconf 73' lang='lat' dir='ltr'>efflusrt</span> <span class='ocrx_word' id='word_1_379' title='bbox 1025 2475 1477 2511; x_wconf 75' lang='lat' dir='ltr'>PERFECTms-leEAT</span> <span class='ocrx_word' id='word_1_380' title='bbox 1500 2480 1682 2511; x_wconf 79' lang='lat' dir='ltr'><strong>VERBUM</strong></span> <span class='ocrx_word' id='word_1_381' title='bbox 1706 2480 1834 2518; x_wconf 82' lang='lat' dir='ltr'><strong>QUAM</strong></span> <span class='ocrx_word' id='word_1_382' title='bbox 1858 2479 2108 2518; x_wconf 78' lang='lat' dir='ltr'>QUAELIBET</span> <span class='ocrx_word' id='word_1_383' title='bbox 2131 2479 2234 2510; x_wconf 82' lang='lat' dir='ltr'>ALIA</span> <span class='ocrx_word' id='word_1_384' title='bbox 2257 2479 2495 2511; x_wconf 83' lang='lat' dir='ltr'>CREATURA</span> 
     </span>
    </p>
   </div>
   <div class='ocr_carea' id='block_1_6' title="bbox 1269 2568 1714 2602">
    <p class='ocr_par' dir='ltr' id='par_1_10' title="bbox 1269 2568 1714 2602">
     <span class='ocr_line' id='line_1_52' title="bbox 1269 2568 1714 2602; baseline 0.002 -9"><span class='ocrx_word' id='word_1_385' title='bbox 1269 2569 1414 2601; x_wconf 80' lang='lat' dir='ltr'>Compend.</span> <span class='ocrx_word' id='word_1_386' title='bbox 1437 2568 1534 2598; x_wconf 73' lang='lat' dir='ltr'>Tneol„</span> <span class='ocrx_word' id='word_1_387' title='bbox 1555 2577 1611 2602; x_wconf 86' lang='lat' dir='ltr'>cap.</span> <span class='ocrx_word' id='word_1_388' title='bbox 1629 2576 1714 2594; x_wconf 78' lang='lat' dir='ltr'>ccxvr.</span> 
     </span>
    </p>
   </div>
   <div class='ocr_carea' id='block_1_7' title="bbox 399 2657 1471 3504">
    <p class='ocr_par' dir='ltr' id='par_1_11' title="bbox 435 2657 1465 2817">
     <span class='ocr_line' id='line_1_53' title="bbox 608 2657 1465 2706; baseline -0.004 -8.384"><span class='ocrx_word' id='word_1_389' title='bbox 608 2672 630 2696; x_wconf 89' lang='lat' dir='ltr'>D</span> <span class='ocrx_word' id='word_1_390' title='bbox 651 2671 823 2702; x_wconf 79' lang='lat' dir='ltr'><strong>QUARTUM</strong></span> <span class='ocrx_word' id='word_1_391' title='bbox 843 2670 895 2695; x_wconf 76' lang='lat' dir='ltr'>sm</span> <span class='ocrx_word' id='word_1_392' title='bbox 917 2669 1156 2695; x_wconf 83' lang='lat' dir='ltr'>PROCEDITUR.</span> <span class='ocrx_word' id='word_1_393' title='bbox 1177 2657 1340 2694; x_wconf 89' lang='lat' dir='ltr'>Videtur</span> <span class='ocrx_word' id='word_1_394' title='bbox 1357 2658 1465 2706; x_wconf 94' lang='lat' dir='ltr'>quod</span> 
     </span>
     <span class='ocr_line' id='line_1_54' title="bbox 466 2710 1465 2763; baseline -0.003 -13"><span class='ocrx_word' id='word_1_395' title='bbox 466 2712 473 2719; x_wconf 83' lang='grc'><em>“</em></span> <span class='ocrx_word' id='word_1_396' title='bbox 539 2712 585 2763; x_wconf 52' lang='grc' dir='ltr'>’ἢ</span> <span class='ocrx_word' id='word_1_397' title='bbox 609 2713 739 2750; x_wconf 88' lang='lat' dir='ltr'>anima</span> <span class='ocrx_word' id='word_1_398' title='bbox 755 2711 894 2749; x_wconf 87' lang='lat' dir='ltr'>Christi</span> <span class='ocrx_word' id='word_1_399' title='bbox 914 2723 995 2748; x_wconf 91' lang='lat' dir='ltr'>non</span> <span class='ocrx_word' id='word_1_400' title='bbox 1010 2710 1214 2760; x_wconf 86' lang='lat' dir='ltr'>perfectius</span> <span class='ocrx_word' id='word_1_401' title='bbox 1231 2710 1358 2748; x_wconf 90' lang='lat' dir='ltr'>videat</span> <span class='ocrx_word' id='word_1_402' title='bbox 1371 2711 1465 2747; x_wconf 90' lang='lat' dir='ltr'>Ver-</span> 
     </span>
     <span class='ocr_line' id='line_1_55' title="bbox 435 2757 1465 2815; baseline -0.003 -12"><span class='ocrx_word' id='word_1_403' title='bbox 435 2801 440 2814; x_wconf 43' lang='lat'>,</span> <span class='ocrx_word' id='word_1_404' title='bbox 552 2757 706 2805; x_wconf 61' lang='lat' dir='ltr'>sfbum</span> <span class='ocrx_word' id='word_1_405' title='bbox 726 2777 846 2815; x_wconf 92' lang='lat' dir='ltr'>quam</span> <span class='ocrx_word' id='word_1_406' title='bbox 867 2764 1060 2814; x_wconf 87' lang='lat' dir='ltr'>quaelibet</span> <span class='ocrx_word' id='word_1_407' title='bbox 1079 2764 1151 2802; x_wconf 88' lang='lat' dir='ltr'>alia</span> <span class='ocrx_word' id='word_1_408' title='bbox 1170 2771 1354 2801; x_wconf 89' lang='lat' dir='ltr'>creatura.</span> <span class='ocrx_word' id='word_1_409' title='bbox 1375 2765 1465 2800; x_wconf 91' lang='lat' dir='ltr'>Per-</span> 
     </span>
    </p>

    <p class='ocr_par' dir='ltr' id='par_1_12' title="bbox 399 2812 1469 3280">
     <span class='ocr_line' id='line_1_56' title="bbox 453 2812 1465 2866; baseline 0 -13"><span class='ocrx_word' id='word_1_410' title='bbox 453 2835 466 2853; x_wconf 45' lang='grc' dir='ltr'>ψ</span> <span class='ocrx_word' id='word_1_411' title='bbox 569 2812 720 2856; x_wconf 44' lang='lat' dir='ltr'>&amp;sectio</span> <span class='ocrx_word' id='word_1_412' title='bbox 757 2818 861 2855; x_wconf 91' lang='lat' dir='ltr'>enim</span> <span class='ocrx_word' id='word_1_413' title='bbox 897 2817 1125 2866; x_wconf 88' lang='lat' dir='ltr'>cognitionis</span> <span class='ocrx_word' id='word_1_414' title='bbox 1161 2825 1215 2854; x_wconf 91' lang='lat' dir='ltr'>est</span> <span class='ocrx_word' id='word_1_415' title='bbox 1248 2817 1465 2854; x_wconf 91' lang='lat' dir='ltr'>secundum</span> 
     </span>
     <span class='ocr_line' id='line_1_57' title="bbox 399 2870 1466 2921; baseline -0.001 -13"><span class='ocrx_word' id='word_1_416' title='bbox 399 2871 573 2908; x_wconf 90' lang='lat' dir='ltr'>medium</span> <span class='ocrx_word' id='word_1_417' title='bbox 602 2871 877 2921; x_wconf 85' lang='lat' dir='ltr'>cognoscendi:</span> <span class='ocrx_word' id='word_1_418' title='bbox 909 2871 1004 2908; x_wconf 90' lang='lat' dir='ltr'>sicut</span> <span class='ocrx_word' id='word_1_419' title='bbox 1032 2870 1235 2920; x_wconf 86' lang='lat' dir='ltr'>perfectior</span> <span class='ocrx_word' id='word_1_420' title='bbox 1262 2878 1318 2908; x_wconf 90' lang='lat' dir='ltr'>est</span> <span class='ocrx_word' id='word_1_421' title='bbox 1338 2870 1466 2919; x_wconf 86' lang='lat' dir='ltr'>cogni-</span> 
     </span>
     <span class='ocr_line' id='line_1_58' title="bbox 399 2923 1466 2974; baseline -0.001 -13"><span class='ocrx_word' id='word_1_422' title='bbox 399 2925 451 2962; x_wconf 90' lang='lat' dir='ltr'>tio</span> <span class='ocrx_word' id='word_1_423' title='bbox 481 2937 581 2973; x_wconf 88' lang='lat' dir='ltr'>quae</span> <span class='ocrx_word' id='word_1_424' title='bbox 602 2926 765 2962; x_wconf 91' lang='lat' dir='ltr'>habetur</span> <span class='ocrx_word' id='word_1_425' title='bbox 783 2938 854 2974; x_wconf 91' lang='lat' dir='ltr'>per</span> <span class='ocrx_word' id='word_1_426' title='bbox 871 2924 1047 2962; x_wconf 88' lang='lat' dir='ltr'>medium</span> <span class='ocrx_word' id='word_1_427' title='bbox 1068 2923 1275 2974; x_wconf 88' lang='lat' dir='ltr'>syllogismi</span> <span class='ocrx_word' id='word_1_428' title='bbox 1304 2924 1466 2961; x_wconf 91' lang='lat' dir='ltr'>demon-</span> 
     </span>
     <span class='ocr_line' id='line_1_59' title="bbox 400 2977 1466 3028; baseline -0.001 -14"><span class='ocrx_word' id='word_1_429' title='bbox 400 2977 552 3023; x_wconf 90' lang='lat' dir='ltr'>strativi,</span> <span class='ocrx_word' id='word_1_430' title='bbox 583 2991 702 3028; x_wconf 90' lang='lat' dir='ltr'>quarn</span> <span class='ocrx_word' id='word_1_431' title='bbox 732 2991 832 3028; x_wconf 91' lang='lat' dir='ltr'>quae</span> <span class='ocrx_word' id='word_1_432' title='bbox 861 2978 1026 3016; x_wconf 90' lang='lat' dir='ltr'>habetur</span> <span class='ocrx_word' id='word_1_433' title='bbox 1052 2989 1123 3027; x_wconf 91' lang='lat' dir='ltr'>per</span> <span class='ocrx_word' id='word_1_434' title='bbox 1150 2977 1325 3014; x_wconf 92' lang='lat' dir='ltr'>medium</span> <span class='ocrx_word' id='word_1_435' title='bbox 1354 2978 1466 3027; x_wconf 90' lang='lat' dir='ltr'>syllo-</span> 
     </span>
     <span class='ocr_line' id='line_1_60' title="bbox 399 3029 1467 3079; baseline -0.001 -11"><span class='ocrx_word' id='word_1_436' title='bbox 399 3030 509 3079; x_wconf 88' lang='lat' dir='ltr'>gismi</span> <span class='ocrx_word' id='word_1_437' title='bbox 528 3029 723 3070; x_wconf 87' lang='lat' dir='ltr'>dialectici.</span> <span class='ocrx_word' id='word_1_438' title='bbox 755 3032 831 3069; x_wconf 89' lang='lat' dir='ltr'>Sed</span> <span class='ocrx_word' id='word_1_439' title='bbox 855 3043 992 3068; x_wconf 91' lang='lat' dir='ltr'>omnes</span> <span class='ocrx_word' id='word_1_440' title='bbox 1020 3030 1120 3068; x_wconf 88' lang='lat' dir='ltr'>beati</span> <span class='ocrx_word' id='word_1_441' title='bbox 1141 3030 1273 3068; x_wconf 90' lang='lat' dir='ltr'>vident</span> <span class='ocrx_word' id='word_1_442' title='bbox 1291 3030 1467 3067; x_wconf 90' lang='lat' dir='ltr'>Verbum</span> 
     </span>
     <span class='ocr_line' id='line_1_61' title="bbox 401 3083 1467 3134; baseline 0 -14"><span class='ocrx_word' id='word_1_443' title='bbox 401 3083 621 3122; x_wconf 83' lang='lat' dir='ltr'>immediate</span> <span class='ocrx_word' id='word_1_444' title='bbox 650 3097 719 3134; x_wconf 91' lang='lat' dir='ltr'>per</span> <span class='ocrx_word' id='word_1_445' title='bbox 747 3085 870 3134; x_wconf 81' lang='lat' dir='ltr'>ipsam</span> <span class='ocrx_word' id='word_1_446' title='bbox 899 3084 1070 3121; x_wconf 91' lang='lat' dir='ltr'>divinam</span> <span class='ocrx_word' id='word_1_447' title='bbox 1106 3083 1328 3130; x_wconf 88' lang='lat' dir='ltr'>essentiam,</span> <span class='ocrx_word' id='word_1_448' title='bbox 1358 3091 1400 3120; x_wconf 92' lang='lat' dir='ltr'>ut</span> <span class='ocrx_word' id='word_1_449' title='bbox 1428 3083 1467 3120; x_wconf 91' lang='lat' dir='ltr'>in</span> 
     </span>
     <span class='ocr_line' id='line_1_62' title="bbox 402 3136 1468 3186; baseline -0.001 -12"><span class='ocrx_word' id='word_1_450' title='bbox 402 3137 531 3174; x_wconf 85' lang='lat' dir='ltr'>Prima</span> <span class='ocrx_word' id='word_1_451' title='bbox 565 3139 676 3175; x_wconf 87' lang='lat' dir='ltr'>Parte</span> <span class='ocrx_word' id='word_1_452' title='bbox 695 3138 714 3160; x_wconf 80' lang='lat'>&#39;¹‘</span> <span class='ocrx_word' id='word_1_453' title='bbox 742 3138 888 3175; x_wconf 88' lang='lat' dir='ltr'>dictum</span> <span class='ocrx_word' id='word_1_454' title='bbox 925 3145 991 3174; x_wconf 92' lang='lat' dir='ltr'>est.</span> <span class='ocrx_word' id='word_1_455' title='bbox 1028 3138 1130 3186; x_wconf 88' lang='lat' dir='ltr'>Ergo</span> <span class='ocrx_word' id='word_1_456' title='bbox 1165 3136 1294 3174; x_wconf 91' lang='lat' dir='ltr'>anima</span> <span class='ocrx_word' id='word_1_457' title='bbox 1328 3136 1468 3174; x_wconf 91' lang='lat' dir='ltr'>Christi</span> 
     </span>
     <span class='ocr_line' id='line_1_63' title="bbox 403 3189 1469 3239; baseline 0 -13"><span class='ocrx_word' id='word_1_458' title='bbox 403 3202 482 3226; x_wconf 90' lang='lat' dir='ltr'>non</span> <span class='ocrx_word' id='word_1_459' title='bbox 502 3190 705 3238; x_wconf 85' lang='lat' dir='ltr'>perfectius</span> <span class='ocrx_word' id='word_1_460' title='bbox 724 3190 829 3227; x_wconf 91' lang='lat' dir='ltr'>videt</span> <span class='ocrx_word' id='word_1_461' title='bbox 847 3190 1023 3227; x_wconf 90' lang='lat' dir='ltr'>Verbum</span> <span class='ocrx_word' id='word_1_462' title='bbox 1043 3202 1162 3239; x_wconf 89' lang='lat' dir='ltr'>quam</span> <span class='ocrx_word' id='word_1_463' title='bbox 1183 3189 1376 3239; x_wconf 86' lang='lat' dir='ltr'>quaelibet</span> <span class='ocrx_word' id='word_1_464' title='bbox 1397 3189 1469 3227; x_wconf 87' lang='lat' dir='ltr'>alia</span> 
     </span>
     <span class='ocr_line' id='line_1_64' title="bbox 404 3250 587 3280; baseline 0 -1"><span class='ocrx_word' id='word_1_465' title='bbox 404 3250 587 3280; x_wconf 89' lang='lat' dir='ltr'>creatura.</span> 
     </span>
    </p>

    <p class='ocr_par' dir='ltr' id='par_1_13' title="bbox 405 3295 1471 3504">
     <span class='ocr_line' id='line_1_65' title="bbox 459 3295 1470 3344; baseline 0.001 -12"><span class='ocrx_word' id='word_1_466' title='bbox 459 3308 493 3332; x_wconf 87' lang='lat'>2.</span> <span class='ocrx_word' id='word_1_467' title='bbox 524 3297 765 3342; x_wconf 74' lang='lat' dir='ltr'>PRAETEREA,</span> <span class='ocrx_word' id='word_1_468' title='bbox 795 3296 975 3344; x_wconf 88' lang='lat' dir='ltr'>perfectio</span> <span class='ocrx_word' id='word_1_469' title='bbox 1011 3296 1169 3333; x_wconf 89' lang='lat' dir='ltr'>visionis</span> <span class='ocrx_word' id='word_1_470' title='bbox 1205 3308 1285 3333; x_wconf 90' lang='lat' dir='ltr'>non</span> <span class='ocrx_word' id='word_1_471' title='bbox 1323 3295 1470 3333; x_wconf 87' lang='lat' dir='ltr'>excedit</span> 
     </span>
     <span class='ocr_line' id='line_1_66' title="bbox 405 3348 1470 3397; baseline 0.001 -12"><span class='ocrx_word' id='word_1_472' title='bbox 405 3348 615 3397; x_wconf 87' lang='lat' dir='ltr'>potentiam</span> <span class='ocrx_word' id='word_1_473' title='bbox 644 3348 819 3385; x_wconf 87' lang='lat' dir='ltr'>visivam.</span> <span class='ocrx_word' id='word_1_474' title='bbox 857 3348 933 3385; x_wconf 90' lang='lat' dir='ltr'>Sed</span> <span class='ocrx_word' id='word_1_475' title='bbox 962 3349 1132 3397; x_wconf 90' lang='lat' dir='ltr'>potentia</span> <span class='ocrx_word' id='word_1_476' title='bbox 1161 3349 1353 3386; x_wconf 89' lang='lat' dir='ltr'>rationalis</span> <span class='ocrx_word' id='word_1_477' title='bbox 1391 3348 1470 3386; x_wconf 89' lang='lat' dir='ltr'>ani-</span> 
     </span>
     <span class='ocr_line' id='line_1_67' title="bbox 406 3400 1471 3450; baseline 0.001 -12"><span class='ocrx_word' id='word_1_478' title='bbox 406 3413 511 3447; x_wconf 79' lang='lat' dir='ltr'>mae,</span> <span class='ocrx_word' id='word_1_479' title='bbox 541 3401 664 3450; x_wconf 89' lang='lat' dir='ltr'>qualis</span> <span class='ocrx_word' id='word_1_480' title='bbox 692 3409 747 3438; x_wconf 91' lang='lat' dir='ltr'>est</span> <span class='ocrx_word' id='word_1_481' title='bbox 775 3400 905 3438; x_wconf 89' lang='lat' dir='ltr'>anima</span> <span class='ocrx_word' id='word_1_482' title='bbox 934 3400 1091 3447; x_wconf 90' lang='lat' dir='ltr'>Christi,</span> <span class='ocrx_word' id='word_1_483' title='bbox 1122 3409 1177 3438; x_wconf 90' lang='lat' dir='ltr'>est</span> <span class='ocrx_word' id='word_1_484' title='bbox 1206 3401 1301 3439; x_wconf 86' lang='lat' dir='ltr'>infra</span> <span class='ocrx_word' id='word_1_485' title='bbox 1336 3409 1471 3450; x_wconf 89' lang='lat' dir='ltr'>poten-</span> 
     </span>
     <span class='ocr_line' id='line_1_68' title="bbox 406 3453 1471 3504; baseline 0.001 -14"><span class='ocrx_word' id='word_1_486' title='bbox 406 3453 498 3490; x_wconf 88' lang='lat' dir='ltr'>tiam</span> <span class='ocrx_word' id='word_1_487' title='bbox 531 3454 796 3491; x_wconf 88' lang='lat' dir='ltr'>intellectivam</span> <span class='ocrx_word' id='word_1_488' title='bbox 834 3453 977 3501; x_wconf 82' lang='lat' dir='ltr'>angeli:</span> <span class='ocrx_word' id='word_1_489' title='bbox 1017 3461 1059 3490; x_wconf 90' lang='lat' dir='ltr'>ut</span> <span class='ocrx_word' id='word_1_490' title='bbox 1091 3461 1194 3502; x_wconf 90' lang='lat' dir='ltr'>patet</span> <span class='ocrx_word' id='word_1_491' title='bbox 1222 3466 1291 3502; x_wconf 91' lang='lat' dir='ltr'>per</span> <span class='ocrx_word' id='word_1_492' title='bbox 1325 3454 1471 3504; x_wconf 87' lang='lat' dir='ltr'>Diony-</span> 
     </span>
    </p>
   </div>
   <div class='ocr_carea' id='block_1_8' title="bbox 399 2667 608 2867">
    <p class='ocr_par' dir='ltr' id='par_1_14' title="bbox 399 2667 608 2867">
     <span class='ocr_line' id='line_1_69' title="bbox 399 2667 608 2867; baseline 0 -141"><span class='ocrx_word' id='word_1_493' title='bbox 399 2667 608 2867; x_wconf 95' lang='lat' dir='ltr'>    </span> 
     </span>
    </p>
   </div>
   <div class='ocr_carea' id='block_1_9' title="bbox 460 3586 968 3621">
    <p class='ocr_par' dir='ltr' id='par_1_15' title="bbox 460 3586 968 3621">
     <span class='ocr_line' id='line_1_70' title="bbox 460 3586 968 3621; baseline 0.002 -10"><span class='ocrx_word' id='word_1_494' title='bbox 460 3587 488 3621; x_wconf 84' lang='grc' dir='ltr'>α)</span> <span class='ocrx_word' id='word_1_495' title='bbox 507 3586 594 3612; x_wconf 77' lang='lat' dir='ltr'>medii.</span> <span class='ocrx_word' id='word_1_496' title='bbox 613 3601 632 3606; x_wconf 81' lang='lat'>-</span> <span class='ocrx_word' id='word_1_497' title='bbox 645 3587 783 3620; x_wconf 73' lang='lat' dir='ltr'>possibiles</span> <span class='ocrx_word' id='word_1_498' title='bbox 802 3587 870 3612; x_wconf 83' lang='lat' dir='ltr'>addit</span> <span class='ocrx_word' id='word_1_499' title='bbox 889 3587 968 3612; x_wconf 81' lang='lat' dir='ltr'>tertia.</span> 
     </span>
    </p>
   </div>
   <div class='ocr_carea' id='block_1_10' title="bbox 1109 273 1860 321">
    <p class='ocr_par' dir='ltr' id='par_1_16' title="bbox 1109 273 1860 321">
     <span class='ocr_line' id='line_1_71' title="bbox 1109 273 1860 321; baseline 0.001 -10"><span class='ocrx_word' id='word_1_500' title='bbox 1109 273 1373 321; x_wconf 89' lang='lat' dir='ltr'>QUAESTIO</span> <span class='ocrx_word' id='word_1_501' title='bbox 1403 273 1458 318; x_wconf 91' lang='lat' dir='ltr'>X,</span> <span class='ocrx_word' id='word_1_502' title='bbox 1488 273 1782 311; x_wconf 91' lang='lat' dir='ltr'>ARTICULUS</span> <span class='ocrx_word' id='word_1_503' title='bbox 1810 275 1860 312; x_wconf 92' lang='lat' dir='ltr'>IV</span> 
     </span>
    </p>
   </div>
   <div class='ocr_carea' id='block_1_11' title="bbox 1491 403 1493 1082">
    <p class='ocr_par' dir='ltr' id='par_1_17' title="bbox 1491 403 1493 1082">
     <span class='ocr_line' id='line_1_72' title="bbox 1491 403 1493 1082; baseline 0 0"><span class='ocrx_word' id='word_1_504' title='bbox 1491 403 1493 1082; x_wconf 95' lang='lat' dir='ltr'> </span> 
     </span>
    </p>
   </div>
   <div class='ocr_carea' id='block_1_12' title="bbox 1515 351 2590 2214">
    <p class='ocr_par' dir='ltr' id='par_1_18' title="bbox 1518 351 2589 971">
     <span class='ocr_line' id='line_1_73' title="bbox 1520 351 2586 396; baseline 0.007 -14"><span class='ocrx_word' id='word_1_505' title='bbox 1520 358 1624 382; x_wconf 88' lang='lat' dir='ltr'>essent</span> <span class='ocrx_word' id='word_1_506' title='bbox 1639 351 1781 383; x_wconf 87' lang='lat' dir='ltr'>infinitae</span> <span class='ocrx_word' id='word_1_507' title='bbox 1797 352 2003 392; x_wconf 86' lang='lat' dir='ltr'>perfectionis</span> <span class='ocrx_word' id='word_1_508' title='bbox 2013 353 2199 393; x_wconf 79' lang='lat' dir='ltr'>simpliciter</span> <span class='ocrx_word' id='word_1_509' title='bbox 2210 355 2306 386; x_wconf 84' lang='lat' dir='ltr'>etiam</span> <span class='ocrx_word' id='word_1_510' title='bbox 2322 361 2358 386; x_wconf 91' lang='lat' dir='ltr'>ut</span> <span class='ocrx_word' id='word_1_511' title='bbox 2374 357 2586 396; x_wconf 79' lang='lat' dir='ltr'>cognitiones.</span> 
     </span>
     <span class='ocr_line' id='line_1_74' title="bbox 1520 396 2586 438; baseline 0.005 -11"><span class='ocrx_word' id='word_1_512' title='bbox 1520 396 1605 434; x_wconf 82' lang='lat' dir='ltr'>Quia</span> <span class='ocrx_word' id='word_1_513' title='bbox 1627 396 1766 427; x_wconf 86' lang='lat' dir='ltr'>infinitas</span> <span class='ocrx_word' id='word_1_514' title='bbox 1789 397 1973 437; x_wconf 89' lang='lat' dir='ltr'>simpliciter</span> <span class='ocrx_word' id='word_1_515' title='bbox 1996 398 2198 438; x_wconf 85' lang='lat' dir='ltr'>cognitionis,</span> <span class='ocrx_word' id='word_1_516' title='bbox 2222 405 2259 430; x_wconf 84' lang='lat' dir='ltr'>ut</span> <span class='ocrx_word' id='word_1_517' title='bbox 2281 399 2314 430; x_wconf 90' lang='lat' dir='ltr'>in</span> <span class='ocrx_word' id='word_1_518' title='bbox 2334 400 2395 431; x_wconf 87' lang='lat' dir='ltr'>hac</span> <span class='ocrx_word' id='word_1_519' title='bbox 2417 401 2513 432; x_wconf 81' lang='lat' dir='ltr'>habes</span> <span class='ocrx_word' id='word_1_520' title='bbox 2537 402 2586 432; x_wconf 89' lang='lat' dir='ltr'>lit-</span> 
     </span>
     <span class='ocr_line' id='line_1_75' title="bbox 1519 440 2587 484; baseline 0.006 -13"><span class='ocrx_word' id='word_1_521' title='bbox 1519 446 1601 477; x_wconf 86' lang='lat' dir='ltr'>tera,</span> <span class='ocrx_word' id='word_1_522' title='bbox 1633 450 1801 482; x_wconf 88' lang='lat' dir='ltr'>nunquam</span> <span class='ocrx_word' id='word_1_523' title='bbox 1830 441 1964 472; x_wconf 87' lang='lat' dir='ltr'>habetur</span> <span class='ocrx_word' id='word_1_524' title='bbox 1986 441 2047 472; x_wconf 87' lang='lat' dir='ltr'>nisi</span> <span class='ocrx_word' id='word_1_525' title='bbox 2071 442 2205 473; x_wconf 90' lang='lat' dir='ltr'>essentia</span> <span class='ocrx_word' id='word_1_526' title='bbox 2228 440 2352 475; x_wconf 85' lang='lat' dir='ltr'>infinita</span> <span class='ocrx_word' id='word_1_527' title='bbox 2382 445 2587 484; x_wconf 79' lang='lat' dir='ltr'>essentialiter</span> 
     </span>
     <span class='ocr_line' id='line_1_76' title="bbox 1519 484 2587 526; baseline 0.005 -11"><span class='ocrx_word' id='word_1_528' title='bbox 1519 484 1818 526; x_wconf 82' lang='lat' dir='ltr'>comprehendatur.</span> <span class='ocrx_word' id='word_1_529' title='bbox 1843 485 1942 523; x_wconf 90' lang='lat' dir='ltr'>Quod</span> <span class='ocrx_word' id='word_1_530' title='bbox 1963 491 2088 517; x_wconf 85' lang='lat' dir='ltr'>constat</span> <span class='ocrx_word' id='word_1_531' title='bbox 2102 495 2170 517; x_wconf 90' lang='lat' dir='ltr'>non</span> <span class='ocrx_word' id='word_1_532' title='bbox 2186 487 2320 518; x_wconf 89' lang='lat' dir='ltr'>inveniri</span> <span class='ocrx_word' id='word_1_533' title='bbox 2335 489 2369 518; x_wconf 90' lang='lat' dir='ltr'>in</span> <span class='ocrx_word' id='word_1_534' title='bbox 2385 485 2515 526; x_wconf 81' lang='lat' dir='ltr'>infinitis</span> <span class='ocrx_word' id='word_1_535' title='bbox 2532 498 2587 520; x_wconf 90' lang='lat' dir='ltr'>co-</span> 
     </span>
     <span class='ocr_line' id='line_1_77' title="bbox 1519 528 2587 570; baseline 0.006 -12"><span class='ocrx_word' id='word_1_536' title='bbox 1519 529 1715 568; x_wconf 88' lang='lat' dir='ltr'>gnitionibus</span> <span class='ocrx_word' id='word_1_537' title='bbox 1738 529 1938 560; x_wconf 85' lang='lat' dir='ltr'>infinitorum</span> <span class='ocrx_word' id='word_1_538' title='bbox 1962 530 2068 570; x_wconf 89' lang='lat' dir='ltr'>specie</span> <span class='ocrx_word' id='word_1_539' title='bbox 2091 528 2315 562; x_wconf 87' lang='lat' dir='ltr'>distinctorum</span> <span class='ocrx_word' id='word_1_540' title='bbox 2341 538 2521 564; x_wconf 83' lang='lat' dir='ltr'>creatorum</span> <span class='ocrx_word' id='word_1_541' title='bbox 2535 533 2587 564; x_wconf 78' lang='lat' dir='ltr'>vel</span> 
     </span>
     <span class='ocr_line' id='line_1_78' title="bbox 1519 573 2588 614; baseline 0.005 -11"><span class='ocrx_word' id='word_1_542' title='bbox 1519 574 1721 604; x_wconf 89' lang='lat' dir='ltr'>creabilium:</span> <span class='ocrx_word' id='word_1_543' title='bbox 1754 574 1909 613; x_wconf 80' lang='lat' dir='ltr'>quoniam</span> <span class='ocrx_word' id='word_1_544' title='bbox 1937 579 1969 604; x_wconf 91' lang='lat' dir='ltr'>et</span> <span class='ocrx_word' id='word_1_545' title='bbox 1997 575 2120 614; x_wconf 86' lang='lat' dir='ltr'>singula</span> <span class='ocrx_word' id='word_1_546' title='bbox 2151 580 2183 605; x_wconf 91' lang='lat' dir='ltr'>et</span> <span class='ocrx_word' id='word_1_547' title='bbox 2206 577 2315 606; x_wconf 81' lang='lat' dir='ltr'>omnia</span> <span class='ocrx_word' id='word_1_548' title='bbox 2345 577 2439 607; x_wconf 87' lang='lat' dir='ltr'>simul</span> <span class='ocrx_word' id='word_1_549' title='bbox 2468 573 2588 608; x_wconf 78' lang='lat' dir='ltr'>habent</span> 
     </span>
     <span class='ocr_line' id='line_1_79' title="bbox 1520 617 2588 660; baseline 0.006 -13"><span class='ocrx_word' id='word_1_550' title='bbox 1520 618 1669 648; x_wconf 85' lang='lat' dir='ltr'>essentias</span> <span class='ocrx_word' id='word_1_551' title='bbox 1700 617 1804 648; x_wconf 87' lang='lat' dir='ltr'>finitas</span> <span class='ocrx_word' id='word_1_552' title='bbox 1828 618 2049 654; x_wconf 82' lang='lat' dir='ltr'>essentialiter;</span> <span class='ocrx_word' id='word_1_553' title='bbox 2082 624 2117 649; x_wconf 91' lang='lat' dir='ltr'>ut</span> <span class='ocrx_word' id='word_1_554' title='bbox 2146 625 2233 659; x_wconf 87' lang='lat' dir='ltr'>patet</span> <span class='ocrx_word' id='word_1_555' title='bbox 2263 621 2290 650; x_wconf 91' lang='lat' dir='ltr'>si</span> <span class='ocrx_word' id='word_1_556' title='bbox 2319 619 2420 660; x_wconf 79' lang='lat' dir='ltr'>fingas</span> <span class='ocrx_word' id='word_1_557' title='bbox 2449 620 2588 653; x_wconf 65' lang='lat' dir='ltr'>infinitas</span> 
     </span>
     <span class='ocr_line' id='line_1_80' title="bbox 1519 662 2588 705; baseline 0.007 -14"><span class='ocrx_word' id='word_1_558' title='bbox 1519 663 1641 702; x_wconf 86' lang='lat' dir='ltr'>species</span> <span class='ocrx_word' id='word_1_559' title='bbox 1665 662 1818 698; x_wconf 86' lang='lat' dir='ltr'>animalis,</span> <span class='ocrx_word' id='word_1_560' title='bbox 1844 671 1957 692; x_wconf 87' lang='lat' dir='ltr'>omnes</span> <span class='ocrx_word' id='word_1_561' title='bbox 1981 663 2068 693; x_wconf 90' lang='lat' dir='ltr'>enim</span> <span class='ocrx_word' id='word_1_562' title='bbox 2091 663 2185 694; x_wconf 90' lang='lat' dir='ltr'>simul</span> <span class='ocrx_word' id='word_1_563' title='bbox 2209 663 2248 694; x_wconf 90' lang='lat' dir='ltr'>ad</span> <span class='ocrx_word' id='word_1_564' title='bbox 2264 665 2408 695; x_wconf 89' lang='lat' dir='ltr'>animalis</span> <span class='ocrx_word' id='word_1_565' title='bbox 2422 674 2524 705; x_wconf 86' lang='lat' dir='ltr'>genus</span> <span class='ocrx_word' id='word_1_566' title='bbox 2539 674 2588 699; x_wconf 70' lang='lat' dir='ltr'>es-</span> 
     </span>
     <span class='ocr_line' id='line_1_81' title="bbox 1519 706 2587 741; baseline 0.005 -5"><span class='ocrx_word' id='word_1_567' title='bbox 1519 707 1635 736; x_wconf 84' lang='lat' dir='ltr'>sentias</span> <span class='ocrx_word' id='word_1_568' title='bbox 1658 706 1806 736; x_wconf 89' lang='lat' dir='ltr'>limitatas</span> <span class='ocrx_word' id='word_1_569' title='bbox 1829 706 1991 737; x_wconf 86' lang='lat' dir='ltr'>haberent.</span> <span class='ocrx_word' id='word_1_570' title='bbox 2016 706 2126 737; x_wconf 90' lang='lat' dir='ltr'>Simile</span> <span class='ocrx_word' id='word_1_571' title='bbox 2149 713 2196 738; x_wconf 91' lang='lat' dir='ltr'>est</span> <span class='ocrx_word' id='word_1_572' title='bbox 2219 708 2305 739; x_wconf 90' lang='lat' dir='ltr'>enim</span> <span class='ocrx_word' id='word_1_573' title='bbox 2329 708 2368 740; x_wconf 92' lang='lat' dir='ltr'>de</span> <span class='ocrx_word' id='word_1_574' title='bbox 2392 714 2460 740; x_wconf 88' lang='lat' dir='ltr'>tota</span> <span class='ocrx_word' id='word_1_575' title='bbox 2482 709 2587 741; x_wconf 89' lang='lat' dir='ltr'>latitu-</span> 
     </span>
     <span class='ocr_line' id='line_1_82' title="bbox 1519 749 2587 791; baseline 0.005 -11"><span class='ocrx_word' id='word_1_576' title='bbox 1519 749 1593 780; x_wconf 90' lang='lat' dir='ltr'>dine</span> <span class='ocrx_word' id='word_1_577' title='bbox 1617 750 1835 791; x_wconf 87' lang='lat' dir='ltr'>possibilium:</span> <span class='ocrx_word' id='word_1_578' title='bbox 1861 751 2015 791; x_wconf 90' lang='lat' dir='ltr'>quoniam</span> <span class='ocrx_word' id='word_1_579' title='bbox 2039 751 2148 782; x_wconf 91' lang='lat' dir='ltr'>omnia</span> <span class='ocrx_word' id='word_1_580' title='bbox 2171 752 2265 783; x_wconf 89' lang='lat' dir='ltr'>simul</span> <span class='ocrx_word' id='word_1_581' title='bbox 2289 762 2356 784; x_wconf 92' lang='lat' dir='ltr'>non</span> <span class='ocrx_word' id='word_1_582' title='bbox 2373 758 2476 784; x_wconf 90' lang='lat' dir='ltr'>essent</span> <span class='ocrx_word' id='word_1_583' title='bbox 2499 759 2587 785; x_wconf 86' lang='lat' dir='ltr'>actus</span> 
     </span>
     <span class='ocr_line' id='line_1_83' title="bbox 1519 793 2588 837; baseline 0.006 -13"><span class='ocrx_word' id='word_1_584' title='bbox 1519 804 1635 834; x_wconf 88' lang='lat' dir='ltr'>purus,</span> <span class='ocrx_word' id='word_1_585' title='bbox 1666 794 1722 825; x_wconf 90' lang='lat' dir='ltr'>sed</span> <span class='ocrx_word' id='word_1_586' title='bbox 1745 793 1826 824; x_wconf 82' lang='lat' dir='ltr'>infra</span> <span class='ocrx_word' id='word_1_587' title='bbox 1848 794 2049 825; x_wconf 86' lang='lat' dir='ltr'>latitudinem</span> <span class='ocrx_word' id='word_1_588' title='bbox 2076 795 2262 827; x_wconf 87' lang='lat' dir='ltr'>habentium</span> <span class='ocrx_word' id='word_1_589' title='bbox 2285 798 2463 837; x_wconf 91' lang='lat' dir='ltr'>potentiam</span> <span class='ocrx_word' id='word_1_590' title='bbox 2487 797 2588 829; x_wconf 87' lang='lat' dir='ltr'>admi-</span> 
     </span>
     <span class='ocr_line' id='line_1_84' title="bbox 1519 838 2588 882; baseline 0.005 -14"><span class='ocrx_word' id='word_1_591' title='bbox 1519 844 1614 869; x_wconf 91' lang='lat' dir='ltr'>xtam.</span> <span class='ocrx_word' id='word_1_592' title='bbox 1638 857 1661 861; x_wconf 90' lang='lat'><strong>—</strong></span> <span class='ocrx_word' id='word_1_593' title='bbox 1684 839 1717 870; x_wconf 88' lang='lat' dir='ltr'>Si</span> <span class='ocrx_word' id='word_1_594' title='bbox 1741 844 1850 869; x_wconf 86' lang='lat' dir='ltr'>autem</span> <span class='ocrx_word' id='word_1_595' title='bbox 1873 838 2009 870; x_wconf 88' lang='lat' dir='ltr'>intendit</span> <span class='ocrx_word' id='word_1_596' title='bbox 2039 839 2128 879; x_wconf 89' lang='lat' dir='ltr'>quod</span> <span class='ocrx_word' id='word_1_597' title='bbox 2154 841 2194 870; x_wconf 84' lang='lat' dir='ltr'>sit</span> <span class='ocrx_word' id='word_1_598' title='bbox 2219 842 2363 882; x_wconf 86' lang='lat' dir='ltr'>cognitio</span> <span class='ocrx_word' id='word_1_599' title='bbox 2386 841 2510 872; x_wconf 87' lang='lat' dir='ltr'>infinita</span> <span class='ocrx_word' id='word_1_600' title='bbox 2539 851 2588 874; x_wconf 85' lang='lat' dir='ltr'>se-</span> 
     </span>
     <span class='ocr_line' id='line_1_85' title="bbox 1519 882 2589 927; baseline 0.004 -13"><span class='ocrx_word' id='word_1_601' title='bbox 1519 883 1663 914; x_wconf 91' lang='lat' dir='ltr'>cundum</span> <span class='ocrx_word' id='word_1_602' title='bbox 1686 882 1774 923; x_wconf 90' lang='lat' dir='ltr'>quid,</span> <span class='ocrx_word' id='word_1_603' title='bbox 1799 893 1875 914; x_wconf 89' lang='lat' dir='ltr'>cum</span> <span class='ocrx_word' id='word_1_604' title='bbox 1890 882 2029 914; x_wconf 87' lang='lat' dir='ltr'>infinitas</span> <span class='ocrx_word' id='word_1_605' title='bbox 2045 884 2224 915; x_wconf 89' lang='lat' dir='ltr'>secundum</span> <span class='ocrx_word' id='word_1_606' title='bbox 2239 885 2318 926; x_wconf 91' lang='lat' dir='ltr'>quid</span> <span class='ocrx_word' id='word_1_607' title='bbox 2340 895 2408 917; x_wconf 91' lang='lat' dir='ltr'>non</span> <span class='ocrx_word' id='word_1_608' title='bbox 2431 892 2589 927; x_wconf 83' lang='lat' dir='ltr'>repugnet</span> 
     </span>
     <span class='ocr_line' id='line_1_86' title="bbox 1518 927 2174 971; baseline -0.002 -12"><span class='ocrx_word' id='word_1_609' title='bbox 1518 933 1690 963; x_wconf 87' lang='lat' dir='ltr'>creaturae,</span> <span class='ocrx_word' id='word_1_610' title='bbox 1715 927 1794 958; x_wconf 89' lang='lat' dir='ltr'>nihil</span> <span class='ocrx_word' id='word_1_611' title='bbox 1818 928 1953 958; x_wconf 90' lang='lat' dir='ltr'>omnino</span> <span class='ocrx_word' id='word_1_612' title='bbox 1977 928 2140 968; x_wconf 90' lang='lat' dir='ltr'>probatur.</span> <span class='ocrx_word' id='word_1_613' title='bbox 2171 968 2174 971; x_wconf 21' lang='grc' dir='ltr'><em>Δ</em></span> 
     </span>
    </p>

    <p class='ocr_par' dir='ltr' id='par_1_19' title="bbox 1517 971 2590 1280">
     <span class='ocr_line' id='line_1_87' title="bbox 1573 971 2588 1016; baseline 0.005 -14"><span class='ocrx_word' id='word_1_614' title='bbox 1573 971 1624 1003; x_wconf 89' lang='lat' dir='ltr'>Ad</span> <span class='ocrx_word' id='word_1_615' title='bbox 1648 971 1827 1002; x_wconf 90' lang='lat' dir='ltr'>secundum</span> <span class='ocrx_word' id='word_1_616' title='bbox 1850 977 1968 1008; x_wconf 88' lang='lat' dir='ltr'>autem,</span> <span class='ocrx_word' id='word_1_617' title='bbox 1993 982 2032 1002; x_wconf 83' lang='lat' dir='ltr'>ex</span> <span class='ocrx_word' id='word_1_618' title='bbox 2051 973 2216 1009; x_wconf 87' lang='lat' dir='ltr'>extraneis,</span> <span class='ocrx_word' id='word_1_619' title='bbox 2240 973 2360 1005; x_wconf 90' lang='lat' dir='ltr'>scilicet</span> <span class='ocrx_word' id='word_1_620' title='bbox 2383 984 2421 1005; x_wconf 88' lang='lat' dir='ltr'>ex</span> <span class='ocrx_word' id='word_1_621' title='bbox 2444 976 2588 1016; x_wconf 86' lang='lat' dir='ltr'>potentia</span> 
     </span>
     <span class='ocr_line' id='line_1_88' title="bbox 1518 1015 2588 1059; baseline 0.005 -13"><span class='ocrx_word' id='word_1_622' title='bbox 1518 1016 1589 1052; x_wconf 91' lang='lat' dir='ltr'>Dei,</span> <span class='ocrx_word' id='word_1_623' title='bbox 1613 1015 1758 1057; x_wconf 87' lang='lat' dir='ltr'>neganda</span> <span class='ocrx_word' id='word_1_624' title='bbox 1782 1021 1829 1046; x_wconf 88' lang='lat' dir='ltr'>est</span> <span class='ocrx_word' id='word_1_625' title='bbox 1851 1017 1963 1046; x_wconf 89' lang='lat' dir='ltr'>maior.</span> <span class='ocrx_word' id='word_1_626' title='bbox 1999 1015 2085 1054; x_wconf 89' lang='lat' dir='ltr'>Quia</span> <span class='ocrx_word' id='word_1_627' title='bbox 2108 1016 2225 1047; x_wconf 89' lang='lat' dir='ltr'>modus</span> <span class='ocrx_word' id='word_1_628' title='bbox 2249 1018 2445 1059; x_wconf 86' lang='lat' dir='ltr'>intelligendi</span> <span class='ocrx_word' id='word_1_629' title='bbox 2469 1029 2486 1050; x_wconf 90' lang='lat' dir='ltr'>e</span> <span class='ocrx_word' id='word_1_630' title='bbox 2510 1029 2588 1051; x_wconf 91' lang='lat' dir='ltr'>con-</span> 
     </span>
     <span class='ocr_line' id='line_1_89' title="bbox 1517 1059 2589 1102; baseline 0.004 -11"><span class='ocrx_word' id='word_1_631' title='bbox 1517 1061 1613 1091; x_wconf 91' lang='lat' dir='ltr'>trario</span> <span class='ocrx_word' id='word_1_632' title='bbox 1637 1070 1670 1091; x_wconf 90' lang='lat' dir='ltr'>se</span> <span class='ocrx_word' id='word_1_633' title='bbox 1693 1061 1789 1091; x_wconf 90' lang='lat' dir='ltr'>habet</span> <span class='ocrx_word' id='word_1_634' title='bbox 1807 1059 1847 1091; x_wconf 91' lang='lat' dir='ltr'>ad</span> <span class='ocrx_word' id='word_1_635' title='bbox 1862 1059 1998 1091; x_wconf 88' lang='lat' dir='ltr'>modum</span> <span class='ocrx_word' id='word_1_636' title='bbox 2023 1069 2089 1101; x_wconf 91' lang='lat' dir='ltr'>quo</span> <span class='ocrx_word' id='word_1_637' title='bbox 2106 1071 2155 1091; x_wconf 87' lang='lat' dir='ltr'>res</span> <span class='ocrx_word' id='word_1_638' title='bbox 2170 1062 2203 1091; x_wconf 91' lang='lat' dir='ltr'>in</span> <span class='ocrx_word' id='word_1_639' title='bbox 2220 1070 2288 1092; x_wconf 91' lang='lat' dir='ltr'>esse</span> <span class='ocrx_word' id='word_1_640' title='bbox 2303 1068 2480 1102; x_wconf 91' lang='lat' dir='ltr'>ponuntur.</span> <span class='ocrx_word' id='word_1_641' title='bbox 2503 1064 2589 1095; x_wconf 90' lang='lat' dir='ltr'>Nam</span> 
     </span>
     <span class='ocr_line' id='line_1_90' title="bbox 1517 1104 2589 1147; baseline 0.005 -12"><span class='ocrx_word' id='word_1_642' title='bbox 1517 1106 1551 1135; x_wconf 91' lang='lat' dir='ltr'>in</span> <span class='ocrx_word' id='word_1_643' title='bbox 1574 1105 1738 1136; x_wconf 91' lang='lat' dir='ltr'>intellectu</span> <span class='ocrx_word' id='word_1_644' title='bbox 1766 1104 1947 1136; x_wconf 86' lang='lat' dir='ltr'>adunantur</span> <span class='ocrx_word' id='word_1_645' title='bbox 1970 1104 2084 1135; x_wconf 79' lang='lat' dir='ltr'>divisa:</span> <span class='ocrx_word' id='word_1_646' title='bbox 2116 1105 2157 1136; x_wconf 87' lang='lat' dir='ltr'>ad</span> <span class='ocrx_word' id='word_1_647' title='bbox 2179 1111 2266 1136; x_wconf 83' lang='lat' dir='ltr'>extra</span> <span class='ocrx_word' id='word_1_648' title='bbox 2289 1115 2366 1137; x_wconf 91' lang='lat' dir='ltr'>vero</span> <span class='ocrx_word' id='word_1_649' title='bbox 2396 1107 2589 1147; x_wconf 78' lang='lat' dir='ltr'>prodeuntia</span> 
     </span>
     <span class='ocr_line' id='line_1_91' title="bbox 1518 1149 2590 1190; baseline 0.004 -10"><span class='ocrx_word' id='word_1_650' title='bbox 1518 1149 1719 1184; x_wconf 77' lang='lat' dir='ltr'>dividuntur,</span> <span class='ocrx_word' id='word_1_651' title='bbox 1752 1159 1835 1189; x_wconf 91' lang='lat' dir='ltr'>quae</span> <span class='ocrx_word' id='word_1_652' title='bbox 1864 1150 1899 1180; x_wconf 92' lang='lat' dir='ltr'>in</span> <span class='ocrx_word' id='word_1_653' title='bbox 1922 1159 2018 1180; x_wconf 87' lang='lat' dir='ltr'>causa</span> <span class='ocrx_word' id='word_1_654' title='bbox 2041 1155 2130 1180; x_wconf 87' lang='lat' dir='ltr'>erant</span> <span class='ocrx_word' id='word_1_655' title='bbox 2159 1159 2227 1181; x_wconf 91' lang='lat' dir='ltr'>non</span> <span class='ocrx_word' id='word_1_656' title='bbox 2253 1151 2364 1190; x_wconf 20' lang='lat' dir='ltr'>solum,</span> <span class='ocrx_word' id='word_1_657' title='bbox 2387 1152 2501 1189; x_wconf 85' lang='lat' dir='ltr'>simul,</span> <span class='ocrx_word' id='word_1_658' title='bbox 2532 1152 2590 1184; x_wconf 79' lang='lat' dir='ltr'>sed</span> 
     </span>
     <span class='ocr_line' id='line_1_92' title="bbox 1518 1192 2588 1236; baseline 0.004 -11"><span class='ocrx_word' id='word_1_659' title='bbox 1518 1204 1631 1225; x_wconf 90' lang='lat' dir='ltr'>unum.</span> <span class='ocrx_word' id='word_1_660' title='bbox 1656 1194 1697 1224; x_wconf 90' lang='lat' dir='ltr'>Et</span> <span class='ocrx_word' id='word_1_661' title='bbox 1712 1194 1787 1224; x_wconf 85' lang='lat' dir='ltr'>hinc</span> <span class='ocrx_word' id='word_1_662' title='bbox 1804 1192 1839 1224; x_wconf 88' lang='lat' dir='ltr'>fit</span> <span class='ocrx_word' id='word_1_663' title='bbox 1858 1193 1947 1234; x_wconf 94' lang='lat' dir='ltr'>quod</span> <span class='ocrx_word' id='word_1_664' title='bbox 1963 1193 2063 1225; x_wconf 89' lang='lat' dir='ltr'>videri</span> <span class='ocrx_word' id='word_1_665' title='bbox 2079 1194 2175 1225; x_wconf 84' lang='lat' dir='ltr'>simul</span> <span class='ocrx_word' id='word_1_666' title='bbox 2190 1204 2259 1225; x_wconf 89' lang='lat' dir='ltr'>non</span> <span class='ocrx_word' id='word_1_667' title='bbox 2273 1201 2430 1236; x_wconf 85' lang='lat' dir='ltr'>repugnat</span> <span class='ocrx_word' id='word_1_668' title='bbox 2445 1196 2588 1235; x_wconf 74' lang='lat' dir='ltr'>infinitis,</span> 
     </span>
     <span class='ocr_line' id='line_1_93' title="bbox 1517 1237 2163 1280; baseline -0.002 -11"><span class='ocrx_word' id='word_1_669' title='bbox 1517 1238 1653 1280; x_wconf 90' lang='lat' dir='ltr'>produci</span> <span class='ocrx_word' id='word_1_670' title='bbox 1677 1243 1785 1269; x_wconf 87' lang='lat' dir='ltr'>autern</span> <span class='ocrx_word' id='word_1_671' title='bbox 1809 1237 1904 1268; x_wconf 89' lang='lat' dir='ltr'>simul</span> <span class='ocrx_word' id='word_1_672' title='bbox 1928 1243 2086 1278; x_wconf 86' lang='lat' dir='ltr'>repugnat</span> <span class='ocrx_word' id='word_1_673' title='bbox 2109 1239 2163 1269; x_wconf 90' lang='lat' dir='ltr'>eis.</span> 
     </span>
    </p>

    <p class='ocr_par' dir='ltr' id='par_1_20' title="bbox 1517 1281 2589 1500">
     <span class='ocr_line' id='line_1_94' title="bbox 1572 1281 2589 1327; baseline 0.003 -13"><span class='ocrx_word' id='word_1_674' title='bbox 1572 1283 1623 1314; x_wconf 87' lang='lat' dir='ltr'>Ad</span> <span class='ocrx_word' id='word_1_675' title='bbox 1646 1283 1785 1318; x_wconf 89' lang='lat' dir='ltr'>tertium,</span> <span class='ocrx_word' id='word_1_676' title='bbox 1811 1281 1850 1312; x_wconf 92' lang='lat' dir='ltr'>de</span> <span class='ocrx_word' id='word_1_677' title='bbox 1873 1282 1987 1313; x_wconf 88' lang='lat' dir='ltr'>merito</span> <span class='ocrx_word' id='word_1_678' title='bbox 2012 1288 2043 1313; x_wconf 92' lang='lat' dir='ltr'>et</span> <span class='ocrx_word' id='word_1_679' title='bbox 2066 1282 2236 1319; x_wconf 87' lang='lat' dir='ltr'>demerito,</span> <span class='ocrx_word' id='word_1_680' title='bbox 2260 1283 2472 1324; x_wconf 90' lang='lat' dir='ltr'>respondetur</span> <span class='ocrx_word' id='word_1_681' title='bbox 2499 1285 2589 1327; x_wconf 87' lang='lat' dir='ltr'>quod</span> 
     </span>
     <span class='ocr_line' id='line_1_95' title="bbox 1517 1325 2588 1369; baseline 0.003 -10"><span class='ocrx_word' id='word_1_682' title='bbox 1517 1334 1669 1359; x_wconf 90' lang='lat' dir='ltr'>neutrum</span> <span class='ocrx_word' id='word_1_683' title='bbox 1692 1327 1836 1367; x_wconf 87' lang='lat' dir='ltr'>sequitur</span> <span class='ocrx_word' id='word_1_684' title='bbox 1859 1325 2022 1357; x_wconf 85' lang='lat' dir='ltr'>infinitum</span> <span class='ocrx_word' id='word_1_685' title='bbox 2052 1327 2113 1357; x_wconf 89' lang='lat' dir='ltr'>nisi</span> <span class='ocrx_word' id='word_1_686' title='bbox 2136 1327 2315 1358; x_wconf 91' lang='lat' dir='ltr'>secundum</span> <span class='ocrx_word' id='word_1_687' title='bbox 2340 1328 2434 1369; x_wconf 91' lang='lat' dir='ltr'>quid,</span> <span class='ocrx_word' id='word_1_688' title='bbox 2466 1334 2498 1360; x_wconf 91' lang='lat' dir='ltr'>et</span> <span class='ocrx_word' id='word_1_689' title='bbox 2519 1339 2588 1362; x_wconf 90' lang='lat' dir='ltr'>non</span> 
     </span>
     <span class='ocr_line' id='line_1_96' title="bbox 1517 1370 2588 1415; baseline 0.004 -12"><span class='ocrx_word' id='word_1_690' title='bbox 1517 1372 1712 1413; x_wconf 88' lang='lat' dir='ltr'>simpliciter.</span> <span class='ocrx_word' id='word_1_691' title='bbox 1729 1370 1918 1411; x_wconf 88' lang='lat' dir='ltr'>Magnitudo</span> <span class='ocrx_word' id='word_1_692' title='bbox 1930 1370 2089 1411; x_wconf 90' lang='lat' dir='ltr'>siquidem</span> <span class='ocrx_word' id='word_1_693' title='bbox 2101 1371 2286 1412; x_wconf 85' lang='lat' dir='ltr'>simpliciter</span> <span class='ocrx_word' id='word_1_694' title='bbox 2296 1378 2362 1403; x_wconf 90' lang='lat' dir='ltr'>tam</span> <span class='ocrx_word' id='word_1_695' title='bbox 2373 1373 2478 1404; x_wconf 88' lang='lat' dir='ltr'>meriti</span> <span class='ocrx_word' id='word_1_696' title='bbox 2489 1383 2588 1415; x_wconf 80' lang='lat' dir='ltr'>quam</span> 
     </span>
     <span class='ocr_line' id='line_1_97' title="bbox 1517 1415 2588 1458; baseline 0.002 -10"><span class='ocrx_word' id='word_1_697' title='bbox 1517 1417 1662 1448; x_wconf 90' lang='lat' dir='ltr'>demeriti</span> <span class='ocrx_word' id='word_1_698' title='bbox 1685 1425 1752 1447; x_wconf 91' lang='lat' dir='ltr'>non</span> <span class='ocrx_word' id='word_1_699' title='bbox 1777 1425 1815 1446; x_wconf 87' lang='lat' dir='ltr'>ex</span> <span class='ocrx_word' id='word_1_700' title='bbox 1833 1415 2040 1446; x_wconf 90' lang='lat' dir='ltr'>multitudine</span> <span class='ocrx_word' id='word_1_701' title='bbox 2056 1416 2269 1453; x_wconf 83' lang='lat' dir='ltr'>obiectorum,</span> <span class='ocrx_word' id='word_1_702' title='bbox 2285 1417 2341 1448; x_wconf 93' lang='lat' dir='ltr'>sed</span> <span class='ocrx_word' id='word_1_703' title='bbox 2357 1427 2395 1448; x_wconf 84' lang='lat' dir='ltr'>ex</span> <span class='ocrx_word' id='word_1_704' title='bbox 2411 1419 2588 1458; x_wconf 77' lang='lat' dir='ltr'>quantitate</span> 
     </span>
     <span class='ocr_line' id='line_1_98' title="bbox 1518 1461 1933 1500; baseline -0.005 -8"><span class='ocrx_word' id='word_1_705' title='bbox 1518 1461 1677 1492; x_wconf 90' lang='lat' dir='ltr'>essentiali</span> <span class='ocrx_word' id='word_1_706' title='bbox 1700 1461 1749 1490; x_wconf 91' lang='lat' dir='ltr'>sui</span> <span class='ocrx_word' id='word_1_707' title='bbox 1772 1465 1933 1500; x_wconf 89' lang='lat' dir='ltr'>pensatur.</span> 
     </span>
    </p>

    <p class='ocr_par' dir='ltr' id='par_1_21' title="bbox 1515 1503 2590 2120">
     <span class='ocr_line' id='line_1_99' title="bbox 1571 1503 2588 1544; baseline 0.003 -8"><span class='ocrx_word' id='word_1_708' title='bbox 1571 1505 1654 1536; x_wconf 89' lang='lat' dir='ltr'>VIII.</span> <span class='ocrx_word' id='word_1_709' title='bbox 1679 1505 1715 1535; x_wconf 92' lang='lat' dir='ltr'>In</span> <span class='ocrx_word' id='word_1_710' title='bbox 1737 1504 1948 1544; x_wconf 90' lang='lat' dir='ltr'>responsione</span> <span class='ocrx_word' id='word_1_711' title='bbox 1972 1503 2011 1534; x_wconf 86' lang='lat' dir='ltr'>ad</span> <span class='ocrx_word' id='word_1_712' title='bbox 2034 1505 2164 1535; x_wconf 92' lang='lat' dir='ltr'>tertium</span> <span class='ocrx_word' id='word_1_713' title='bbox 2188 1505 2331 1536; x_wconf 88' lang='lat' dir='ltr'>eiusdem</span> <span class='ocrx_word' id='word_1_714' title='bbox 2355 1507 2437 1537; x_wconf 89' lang='lat' dir='ltr'>tertii</span> <span class='ocrx_word' id='word_1_715' title='bbox 2454 1507 2588 1544; x_wconf 86' lang='lat' dir='ltr'>articuli,</span> 
     </span>
     <span class='ocr_line' id='line_1_100' title="bbox 1517 1548 2589 1593; baseline 0.003 -13"><span class='ocrx_word' id='word_1_716' title='bbox 1517 1550 1661 1591; x_wconf 89' lang='lat' dir='ltr'>perspice</span> <span class='ocrx_word' id='word_1_717' title='bbox 1686 1548 1775 1589; x_wconf 92' lang='lat' dir='ltr'>quod</span> <span class='ocrx_word' id='word_1_718' title='bbox 1799 1553 1866 1578; x_wconf 87' lang='lat' dir='ltr'>tota</span> <span class='ocrx_word' id='word_1_719' title='bbox 1888 1549 1936 1578; x_wconf 87' lang='lat' dir='ltr'>vis</span> <span class='ocrx_word' id='word_1_720' title='bbox 1951 1549 2169 1588; x_wconf 90' lang='lat' dir='ltr'>responsionis</span> <span class='ocrx_word' id='word_1_721' title='bbox 2193 1550 2337 1580; x_wconf 89' lang='lat' dir='ltr'>consistit</span> <span class='ocrx_word' id='word_1_722' title='bbox 2359 1551 2392 1581; x_wconf 91' lang='lat' dir='ltr'>in</span> <span class='ocrx_word' id='word_1_723' title='bbox 2408 1551 2482 1587; x_wconf 91' lang='lat' dir='ltr'>hoc,</span> <span class='ocrx_word' id='word_1_724' title='bbox 2499 1551 2589 1593; x_wconf 90' lang='lat' dir='ltr'>quod</span> 
     </span>
     <span class='ocr_line' id='line_1_101' title="bbox 1517 1591 2589 1635; baseline 0.003 -11"><span class='ocrx_word' id='word_1_725' title='bbox 1517 1594 1728 1635; x_wconf 91' lang='lat' dir='ltr'>proprietates</span> <span class='ocrx_word' id='word_1_726' title='bbox 1751 1591 1883 1628; x_wconf 88' lang='lat' dir='ltr'>infiniti,</span> <span class='ocrx_word' id='word_1_727' title='bbox 1908 1593 1941 1622; x_wconf 89' lang='lat' dir='ltr'>in</span> <span class='ocrx_word' id='word_1_728' title='bbox 1966 1601 2176 1633; x_wconf 89' lang='lat' dir='ltr'>quocumque</span> <span class='ocrx_word' id='word_1_729' title='bbox 2200 1600 2339 1633; x_wconf 90' lang='lat' dir='ltr'>ponatur</span> <span class='ocrx_word' id='word_1_730' title='bbox 2361 1595 2516 1632; x_wconf 85' lang='lat' dir='ltr'>infinitas,</span> <span class='ocrx_word' id='word_1_731' title='bbox 2539 1603 2589 1635; x_wconf 56' lang='lat' dir='ltr'>at*</span> 
     </span>
     <span class='ocr_line' id='line_1_102' title="bbox 1518 1636 2590 1679; baseline 0.003 -10"><span class='ocrx_word' id='word_1_732' title='bbox 1518 1644 1644 1670; x_wconf 90' lang='lat' dir='ltr'>ctantur</span> <span class='ocrx_word' id='word_1_733' title='bbox 1667 1637 1706 1668; x_wconf 91' lang='lat' dir='ltr'>ad</span> <span class='ocrx_word' id='word_1_734' title='bbox 1730 1637 1910 1667; x_wconf 89' lang='lat' dir='ltr'>subiectum</span> <span class='ocrx_word' id='word_1_735' title='bbox 1933 1636 2114 1667; x_wconf 85' lang='lat' dir='ltr'>infinitatis:</span> <span class='ocrx_word' id='word_1_736' title='bbox 2139 1643 2227 1678; x_wconf 89' lang='lat' dir='ltr'>puta,</span> <span class='ocrx_word' id='word_1_737' title='bbox 2249 1640 2457 1679; x_wconf 81' lang='lat' dir='ltr'>proprietates</span> <span class='ocrx_word' id='word_1_738' title='bbox 2472 1639 2590 1672; x_wconf 72' lang='lat' dir='ltr'>infiniti</span> 
     </span>
     <span class='ocr_line' id='line_1_103' title="bbox 1517 1681 2588 1726; baseline 0.003 -12"><span class='ocrx_word' id='word_1_739' title='bbox 1517 1683 1614 1724; x_wconf 91' lang='lat' dir='ltr'>positi</span> <span class='ocrx_word' id='word_1_740' title='bbox 1637 1683 1670 1713; x_wconf 92' lang='lat' dir='ltr'>in</span> <span class='ocrx_word' id='word_1_741' title='bbox 1686 1682 1780 1717; x_wconf 85' lang='lat' dir='ltr'>linea,</span> <span class='ocrx_word' id='word_1_742' title='bbox 1805 1686 1964 1711; x_wconf 86' lang='lat' dir='ltr'>arctantur</span> <span class='ocrx_word' id='word_1_743' title='bbox 1983 1681 2023 1711; x_wconf 90' lang='lat' dir='ltr'>ad</span> <span class='ocrx_word' id='word_1_744' title='bbox 2038 1681 2173 1718; x_wconf 88' lang='lat' dir='ltr'>lineam;</span> <span class='ocrx_word' id='word_1_745' title='bbox 2198 1688 2230 1713; x_wconf 92' lang='lat' dir='ltr'>et</span> <span class='ocrx_word' id='word_1_746' title='bbox 2247 1684 2344 1723; x_wconf 85' lang='lat' dir='ltr'>positi</span> <span class='ocrx_word' id='word_1_747' title='bbox 2359 1684 2393 1714; x_wconf 91' lang='lat' dir='ltr'>in</span> <span class='ocrx_word' id='word_1_748' title='bbox 2409 1684 2588 1726; x_wconf 73' lang='lat' dir='ltr'>superficie,</span> 
     </span>
     <span class='ocr_line' id='line_1_104' title="bbox 1518 1725 2588 1770; baseline 0.003 -12"><span class='ocrx_word' id='word_1_749' title='bbox 1518 1733 1678 1758; x_wconf 88' lang='lat' dir='ltr'>arctantur</span> <span class='ocrx_word' id='word_1_750' title='bbox 1707 1725 1747 1757; x_wconf 88' lang='lat' dir='ltr'>ad</span> <span class='ocrx_word' id='word_1_751' title='bbox 1774 1725 1994 1766; x_wconf 87' lang='lat' dir='ltr'>superficiem;</span> <span class='ocrx_word' id='word_1_752' title='bbox 2027 1731 2059 1756; x_wconf 85' lang='lat' dir='ltr'>et</span> <span class='ocrx_word' id='word_1_753' title='bbox 2087 1727 2184 1766; x_wconf 87' lang='lat' dir='ltr'>positi</span> <span class='ocrx_word' id='word_1_754' title='bbox 2214 1727 2249 1757; x_wconf 85' lang='lat' dir='ltr'>in</span> <span class='ocrx_word' id='word_1_755' title='bbox 2276 1729 2418 1759; x_wconf 90' lang='lat' dir='ltr'>numeris</span> <span class='ocrx_word' id='word_1_756' title='bbox 2448 1729 2588 1770; x_wconf 69' lang='lat' dir='ltr'>paribus,</span> 
     </span>
     <span class='ocr_line' id='line_1_105' title="bbox 1517 1770 2588 1812; baseline 0.003 -9"><span class='ocrx_word' id='word_1_757' title='bbox 1517 1777 1679 1803; x_wconf 87' lang='lat' dir='ltr'>arctantur</span> <span class='ocrx_word' id='word_1_758' title='bbox 1693 1770 1733 1801; x_wconf 84' lang='lat' dir='ltr'>ad</span> <span class='ocrx_word' id='word_1_759' title='bbox 1749 1779 1921 1800; x_wconf 85' lang='lat' dir='ltr'>numerum</span> <span class='ocrx_word' id='word_1_760' title='bbox 1937 1779 2064 1810; x_wconf 87' lang='lat' dir='ltr'>parem;</span> <span class='ocrx_word' id='word_1_761' title='bbox 2085 1776 2117 1801; x_wconf 89' lang='lat' dir='ltr'>et</span> <span class='ocrx_word' id='word_1_762' title='bbox 2131 1771 2228 1811; x_wconf 86' lang='lat' dir='ltr'>positi</span> <span class='ocrx_word' id='word_1_763' title='bbox 2243 1772 2278 1802; x_wconf 92' lang='lat' dir='ltr'>in</span> <span class='ocrx_word' id='word_1_764' title='bbox 2292 1773 2434 1804; x_wconf 86' lang='lat' dir='ltr'>motibus</span> <span class='ocrx_word' id='word_1_765' title='bbox 2450 1773 2588 1812; x_wconf 71' lang='lat' dir='ltr'>Summi,</span> 
     </span>
     <span class='ocr_line' id='line_1_106' title="bbox 1517 1814 2590 1851; baseline 0.004 -4"><span class='ocrx_word' id='word_1_766' title='bbox 1517 1822 1677 1847; x_wconf 89' lang='lat' dir='ltr'>arctantur</span> <span class='ocrx_word' id='word_1_767' title='bbox 1700 1815 1739 1845; x_wconf 89' lang='lat' dir='ltr'>ad</span> <span class='ocrx_word' id='word_1_768' title='bbox 1763 1814 1986 1845; x_wconf 88' lang='lat' dir='ltr'>circulationes</span> <span class='ocrx_word' id='word_1_769' title='bbox 2008 1814 2150 1851; x_wconf 90' lang='lat' dir='ltr'>Saturni;</span> <span class='ocrx_word' id='word_1_770' title='bbox 2177 1821 2207 1846; x_wconf 89' lang='lat' dir='ltr'>et</span> <span class='ocrx_word' id='word_1_771' title='bbox 2222 1816 2267 1846; x_wconf 90' lang='lat' dir='ltr'>sic</span> <span class='ocrx_word' id='word_1_772' title='bbox 2284 1816 2322 1847; x_wconf 93' lang='lat' dir='ltr'>de</span> <span class='ocrx_word' id='word_1_773' title='bbox 2339 1817 2416 1848; x_wconf 88' lang='lat' dir='ltr'>aliis.</span> <span class='ocrx_word' id='word_1_774' title='bbox 2440 1818 2510 1850; x_wconf 82' lang='lat' dir='ltr'>Nec</span> <span class='ocrx_word' id='word_1_775' title='bbox 2524 1818 2590 1851; x_wconf 59' lang='lat' dir='ltr'>h&amp;</span> 
     </span>
     <span class='ocr_line' id='line_1_107' title="bbox 1517 1858 2589 1900; baseline 0.003 -8"><span class='ocrx_word' id='word_1_776' title='bbox 1517 1861 1633 1892; x_wconf 87' lang='lat' dir='ltr'>dicitur</span> <span class='ocrx_word' id='word_1_777' title='bbox 1655 1859 1844 1894; x_wconf 86' lang='lat' dir='ltr'>voluntarie,</span> <span class='ocrx_word' id='word_1_778' title='bbox 1861 1858 1917 1889; x_wconf 88' lang='lat' dir='ltr'>sed</span> <span class='ocrx_word' id='word_1_779' title='bbox 1932 1867 2008 1888; x_wconf 90' lang='lat' dir='ltr'>cum</span> <span class='ocrx_word' id='word_1_780' title='bbox 2023 1858 2193 1890; x_wconf 87' lang='lat' dir='ltr'>sufficienti</span> <span class='ocrx_word' id='word_1_781' title='bbox 2209 1860 2343 1891; x_wconf 90' lang='lat' dir='ltr'>ratione.</span> <span class='ocrx_word' id='word_1_782' title='bbox 2368 1861 2453 1900; x_wconf 80' lang='lat' dir='ltr'>Quia</span> <span class='ocrx_word' id='word_1_783' title='bbox 2467 1861 2589 1895; x_wconf 73' lang='lat' dir='ltr'>seilicet</span> 
     </span>
     <span class='ocr_line' id='line_1_108' title="bbox 1516 1903 2587 1939; baseline 0.003 -3"><span class='ocrx_word' id='word_1_784' title='bbox 1516 1904 1680 1936; x_wconf 88' lang='lat' dir='ltr'>infinitum</span> <span class='ocrx_word' id='word_1_785' title='bbox 1701 1913 1769 1934; x_wconf 91' lang='lat' dir='ltr'>non</span> <span class='ocrx_word' id='word_1_786' title='bbox 1793 1908 1842 1933; x_wconf 92' lang='lat' dir='ltr'>est</span> <span class='ocrx_word' id='word_1_787' title='bbox 1863 1903 2048 1938; x_wconf 84' lang='lat' dir='ltr'>substantia,</span> <span class='ocrx_word' id='word_1_788' title='bbox 2073 1903 2129 1934; x_wconf 91' lang='lat' dir='ltr'>sed</span> <span class='ocrx_word' id='word_1_789' title='bbox 2151 1904 2315 1935; x_wconf 89' lang='lat' dir='ltr'>accidens:</span> <span class='ocrx_word' id='word_1_790' title='bbox 2339 1911 2466 1936; x_wconf 78' lang='lat' dir='ltr'>constat</span> <span class='ocrx_word' id='word_1_791' title='bbox 2477 1909 2587 1939; x_wconf 64' lang='lat' dir='ltr'>amem</span> 
     </span>
     <span class='ocr_line' id='line_1_109' title="bbox 1517 1947 2590 1985; baseline 0.003 -5"><span class='ocrx_word' id='word_1_792' title='bbox 1517 1949 1664 1980; x_wconf 87' lang='lat' dir='ltr'>accidens</span> <span class='ocrx_word' id='word_1_793' title='bbox 1694 1957 1761 1978; x_wconf 91' lang='lat' dir='ltr'>non</span> <span class='ocrx_word' id='word_1_794' title='bbox 1786 1947 1938 1978; x_wconf 89' lang='lat' dir='ltr'>excedere</span> <span class='ocrx_word' id='word_1_795' title='bbox 1969 1957 2064 1978; x_wconf 86' lang='lat' dir='ltr'>suum</span> <span class='ocrx_word' id='word_1_796' title='bbox 2092 1948 2290 1985; x_wconf 89' lang='lat' dir='ltr'>subiectum,</span> <span class='ocrx_word' id='word_1_797' title='bbox 2321 1949 2376 1980; x_wconf 87' lang='lat' dir='ltr'>sed</span> <span class='ocrx_word' id='word_1_798' title='bbox 2406 1952 2518 1982; x_wconf 83' lang='lat' dir='ltr'>arctari</span> <span class='ocrx_word' id='word_1_799' title='bbox 2547 1948 2590 1984; x_wconf 65' lang='lat' dir='ltr'>‘ud</span> 
     </span>
     <span class='ocr_line' id='line_1_110' title="bbox 1515 1991 2588 2038; baseline 0.002 -14"><span class='ocrx_word' id='word_1_800' title='bbox 1515 1993 1606 2025; x_wconf 92' lang='lat' dir='ltr'>illud.</span> <span class='ocrx_word' id='word_1_801' title='bbox 1630 1993 1671 2023; x_wconf 88' lang='lat' dir='ltr'>Et</span> <span class='ocrx_word' id='word_1_802' title='bbox 1694 1993 1720 2023; x_wconf 91' lang='lat' dir='ltr'>si</span> <span class='ocrx_word' id='word_1_803' title='bbox 1743 1991 1891 2022; x_wconf 87' lang='lat' dir='ltr'>accidens</span> <span class='ocrx_word' id='word_1_804' title='bbox 1915 1997 2052 2022; x_wconf 88' lang='lat' dir='ltr'>arctatur</span> <span class='ocrx_word' id='word_1_805' title='bbox 2074 1992 2114 2022; x_wconf 88' lang='lat' dir='ltr'>ad</span> <span class='ocrx_word' id='word_1_806' title='bbox 2141 1993 2334 2030; x_wconf 88' lang='lat' dir='ltr'>subiectum,</span> <span class='ocrx_word' id='word_1_807' title='bbox 2358 1995 2463 2026; x_wconf 86' lang='lat' dir='ltr'>multo</span> <span class='ocrx_word' id='word_1_808' title='bbox 2486 1996 2588 2038; x_wconf 65' lang='lat' dir='ltr'>magis</span> 
     </span>
     <span class='ocr_line' id='line_1_111' title="bbox 1516 2036 2588 2078; baseline 0.004 -10"><span class='ocrx_word' id='word_1_809' title='bbox 1516 2038 1726 2078; x_wconf 86' lang='lat' dir='ltr'>proprietates</span> <span class='ocrx_word' id='word_1_810' title='bbox 1756 2037 1945 2067; x_wconf 90' lang='lat' dir='ltr'>comitantes</span> <span class='ocrx_word' id='word_1_811' title='bbox 1976 2036 2148 2067; x_wconf 89' lang='lat' dir='ltr'>accidentis</span> <span class='ocrx_word' id='word_1_812' title='bbox 2178 2043 2325 2068; x_wconf 85' lang='lat' dir='ltr'>naturam</span> <span class='ocrx_word' id='word_1_813' title='bbox 2357 2045 2517 2071; x_wconf 80' lang='lat' dir='ltr'>arctantur</span> <span class='ocrx_word' id='word_1_814' title='bbox 2535 2040 2588 2072; x_wconf 76' lang='lat' dir='ltr'>ad</span> 
     </span>
     <span class='ocr_line' id='line_1_112' title="bbox 1517 2080 2525 2120; baseline -0.003 -7"><span class='ocrx_word' id='word_1_815' title='bbox 1517 2082 1603 2113; x_wconf 87' lang='lat' dir='ltr'>idem</span> <span class='ocrx_word' id='word_1_816' title='bbox 1627 2081 1825 2112; x_wconf 87' lang='lat' dir='ltr'>subiectum:</span> <span class='ocrx_word' id='word_1_817' title='bbox 1849 2085 1886 2111; x_wconf 91' lang='lat' dir='ltr'>ut</span> <span class='ocrx_word' id='word_1_818' title='bbox 1907 2086 1999 2120; x_wconf 89' lang='lat' dir='ltr'>patet</span> <span class='ocrx_word' id='word_1_819' title='bbox 2017 2080 2190 2112; x_wconf 89' lang='lat' dir='ltr'>inductive.</span> <span class='ocrx_word' id='word_1_820' title='bbox 2522 2103 2525 2106; x_wconf 18' lang='grc' dir='ltr'><em>Δ</em></span> 
     </span>
    </p>

    <p class='ocr_par' dir='ltr' id='par_1_22' title="bbox 1516 2125 2590 2214">
     <span class='ocr_line' id='line_1_113' title="bbox 1571 2125 2588 2168; baseline 0.006 -13"><span class='ocrx_word' id='word_1_821' title='bbox 1571 2126 1614 2156; x_wconf 90' lang='lat' dir='ltr'>Et</span> <span class='ocrx_word' id='word_1_822' title='bbox 1631 2127 1713 2156; x_wconf 88' lang='lat' dir='ltr'>hanc</span> <span class='ocrx_word' id='word_1_823' title='bbox 1729 2125 1973 2165; x_wconf 86' lang='lat' dir='ltr'>responsionem</span> <span class='ocrx_word' id='word_1_824' title='bbox 1996 2125 2220 2165; x_wconf 89' lang='lat' dir='ltr'>perspicaciter</span> <span class='ocrx_word' id='word_1_825' title='bbox 2243 2136 2349 2157; x_wconf 86' lang='lat' dir='ltr'>serva:</span> <span class='ocrx_word' id='word_1_826' title='bbox 2375 2128 2588 2168; x_wconf 57' lang='lat' dir='ltr'>quoniamex</span> 
     </span>
     <span class='ocr_line' id='line_1_114' title="bbox 1516 2169 2590 2214; baseline 0.004 -13"><span class='ocrx_word' id='word_1_827' title='bbox 1516 2171 1570 2201; x_wconf 88' lang='lat' dir='ltr'>illa</span> <span class='ocrx_word' id='word_1_828' title='bbox 1593 2170 1774 2201; x_wconf 90' lang='lat' dir='ltr'>elucescent</span> <span class='ocrx_word' id='word_1_829' title='bbox 1796 2169 1974 2199; x_wconf 87' lang='lat' dir='ltr'>solutiones</span> <span class='ocrx_word' id='word_1_830' title='bbox 1996 2170 2170 2200; x_wconf 86' lang='lat' dir='ltr'>multarum</span> <span class='ocrx_word' id='word_1_831' title='bbox 2194 2171 2431 2210; x_wconf 87' lang='lat' dir='ltr'>quaestionum,</span> <span class='ocrx_word' id='word_1_832' title='bbox 2447 2177 2480 2204; x_wconf 86' lang='lat' dir='ltr'>et</span> <span class='ocrx_word' id='word_1_833' title='bbox 2497 2173 2590 2214; x_wconf 59' lang='lat' dir='ltr'>quod&gt;</span> 
     </span>
    </p>
   </div>
   <div class='ocr_carea' id='block_1_13' title="bbox 1516 2213 2575 2279">
    <p class='ocr_par' dir='ltr' id='par_1_23' title="bbox 1516 2213 2575 2279">
     <span class='ocr_line' id='line_1_115' title="bbox 1516 2213 2420 2247; baseline 0.001 -1"><span class='ocrx_word' id='word_1_834' title='bbox 1516 2225 1584 2246; x_wconf 91' lang='lat' dir='ltr'>non</span> <span class='ocrx_word' id='word_1_835' title='bbox 1606 2214 1794 2246; x_wconf 85' lang='lat' dir='ltr'>inconvenit</span> <span class='ocrx_word' id='word_1_836' title='bbox 1816 2223 1919 2244; x_wconf 88' lang='lat' dir='ltr'>unum</span> <span class='ocrx_word' id='word_1_837' title='bbox 1941 2213 2104 2244; x_wconf 86' lang='lat' dir='ltr'>infinitum</span> <span class='ocrx_word' id='word_1_838' title='bbox 2129 2224 2197 2245; x_wconf 89' lang='lat' dir='ltr'>esse</span> <span class='ocrx_word' id='word_1_839' title='bbox 2219 2215 2323 2246; x_wconf 89' lang='lat' dir='ltr'>maius</span> <span class='ocrx_word' id='word_1_840' title='bbox 2346 2216 2420 2247; x_wconf 89' lang='lat' dir='ltr'>alio.</span> 
     </span>
     <span class='ocr_line' id='line_1_116' title="bbox 2541 2264 2575 2279; baseline 0 0"><span class='ocrx_word' id='word_1_841' title='bbox 2541 2270 2546 2273; x_wconf 52' lang='grc' dir='ltr'>υ</span> <span class='ocrx_word' id='word_1_842' title='bbox 2560 2264 2575 2279; x_wconf 55' lang='grc' dir='ltr'>,ι</span> 
     </span>
    </p>
   </div>
   <div class='ocr_carea' id='block_1_14' title="bbox 1519 2655 2872 3503">
    <p class='ocr_par' dir='ltr' id='par_1_24' title="bbox 1522 2655 2872 2713">
     <span class='ocr_line' id='line_1_117' title="bbox 1522 2655 2872 2713; baseline -0.001 -19"><span class='ocrx_word' id='word_1_843' title='bbox 1522 2657 1642 2704; x_wconf 87' lang='lat' dir='ltr'>sium,</span> <span class='ocrx_word' id='word_1_844' title='bbox 1670 2669 1705 2694; x_wconf 91' lang='lat' dir='ltr'>1v</span> <span class='ocrx_word' id='word_1_845' title='bbox 1733 2669 1815 2706; x_wconf 90' lang='lat' dir='ltr'>cap.</span> <span class='ocrx_word' id='word_1_846' title='bbox 1847 2657 1939 2694; x_wconf 86' lang='lat' dir='ltr'>Cael</span> <span class='ocrx_word' id='word_1_847' title='bbox 1962 2658 2072 2694; x_wconf 89' lang='lat' dir='ltr'>Hier.</span> <span class='ocrx_word' id='word_1_848' title='bbox 2100 2656 2120 2678; x_wconf 78' lang='lat'>&#39;¹‘</span> <span class='ocrx_word' id='word_1_849' title='bbox 2157 2658 2259 2705; x_wconf 90' lang='lat' dir='ltr'>Ergo</span> <span class='ocrx_word' id='word_1_850' title='bbox 2288 2656 2418 2694; x_wconf 89' lang='lat' dir='ltr'>anima</span> <span class='ocrx_word' id='word_1_851' title='bbox 2446 2655 2586 2696; x_wconf 86' lang='lat' dir='ltr'>Christi</span> <span class='ocrx_word' id='word_1_852' title='bbox 2613 2663 2683 2713; x_wconf 39' lang='lat' dir='ltr'>kg·</span> <span class='ocrx_word' id='word_1_853' title='bbox 2711 2664 2748 2687; x_wconf 71' lang='lat'>⁰²</span> <span class='ocrx_word' id='word_1_854' title='bbox 2780 2669 2827 2695; x_wconf 50' lang='grc' dir='ltr'><em>ἠ</em></span> <span class='ocrx_word' id='word_1_855' title='bbox 2870 2667 2872 2691; x_wconf 65' lang='lat'><em>5</em></span> 
     </span>
    </p>

    <p class='ocr_par' dir='ltr' id='par_1_25' title="bbox 1521 2706 2826 2813">
     <span class='ocr_line' id='line_1_118' title="bbox 1521 2706 2826 2772; baseline -0.001 -25"><span class='ocrx_word' id='word_1_856' title='bbox 1521 2723 1601 2747; x_wconf 91' lang='lat' dir='ltr'>non</span> <span class='ocrx_word' id='word_1_857' title='bbox 1627 2710 1830 2760; x_wconf 87' lang='lat' dir='ltr'>perfectius</span> <span class='ocrx_word' id='word_1_858' title='bbox 1858 2709 1963 2747; x_wconf 91' lang='lat' dir='ltr'>videt</span> <span class='ocrx_word' id='word_1_859' title='bbox 1989 2709 2166 2747; x_wconf 91' lang='lat' dir='ltr'>Verbum</span> <span class='ocrx_word' id='word_1_860' title='bbox 2194 2722 2314 2759; x_wconf 92' lang='lat' dir='ltr'>quam</span> <span class='ocrx_word' id='word_1_861' title='bbox 2343 2709 2476 2759; x_wconf 86' lang='lat' dir='ltr'>angeli.</span> <span class='ocrx_word' id='word_1_862' title='bbox 2520 2756 2521 2760; x_wconf 13' lang='grc' dir='ltr'><strong>Ἰ</strong></span> <span class='ocrx_word' id='word_1_863' title='bbox 2613 2749 2657 2772; x_wconf 55' lang='lat' dir='ltr'>“p</span> <span class='ocrx_word' id='word_1_864' title='bbox 2674 2706 2718 2766; x_wconf 43' lang='lat' dir='ltr'>‘Qu</span> <span class='ocrx_word' id='word_1_865' title='bbox 2745 2707 2768 2766; x_wconf 61' lang='lat'>·&#39;</span> <span class='ocrx_word' id='word_1_866' title='bbox 2808 2731 2826 2762; x_wconf 15' lang='lat'>¹-</span> 
     </span>
     <span class='ocr_line' id='line_1_119' title="bbox 1577 2759 2765 2813; baseline 0.001 -13"><span class='ocrx_word' id='word_1_867' title='bbox 1577 2763 1610 2800; x_wconf 88' lang='lat'>3.</span> <span class='ocrx_word' id='word_1_868' title='bbox 1641 2765 1873 2810; x_wconf 79' lang='lat' dir='ltr'>PRAETEREA,</span> <span class='ocrx_word' id='word_1_869' title='bbox 1894 2763 2001 2800; x_wconf 91' lang='lat' dir='ltr'>Deus</span> <span class='ocrx_word' id='word_1_870' title='bbox 2030 2763 2069 2800; x_wconf 91' lang='lat' dir='ltr'>in</span> <span class='ocrx_word' id='word_1_871' title='bbox 2088 2763 2283 2800; x_wconf 91' lang='lat' dir='ltr'>infinitum</span> <span class='ocrx_word' id='word_1_872' title='bbox 2309 2762 2512 2813; x_wconf 86' lang='lat' dir='ltr'>perfectius</span> <span class='ocrx_word' id='word_1_873' title='bbox 2530 2761 2586 2813; x_wconf 76' lang='lat' dir='ltr'>vi-</span> <span class='ocrx_word' id='word_1_874' title='bbox 2610 2759 2726 2793; x_wconf 54' lang='lat' dir='ltr'>&#39;enlm’</span> <span class='ocrx_word' id='word_1_875' title='bbox 2759 2761 2765 2767; x_wconf 85' lang='lat'>&#39;</span> 
     </span>
    </p>

    <p class='ocr_par' dir='ltr' id='par_1_26' title="bbox 1521 2814 2586 2865">
     <span class='ocr_line' id='line_1_120' title="bbox 1521 2814 2586 2865; baseline 0.003 -12"><span class='ocrx_word' id='word_1_876' title='bbox 1521 2816 1584 2853; x_wconf 92' lang='lat' dir='ltr'>det</span> <span class='ocrx_word' id='word_1_877' title='bbox 1603 2816 1777 2854; x_wconf 90' lang='lat' dir='ltr'>Verbum</span> <span class='ocrx_word' id='word_1_878' title='bbox 1807 2828 1923 2853; x_wconf 87' lang='lat' dir='ltr'>suum</span> <span class='ocrx_word' id='word_1_879' title='bbox 1943 2828 2063 2865; x_wconf 91' lang='lat' dir='ltr'>quam</span> <span class='ocrx_word' id='word_1_880' title='bbox 2092 2816 2233 2854; x_wconf 88' lang='lat' dir='ltr'>anima.</span> <span class='ocrx_word' id='word_1_881' title='bbox 2265 2816 2363 2854; x_wconf 90' lang='lat' dir='ltr'>Sunt</span> <span class='ocrx_word' id='word_1_882' title='bbox 2391 2828 2481 2865; x_wconf 84' lang='lat' dir='ltr'>ergo</span> <span class='ocrx_word' id='word_1_883' title='bbox 2499 2814 2586 2856; x_wconf 80' lang='lat' dir='ltr'>infi—</span> 
     </span>
    </p>

    <p class='ocr_par' dir='ltr' id='par_1_27' title="bbox 1521 2868 2727 2919">
     <span class='ocr_line' id='line_1_121' title="bbox 1521 2868 2727 2919; baseline -0.002 -13"><span class='ocrx_word' id='word_1_884' title='bbox 1521 2869 1589 2907; x_wconf 89' lang='lat' dir='ltr'>niti</span> <span class='ocrx_word' id='word_1_885' title='bbox 1607 2869 1747 2918; x_wconf 90' lang='lat' dir='ltr'>gradus</span> <span class='ocrx_word' id='word_1_886' title='bbox 1775 2869 1893 2906; x_wconf 91' lang='lat' dir='ltr'>medii</span> <span class='ocrx_word' id='word_1_887' title='bbox 1907 2875 1923 2891; x_wconf 73' lang='lat'><em>²</em></span> <span class='ocrx_word' id='word_1_888' title='bbox 1943 2869 2040 2906; x_wconf 90' lang='lat' dir='ltr'>inter</span> <span class='ocrx_word' id='word_1_889' title='bbox 2067 2869 2232 2906; x_wconf 90' lang='lat' dir='ltr'>modum</span> <span class='ocrx_word' id='word_1_890' title='bbox 2261 2881 2341 2919; x_wconf 94' lang='lat' dir='ltr'>quo</span> <span class='ocrx_word' id='word_1_891' title='bbox 2362 2869 2469 2906; x_wconf 92' lang='lat' dir='ltr'>Deus</span> <span class='ocrx_word' id='word_1_892' title='bbox 2482 2868 2587 2907; x_wconf 81' lang='lat' dir='ltr'>videt</span> <span class='ocrx_word' id='word_1_893' title='bbox 2710 2886 2727 2903; x_wconf 69' lang='lat' dir='ltr'>a</span> 
     </span>
    </p>

    <p class='ocr_par' dir='ltr' id='par_1_28' title="bbox 1521 2921 2586 2972">
     <span class='ocr_line' id='line_1_122' title="bbox 1521 2921 2586 2972; baseline 0 -13"><span class='ocrx_word' id='word_1_894' title='bbox 1521 2923 1696 2960; x_wconf 89' lang='lat' dir='ltr'>Verbum</span> <span class='ocrx_word' id='word_1_895' title='bbox 1717 2934 1845 2969; x_wconf 91' lang='lat' dir='ltr'>suum,</span> <span class='ocrx_word' id='word_1_896' title='bbox 1867 2930 1903 2959; x_wconf 92' lang='lat' dir='ltr'>et</span> <span class='ocrx_word' id='word_1_897' title='bbox 1922 2922 2019 2959; x_wconf 91' lang='lat' dir='ltr'>inter</span> <span class='ocrx_word' id='word_1_898' title='bbox 2042 2923 2207 2960; x_wconf 90' lang='lat' dir='ltr'>modum</span> <span class='ocrx_word' id='word_1_899' title='bbox 2228 2934 2308 2972; x_wconf 90' lang='lat' dir='ltr'>quo</span> <span class='ocrx_word' id='word_1_900' title='bbox 2328 2921 2457 2960; x_wconf 82' lang='lat' dir='ltr'>anima</span> <span class='ocrx_word' id='word_1_901' title='bbox 2476 2921 2586 2960; x_wconf 82' lang='lat' dir='ltr'>Chri-</span> 
     </span>
    </p>

    <p class='ocr_par' dir='ltr' id='par_1_29' title="bbox 1522 2974 2585 3025">
     <span class='ocr_line' id='line_1_123' title="bbox 1522 2974 2585 3025; baseline -0.001 -12"><span class='ocrx_word' id='word_1_902' title='bbox 1522 2976 1567 3013; x_wconf 92' lang='lat' dir='ltr'>sti</span> <span class='ocrx_word' id='word_1_903' title='bbox 1593 2975 1699 3013; x_wconf 82' lang='lat' dir='ltr'>videt</span> <span class='ocrx_word' id='word_1_904' title='bbox 1726 2975 1866 3025; x_wconf 89' lang='lat' dir='ltr'>ipsum.</span> <span class='ocrx_word' id='word_1_905' title='bbox 1896 2976 1998 3024; x_wconf 92' lang='lat' dir='ltr'>Ergo</span> <span class='ocrx_word' id='word_1_906' title='bbox 2018 2987 2099 3013; x_wconf 93' lang='lat' dir='ltr'>non</span> <span class='ocrx_word' id='word_1_907' title='bbox 2128 2983 2183 3013; x_wconf 90' lang='lat' dir='ltr'>est</span> <span class='ocrx_word' id='word_1_908' title='bbox 2209 2975 2459 3013; x_wconf 90' lang='lat' dir='ltr'>asserendum</span> <span class='ocrx_word' id='word_1_909' title='bbox 2477 2974 2585 3024; x_wconf 89' lang='lat' dir='ltr'>quod</span> 
     </span>
    </p>

    <p class='ocr_par' dir='ltr' id='par_1_30' title="bbox 1522 3027 2584 3079">
     <span class='ocr_line' id='line_1_124' title="bbox 1522 3027 2584 3079; baseline -0.002 -12"><span class='ocrx_word' id='word_1_910' title='bbox 1522 3029 1652 3067; x_wconf 88' lang='lat' dir='ltr'>anima</span> <span class='ocrx_word' id='word_1_911' title='bbox 1682 3028 1822 3066; x_wconf 89' lang='lat' dir='ltr'>Christi</span> <span class='ocrx_word' id='word_1_912' title='bbox 1849 3028 2052 3079; x_wconf 90' lang='lat' dir='ltr'>perfectius</span> <span class='ocrx_word' id='word_1_913' title='bbox 2079 3028 2207 3066; x_wconf 88' lang='lat' dir='ltr'>videat</span> <span class='ocrx_word' id='word_1_914' title='bbox 2225 3028 2410 3075; x_wconf 89' lang='lat' dir='ltr'>Verbum,</span> <span class='ocrx_word' id='word_1_915' title='bbox 2438 3027 2500 3064; x_wconf 91' lang='lat' dir='ltr'>vel</span> <span class='ocrx_word' id='word_1_916' title='bbox 2527 3039 2584 3065; x_wconf 89' lang='lat' dir='ltr'>es-</span> 
     </span>
    </p>

    <p class='ocr_par' dir='ltr' id='par_1_31' title="bbox 1523 3081 2830 3185">
     <span class='ocr_line' id='line_1_125' title="bbox 1523 3081 2830 3132; baseline -0.002 -13"><span class='ocrx_word' id='word_1_917' title='bbox 1523 3081 1685 3120; x_wconf 90' lang='lat' dir='ltr'>sentiam</span> <span class='ocrx_word' id='word_1_918' title='bbox 1713 3082 1897 3129; x_wconf 86' lang='lat' dir='ltr'>divinam,</span> <span class='ocrx_word' id='word_1_919' title='bbox 1927 3094 2047 3132; x_wconf 88' lang='lat' dir='ltr'>quam</span> <span class='ocrx_word' id='word_1_920' title='bbox 2075 3081 2267 3131; x_wconf 88' lang='lat' dir='ltr'>quaelibet</span> <span class='ocrx_word' id='word_1_921' title='bbox 2294 3081 2366 3119; x_wconf 87' lang='lat' dir='ltr'>alia</span> <span class='ocrx_word' id='word_1_922' title='bbox 2399 3086 2582 3119; x_wconf 81' lang='lat' dir='ltr'>creatura.</span> <span class='ocrx_word' id='word_1_923' title='bbox 2825 3117 2830 3129; x_wconf 26' lang='grc' dir='ltr'><em>δ</em></span> 
     </span>
     <span class='ocr_line' id='line_1_126' title="bbox 1577 3132 2827 3185; baseline -0.002 -12"><span class='ocrx_word' id='word_1_924' title='bbox 1577 3137 1651 3173; x_wconf 70' lang='grc' dir='ltr'>δεῖ)</span> <span class='ocrx_word' id='word_1_925' title='bbox 1671 3147 1816 3173; x_wconf 79' lang='lat' dir='ltr'>CONTRA</span> <span class='ocrx_word' id='word_1_926' title='bbox 1835 3147 1901 3173; x_wconf 79' lang='lat' dir='ltr'>EST</span> <span class='ocrx_word' id='word_1_927' title='bbox 1920 3135 2028 3185; x_wconf 93' lang='lat' dir='ltr'>quod</span> <span class='ocrx_word' id='word_1_928' title='bbox 2042 3136 2251 3184; x_wconf 91' lang='lat' dir='ltr'>Apostolus</span> <span class='ocrx_word' id='word_1_929' title='bbox 2268 3132 2368 3180; x_wconf 84' lang='lat' dir='ltr'>dicit,</span> <span class='ocrx_word' id='word_1_930' title='bbox 2383 3132 2582 3183; x_wconf 75' lang='lat' dir='ltr'>Ephes.&#39;1*,</span> <span class='ocrx_word' id='word_1_931' title='bbox 2612 3140 2622 3149; x_wconf 88' lang='grc'><em>·</em></span> <span class='ocrx_word' id='word_1_932' title='bbox 2638 3139 2704 3162; x_wconf 72' lang='lat' dir='ltr'>Vm·</span> <span class='ocrx_word' id='word_1_933' title='bbox 2716 3134 2827 3171; x_wconf 71' lang='lat'>²⁰·⁸=-·‡,</span> 
     </span>
    </p>

    <p class='ocr_par' dir='ltr' id='par_1_32' title="bbox 1524 3186 2827 3239">
     <span class='ocr_line' id='line_1_127' title="bbox 1524 3186 2827 3239; baseline -0.004 -13"><span class='ocrx_word' id='word_1_934' title='bbox 1524 3189 1630 3239; x_wconf 91' lang='lat' dir='ltr'>quod</span> <span class='ocrx_word' id='word_1_935' title='bbox 1650 3190 1752 3226; x_wconf 87' lang='lat' dir='ltr'>Deus</span> <span class='ocrx_word' id='word_1_936' title='bbox 1777 3190 1959 3226; x_wconf 82' lang='lat' dir='ltr'>constituit</span> <span class='ocrx_word' id='word_1_937' title='bbox 1981 3189 2166 3226; x_wconf 83' lang='lat' dir='ltr'>Christum</span> <span class='ocrx_word' id='word_1_938' title='bbox 2185 3186 2200 3217; x_wconf 67' lang='grc' dir='ltr'><strong>β</strong></span> <span class='ocrx_word' id='word_1_939' title='bbox 2227 3189 2265 3224; x_wconf 85' lang='lat' dir='ltr'>in</span> <span class='ocrx_word' id='word_1_940' title='bbox 2290 3186 2504 3224; x_wconf 77' lang='lat' dir='ltr'>caelestibus</span> <span class='ocrx_word' id='word_1_941' title='bbox 2527 3197 2585 3223; x_wconf 81' lang='lat' dir='ltr'>su·</span> <span class='ocrx_word' id='word_1_942' title='bbox 2710 3194 2726 3229; x_wconf 75' lang='grc' dir='ltr'><strong>β</strong></span> <span class='ocrx_word' id='word_1_943' title='bbox 2825 3202 2827 3206; x_wconf 51' lang='lat'><strong><em>⁴</em></strong></span> 
     </span>
    </p>

    <p class='ocr_par' dir='ltr' id='par_1_33' title="bbox 1519 3239 2583 3292">
     <span class='ocr_line' id='line_1_128' title="bbox 1519 3239 2583 3292; baseline -0.004 -13"><span class='ocrx_word' id='word_1_944' title='bbox 1519 3254 1591 3292; x_wconf 85' lang='lat' dir='ltr'>per</span> <span class='ocrx_word' id='word_1_945' title='bbox 1618 3253 1766 3279; x_wconf 86' lang='lat' dir='ltr'>omnem</span> <span class='ocrx_word' id='word_1_946' title='bbox 1785 3243 2039 3292; x_wconf 84' lang='lat' dir='ltr'>principatum</span> <span class='ocrx_word' id='word_1_947' title='bbox 2067 3246 2100 3278; x_wconf 87' lang='lat' dir='ltr'>et</span> <span class='ocrx_word' id='word_1_948' title='bbox 2121 3243 2335 3291; x_wconf 79' lang='lat' dir='ltr'>potestatem</span> <span class='ocrx_word' id='word_1_949' title='bbox 2363 3243 2397 3276; x_wconf 78' lang='lat' dir='ltr'>et</span> <span class='ocrx_word' id='word_1_950' title='bbox 2414 3239 2583 3276; x_wconf 79' lang='lat' dir='ltr'>virtutem</span> 
     </span>
    </p>

    <p class='ocr_par' dir='ltr' id='par_1_34' title="bbox 1525 3291 2583 3342">
     <span class='ocr_line' id='line_1_129' title="bbox 1525 3291 2583 3342; baseline -0.004 -10"><span class='ocrx_word' id='word_1_951' title='bbox 1525 3301 1558 3332; x_wconf 87' lang='lat' dir='ltr'>et</span> <span class='ocrx_word' id='word_1_952' title='bbox 1577 3295 1878 3342; x_wconf 74' lang='lat' dir='ltr'>dominationm,</span> <span class='ocrx_word' id='word_1_953' title='bbox 1899 3300 1932 3332; x_wconf 86' lang='lat' dir='ltr'>et</span> <span class='ocrx_word' id='word_1_954' title='bbox 1950 3305 2061 3332; x_wconf 87' lang='lat' dir='ltr'>omne</span> <span class='ocrx_word' id='word_1_955' title='bbox 2080 3305 2213 3331; x_wconf 83' lang='lat' dir='ltr'>nomen</span> <span class='ocrx_word' id='word_1_956' title='bbox 2233 3291 2334 3342; x_wconf 79' lang='lat' dir='ltr'>quod</span> <span class='ocrx_word' id='word_1_957' title='bbox 2356 3293 2583 3338; x_wconf 82' lang='lat' dir='ltr'>nominatur,</span> 
     </span>
    </p>

    <p class='ocr_par' dir='ltr' id='par_1_35' title="bbox 1526 3344 2582 3393">
     <span class='ocr_line' id='line_1_130' title="bbox 1526 3344 2582 3393; baseline -0.005 -7"><span class='ocrx_word' id='word_1_958' title='bbox 1526 3361 1600 3386; x_wconf 89' lang='lat' dir='ltr'>non</span> <span class='ocrx_word' id='word_1_959' title='bbox 1635 3348 1754 3386; x_wconf 81' lang='lat' dir='ltr'>solum</span> <span class='ocrx_word' id='word_1_960' title='bbox 1787 3349 1824 3385; x_wconf 91' lang='lat' dir='ltr'>in</span> <span class='ocrx_word' id='word_1_961' title='bbox 1853 3349 1923 3386; x_wconf 88' lang='lat' dir='ltr'>hoc</span> <span class='ocrx_word' id='word_1_962' title='bbox 1949 3346 2113 3392; x_wconf 82' lang='lat' dir='ltr'>saeculo,</span> <span class='ocrx_word' id='word_1_963' title='bbox 2140 3345 2207 3383; x_wconf 87' lang='lat' dir='ltr'>sed</span> <span class='ocrx_word' id='word_1_964' title='bbox 2231 3345 2341 3382; x_wconf 86' lang='lat' dir='ltr'>etiam</span> <span class='ocrx_word' id='word_1_965' title='bbox 2375 3346 2412 3381; x_wconf 87' lang='lat' dir='ltr'>in</span> <span class='ocrx_word' id='word_1_966' title='bbox 2435 3344 2582 3393; x_wconf 76' lang='lat' dir='ltr'>saturo.</span> 
     </span>
    </p>

    <p class='ocr_par' dir='ltr' id='par_1_36' title="bbox 1528 3397 2586 3448">
     <span class='ocr_line' id='line_1_131' title="bbox 1528 3397 2586 3448; baseline -0.006 -9"><span class='ocrx_word' id='word_1_967' title='bbox 1528 3402 1604 3439; x_wconf 88' lang='lat' dir='ltr'>Sed</span> <span class='ocrx_word' id='word_1_968' title='bbox 1633 3401 1672 3438; x_wconf 91' lang='lat' dir='ltr'>in</span> <span class='ocrx_word' id='word_1_969' title='bbox 1700 3400 1850 3438; x_wconf 87' lang='lat' dir='ltr'>caelesti</span> <span class='ocrx_word' id='word_1_970' title='bbox 1885 3399 2004 3448; x_wconf 86' lang='lat' dir='ltr'>gloria</span> <span class='ocrx_word' id='word_1_971' title='bbox 2031 3405 2136 3436; x_wconf 87' lang='lat' dir='ltr'>tanto</span> <span class='ocrx_word' id='word_1_972' title='bbox 2163 3397 2300 3447; x_wconf 85' lang='lat' dir='ltr'>aliquis</span> <span class='ocrx_word' id='word_1_973' title='bbox 2328 3405 2383 3434; x_wconf 89' lang='lat' dir='ltr'>est</span> <span class='ocrx_word' id='word_1_974' title='bbox 2410 3397 2586 3447; x_wconf 90' lang='lat' dir='ltr'>superior</span> 
     </span>
    </p>

    <p class='ocr_par' dir='ltr' id='par_1_37' title="bbox 1527 3449 2585 3503">
     <span class='ocr_line' id='line_1_132' title="bbox 1527 3449 2585 3503; baseline -0.004 -12"><span class='ocrx_word' id='word_1_975' title='bbox 1527 3462 1672 3503; x_wconf 88' lang='lat' dir='ltr'>quanto</span> <span class='ocrx_word' id='word_1_976' title='bbox 1701 3453 1903 3503; x_wconf 86' lang='lat' dir='ltr'>perfectius</span> <span class='ocrx_word' id='word_1_977' title='bbox 1930 3450 2123 3501; x_wconf 86' lang='lat' dir='ltr'>cognoscit</span> <span class='ocrx_word' id='word_1_978' title='bbox 2150 3451 2290 3487; x_wconf 89' lang='lat' dir='ltr'>Deum.</span> <span class='ocrx_word' id='word_1_979' title='bbox 2326 3450 2427 3499; x_wconf 87' lang='lat' dir='ltr'>Ergo</span> <span class='ocrx_word' id='word_1_980' title='bbox 2455 3449 2585 3488; x_wconf 87' lang='lat' dir='ltr'>anima</span> 
     </span>
    </p>
   </div>
   <div class='ocr_carea' id='block_1_15' title="bbox 2767 0 2872 3970">
    <p class='ocr_par' dir='ltr' id='par_1_38' title="bbox 2767 0 2872 3970">
     <span class='ocr_line' id='line_1_133' title="bbox 2767 0 2872 3970; baseline 0 -864"><span class='ocrx_word' id='word_1_981' title='bbox 2767 0 2872 3970; x_wconf 95' lang='lat' dir='ltr'>   </span> 
     </span>
    </p>
   </div>
   <div class='ocr_carea' id='block_1_16' title="bbox 1577 3583 2288 3620">
    <p class='ocr_par' dir='ltr' id='par_1_39' title="bbox 1577 3583 2288 3620">
     <span class='ocr_line' id='line_1_134' title="bbox 1577 3583 2288 3620; baseline -0.006 -8"><span class='ocrx_word' id='word_1_982' title='bbox 1577 3586 1603 3620; x_wconf 83' lang='grc' dir='ltr'>β)</span> <span class='ocrx_word' id='word_1_983' title='bbox 1626 3587 1770 3612; x_wconf 75' lang='lat' dir='ltr'>Christum.</span> <span class='ocrx_word' id='word_1_984' title='bbox 1787 3600 1807 3606; x_wconf 85' lang='lat'>-</span> <span class='ocrx_word' id='word_1_985' title='bbox 1823 3586 1862 3611; x_wconf 79' lang='lat' dir='ltr'>ad</span> <span class='ocrx_word' id='word_1_986' title='bbox 1879 3585 2020 3611; x_wconf 76' lang='lat' dir='ltr'>dexteram</span> <span class='ocrx_word' id='word_1_987' title='bbox 2040 3590 2115 3609; x_wconf 72' lang='lat' dir='ltr'>suam</span> <span class='ocrx_word' id='word_1_988' title='bbox 2134 3584 2231 3609; x_wconf 78' lang='lat' dir='ltr'>addunt</span> <span class='ocrx_word' id='word_1_989' title='bbox 2250 3583 2288 3609; x_wconf 85' lang='lat' dir='ltr'>Pl.</span> 
     </span>
    </p>
   </div>
  </div>
 </body>
</html>
