2872 3970
272 587 284 598 ·
298 585 368 607 Num.
384 590 400 606 ι.

272 1020 284 1031 ⁸
297 1019 356 1041 Ibid-

274 1895 311 1910 XV.

512 286 585 325 358

511 378 656 404 causam,
690 367 746 398 sed
779 368 958 398 subiectum
992 367 1093 407 ponit.
1128 367 1168 396 Et
1201 365 1381 396 manifestat
1414 365 1447 394 in
1481 369 1569 404 patre

510 418 656 452 respectu
685 412 863 442 multorum
893 411 1049 442 filiorum:
1079 411 1114 440 in
1141 419 1208 450 quo
1237 418 1298 440 nec
1327 409 1434 448 plures
1463 407 1570 447 specie

510 456 723 496 paternitates,
748 456 823 495 quia
845 455 1064 495 generationes
1088 459 1161 484 sunt
1184 453 1327 484 eiusdem
1350 452 1486 492 speciei;
1510 460 1570 481 nec

511 499 618 540 plures
649 508 793 535 numero,
818 500 893 539 quia
920 498 1022 529 forma
1050 496 1192 528 eiusdem
1222 496 1352 526 rationis
1375 505 1442 526 non
1465 499 1571 535 potest

511 543 715 583 multiplicari
734 543 767 573 in
791 541 906 573 eodem
929 542 1082 572 subiecto.

567 586 618 617 ΙΙΙ.
643 586 760 624 Quoad
783 587 911 617 tertium
927 587 953 622 θ,
979 585 1043 616 duo
1060 584 1099 615 de
1115 583 1267 614 filiatione
1291 583 1409 614 Christi
1432 581 1570 613 deducit.

510 630 665 666 Primum,
689 639 727 660 ex
750 635 838 670 parte
869 639 997 660 causae.
1029 629 1148 659 scilicet
1171 627 1270 678 quod,
1295 628 1370 667 quia
1393 626 1474 657 duae
1498 631 1572 656 sunt

513 674 630 705 Christi
645 675 832 709 nativitates,
845 679 877 704 et
887 678 961 704 sunt
977 672 1170 703 diversarum
1185 672 1357 707 rationum,
1370 679 1572 710 consequens

513 723 560 748 est
583 718 671 758 quod
694 717 775 748 duae
799 722 872 747 sunt
894 717 928 747 in
951 715 1078 746 Christo
1101 715 1280 746 filiationes.

568 761 762 797 Secundum,
787 771 824 791 ex
847 766 935 800 parte
959 759 1108 790 subiecti:
1140 758 1238 799 quod,
1262 759 1337 799 quia
1360 767 1425 789 una
1447 762 1572 788 tantum

513 811 560 836 est
582 815 728 845 persona,
745 810 776 835 et
798 805 978 834 subiectum
1002 802 1162 834 filiationis
1179 813 1246 833 non
1270 808 1317 833 est
1339 807 1451 832 natura
1465 810 1572 841 neque

511 858 584 889 pars
606 855 736 885 naturae
759 847 815 878 sed
837 856 983 888 persona,
1008 856 1209 886 consequens
1229 852 1274 876 est
1290 845 1379 886 quod
1394 845 1428 876 in
1445 845 1572 876 Christo

512 902 579 923 non
602 893 641 922 sit
667 892 778 922 filiatio
807 891 991 931 temporalis
1020 891 1081 920 nisi
1111 891 1201 920 cuius
1231 899 1330 930 capax
1360 895 1407 919 est
1437 897 1573 929 persona

513 936 627 966 divina.
652 936 692 966 Et
715 936 759 965 sic
782 934 892 965 filiatio
908 934 1090 974 temporalis
1106 935 1139 965 in
1155 934 1283 965 Christo
1306 943 1374 964 non
1398 939 1445 964 est
1462 933 1572 963 relatio

511 980 613 1016 realis,
630 979 685 1010 sed
707 979 837 1009 rationis
860 984 994 1008 tantum.

568 1023 620 1053 IV.
648 1022 766 1060 Quoad
788 1027 939 1063 quartum
959 1023 990 1058 *‚
1014 1021 1241 1062 respondetur,
1265 1022 1388 1062 primo,
1413 1021 1573 1062 quaesito,

513 1066 737 1107 distinguendo
762 1072 792 1096 et
816 1065 1042 1096 concordando
1071 1065 1240 1105 opiniones
1263 1065 1381 1096 ambas.
1406 1065 1497 1103 ,Quia
1520 1070 1574 1096 aut

512 1120 616 1141 sermo
634 1116 680 1141 est
695 1110 734 1140 de
750 1109 956 1140 filiationibus
979 1109 1156 1140 secundum
1172 1108 1327 1149 perfectas
1342 1109 1480 1140 rationes
1495 1108 1574 1139 filia-

511 1155 616 1185 tionis.
642 1155 682 1184 Et
704 1155 749 1184 sic
771 1153 974 1184 affirmandae
997 1159 1071 1184 sunt
1093 1153 1175 1184 duae
1194 1154 1228 1184 in
1244 1152 1371 1184 Christo
1394 1152 1573 1189 filiationes,

511 1200 597 1229 iuxta
613 1198 690 1229 duas
706 1198 891 1228 nativitates.
901 1198 999 1228 —Aut
1014 1197 1192 1228 secundum
1207 1196 1368 1228 filiationis
1383 1197 1572 1228 subiectum.

510 1243 553 1273 Et
575 1243 620 1273 sic
642 1243 675 1272 in
692 1242 818 1273 Christo
841 1251 909 1272 non
925 1247 971 1272 est
993 1241 1054 1272 nisi
1076 1241 1186 1272 filiatio
1210 1247 1352 1272 aeterna:
1378 1242 1453 1281 quia
1468 1241 1574 1271 solum

512 1293 558 1317 est
582 1287 785 1327 suppositum
809 1291 983 1316 aeternum.

567 1330 727 1366 Secundo,
745 1329 883 1360 excludit
902 1330 1137 1360 obiectionem:
1162 1328 1331 1370 quomodo
1347 1329 1467 1360 scilicet
1482 1328 1574 1360 Chri-

511 1380 577 1405 stus
601 1374 716 1404 dicitur
739 1373 823 1404 filius
850 1374 967 1403 matris.
999 1373 1039 1404 Et
1062 1374 1137 1404 dicit
1161 1373 1250 1413 quod
1277 1373 1392 1404 dicitur
1421 1373 1574 1404 relatione

511 1418 672 1449 filiationis
696 1417 896 1448 cointellecta
918 1418 1119 1448 maternitati.

567 1463 687 1497 Tertio,
705 1461 843 1491 excludit
866 1461 959 1491 aliam
983 1462 1216 1492 obiectionem:
1241 1461 1410 1501 quomodo
1430 1461 1574 1492 Christus

512 1506 627 1537 dicitur
649 1506 772 1536 realiter
794 1504 878 1535 filius
902 1506 1018 1536 matris.
1043 1506 1084 1536 Et
1103 1505 1179 1536 dicit
1202 1505 1291 1545 quod
1314 1505 1428 1536 dicitur
1450 1506 1575 1536 realiter

512 1550 596 1581 filius
620 1559 657 1580 ex
680 1549 755 1580 reali
778 1549 976 1580 maternitate
999 1549 1038 1579 ad
1062 1550 1178 1590 ipsum.

566 1595 604 1624 V.
630 1593 812 1624 Occurrunt
827 1593 912 1624 hoc
904 1603 937 1623 ιιι
953 1593 1026 1623 loco
1043 1594 1187 1634 quinque
1204 1603 1241 1624 ex
1258 1593 1391 1630 Scoto‚'
1383 1603 1416 1624 m
1432 1604 1486 1624 vm
1503 1593 1572 1624 dist.

512 1638 553 1669 111
570 1638 667 1673 Sent„
684 1637 866 1668 dubitanda.
890 1637 1004 1677 Arguit
1020 1638 1105 1668 enim
1122 1643 1233 1668 contra
1249 1638 1394 1678 quinque
1413 1638 1464 1668 hic
1481 1637 1572 1668 dicta.

510 1683 655 1713 Primum
679 1687 725 1712 est
745 1682 827 1711 circa
850 1681 944 1717 illud,
969 1681 1058 1721 quod
1080 1682 1249 1712 relationes
1269 1691 1336 1712 non
1355 1681 1575 1722 plurificantur

512 1726 689 1757 secundum
712 1726 876 1756 terminos.
893 1743 912 1748 -
930 1725 1110 1756 Secundum
1126 1726 1143 1742 ⁴⁹
1167 1731 1213 1756 est
1229 1726 1311 1756 circa
1329 1725 1427 1756 illud:
1452 1726 1575 1766 Impos-

511 1771 602 1801 sibile
633 1776 679 1800 est
701 1770 734 1799 in
758 1769 874 1800 eodem
905 1770 1048 1800 subiecto
1080 1779 1147 1800 esse
1177 1769 1255 1800 duas
1285 1769 1402 1800 formas
1433 1770 1575 1801 eiusdem

512 1815 651 1845 rationis.
663 1832 687 1835 —
702 1813 844 1843 Tertium
856 1814 872 1830 θ
889 1819 935 1843 est
951 1813 1033 1844 circa
1048 1813 1144 1843 illud:
1167 1813 1260 1844 Pater
1275 1814 1370 1844 unica
1388 1815 1575 1854 paternitate

512 1858 645 1889 refertur
668 1857 707 1887 ad
731 1857 837 1897 plures
860 1856 953 1887 filios
976 1875 999 1879 —-
1025 1856 1185 1893 Quartum
1204 1858 1221 1874 ⁴*
1245 1863 1291 1887 est
1314 1858 1397 1887 circa
1418 1859 1575 1888 rationem

275 1917 286 1926 ·
306 1915 341 1936 cr.
363 1920 427 1936 num.
447 1919 485 1940 ιι,
512 1902 634 1932 litterae
657 1911 716 1941 pro
739 1901 905 1941 principali
929 1901 1147 1931 conclusione.
1165 1919 1188 1923 -
1213 1900 1368 1937 Quintum
1384 1902 1400 1918 ⁴*
1424 1907 1470 1932 est
1494 1902 1576 1932 circa

274 1948 321 1963 ’‘V'·
512 1947 615 1986 ipsam
638 1945 846 1986 principalem
870 1945 1122 1975 conclusionem.

569 1989 690 2021 Contra
718 1989 858 2029 primum
889 1998 964 2028 ergo
988 1988 1119 2025 dictum,
1143 1989 1272 2025 scilicet,
1297 1989 1486 2020 relationem
1510 1999 1574 2020 non

275 2039 285 2048 ·
300 2037 336 2059 Cf·
351 2043 415 2058 num.
434 2041 486 2058 ¹¹¹¹-
506 2034 694 2075 plurificari
715 2033 889 2064 secundum
909 2033 1071 2068 terminos,
1088 2033 1190 2073 arguit
1214 2032 1329 2063 Scotus
1341 2035 1367 2064 ἦ
1392 2033 1425 2065 Si
1440 2034 1479 2064 ad
1495 2034 1576 2065 duos

514 2079 667 2108 terminos
695 2083 776 2107 esset
802 2076 914 2108 eadem
944 2077 1066 2113 relatio,
1093 2082 1171 2107 tunc
1197 2076 1309 2107 eadem
1339 2077 1450 2108 relatio
1481 2078 1576 2108 simul

514 2128 595 2152 esset
619 2128 650 2152 et
673 2131 740 2151 non
764 2126 854 2151 esset.

568 2166 621 2196 VI.
639 2165 759 2196 Contra
774 2165 902 2195 tertium
919 2164 1039 2195 dictum
1052 2165 1079 2200 *,
1096 2163 1186 2205 quod
1202 2170 1249 2194 est
1264 2165 1485 2205 propinquum
1500 2166 1576 2196 huic

512 2211 629 2250 primo,
653 2210 772 2240 scilicet
795 2208 884 2248 quod
902 2214 1000 2249 pater
1021 2209 1117 2239 unica
1141 2209 1340 2248 paternitate
1368 2209 1512 2250 refertur
1534 2210 1578 2240 ad

276 2257 285 2267 ⁸
300 2255 336 2278 Cs-
355 2261 419 2277 num.
438 2261 486 2276 *Ν-
507 2254 621 2295 plures
633 2254 737 2295 filios,
755 2253 856 2293 arguit
879 2253 993 2283 Scotus
1005 2253 1031 2288 ἡ
1055 2253 1171 2292 primo.
1194 2253 1286 2283 Pater
1307 2253 1367 2283 hac
1389 2254 1575 2293 paternitate

513 2299 618 2338 primo
643 2298 769 2338 respicit
791 2298 878 2328 hunc
901 2297 1003 2327 filium
1026 2297 1086 2326 hac
1109 2296 1272 2327 filiatione.
1304 2297 1390 2337 Ergo
1417 2298 1496 2328 haec
1519 2307 1575 2338 pa-

513 2343 641 2373 ternitas
664 2352 731 2372 non
755 2347 801 2372 est
824 2341 863 2371 ad
886 2341 992 2381 plures
1019 2340 1113 2371 filios.
1135 2358 1159 2363 -—
1181 2340 1384 2371 Antecedens
1410 2342 1574 2382 probatur.

514 2387 599 2424 Quia
629 2387 711 2416 sicut
740 2386 909 2425 paternitas
939 2385 1089 2415 fundatur
1118 2394 1214 2425 super
1243 2385 1402 2425 genuisse,
1425 2386 1469 2416 ita
1497 2386 1575 2417 haec

512 2431 683 2470 paternitas
706 2439 801 2469 super
824 2430 886 2459 hoc
910 2429 1067 2469 genuisse.

568 2474 727 2505 Secundo.
753 2473 948 2504 Correlativa
971 2479 1045 2503 sunt
1067 2473 1162 2503 simul
1178 2479 1308 2504 natura:
1332 2474 1375 2504 ita
1391 2474 1490 2514 quod,
1507 2484 1574 2505 uno

514 2519 689 2554 destructo,
714 2518 885 2548 destruitur
915 2523 946 2548 et
974 2518 1135 2557 reliquum
1151 2518 1177 2547 ἕ.
1211 2518 1310 2557 Ergo,
1335 2517 1494 2549 destructa
1516 2519 1575 2549 hac

513 2563 665 2593 filiatione
689 2563 722 2592 in
745 2563 807 2592 hoc
837 2561 915 2597 filio,
941 2561 1110 2592 destruitur
1141 2571 1274 2601 quoque
1300 2562 1379 2592 haec
1405 2563 1575 2602 paternitas

513 2608 546 2637 in
570 2608 632 2637 hoc
654 2612 752 2646 patre.
778 2606 862 2645 Ergo
887 2606 1056 2645 paternitas
1086 2615 1253 2636 remanens
1277 2605 1316 2636 ad
1339 2606 1438 2637 alium
1461 2606 1574 2643 filium,

514 2657 560 2681 est
583 2651 642 2680 alia
665 2651 853 2690 paternitas:
878 2651 937 2680 nisi
961 2656 1015 2680 aut
1037 2650 1123 2680 idem
1153 2650 1248 2680 simul
1276 2656 1357 2680 esset
1387 2657 1575 2691 corruptum

514 2702 544 2726 et
568 2700 753 2730 remaneret,
778 2693 866 2734 quod
897 2700 943 2724 est
964 2694 1177 2734 impossibile;
1208 2699 1263 2724 aut
1291 2704 1376 2725 nova
1405 2696 1575 2735 paternitas

513 2746 591 2770 tunc
622 2738 800 2769 advenisset
827 2739 894 2768 sine
926 2748 1009 2768 nova
1041 2739 1259 2778 generatione,
1285 2738 1374 2778 quod
1404 2745 1450 2770 est
1480 2740 1574 2770 etiarn

513 2783 720 2823 impossibile.

569 2827 690 2863 Tertio,
715 2827 790 2867 quia
820 2826 949 2867 quando
980 2826 1100 2866 aliquid
1124 2832 1171 2856 est
1193 2827 1302 2867 aliquo
1331 2827 1475 2858 ultimate
1502 2828 1574 2865 tale,

513 2881 581 2902 non
604 2877 710 2911 potest
732 2870 810 2901 illud
833 2881 961 2901 manere
984 2871 1017 2900 in
1040 2871 1111 2911 ipso
1134 2871 1195 2901 nisi
1216 2872 1324 2912 ipsum
1353 2872 1474 2902 habens
1496 2852 1576 2903 illud

514 2917 553 2946 sit
569 2916 639 2955 ipso
655 2915 732 2945 tale:
758 2916 839 2945 sicut
859 2925 925 2946 non
949 2921 1054 2955 potest
1077 2914 1191 2946 albedo
1214 2925 1343 2946 manere
1358 2916 1392 2946 in
1407 2915 1575 2956 superficie

514 2960 574 2990 nisi
596 2960 665 2999 ipsa
694 2959 877 2999 superficies
900 2959 939 2989 sit
962 2959 1041 2989 alba.
1073 2959 1135 2990 Sed
1158 2960 1268 2990 relatio
1293 2965 1339 2990 est
1362 2969 1426 3000 qua
1455 2961 1576 2991 habens

515 3004 601 3034 illam
632 3009 678 3034 est
708 3003 851 3034 ultimate
882 3003 925 3034 ad
954 3003 1054 3034 aliud.
1086 3003 1184 3043 Igitur
1213 3013 1280 3035 non
1310 3009 1417 3044 potest
1446 3013 1576 3035 manere

516 3047 626 3078 eadem
649 3048 681 3077 in
706 3057 744 3078 eo
761 3048 820 3077 nisi
843 3047 922 3078 illud
938 3048 970 3077 in
987 3057 1053 3087 quo
1076 3053 1184 3078 manet
1200 3049 1238 3078 sit
1253 3048 1306 3079 illa
1322 3047 1361 3079 ad
1376 3047 1463 3079 idem
1478 3048 1574 3079 aliud.

516 3091 613 3131 Igitur
635 3101 701 3121 non
724 3097 832 3121 manet
855 3091 966 3122 eadem
990 3092 1169 3131 paternitas,
1186 3091 1346 3123 destructo
1365 3091 1421 3123 illo
1437 3092 1574 3123 termino

516 3135 555 3166 ad
571 3144 668 3175 quem
691 3135 810 3165 habens
834 3135 1052 3175 paternitatem
1077 3135 1191 3166 dicitur
1206 3141 1295 3176 pater
1308 3137 1496 3176 paternitate
1511 3136 1573 3167 illa.

571 3179 703 3216 Quarto.
727 3179 819 3209 Pater
842 3179 949 3219 aliquo
973 3179 1072 3210 modo
1102 3180 1190 3210 aliter
1212 3181 1339 3220 respicit
1362 3181 1449 3211 hunc
1471 3180 1574 3212 filium

517 3228 547 3252 et
570 3222 670 3252 illum.
697 3222 728 3252 Si
753 3221 811 3252 alia
834 3222 996 3258 relatione,
1019 3223 1153 3254 habetur
1174 3225 1388 3264 propositum.
1407 3243 1430 3247 -
1453 3224 1486 3256 Si
1509 3234 1575 3256 non

517 3266 576 3296 alia
591 3266 754 3301 relatione,
771 3265 825 3296 sed
849 3266 911 3296 alio
935 3273 1081 3306 respectu
1104 3267 1247 3298 eiusdem
1271 3268 1441 3305 relationis,
1460 3269 1575 3300 iterum

517 3310 649 3339 habetur
680 3309 898 3349 propositum,
930 3316 1039 3340 contra
1073 3311 1250 3342 secundum
1285 3311 1405 3342 dictum
1429 3313 1455 3343 ⁴⁸.
1491 3312 1575 3351 Quia

518 3352 561 3382 illi
584 3359 745 3393 respectus
769 3358 861 3383 erunt
884 3352 1026 3383 eiusdem
1053 3354 1191 3390 rationis,
1216 3361 1346 3395 propter
1368 3355 1576 3387 fundamenta

519 3395 659 3426 eiusdem
683 3396 823 3427 rationis.
847 3396 887 3427 Et
903 3402 1070 3436 propterea
1089 3403 1249 3437 respectus
1265 3399 1315 3430 isti
1331 3404 1385 3430 aut
1401 3405 1475 3430 sunt
1490 3400 1576 3431 aliud

519 3449 536 3468 a
560 3439 726 3470 relatione.
752 3446 782 3470 et
805 3440 867 3470 hoc
892 3446 938 3470 est
961 3439 1170 3480 superfluum,
1190 3442 1401 3482 multiplicare
1416 3449 1464 3474 tot
1481 3445 1574 3475 entia.

519 3482 584 3512 Aut
607 3489 679 3513 sunt
703 3483 787 3514 idem
810 3483 971 3514 relationi:
997 3489 1027 3514 et
1042 3489 1118 3514 tunc
1143 3486 1285 3524 sequitur
1308 3486 1398 3526 quod
1421 3493 1467 3517 est
1490 3487 1575 3518 idem

520 3525 622 3556 dicere
638 3532 817 3566 respectum
833 3526 1013 3567 plurificari‚
1031 3533 1061 3558 et
1077 3527 1262 3558 relationem
1285 3529 1464 3569 plurificari.
1489 3531 1574 3571 Ergo

518 3566 652 3599 habetur
675 3571 884 3609 propositum.

574 3613 706 3650 Quinto.
725 3613 934 3654 Multiplicato
950 3614 1058 3654 priori,
1075 3613 1301 3654 multiplicatur
1324 3616 1490 3655 posterius,
1513 3617 1574 3648 Sed

276 1731 284 1741 ⁸
292 1729 329 1751 Cf.
338 1735 402 1751 num.
411 1735 450 1756 vn,
461 1735 483 1762 ιι.

277 1818 484 1844 ·Cf.num.v=‚x1v.

275 1864 284 1872 ⁸
299 1862 334 1884 Cf.
354 1866 417 1882 num.
432 1866 484 1887 vni,

275 2165 286 2175 ⁶
294 2163 364 2185 Num.
373 2163 478 2191 praeced.

279 2518 389 2540 ’Ariston
393 2518 485 2546 Care-g„

276 2550 326 2572 cap.
342 2551 363 2573 v,
377 2550 398 2566 n.
415 2544 448 2566 ¹6.

281 3310 293 3320 ⁶
304 3310 372 3331 Num.
388 3311 488 3338 praeced.

1173 285 1435 333 QUAESTIO
1465 284 1627 331 XXXV,
1657 283 1950 322 ARTICULUS
1976 284 2012 322 V

1623 362 1868 394 fundamentum
1897 368 1944 394 est
1965 363 2054 403 prius
2079 363 2250 394 relatione:
2281 368 2360 403 puta
2387 363 2550 403 generatio
2578 368 2683 404 patere

1622 406 1730 437 nitate.
1753 406 1851 446 Ergo,
1866 406 2076 446 multiplicata
2103 407 2307 447 generatione
2329 407 2440 444 activa,
2456 406 2684 447 multiphflws

1623 451 1804 490 paternitas.

1679 493 1746 524 VII.
1764 493 1885 525 Contra
1901 492 2078 525 secundum
2094 493 2216 524 dictum
2227 495 2254 531 *,
2270 493 2392 525 scilicet
2395 494 2541 536 formas
2539 477 2724 539 aas&

1624 537 1740 578 speciei
1769 547 1834 568 non
1859 547 1957 578 posse
1984 538 2081 568 simul
2111 547 2178 568 esse
2204 538 2236 568 in
2265 537 2376 569 eodem
2403 535 2582 574 subiecto,

1625 581 1774 612 Scotus*
1785 582 1932 622 ‚prirno.
1963 581 1999 612 In
2031 582 2122 612 omni
2145 579 2262 612 ordine
2287 578 2444 613 essentiali
2467 587 2543 613 cum
2764 591 2774 613 ‚t

1624 625 1738 665 prioris
1768 626 1973 656 essentialiter
1998 631 2106 665 potest
2126 630 2208 656 stare
2237 625 2406 666 pluralitas
2424 625 2612 666 poemiam
2620 622 2687 658 nb
2759 635 2767 643 ’

1625 668 1779 705 turaliter,
1809 678 1878 700 non
1906 678 1964 709 per
1996 678 2030 699 se
2059 678 2121 700 nec
2148 668 2324 710 adaequate
2356 669 2599 711 inhaerentisp
2577 669 2685 714 primi,

1626 711 1689 743 Sed
1712 713 1892 744 subiectum
1916 718 1963 744 est
1976 713 2064 753 prius
2088 713 2293 744 essentialiter
2307 713 2362 745 illa
2376 712 2594 761 dispositione
2603 722 2637 761 q

1626 756 1758 796 ponitur
1773 756 1832 787 sibi
1847 756 2024 793 inhaerens,
2037 766 2097 787 nec
2113 765 2170 797 per
2181 766 2215 787 se
2228 757 2257 788 ei
2267 757 2411 788 inhaeret
2424 766 2486 794 nec
2501 757 2521 788 a
2601 766 2641 798 u„

1626 799 1722 840 Ergo.
1738 819 1762 822 —
1777 800 1880 831 Maior
1902 801 2056 841 probatur
2077 809 2135 840 per
2157 799 2260 831 simile
2282 801 2316 831 in
2339 809 2435 832 causa
2457 806 2490 832 et
2503 801 2538 832 in
2553 810 2570 832 e
2619 799 2622 807 ²
2648 799 2652 801 ’

1624 844 1701 884 quia
1723 853 1784 874 nec
1806 844 1988 875 subiectum
2011 849 2058 874 est
2081 853 2175 875 causa
2197 845 2366 876 intrinseca
2388 842 2623 887 dispositionis?

1681 887 1843 923 Secundo,
1859 888 1935 928 quia
1950 889 2057 928 plures
2080 889 2202 928 speeies
2216 888 2432 929 phantasticae
2454 887 2615 920 eiusdem

1627 932 1687 962 ciei
1717 937 1790 962 sunt
1821 932 1917 963 simul
1942 933 1977 963 in
2004 931 2120 963 eodem
2148 941 2269 973 organo
2295 932 2480 973 phantasiae
2508 941 2544 966 se
2567 966 2570 970 ,
2613 967 2614 970 ,

1627 975 1762 1006 eandem
1784 981 1908 1016 partem
1931 977 2051 1017 organi.
2075 976 2172 1016 Ergo.
2193 994 2217 999 -
2237 976 2440 1008 Antecedens
2461 977 2616 1021 probatur

1627 1019 1759 1060 quidem
1789 1019 1879 1060 quod
1907 1019 2015 1071 plures
2042 1019 2138 1051 simul
2160 1020 2233 1056 sint,
2256 1018 2344 1061 patet
2367 1029 2406 1051 ex
2429 1029 2468 1052 eo
2492 1020 2586 1061 quia

1628 1063 1731 1095 deleta
1752 1073 1818 1094 una
1841 1063 1958 1103 specie,
1974 1072 2042 1095 non
2064 1069 2174 1104 posset
2197 1065 2269 1105 quis
2291 1064 2455 1105 imaginari
2470 1065 2531 1096 nisi
2545 1063 2593 1097 ,ῦο
2614 1061 2619 1071 ”

1628 1108 1814 1148 acquireret.
1846 1107 1945 1146 Quod
1967 1117 2045 1139 vero
2068 1107 2132 1138 sint
2154 1106 2297 1139 eiusdem
2325 1108 2453 1149 speciei,
2476 1107 2558 1150 prob
2576 1108 2579 1110 ’
2604 1107 2609 1114 ”

1628 1152 1776 1182 obiectis:
1802 1151 1877 1192 quia
1900 1152 2026 1183 obiecta
2048 1158 2123 1184 sunt
2145 1151 2289 1183 eiusdem
2311 1153 2438 1193 speciei.
2461 1151 2563 1191 Quod
2576 1161 2600 1184 a

1627 1196 1690 1226 sint
1711 1196 1746 1226 in
1769 1195 1881 1226 eadem
1902 1202 1992 1236 parte
2014 1197 2136 1247 organi,
2158 1196 2322 1236 probatur,
2345 1197 2421 1237 quia
2444 1200 2610 1237 organum*

1627 1245 1734 1280 potest
1772 1240 1806 1271 in
1833 1245 1882 1270 tot
1911 1245 2015 1280 partes
2046 1240 2195 1272 minimas
2227 1239 2324 1271 dividi
2355 1245 2437 1281 quot
2465 1245 2566 1285 sunt

1627 1284 1846 1324 imaginabiles
1869 1293 1952 1324 quae
1974 1283 2070 1316 simul
2093 1290 2167 1316 sunt
2188 1285 2222 1315 in
2245 1293 2367 1324 organo
2389 1280 2584 1325 phantasiae.¹
2571 1280 2573 1282 ’

1682 1328 1763 1359 V111.
1789 1327 1911 1359 Contra
1925 1333 2118 1379 quartum,
2090 1329 2108 1346 ⁴‘
2133 1327 2254 1359 scilicet
2271 1329 2428 1359 rationem
2443 1327 2542 1365 illam,
2523 1293 2692 1364 ἠῶ

1627 1378 1674 1404 est
1701 1372 1746 1403 ita
1775 1372 1932 1413 suppositi
1958 1377 1994 1404 ut
2014 1372 2147 1404 subiecti
2169 1372 2256 1413 quod
2278 1381 2343 1403 non
2367 1377 2516 1403 naturae.
2537 1365 2695 1415 ‘Er-30³2«

1630 1417 1758 1447 Christo
1787 1426 1851 1447 non
1876 1421 1924 1448 est
1933 1416 2060 1458 filiatio
2084 1417 2270 1457 temporalis
2293 1415 2402 1452 realis,
2425 1417 2545 1457 argm't
2552 1413 2691 1456 Q

1627 1461 1732 1501 primo
1745 1461 1771 1491 *.
1788 1461 1822 1491 Si
1837 1459 1948 1492 filiatio
1965 1466 2012 1492 est
2025 1466 2151 1492 tantum
2166 1470 2332 1501 personae,
2343 1461 2388 1491 ita
2402 1459 2492 1501 quod
2505 1463 2576 1497 mn
2584 1465 2695 1502 potest

1627 1506 1688 1536 nisi
1710 1503 1888 1545 plurificata
1910 1514 2048 1545 persona
2069 1504 2252 1546 plurificari,
2276 1510 2331 1536 aut
2352 1505 2416 1535 hoc
2439 1505 2609 1556 convenit

1627 1549 1708 1580 tioni
1723 1554 1759 1579 ut
1781 1549 1892 1580 relatio
1916 1548 2077 1581 absolute:
2102 1554 2158 1580 aut
2172 1554 2208 1580 ut
2229 1548 2341 1580 relatio
2360 1547 2430 1579 talis
2453 1557 2612 1593 originis,

1627 1594 1785 1634 primum:
1810 1598 1846 1623 ut
1867 1598 1964 1634 patet.
1981 1611 2002 1616 -
2019 1593 2088 1624 Nec
2111 1591 2300 1624 secundum.
2324 1591 2409 1630 Quia
2430 1601 2500 1624 non
2639 1610 2641 1614 .

1627 1642 1750 1678 pugnat
1771 1638 1829 1668 uni
1851 1646 2006 1688 personae
2028 1637 2191 1678 pluralitas
2206 1636 2276 1667 talis
2293 1635 2454 1668 relationis
2470 1635 2573 1677 quam
2585 1584 2695 1689 plin*

1627 1682 1697 1712 litas
1719 1681 1941 1732 originationis
1961 1681 2123 1712 fundantis
2145 1681 2223 1712 tales
2250 1680 2430 1712 relationes.
2453 1679 2535 1712 sed
2546 1678 2733 1757 Q

1628 1726 1740 1757 habuit
1762 1725 1840 1756 duas
1863 1726 2011 1766 origines.
2035 1725 2131 1766 Ergo.
2722 1728 2736 1745 ”2

1683 1769 1844 1820 Secundo,
1869 1770 1944 1810 quia
1970 1769 2062 1800 Pater
2089 1775 2236 1801 aeternus
2261 1769 2358 1800 habet
2383 1768 2462 1800 duas
2486 1748 2589 1814 tealeo
2607 1768 2695 1817 solq-

1628 1814 1732 1844 tiones
1761 1813 1901 1854 originis,
1926 1811 2046 1844 scilicet
2073 1813 2113 1844 ad
2139 1811 2258 1844 Filium
2286 1818 2318 1843 et
2345 1811 2500 1854 Spiritum.
2525 1802 2692 1888 Sancum
2720 1830 2737 1856 χ

1628 1867 1724 1898 super
1750 1867 1818 1888 uno
1848 1856 2069 1894 fundamento,
2093 1857 2214 1888 scilicet
2243 1857 2388 1888 essentia.
2419 1855 2505 1898 Ergo
2522 1864 2547 1888 a
2568 1848 2695 1934 Ἢ
2739 1860 2772 1900 42'

1628 1901 1743 1937 Filius,
1774 1910 1870 1942 super
1900 1900 1966 1932 duo
1996 1900 2218 1937 fundamenta,
2248 1900 2369 1931 scilicet
2398 1899 2485 1932 duas
2505 1896 2654 1952 natura&

1628 1945 1815 1981 nativitates,
1839 1945 1935 1975 habet
1957 1944 2036 1975 duas
2058 1944 2228 1976 filiationes
2249 1944 2360 1975 reales.
2749 1964 2763 1979 ἡ.

1684 1989 1805 2020 Tertio.
1837 1988 1982 2020 Christus
2012 1989 2108 2020 habet
2139 1988 2218 2020 duas
2250 1989 2462 2028 operationes.
2491 1961 2601 2030 Ergo
2602 1987 2693 2026 ἁμα

1629 2033 1807 2064 filiationes.
1830 2051 1853 2055 -
1875 2033 2030 2064 Probatur
2052 2033 2292 2073 consequentia.
2320 2032 2406 2071 Quia
2427 2033 2543 2070 relatio
2553 2032 2694 2077 uliginis
2758 2044 2767 2074 ‘f

1628 2087 1696 2108 non
1711 2078 1812 2117 magis
1827 2086 1926 2117 quam
1941 2078 2085 2117 operatio
2100 2077 2228 2118 respicit
2242 2077 2463 2117 suppositum·
2479 2076 2566 2118 quia
2570 2085 2694 2131 suppo-
2725 2080 2756 2107 “,

1629 2122 1679 2152 siti
1703 2127 1750 2152 est
1773 2122 1907 2161 operari,
1932 2121 1945 2151 1
1968 2121 2149 2162 Metaplyfs.
2166 2121 2184 2138 ⁴
2710 2139 2723 2142 -«

1685 2165 1818 2203 Quarto.
1844 2164 2004 2202 Christus,
2029 2165 2055 2195 si
2082 2165 2244 2205 genuisset
2271 2164 2380 2205 plures
2408 2163 2509 2205 filios,
2524 2158 2695 2197 'mm

1630 2210 1708 2240 duas
1727 2209 1930 2250 paternitates
1945 2208 1985 2239 ad
1999 2209 2081 2239 illos.
2105 2209 2191 2249 Ergo
2206 2217 2294 2239 nunc
2309 2209 2406 2239 habet
2419 2207 2500 2240 duas
2511 2203 2693 2248 fim

1629 2259 1760 2294 propter
1783 2253 1861 2284 duas
1883 2253 2072 2284 nativitates.
2502 2268 2507 2273 ‚

1685 2298 1824 2336 Quinto,
1853 2298 1879 2328 si
1908 2297 2020 2328 filiatio
2050 2297 2276 2328 tantummodo
2309 2296 2477 2331 diceretur
2494 2296 2536 2331 de
2564 2296 2695 2347 m

1629 2338 1809 2373 secundum
1823 2342 1980 2372 rationem
1994 2341 2226 2382 personalitatis
2236 2346 2392 2378 aeternae,
2403 2341 2603 2383 sequeretur*

1628 2387 1707 2417 haec
1731 2391 1812 2417 esset
1834 2385 1926 2417 falsa:
1954 2385 2110 2422 Christus,
2135 2385 2325 2427 inquantum
2346 2384 2454 2422 homo,
2477 2390 2526 2422 est
2536 2383 2624 2462 ἑὸ(

1628 2431 1784 2462 Probatur
1813 2429 1952 2470 sequela.
1983 2429 2069 2468 Quia
2100 2429 2190 2470 quod
2215 2429 2357 2470 praecise
2385 2428 2515 2460 Christo
2605 2419 2695 2463 a&

1629 2474 1808 2506 secundum
1830 2475 1987 2505 rationem
2009 2473 2240 2514 personalitatis
2263 2478 2419 2510 aeternae,
2434 2482 2504 2505 non
2514 2464 2696 2509 Q*

1630 2529 1669 2550 eo
1692 2520 1886 2559 inquantum
1907 2518 2024 2548 homo:
2049 2523 2218 2558 propterea
2241 2518 2327 2548 enim
2349 2517 2408 2548 ista
2431 2523 2479 2548 est
2494 2517 2580 2556 fal-n,
2594 2515 2694 2551 m

1627 2569 1705 2599 stus,
1730 2563 1921 2604 inquantum
1943 2562 2050 2598 homo,
2074 2567 2123 2593 est
2137 2570 2292 2602 persona.
2612 2588 2618 2601 ¹.

1685 2608 1737 2638 IX.
1762 2607 1884 2638 Contra
1899 2605 2383 2646 quintum’‚scilicet,Fi1iatio
2399 2604 2587 2648 temporalis
2609 2643 2614 2648 ἡ

1628 2653 1670 2684 sti
1692 2662 1756 2682 non
1778 2656 1825 2682 est
1845 2650 1960 2682 relatio
1971 2650 2089 2686 realis,
2106 2651 2208 2690 arguit
2227 2649 2342 2681 scotus
2361 2650 2529 2690 probando
2596 2650 2603 2658 '

1629 2696 1827 2737 particulam,
1840 2694 1880 2726 de
1896 2704 1961 2735 qua
1980 2694 2048 2725 sola
2069 2699 2115 2724 est
2135 2694 2297 2735 quaestio.
2318 2695 2448 2731 scilicet,
2465 2693 2556 2736 quod
2566 2692 2611 2726 'sit

1628 2742 1666 2771 lis
1681 2742 1707 2771 *.
1724 2740 1843 2770 Primo.
1863 2739 1919 2769 Illa
1934 2738 2044 2769 relatio
2064 2743 2111 2768 est
2125 2738 2216 2769 realis
2232 2747 2314 2779 quae
2331 2739 2540 2779 consequitur
2560 2753 2577 2764 a
2600 2754 2607 2764 ·

1629 2795 1667 2816 ex
1694 2789 1805 2820 natura
1834 2788 2049 2814 extremorum
2072 2783 2140 2813 sine
2163 2788 2236 2813 actu
2263 2782 2453 2814 intellectus.
2486 2779 2571 2825 Βοῦ

1628 2834 1728 2860 matre
1749 2831 1921 2869 generante
1941 2832 1972 2857 et
1991 2827 2160 2867 supposito
2181 2827 2318 2858 habente
2332 2832 2479 2858 naturam
2487 2834 2573 2870 pet

1629 2874 1761 2909 tionem,
1774 2882 1813 2903 ex
1827 2876 1938 2902 natura
1961 2876 2187 2908 extremorum,
2203 2871 2271 2902 sine
2287 2876 2360 2902 actu
2381 2867 2577 2908 intellectus,
2598 2868 2602 2872 ’
2627 2904 2630 2905 ⁷

1629 2922 1680 2948 tur
1702 2917 1754 2947 hic
1777 2915 1899 2952 filiatio,
1923 2915 2004 2945 sicut
2026 2915 2071 2945 ibi
2093 2915 2284 2946 maternitas.
2308 2915 2405 2956 Ergo.
2591 2912 2650 2961 ’3³³’

1684 2959 1783 2999 Quod
1806 2960 1831 2990 si
1855 2959 1926 3000 quis
1949 2957 2047 2999 fingat
2068 2958 2268 2990 intellectum
2290 2959 2414 3000 operari
2436 2957 2478 2990 ad
2495 2967 2532 2990 ca
2563 2974 2580 2981 ·*
2598 2974 2625 2986 =

1629 3004 1827 3039 relationem,
1839 3003 1902 3034 hoc
1918 3003 2125 3046 improbatur.
2143 3003 2248 3041 Quia
2243 3004 2269 3034 si
2285 3003 2383 3034 Maria
2397 2998 2560 3044 genuisset

1628 3049 1805 3084 hominem,
1822 3042 1932 3078 fuisset
1947 3047 1999 3077 ille
2014 3057 2089 3078 vere
2111 3046 2195 3078 filius
2218 3047 2372 3078 relatione
2393 3047 2479 3078 reali.
2501 3044 2616 3105 Ergo*

1630 3093 1774 3124 Christus
1789 3101 1857 3123 non
1873 3092 1980 3122 minus
1995 3092 2153 3132 acceperit
2169 3096 2315 3122 naturam
2330 3101 2349 3122 a
2362 3096 2463 3123 matre
2476 3086 2586 3133 quan

1628 3137 1729 3168 homo
1760 3136 1942 3176 accepisset,
1966 3144 2068 3176 aeque
2097 3135 2189 3166 realis
2217 3135 2275 3166 erit
2296 3135 2331 3167 in
2353 3144 2393 3166 eo
2415 3134 2526 3167 relatio
2553 3119 2674 3179 d'f‘ff

1629 3190 1712 3222 puro
1736 3180 1869 3211 homine
1892 3179 2012 3210 fuisset.
2573 3169 2622 3222 Δΐ

1684 3225 1723 3256 X.
1744 3224 1796 3256 Ad
1818 3225 1896 3255 haec
1920 3223 2026 3260 dubia,
2049 3229 2137 3255 mota
2159 3221 2338 3255 secundum
2361 3221 2508 3255 ordinem
2530 3220 2566 3254 ffl

1629 3269 1662 3300 in
1677 3268 1789 3305 littera,
1805 3267 2066 3319 respondendum
2089 3273 2135 3298 est
2157 3276 2225 3298 non
2248 3267 2365 3299 eodem
2387 3266 2509 3304 ordine,
2522 3265 2581 3298 sed
2603 3282 2618 3302 ,-.

1630 3312 1791 3344 doctrinae
1815 3311 1895 3343 ordo
1919 3312 2030 3352 exigit.
2054 3317 2090 3342 ut
2105 3311 2192 3354 prius
2211 3310 2332 3343 scilieet
2354 3309 2585 3343 communiora·
2590 3310 2619 3356 ,’

1629 3357 1736 3388 minus
1768 3356 1954 3393 communia
1983 3361 2174 3392 tractentur,
2203 3360 2241 3386 ut
2269 3363 2308 3386 ex
2336 3355 2422 3386 notis
2452 3353 2582 3396 genet-lb

1629 3401 1751 3442 species
1775 3399 2015 3441 cognoscendas
2037 3405 2222 3431 transeatur.
2246 3398 2287 3431 Et
2302 3404 2474 3442 propterea
2494 3395 2571 3430 ad
2559 3407 2583 3422 ’
2606 3439 2610 3442 γ

1628 3444 1803 3476 secundum
1821 3445 1848 3481 “,
1874 3443 1963 3485 quod
1989 3444 2070 3474 inter
2097 3443 2150 3474 illa
2173 3442 2473 3475 communissimum
2495 3447 2558 3479 est,
2587 3438 2597 3446 ‘
2615 3439 2619 3445 ’
2641 3459 2669 3467 --

1629 3489 1661 3519 in
1685 3488 1851 3519 communi
1875 3487 2038 3528 disputans
2061 3486 2101 3518 de
2124 3486 2235 3518 formis
2257 3486 2353 3518 unius
2375 3486 2493 3528 speciei
2514 3485 2549 3517 ιιι
2572 3479 2689 3519 enm

1629 3532 1791 3568 subiecto,
1815 3530 1988 3563 dicendum
2015 3535 2062 3562 est
2088 3530 2212 3571 primo.
2241 3529 2460 3580 praenotando
2489 3529 2579 3571 quod
2606 3523 2687 3574 ru'ffi

1629 3584 1727 3615 quare
1750 3574 1868 3606 formas
1890 3575 1987 3605 unius
2048 3574 2128 3605 eclei
2149 3573 2376 3614 multiplicari
2366 3581 2400 3604 m
2417 3572 2531 3605 eodem
2553 3566 2688 3606 didm

1630 3618 1835 3658 impossibile,
1853 3624 1898 3648 est
1914 3617 1966 3648 illa
1982 3582 2123 3648 rasdicalis
2138 3616 2315 3657 propositio
2332 3616 2556 3658 Peripatetica:
2576 3612 2687 3648 Orioni*
