2872 3970
51 325 54 331 ‚
85 337 96 348 ⁸
110 335 164 364 Qu..
172 340 242 356 uxx.

45 368 61 377 .

92 2178 170 2201 ‘Lib.
186 2177 237 2205 ΧΠ,
252 2183 304 2231 cn&

43 2205 45 2207 “
93 2211 147 2228 vu.-
137 2205 188 2228 -.ef
195 2205 234 2227 lib
231 2194 272 2226 Xl

41 2246 49 2258 ¹.
93 2237 144 2260 cap.
160 2237 195 2258 111,
210 2237 259 2253 vui.

45 2524 63 2542 ἢ
96 2543 109 2555 ⁸
120 2542 187 2565 Ven-
202 2548 224 2570 9.

54 2696 66 2737 Ἰ
83 2699 86 2703 ’
98 2701 110 2712 ⁸
122 2699 188 2723 vm.
203 2706 237 2728 27.

3 3152 20 3194 J.
71 3201 76 3207 ..
106 3169 269 3199 'Fulgentius

0 3221 1 3226 ¹
18 3251 19 3254 ,
60 3225 69 3237 ”
84 3227 117 3259 „²
129 3227 186 3256 cap.
200 3234 247 3250 xiv.

63 3063 256 3114 {cast-1333.
266 3070 311 3112 ⁵511-

1039 247 1301 293 QUAESTIO
1330 247 1382 293 v,

324 326 394 363 bro
427 327 735 375 Octogintatrium
764 326 909 367 Quaest.
929 324 959 370 ²¹²,
989 326 1026 360 in
1055 330 1128 361 tota
1157 325 1219 361 illa
1247 326 1384 360 unitate

322 380 558 427 susceptionis
570 378 781 427 principale
806 378 965 414 Verbum
985 382 1045 421 est,
1066 382 1233 413 extrema
1261 382 1382 413 autem

323 437 432 480 atque
450 431 578 467 ultima
596 441 698 466 caro.
735 429 867 466 Volens
885 430 1006 476 itaque
1023 429 1262 476 Evangelista
1287 441 1383 465 com-

320 483 502 519 mendare
531 493 606 531 pro
643 482 747 517 nobis
783 479 1011 516 dilectionem
1048 479 1258 514 humilitatis
1293 481 1382 523 Dei,

331 536 492 571 Verbum
519 539 554 570 et
580 544 733 570 carnem
762 532 982 576 nominavit,
1011 532 1178 566 omittens
1205 541 1384 575 animam,

325 599 420 636 quae
437 592 488 623 est
514 587 633 623 Verbo
653 585 820 632 inferior,
840 595 956 619 carne
968 584 1229 631 praestantior.
1259 604 1284 608 -
1310 583 1385 619 Ra-

324 638 504 675 tionabile
533 637 648 674 etiam
675 636 744 673 fuit
771 644 813 672 ut
840 635 1057 672 nominaret
1075 646 1242 682 carnem,
1273 646 1384 682 quae,

324 698 481 739 propter
508 691 584 726 hoc
611 689 719 738 quod
752 687 873 735 magis
901 687 1012 724 distat
1039 699 1061 723 a
1080 687 1227 734 Verbo,
1257 686 1386 722 minus

324 741 597 791 assumptibilis
623 741 838 778 videbatur.

377 796 436 832 An
463 806 653 832 SECUNDUM
680 805 862 831 mcnunum
891 792 999 841 quod
1017 792 1191 829 Verbum
1219 798 1275 827 est
1301 792 1387 827 fons

322 846 424 884 vitae
453 846 549 884 sieut
575 846 701 896 prima
728 858 844 883 causa
871 845 971 882 vitae
996 844 1181 882 effectiva.
1212 844 1289 881 Sed
1308 843 1387 880 ani-

324 911 390 936 ma
418 907 473 936 est
499 898 733 948 principium
751 898 851 935 vitae
880 897 1032 946 corpori
1051 905 1236 946 tanquam
1264 897 1388 933 forma

1412 246 1702 284 ARTICULUS
1730 247 1779 283 IV
2444 259 2488 295 91

1437 324 1567 374 ipsius
1597 325 1740 361 Forma
1768 331 1898 360 autem
1927 331 1982 360 est
2010 325 2166 361 effectus
2195 324 2348 372 agentis.
2383 325 2495 362 Unde

1438 389 1484 414 ex
1512 377 1724 426 praesentia
1743 376 1859 413 Verbi
1886 376 2006 423 magis
2035 377 2211 414 concludi
2235 385 2363 426 posset
2390 377 2497 426 quod

1438 441 1579 476 corpus
1599 437 1696 466 esset
1714 429 1945 466 animatum:
1976 428 2072 465 sicut
2098 442 2143 465 ex
2162 430 2375 478 praesentia
2402 429 2497 478 ignis

1438 479 1617 515 concludi
1644 486 1769 526 potest
1795 482 1903 525 quod
1931 491 2072 524 corpus
2100 481 2162 514 cui
2190 482 2284 523 ignis
2304 483 2495 519 adhaeret,

1440 530 1485 566 sit
1513 529 1691 566 calidum.

1493 583 1550 618 AD
1577 594 1735 619 TERTmM
1763 593 1945 618 DICENDUM
1979 581 2086 629 quod
2119 592 2200 617 non
2229 588 2283 616 est
2317 580 2498 617 inconve-

1440 634 1560 679 niens,
1581 633 1702 670 immo
1723 633 1982 670 necessarium
2008 632 2132 669 dicere
2161 633 2267 681 quod
2287 632 2326 669 in
2347 633 2498 669 Christo

1440 686 1509 723 fuit
1536 694 1672 723 natura
1706 699 1805 735 quae
1840 685 2081 723 constituitur
2112 698 2182 734 per
2214 685 2384 722 animam
2417 698 2498 722 cor-

1441 738 1526 787 pori
1554 738 1834 775 advenientem.
1874 740 2137 775 Damascenus
2166 746 2292 775 autem
2323 746 2434 785 negat
2460 738 2499 774 in

1441 791 1612 828 Domino
1641 793 1725 828 Iesu
1755 791 1905 828 Christo
1934 803 2015 827 esse
2044 803 2297 827 communem
2331 790 2500 840 speciem

1441 843 1551 892 quasi
1579 843 1722 892 aliquid
1755 843 1909 880 tertium
1943 845 2127 881 resultans
2155 856 2202 880 ex
2229 843 2373 880 unione
2407 843 2500 880 divi-

1441 896 1566 933 nitatis
1594 904 1630 933 et
1658 896 1915 933 humanitatis.

999 997 1333 1030 Commenta-ria
1355 995 1607 1028 Garamans
1630 995 1830 1028 Caietam

385 1093 491 1113 xwms
516 1083 617 1113 clarus
645 1087 700 1117 est,
723 1080 947 1121 intelligendus
969 1086 1006 1111 ut
1030 1086 1138 1116 sonat;
1163 1085 1194 1110 et
1224 1079 1385 1120 quaesitus

327 1094 516 1166 Tpropter
545 1127 659 1156 Arium
687 1132 718 1156 et
740 1125 976 1165 Apollinarem,
1007 1130 1043 1155 ut
1066 1125 1100 1154 in
1122 1124 1225 1154 littera
1254 1123 1384 1158 dicitur,

324 1175 476 1210 negantes
498 1171 532 1200 in
556 1170 683 1201 Christo
707 1170 846 1200 animam
868 1169 1040 1209 propriam.

380 1214 416 1244 In
439 1223 574 1253 corpore
597 1213 720 1243 articuli
749 1213 815 1243 duo
839 1212 936 1243 fiunt:
971 1213 1094 1252 primo,
1124 1212 1273 1242 recitatur
1301 1221 1387 1241 error

324 1258 393 1288 Arii
415 1262 447 1288 et
468 1257 677 1297 Apollinaris;
701 1256 855 1292 secundo,
871 1257 1058 1296 reprobatur
1072 1255 1244 1295 tripliciter.
1269 1254 1388 1293 Quoad

324 1302 475 1341 primum,
491 1301 623 1341 ponitur
638 1301 757 1340 positio
781 1301 840 1330 ista
862 1301 896 1330 in
920 1309 964 1335 se,
989 1305 1020 1330 et
1042 1309 1100 1330 sua
1122 1299 1261 1339 sequela.
1296 1299 1331 1329 In
1355 1308 1388 1329 se

326 1344 466 1384 quidem,
492 1345 567 1385 quia
588 1349 722 1384 negatur
744 1345 850 1374 anima
872 1345 906 1374 in
922 1344 1061 1379 Christo,
1086 1342 1141 1373 sed
1163 1343 1295 1382 ponitur
1309 1343 1388 1373 Vet-

325 1390 404 1419 bum
425 1389 500 1419 loco
524 1389 658 1418 animae.
682 1406 705 1410 -
728 1388 764 1418 In
787 1398 843 1418 sua
865 1397 942 1418 vero
966 1387 1110 1427 sequela,
1136 1388 1211 1427 quia
1233 1392 1389 1426 negantur

326 1432 407 1463 duae
430 1438 561 1463 naturae
583 1433 616 1462 in
639 1432 778 1462 Christo.
803 1432 968 1470 Quoniam
990 1441 1057 1462 non
1074 1436 1121 1462 est
1136 1432 1180 1461 ibi
1203 1436 1315 1461 natura
1329 1431 1389 1460 hu-

325 1485 429 1506 mana.
452 1477 512 1507 Vel
536 1477 691 1516 quoniam
714 1485 751 1506 ex
771 1477 876 1506 anima
900 1481 931 1506 et
946 1485 1082 1515 corpore
1105 1485 1170 1505 una
1184 1481 1295 1505 natura
1311 1484 1389 1504 con-

1440 1079 1594 1109 stituitur:
1620 1089 1655 1109 ac
1679 1089 1736 1119 per
1759 1080 1831 1115 hoc,
1857 1089 1893 1110 ex
1910 1089 1949 1110 eo
1975 1080 2063 1120 quod
2087 1086 2132 1110 est
2155 1081 2229 1111 loco
2246 1082 2370 1110 animae
2386 1086 2417 1111 et
2433 1090 2502 1110 cor-

1440 1132 1519 1162 pore
1542 1133 1607 1153 una
1630 1129 1711 1153 esset
1734 1129 1858 1153 tantum
1881 1130 2002 1154 natura.
2026 1125 2131 1154 Prima
2155 1125 2311 1164 expositio
2330 1130 2437 1155 tamen
2453 1125 2503 1154 lit-

1439 1172 1525 1197 terae
1550 1173 1715 1202 consonat,
1741 1167 1779 1197 de
1802 1173 1914 1197 natura
1937 1168 2078 1198 humana
2100 1169 2255 1208 loquenti.

1497 1210 1615 1248 Quoad
1638 1211 1831 1247 secundum,
1857 1210 2029 1241 afferuntur
2051 1218 2112 1242 tres
2136 1213 2282 1242 rationes
2318 1213 2437 1248 Prima,
2466 1222 2503 1242 ex

1442 1255 1628 1284 auctoritate
1653 1254 1842 1294 Scripturae.
1876 1255 2032 1291 Secunda,
2057 1265 2094 1285 ex
2117 1256 2240 1286 ratione
2264 1255 2441 1286 deducente
2465 1256 2504 1286 ad

1442 1299 1690 1333 inconveniens,
1715 1308 1753 1328 ex
1784 1299 1975 1338 Augustino.
2008 1300 2132 1335 Tertia,
2153 1309 2191 1330 ex
2218 1300 2339 1329 ratione
2372 1301 2504 1330 convin-

1443 1347 1535 1372 cente
1559 1342 1649 1381 quod
1671 1343 1795 1381 ignorat
1825 1343 1987 1383 propriam
2015 1353 2132 1374 vocem
2154 1344 2272 1383 positio
2296 1344 2379 1383 ipsa:
2412 1345 2503 1384 quia,

1442 1386 1596 1426 ponendo
1621 1396 1764 1422 carnem,
1789 1392 1883 1426 negat
1907 1396 2050 1423 carnem3
2082 1393 2113 1417 et
2135 1397 2193 1427 per
2214 1388 2288 1423 hoc,
2312 1388 2434 1418 veritati
2457 1389 2504 1418 in-

1444 1431 1633 1460 carnationis
1661 1431 1876 1460 contrariatur.
1907 1430 1988 1460 Vide
2012 1431 2051 1461 de
2074 1432 2122 1461 his
2145 1433 2178 1462 in
2205 1432 2247 1461 IV
2273 1432 2396 1462 Contra
2422 1432 2505 1462 Gen-

1444 1479 1500 1510 tes,
1525 1483 1594 1513 cap.
1618 1484 1711 1504 xxxn.

1106 1613 1425 1656 ART1cutus
1456 1597 1728 1662 QUARTUS

586 1708 743 1739 UTRUM
766 1707 903 1738 FILIUS
926 1708 998 1738 DEI
1021 1707 1314 1738 ASSUMPSERIT
1338 1706 1528 1736 MENTEM
1551 1706 1788 1742 HUMANAM,
1813 1706 1907 1736 SIVE
1931 1706 2246 1738 INTELLECTUM

469 1787 500 1811 111
521 1787 604 1816 Seni„
624 1787 681 1812 dist.
700 1794 727 1817 n,
747 1794 791 1818 qu.
810 1794 828 1816 1,
848 1791 894 1812 art.
916 1786 939 1817 3,
958 1786 1008 1818 qu*
1028 1793 1042 1810 2
1049 1793 1056 1816 ;
1076 1786 1110 1810 1v
1133 1786 1208 1811 Cont.
1230 1787 1323 1814 Geni„
1343 1792 1398 1816 cap.

1417 1791 1506 1814 xxx1n;
1527 1784 1568 1808 De
1591 1784 1680 1814 Verit„
1701 1791 1745 1815 qu.
1764 1791 1804 1813 xx,
1823 1789 1869 1809 art.
1890 1790 1919 1814 1;
1942 1785 2084 1816 Compend.
2107 1785 2208 1814 Theoi,
2229 1794 2285 1819 cap.
2305 1794 2368 1817 ccv3

1224 1820 1254 1844 In
1275 1820 1364 1848 toan„
1385 1827 1439 1851 cap.
1459 1826 1475 1849 1,
1496 1819 1554 1843 lect.
1572 1826 1616 1844 vn.

356 1925 422 1991 ξς*
444 1928 520 2005 iffi

468 1971 512 2013 μη
510 2005 512 2009 .
539 1960 656 1998 Filius
684 1960 757 1997 Dei
785 1971 866 1996 non
893 1959 1101 2009 assumpsit
1119 1967 1291 1996 mentem
1319 1960 1390 1995 hu—

462 2000 708 2060 “sm-anam,
730 2012 810 2050 sive
838 2013 1083 2050 intellectum.
1113 2012 1189 2050 Ubi
1212 2011 1317 2048 enim
1337 2019 1392 2048 est

367 2050 371 2062 ι
394 2055 396 2059 ,

385 2087 399 2102 0
420 2046 476 2095 :ss
499 2060 754 2115 &praesentia
777 2065 841 2113 rei,
862 2077 943 2102 non
966 2064 1171 2114 requiritur
1197 2064 1279 2101 eius
1298 2064 1391 2100 ima-

329 2119 390 2167 go.
421 2119 499 2156 Sed
526 2120 648 2156 homo
677 2118 893 2155 secundum
913 2126 1085 2155 mentem
1113 2125 1168 2154 est
1193 2117 1243 2154 ad
1262 2116 1392 2163 imagi-

331 2183 422 2208 nem
441 2170 531 2208 Dei:
552 2179 594 2208 ut
613 2171 702 2208 dicit
719 2170 966 2218 Augustinus,
983 2170 1022 2207 in
1041 2169 1137 2207 libro
1162 2170 1207 2206 de
1229 2172 1265 2207 T
1262 2171 1358 2206 rinit.
1374 2169 1394 2191 ’¹‘

333 2225 436 2262 Cum
464 2236 553 2271 ergo
582 2224 622 2261 in
651 2223 802 2260 Christo
821 2223 932 2261 fuerit
959 2222 1173 2272 praesentia
1192 2221 1311 2271 ipsius
1340 2222 1394 2259 di-

331 2276 412 2314 vini
439 2276 576 2320 Verbi,
606 2288 686 2313 non
715 2276 883 2325 oportuit
917 2276 969 2313 ibi
1005 2288 1087 2312 esse
1123 2282 1295 2312 mentem
1323 2276 1394 2311 hu-

332 2341 501 2367 menam.

387 2393 421 2418 2.
451 2382 692 2427 Pium-nam,
727 2381 852 2418 maior
887 2383 953 2418 lux
991 2381 1153 2418 offuscat
1189 2380 1392 2417 minorem.

334 2435 412 2473 Sed
425 2435 600 2472 Verbum
619 2434 702 2481 Dei,
719 2435 826 2483 quod
846 2442 901 2471 est
928 2435 996 2471 lux
1014 2434 1228 2470 illuminans
1246 2445 1395 2470 omnem

334 2489 521 2525 hominem
548 2490 752 2525 venientem
782 2489 818 2524 in
845 2489 944 2524 hunc
970 2486 1163 2531 mundum,
1190 2493 1232 2522 ut
1259 2485 1397 2523 dicitur

334 2541 438 2577 Ioan.
459 2552 469 2576 1
486 2539 517 2587 *‚
540 2541 794 2589 *comparatur
811 2540 861 2577 ad
881 2547 1053 2576 mentem
1073 2538 1169 2575 sicut
1188 2540 1253 2575 lux
1272 2538 1397 2575 maior

336 2592 386 2630 ad
413 2591 625 2629 minorem:
665 2592 756 2642 quia
783 2601 819 2629 et
847 2592 929 2642 ipsa
958 2604 1069 2629 mens
1106 2591 1299 2640 quaedam
1331 2593 1397 2628 lux

336 2652 402 2692 est,
431 2644 541 2694 quasi
567 2646 723 2683 lucerna
750 2645 961 2682 illuminata
989 2658 1011 2682 a
1038 2644 1164 2694 prima
1186 2645 1280 2690 luce,
1305 2645 1396 2681 Pro-

335 2699 436 2736 verb.
460 2710 484 2734 x
501 2697 539 2734 *ε
578 2699 751 2735 Lucerna
777 2699 934 2735 Domini
966 2698 1194 2747 spiraculum
1226 2698 1395 2734 hominis.

337 2752 439 2798 Ergo
467 2750 507 2787 in
536 2749 699 2798 Christo,
729 2750 796 2800 qui
824 2759 880 2787 est
905 2751 1079 2788 Verbum
1107 2749 1190 2796 Dei,
1220 2761 1301 2786 non
1329 2749 1399 2787 fuit

336 2802 596 2840 necessarium
624 2815 705 2840 esse
733 2811 904 2840 mentem
932 2804 1158 2840 humanam.

393 2856 426 2892 3.
457 2856 696 2902 PRAETEREA,
725 2855 937 2905 assumptio
965 2857 1160 2893 humanae
1189 2863 1347 2892 naturae
1375 2867 1398 2892 a

337 2908 410 2946 Dei
428 2908 558 2945 Verbo
578 2907 715 2945 dicitur
733 2907 815 2945 eius
834 2910 1052 2946 incarnatio.
1080 2909 1157 2945 Sed
1175 2907 1397 2954 intellectus,

338 2961 418 2999 sive
447 2972 557 2997 mens
594 2962 785 3007 humana.
815 2973 941 3009 neque
979 2969 1035 2998 est
1062 2973 1150 2998 caro
1188 2973 1315 3010 neque
1344 2967 1399 2997 est

339 3022 444 3052 actus
472 3013 615 3051 carnis:
645 3013 736 3062 quia
765 3013 905 3050 nullius
933 3013 1104 3062 corporis
1132 3021 1238 3050 actus
1266 3021 1331 3059 est,
1357 3020 1399 3050 ut

338 3067 524 3116 probatur
551 3065 590 3102 in
618 3067 663 3103 III
691 3066 736 3102 de
759 3067 899 3102 Anima
917 3065 948 3102 ²¹⁶.
983 3067 1084 3113 Ergo
1112 3065 1264 3102 videtur
1291 3066 1399 3114 quod

339 3119 458 3157 Filius
485 3118 558 3156 Dei
586 3120 800 3155 humanam
828 3125 999 3154 mentem
1027 3130 1108 3154 non
1139 3117 1398 3167 assumpserit.

394 3172 468 3209 SED
497 3183 640 3208 CONTRA
668 3183 733 3208 EST
752 3170 860 3220 quod
878 3169 1113 3217 Augustinus
1127 3170 1147 3192 ’¹‘
1173 3170 1271 3217 dicit,
1292 3170 1331 3207 in
1359 3170 1399 3206 li-

340 3224 411 3262 bro
431 3224 476 3261 de
493 3225 585 3262 Fide
603 3224 654 3261 ad
669 3226 820 3260 Petrum
839 3222 876 3259 *:
905 3224 1133 3260 Firmissime
1158 3228 1250 3268 tene,
1271 3229 1303 3259 et
1323 3223 1399 3259 nul-

341 3278 482 3315 latenus
509 3277 657 3338 dubites,
690 3278 886 3321 Christum,
905 3275 1041 3312 Filium
1068 3276 1151 3320 Dei,
1170 3276 1362 3311 habentem
1383 3280 1400 3296 α

342 3331 459 3367 nostri
473 3331 622 3380 generis
649 3341 802 3366 carnem
822 3334 855 3364 et
877 3329 1042 3364 animam
1063 3327 1293 3364 rationalem.
1329 3328 1402 3369 Qui

342 3383 387 3420 de
413 3394 529 3419 carne
545 3394 613 3419 sua
641 3382 747 3419 dicit:
777 3397 795 3415 «
817 3381 970 3430 Palpate
997 3386 1029 3416 et
1056 3379 1192 3417 videte:
1220 3381 1305 3428 quia
1332 3380 1400 3428 spi-

397 3494 425 3564 *ἐξ

442 3495 588 3521 habentem.
600 3508 619 3514 -
637 3495 733 3520 habere
751 3501 841 3519 veram
863 3494 889 3524 Ρ,
908 3494 1044 3519 habentem
1064 3499 1154 3518 veram
1174 3497 1258 3518 cetera
1276 3492 1356 3518 tertia.

443 3538 552 3564 quoque.
564 3545 584 3550 —
600 3530 707 3556 animae
725 3530 794 3554 addit
812 3529 893 3554 tertia.

537 1920 560 1945 D
580 1919 752 1950 QUARTUM
771 1919 823 1944 s1c
843 1919 1078 1944 PROCEDITUR.
1102 1906 1264 1943 Videtur
1282 1906 1390 1955 quod
1444 1906 1534 1942 ritus
1562 1918 1715 1942 carnem
1744 1912 1777 1942 et
1805 1918 1887 1943 ossa
1916 1920 1990 1944 non
2019 1908 2146 1953 habet,
2175 1909 2267 1944 sicut
2299 1921 2359 1945 me
2385 1910 2510 1946 videtis

1445 1959 1583 1995 habere
1604 1974 1637 2004 »,
1667 1960 1762 1995 Luc.
1792 1961 1858 1995 ult.
1879 1959 1899 1980 ⁹¹*
1925 1961 2104 1997 Animam
2134 1973 2277 2010 quoque
2298 1974 2338 1998 se
2358 1963 2511 1999 ostendit
2538 1972 2548 1982 ·

1445 2012 1593 2057 habere,
1615 2012 1758 2048 dicens:
1789 2027 1807 2045 <‹
1829 2014 1914 2061 Ego
1932 2025 2036 2062 pono
2056 2015 2224 2050 animam
2243 2026 2378 2060 meam,
2399 2021 2431 2051 et
2451 2018 2509 2052 ite-

1446 2076 1531 2100 rum
1558 2076 1664 2101 sumo
1694 2076 1777 2101 eam
1799 2079 1833 2110 »,
1854 2066 1957 2101 Ioan.
1979 2078 2002 2102 x
2020 2065 2050 2102 ³¹⁶.
2078 2067 2307 2103 Intellectum
2334 2067 2510 2117 quoquess
2539 2076 2549 2086 ⁸

1445 2121 1484 2152 se
1503 2117 1656 2153 ostendit
1674 2118 1821 2162 habere,
1838 2118 1982 2154 dicens.-
2013 2133 2032 2151 «
2053 2119 2191 2155 Discite
2209 2132 2232 2156 a
2251 2132 2321 2165 me,
2339 2122 2425 2169 quia
2443 2123 2509 2157 mi-

1446 2170 1490 2205 tis
1507 2181 1589 2205 sum
1616 2175 1649 2205 et
1674 2170 1821 2206 humilis
1845 2171 1958 2207 corde
1979 2186 2013 2217 »,
2033 2172 2168 2208 Matth.
2190 2184 2224 2208 xl
2243 2171 2273 2208 ²¹⁶.
2302 2174 2349 2209 Et
2368 2173 2412 2209 de
2431 2175 2509 2222 ipso
2539 2183 2548 2193 ·

1442 2234 1514 2270 per
1541 2223 1765 2271 Prophetam
1802 2223 1986 2259 Dominus
2023 2224 2129 2260 dicit:

1442 2286 1541 2323 puer
1568 2287 1671 2311 meus
1693 2289 1727 2320 »,
1757 2274 1874 2311 Isaiae
1895 2287 1939 2311 LII
1958 2276 1988 2312 ³³.
2071 2289 2073 2291 ¹

1502 2328 1726 2364 RESPONDEO
1765 2339 1946 2365 DICENDUM
1983 2329 2110 2377 quod.
2145 2329 2240 2366 sicut
2275 2330 2510 2378 Augustinus

2169 2239 2187 2258 ‹<
2209 2226 2307 2262 Ecce
2336 2226 2511 2275 intelliget

1448 2379 1548 2425 dicit,
1579 2379 1618 2416 in
1646 2379 1742 2416 libro
1771 2380 1816 2416 de
1843 2382 2072 2417 Haeresibus
2090 2381 2120 2423 ²¹⁴,
2149 2382 2438 2431 Apollinaristae
2465 2384 2510 2420 de
2538 2392 2548 2403 ¹⁴

1448 2435 1576 2470 anima
1609 2434 1744 2469 Christi
1770 2445 1793 2469 a
1825 2433 2014 2470 Catholica
2050 2434 2216 2470 Ecclesia
2253 2435 2509 2482 dissenserunt,

1449 2486 1626 2530 dicentes,
1655 2487 1746 2522 sicut
1773 2486 1924 2531 Ariani,
1958 2487 2142 2523 Christum
2161 2492 2176 2514 Υ
2204 2499 2356 2523 carnem
2390 2489 2510 2525 solam

1447 2540 1527 2575 sine
1554 2540 1682 2575 anima
1708 2540 1915 2587 suscepisse.
1945 2540 1991 2575 In
2019 2552 2091 2588 qua
2120 2541 2330 2588 quaestione
2355 2542 2510 2578 testimo-

1449 2593 1518 2628 niis
1531 2591 1770 2640 Evangelicis
1782 2592 1877 2636 victi,
1893 2597 2051 2628 mentem
2066 2592 2222 2640 defuisse
2240 2595 2389 2629 animae
2407 2594 2510 2629 Chri-

1447 2646 1494 2681 sti
1527 2644 1717 2689 dixerunt,
1745 2644 1810 2680 sed
1837 2656 1911 2693 pro
1940 2645 2010 2680 hac
2043 2646 2162 2694 ipsum
2198 2646 2356 2682 Verbum
2394 2647 2430 2682 in
2466 2658 2510 2683 ea

1439 2698 1571 2746 fuisse.

1504 2750 1580 2786 Sed
1600 2750 1695 2786 haec
1714 2749 1852 2798 positio
1873 2749 2018 2786 eisdem
2038 2749 2248 2786 rationibus
2271 2750 2512 2787 convincitur

1451 2802 1547 2840 sicut
1575 2809 1611 2838 et
1636 2801 1828 2850 praedicta
1846 2802 1877 2838 ³¹⁶.
1907 2802 2037 2838 Primo
2057 2802 2171 2848 enim,
2193 2798 2268 2838 hoc
2287 2803 2511 2840 adversatur

1450 2853 1658 2892 narrationi
1686 2854 1948 2901 Evangelicae,
1974 2866 2073 2902 quae
2107 2863 2387 2892 commemorat
2419 2868 2510 2892 eum

1450 2907 1564 2945 fuisse
1585 2907 1778 2953 miratum,
1808 2914 1849 2942 ut
1876 2914 1979 2954 patet
2005 2907 2140 2943 Matth.
2161 2919 2218 2943 viu
2237 2907 2267 2943 *.
2298 2908 2510 2945 Admiratio
2539 2917 2548 2926 ⁸

1451 2967 1581 2997 autem
1609 2959 1754 3007 absque
1775 2958 1918 2995 ratione
1939 2970 2019 2994 esse
2049 2971 2127 2995 non
2152 2967 2292 3007 potest:
2323 2960 2413 3009 quia
2440 2960 2510 2997 im-

1451 3020 1576 3061 portat
1595 3011 1836 3048 collationem
1865 3011 2022 3047 effectus
2048 3011 2097 3047 ad
2116 3023 2293 3058 causam;
2323 3013 2418 3049 dum
2442 3013 2510 3050 sci-

1452 3065 1536 3102 licet
1563 3063 1698 3112 aliquis
1717 3063 1821 3099 videt
1849 3064 2028 3100 effectum
2048 3063 2157 3100 cuius
2176 3077 2332 3101 causam
2352 3065 2509 3114 ignorat,

1453 3125 1488 3154 et
1517 3117 1674 3165 quaerit,
1695 3123 1737 3152 ut
1765 3115 1901 3152 dicitur
1928 3115 1967 3152 in
1989 3115 2176 3165 principio
2204 3119 2417 3177 Metaphys
2437 3118 2457 3139 ²¹⁶

1507 3169 1698 3214 Secundo,
1720 3176 1905 3217 repugnat
1933 3169 2079 3206 utilitati
2107 3169 2385 3217 incarnationis,
2410 3183 2510 3219 quae

1455 3229 1510 3258 est
1537 3220 1751 3258 iustificatio
1786 3221 1954 3258 hominis
1982 3234 2004 3258 a
2031 3227 2199 3271 peccato.
2235 3223 2374 3260 Anima
2407 3223 2511 3260 enim

1455 3276 1627 3310 humana
1646 3286 1726 3310 non
1750 3282 1805 3310 est
1827 3286 1946 3323 capax
1974 3275 2128 3323 peccati,
2149 3287 2219 3311 nec
2242 3275 2379 3322 gratiae
2408 3275 2510 3312 iusti-

1455 3326 1613 3371 ficanfis,
1638 3326 1709 3363 nisi
1737 3338 1806 3375 per
1833 3335 2014 3364 mentem.
2044 3328 2155 3365 Unde
2175 3328 2378 3377 praecipue
2397 3340 2511 3377 opor-

1455 3379 1525 3416 tuit
1552 3386 1722 3415 mentem
1751 3380 1964 3416 humanam
1992 3380 2147 3416 assumi.
2177 3381 2287 3417 Unde
2307 3381 2510 3418 Damasce-

1425 3492 1429 3557 Ι
1506 3492 1533 3526 γ)
1555 3493 1698 3519 Christum.
1710 3507 1729 3512 -
1749 3494 1836 3518 Deum
1854 3493 1987 3518 Christum
2007 3494 2035 3523 Ρ,
2054 3501 2106 3518 om.
2127 3498 2209 3518 cetera
2228 3495 2308 3519 tertia.

2563 1971 2628 1993 Vers.
2644 1978 2679 2000 39.

2563 2075 2629 2097 Vers.
2638 2083 2678 2109 ‘¹7-

2636 2118 2650 2136 p

2563 2182 2628 2203 Vers.
2644 2189 2679 2210 ²9·

2539 2284 2550 2294 '⁴
2563 2283 2629 2304 Vers.
2646 2290 2677 2312 ¹3.

2562 2392 2657 2414 Haeres.
2671 2399 2708 2415 ιν.

2635 2503 2650 2527 Υ

2540 2812 2548 2821 ”
2563 2811 2611 2832 Arii
2628 2815 2649 2832 et
2658 2812 2748 2838 Apolli-

2539 2838 2606 2858 naris.
2623 2849 2632 2854 ·
2649 2838 2685 2859 Cf.
2706 2842 2747 2859 art.

2539 2864 2644 2890 praeced.

2564 2915 2629 2937 Vers.
2647 2923 2680 2938 ιο.

2539 3147 2563 3169 5.
2540 3121 2622 3169 “1³¹3ss
2632 3127 2693 3169 ἰ’ὲέἒῐ
2701 3121 2748 3168 fii?
