2872 3970
136 799 147 809 ⁸
161 798 230 820 Num.
246 804 267 820 v.

138 1947 346 1975 ‘Qu.xxix,art.4.

143 2801 153 2812 ⁸
166 2801 217 2822 Art.
233 2800 335 2828 praeced.

148 3272 158 3281 ⁴
172 3271 222 3292 Arx.
240 3277 257 3292 ι.

150 3425 159 3435 ·
175 3423 222 3451 Qu.
233 3429 270 3449 ιι,
286 3427 327 3444 ιη.
339 3429 358 3451 3.

383 240 429 275 58
1111 238 1374 285 QUAESTIO
1403 239 1467 286 ΙΙΙ,

377 316 516 347 divinam
541 317 707 347 essentiam
731 317 845 348 habere
869 318 973 357 primo
989 319 1146 348 rationem
1162 318 1373 347 subsistentis:
1397 318 1440 347 ita

377 360 475 399 quod,
500 361 526 390 si
549 361 593 391 sic
616 361 708 400 loqui
730 361 814 397 licet,
838 371 992 401 personae
1017 362 1140 392 divinae
1163 361 1346 391 mendicant
1366 361 1440 391 sub-

376 405 549 434 sistentiam
572 405 610 435 ab
635 405 779 440 essentia,
804 411 835 435 et
857 415 924 435 non
949 415 965 436 e
982 411 1102 436 contra.
1127 405 1168 435 Et
1183 404 1361 435 secundum
1376 405 1440 435 hoc

375 448 512 478 salvatur
534 448 708 479 differentia
730 450 812 479 inter
835 449 941 479 Deum
958 455 988 479 et
1005 455 1171 484 creaturas,
1196 448 1285 488 quod
1305 449 1339 478 in
1355 458 1440 478 crea-

375 493 452 522 turis
474 498 586 522 natura
607 492 767 523 mendicat
789 493 958 523 subsistere
985 494 1024 523 ab
1048 493 1228 533 hypostasi,
1258 502 1326 522 non
1354 493 1440 522 enim

375 536 515 566 subsistit
545 537 623 566 haec
653 537 832 567 humanitas
862 538 922 567 nisi
945 546 1001 576 per
1024 537 1238 577 hypostasim:
1269 537 1303 566 in
1326 535 1440 566 divinis

375 589 451 610 vero
476 579 574 610 deitas
597 581 700 620 seipsa
722 581 871 610 subsistit.
907 581 948 610 Et
970 580 1044 611 ideo
1075 581 1246 620 paternitas
1276 581 1441 610 constituit

375 624 572 664 hypostasim
595 631 769 664 paternam,
794 625 868 664 quia
890 630 936 654 est
959 623 1071 654 eadem
1095 623 1211 654 deitati.
1236 624 1281 654 lta
1297 623 1387 663 quod
1402 633 1440 654 ex

375 667 490 698 deitate
506 669 599 699 habet
616 669 706 708 quasi
726 668 918 708 originaliter
938 677 995 698 seu
1010 668 1195 703 radicaliter,
1213 677 1250 698 ex
1266 668 1369 707 seipsa
1384 677 1440 698 au-

375 716 441 742 tem
457 711 639 747 formaliter,
659 712 749 752 quod
764 713 921 747 subsistat,
939 711 1028 752 quod
1044 713 1216 742 constituat
1231 712 1439 752 hypostasim,

375 755 465 795 quod
489 762 535 786 est
557 756 750 786 constituere
773 756 946 786 subsistens
969 756 1177 796 hypostatice.

431 800 482 830 IX.
507 800 554 830 Ex
570 800 618 830 his
634 806 741 830 autem
757 805 844 839 patet
867 799 944 839 quid
960 799 1132 830 dicendum
1152 799 1191 829 ad
1208 798 1397 830 Durandum
1408 800 1439 829 *2

376 843 465 883 quod
482 844 662 883 suppositio
678 844 797 874 scilicet
813 843 1057 883 quodammodo
1074 849 1120 874 est
1135 853 1218 878 vera,
1236 849 1268 873 et
1283 843 1440 883 quodam-

374 887 474 917 modo
498 887 584 917 salsa.
620 887 784 925 Quoniam
808 888 976 917 subsistere
1002 897 1070 917 non
1094 897 1160 917 uno
1185 886 1284 917 modo
1309 887 1439 918 dicitur:

374 931 430 961 sed
454 931 671 966 essentialiter,
696 931 746 961 vel
769 931 986 971 personaliter.
1017 931 1058 961 Et
1081 932 1106 961 si
1129 930 1281 961 referatur
1304 931 1343 961 ad
1366 932 1440 962 sub-

374 976 482 1005 sistere
506 975 686 1010 essentiale,
711 985 785 1005 vera
808 981 870 1005 est:
903 975 928 1005 si
952 980 1059 1005 autem
1087 974 1127 1005 ad
1150 975 1333 1015 personale,
1364 975 1441 1006 falsa

375 1024 430 1049 est.
455 1019 537 1049 Sunt
553 1019 638 1049 enim
653 1019 686 1049 in
700 1018 813 1049 divinis
827 1025 890 1049 tres
906 1019 1126 1049 subsistentiae
1142 1019 1341 1059 personales:
1359 1021 1442 1050 sicut

374 1069 435 1093 tres
458 1064 578 1102 primae
602 1063 805 1099 substantiae,
830 1064 911 1093 sicut
934 1068 995 1093 tres
1019 1072 1185 1103 personae.

428 1106 479 1136 Ad
503 1108 658 1137 rationem
682 1113 789 1137 autem
806 1107 950 1138 Durandi
970 1107 1084 1138 dicitur
1107 1107 1331 1148 distinguendo
1352 1107 1441 1148 quod

373 1160 510 1191 persona
533 1151 639 1181 divina
664 1161 722 1191 per
745 1151 831 1181 aliud
854 1157 901 1182 est
924 1152 1096 1182 subsistens
1120 1152 1341 1188 essentialiter,
1366 1153 1442 1192 quia

374 1205 431 1235 per
454 1196 638 1225 essentiam:
664 1201 695 1225 et
718 1205 775 1235 per
791 1195 877 1226 aliud
892 1196 1107 1235 suppositum,
1131 1197 1207 1236 quia
1226 1205 1284 1236 per
1298 1197 1441 1236 proprie-

374 1245 471 1269 tatem
494 1239 705 1279 personalem.
741 1239 804 1270 Sed
826 1249 884 1279 per
905 1240 969 1270 hoc
991 1239 1078 1270 idem
1106 1245 1152 1270 est
1175 1240 1348 1270 subsistens
1370 1249 1442 1280 per-

374 1283 539 1313 sonaliter:
572 1284 712 1314 subsistit
735 1284 821 1314 enim
843 1284 877 1314 in
900 1293 1038 1323 persona
1064 1289 1095 1314 et
1118 1284 1338 1320 essentialiter,
1366 1285 1442 1324 quia

374 1333 422 1358 est
444 1328 495 1357 hic
517 1328 620 1363 Deus;
646 1333 677 1357 et
699 1327 916 1367 personaliter,
937 1328 1012 1367 quia
1028 1333 1075 1358 est
1092 1328 1171 1358 haec
1186 1337 1332 1368 persona.
1355 1346 1379 1351 -
1402 1329 1442 1359 Et

374 1381 449 1402 curn
473 1371 596 1407 dicitur,
621 1371 798 1401 Subsistere
813 1371 891 1402 dicit
905 1381 972 1402 esse
986 1371 1160 1402 secundum
1170 1372 1442 1413 perfectissimum

374 1415 503 1445 modum
524 1415 656 1450 essendi,
676 1421 821 1446 transeat.
839 1415 901 1446 Sed
917 1425 984 1446 non
1000 1416 1098 1446 valet:
1122 1416 1216 1457 Ergo
1236 1426 1300 1446 non
1317 1421 1364 1447 est
1380 1426 1443 1457 per

374 1460 564 1490 relationem
587 1459 729 1489 diuinam
753 1459 942 1499 inquantum
964 1465 1010 1490 est
1023 1460 1141 1501 forma
1159 1460 1355 1500 personalis.
1380 1460 1443 1491 Sed

374 1504 456 1533 bene
475 1504 571 1533 valet:
596 1503 690 1544 Ergo
715 1513 780 1533 non
805 1509 851 1534 est
868 1513 931 1543 per
953 1513 1023 1533 eam
1047 1503 1237 1544 inquantum
1253 1509 1300 1534 est
1315 1505 1441 1534 relatio.

374 1548 415 1577 Et
438 1547 580 1577 similiter
602 1547 702 1582 valet,
725 1547 819 1588 Ergo
852 1557 916 1577 non
942 1557 1005 1587 per
1027 1547 1070 1577 ad
1092 1547 1183 1578 aliud
1212 1557 1247 1578 se
1268 1548 1385 1578 habere
1408 1553 1444 1578 ut

373 1592 439 1622 sic:
463 1601 537 1621 cum
562 1601 628 1631 quo
652 1596 711 1621 stat
735 1591 823 1630 quod
847 1592 886 1621 sit
909 1601 966 1631 per
989 1591 1028 1622 ad
1044 1591 1130 1622 aliud
1154 1601 1187 1622 se
1202 1592 1318 1622 habere
1341 1597 1377 1622 ut
1396 1597 1443 1622 est

374 1635 477 1666 forma
488 1636 697 1676 hypostatica.
708 1653 732 1658 —
747 1635 896 1666 Similiter
911 1636 990 1666 nihil
1007 1636 1110 1666 obstat
1126 1635 1215 1675 quod
1231 1637 1441 1666 subsumitur:

374 1679 437 1710 Sed
453 1680 708 1720 perfectissimus
731 1679 846 1710 modus
869 1679 993 1710 essendi
1015 1685 1062 1710 est
1085 1680 1116 1710 in
1133 1690 1176 1716 se,
1201 1690 1266 1710 non
1283 1680 1326 1710 ad
1341 1680 1441 1710 aliud.

375 1723 574 1754 Conceditur
585 1723 744 1763 siquidem
756 1729 872 1759 totum,
885 1723 1060 1754 formaliter
1071 1723 1248 1764 loquendo.
1272 1725 1313 1754 Et
1329 1724 1443 1754 dicitur

375 1767 465 1807 quod
488 1768 656 1798 subsistere
687 1777 755 1798 non
779 1767 854 1798 dicit
877 1767 1013 1798 modum
1037 1768 1161 1798 essendi
1185 1768 1224 1798 ad
1247 1768 1349 1804 aliud,
1378 1767 1442 1798 for-

374 1812 497 1842 maliter
520 1811 704 1851 loquendo:
737 1821 811 1841 cum
836 1821 902 1852 quo
926 1817 985 1841 stat
1015 1811 1105 1852 quod
1128 1811 1211 1842 dicat
1234 1812 1370 1842 modum
1395 1821 1442 1842 es-

375 1855 465 1886 sendi
488 1856 698 1886 constitutum
721 1865 778 1895 per
800 1855 839 1885 ad
863 1855 958 1891 aliud,
982 1865 1050 1886 non
1074 1857 1267 1896 inquantum
1290 1856 1330 1886 ad
1345 1855 1440 1892 aliud,

375 1899 430 1930 sed
453 1900 645 1939 inquantum
669 1904 716 1930 est
739 1899 841 1929 forma
863 1900 1079 1940 hypostatica;
1111 1906 1146 1930 ut
1169 1900 1261 1930 latius
1283 1901 1317 1930 in
1341 1899 1441 1930 Com-

375 1944 536 1974 mentariis
559 1944 682 1973 Primae
705 1943 804 1973 Partis
820 1945 836 1960 ⁸*
859 1949 1027 1974 tractatum
1052 1949 1107 1974 est.

429 1987 481 2017 Ad
504 1988 725 2018 auctoritatem
747 1988 919 2027 Augustini
943 1987 1057 2018 dicitur
1077 1987 1175 2028 quod,
1201 1989 1282 2018 sieut
1297 1989 1442 2018 substan-

375 2033 418 2062 tia
441 2031 613 2067 individua,
638 2031 811 2062 formaliter
834 2031 1015 2071 loquendo,
1039 2041 1107 2062 non
1131 2037 1177 2062 est
1200 2031 1239 2062 ad
1262 2031 1362 2068 aliud,
1387 2031 1443 2062 sed

376 2076 416 2106 ad
438 2085 487 2111 se;
521 2081 551 2105 et
574 2075 715 2105 similiter
738 2085 874 2115 persona
903 2085 971 2105 non
995 2082 1041 2106 est
1064 2075 1103 2106 ad
1126 2075 1229 2111 aliud,
1261 2075 1316 2105 sed
1345 2075 1385 2105 ad
1408 2085 1441 2105 se

378 2120 498 2160 (nullus
515 2119 601 2150 enim
618 2126 664 2150 est
679 2129 816 2159 persona
831 2125 885 2149 aut
901 2120 1074 2149 substantia
1089 2119 1252 2150 individua
1268 2119 1308 2150 ad
1323 2119 1440 2159 aliud):

377 2165 419 2194 ita
443 2165 614 2194 subsistens
638 2169 685 2193 est
708 2163 747 2193 ad
770 2173 818 2199 se,
844 2169 874 2193 et
897 2173 964 2193 non
989 2163 1028 2193 ad
1051 2163 1146 2193 aliud.
1182 2163 1223 2193 Et
1248 2164 1312 2194 hoc
1336 2163 1442 2193 solum

376 2207 512 2238 intendit
534 2208 747 2247 Augustinus:
773 2213 808 2237 ut
830 2213 916 2247 patet
940 2217 977 2238 ex
1001 2207 1145 2238 discursu
1168 2207 1268 2247 ipsius
1291 2217 1329 2237 ex
1353 2217 1442 2237 com-

377 2253 528 2283 munibus
551 2252 622 2282 Deo
639 2257 670 2282 et
687 2252 845 2282 creaturis.
870 2252 911 2281 Et
930 2252 994 2282 hoc
1013 2257 1060 2282 est
1074 2252 1285 2288 verissimum,
1301 2257 1338 2282 ut
1357 2257 1444 2291 patet

1497 238 1790 278 ARTICULUS
1818 241 1863 278 III

1495 317 1672 348 exercendo
1685 319 1780 349 haec:
1800 319 1888 350 nulla
1904 320 1989 350 enim
2005 329 2054 350 res
2070 320 2184 351 dicitur
2199 321 2372 351 substantia
2386 321 2559 358 individua,

1495 366 1550 391 aut
1572 362 1760 402 hypostasis,
1784 368 1839 393 aut
1861 372 2008 403 persona,
2032 370 2086 394 aut
2109 365 2292 401 subsistens,
2316 363 2356 395 ad
2378 365 2473 396 aliud.
2497 365 2560 396 Sed

1494 405 1577 435 sicut
1600 415 1675 436 cum
1698 406 1746 436 his
1769 411 1829 436 stat
1852 407 1951 447 quod,
1974 408 2073 448 gratia
2095 409 2259 445 materiae,
2283 408 2457 439 substantia
2478 409 2560 440 indi-

1494 448 1600 485 vidua,
1625 454 1656 479 et
1678 449 1867 490 hypostasis,
1892 456 1923 481 et
1945 460 2092 491 persona,
2115 452 2150 482 in
2166 452 2280 482 divinis
2303 451 2459 492 significat
2481 453 2560 483 rela—

1494 493 1627 529 tionem,
1641 503 1707 523 non
1726 494 1787 533 [ut]
1805 494 1845 524 ad
1860 494 1956 530 aliud,
1973 495 2029 525 sed
2045 501 2080 526 ut
2095 505 2163 526 rem
2179 496 2426 536 hypostaticam
2442 496 2487 526 ita
2501 501 2562 527 stat

1495 536 1585 576 quod
1607 537 1780 568 subsistens
1796 543 1827 567 et
1846 539 2046 569 subsistentia
2069 539 2225 579 significet
2239 539 2427 570 relationem
2443 546 2478 570 ut
2492 549 2561 571 rem

1494 581 1739 620 hypostaticam.

1549 624 1600 655 Ad
1623 625 1847 664 probationem
1871 624 1910 656 ad
1932 627 2110 660 hominem.
2134 627 2228 658 tertio
2247 627 2372 658 allatam
2396 637 2434 658 ex
2450 632 2561 658 aucto-

1494 668 1583 698 ritate
1606 669 1766 705 Auctoris,
1789 670 1854 699 iam
1869 670 1886 686 ⁴*
1909 669 2030 700 dictum
2053 676 2109 701 est.

1550 711 1597 742 Ex
1621 713 1668 742 his
1693 722 1827 753 quoque
1848 718 1935 753 patet
1965 714 2043 754 quid
2073 714 2246 746 dicendum
2273 716 2313 746 sit
2342 714 2382 745 ad
2403 715 2559 745 rationem

1495 756 1638 786 Durandi
1662 762 1772 787 contra
1795 758 1998 797 propositum
2014 759 2040 788 *.
2064 759 2147 789 Nam
2169 765 2237 789 tota
2257 760 2338 789 ratio
2361 759 2505 789 consistit
2526 759 2559 789 in

1494 800 1574 830 hoc:
1598 801 1662 830 Per
1684 800 1766 831 illud
1781 801 1891 841 primo
1909 811 2053 842 persona
2077 803 2229 833 terminat
2245 802 2487 843 dependentium
2503 812 2560 832 na-

1495 849 1588 874 turae
1611 850 1803 884 assumptae,
1821 854 1885 885 per
1899 845 1986 886 quod
2000 846 2150 877 subsistit.
2175 847 2216 877 Et
2239 846 2279 877 ad
2301 847 2364 877 hoc
2387 845 2561 876 dicendum

1495 894 1551 924 est,
1575 889 1663 918 iuxta
1686 888 1786 924 dicta,
1818 889 1908 929 quod
1930 889 1956 919 si
1978 890 2120 920 subsistit
2147 895 2208 921 stat
2237 900 2297 930 pro
2319 890 2491 921 subsistere
2513 898 2560 920 es-

1493 932 1682 968 sentialiter,
1706 932 1822 962 falsum
1845 933 2031 964 assumitur:
2055 934 2081 963 si
2105 939 2212 964 autem
2235 939 2295 964 stat
2316 942 2376 974 pro
2391 934 2562 964 subsistere

1488 976 1718 1017 personaliter,
1741 985 1855 1007 verum
1878 976 2001 1007 dicitur.
2037 977 2100 1008 Sed
2123 987 2258 1018 arguens
2280 979 2314 1008 in
2337 978 2442 1018 primo
2465 986 2561 1008 sensu

1495 1021 1655 1060 loquitur,
1687 1026 1719 1050 et
1741 1021 1856 1060 probat
1878 1021 2039 1051 minorem
2062 1021 2141 1052 eius.
2176 1021 2217 1052 Et
2244 1021 2319 1052 ideo
2347 1021 2427 1052 nihil
2450 1024 2562 1052 contra

1495 1065 1645 1095 Auctoris
1668 1064 1804 1094 solidam
1827 1063 2005 1095 doctrinam
2029 1065 2202 1096 concludit.

1550 1109 1591 1139 Et
1614 1109 1692 1138 haec
1715 1109 1883 1148 responsio
1906 1108 1979 1139 data
1999 1114 2055 1145 est,
2079 1118 2148 1139 non
2170 1109 2318 1140 faciendo
2342 1107 2561 1140 difficultatem

1494 1154 1528 1183 in
1551 1153 1650 1182 verbo
1677 1151 1921 1192 dependentiae,
1947 1161 2023 1183 cum
2053 1161 2188 1193 arguens
2211 1153 2304 1190 dixit,
2335 1153 2487 1183 terminat
2507 1151 2561 1183 de-

1489 1196 1698 1237 pendentium
1722 1201 1860 1227 naturae
1882 1201 2074 1237 assumptae.
2097 1195 2197 1235 Quod
2211 1196 2286 1227 ideo
2308 1196 2392 1233 dico,
2416 1197 2492 1237 quia
2506 1195 2561 1226 de-

1495 1240 1668 1281 pendentia
1689 1249 1758 1270 non
1781 1241 1842 1270 nisi
1864 1241 1946 1270 inter
1968 1250 2097 1271 causam
2121 1246 2153 1271 et
2170 1240 2331 1277 effectum,
2356 1246 2392 1271 ut
2407 1240 2462 1277 sic,
2485 1248 2561 1280 pro-

1495 1286 1563 1325 prie
1587 1285 1698 1315 salvari
1720 1284 1862 1314 videtur:
1885 1285 2040 1315 terminus
2064 1290 2171 1315 autem
2195 1285 2433 1325 assumptionis,
2452 1289 2490 1314 ut
2504 1284 2559 1320 sic,

1495 1329 1617 1360 nullam
1641 1329 1857 1359 causalitatem
1880 1328 1920 1358 ad
1943 1334 2089 1359 naturam
2112 1334 2308 1369 assumptam
2331 1329 2436 1359 habet.
2470 1327 2561 1358 Alio-

1496 1374 1585 1413 quin,
1605 1378 1672 1403 tota
1692 1372 1829 1402 Trinitas
1847 1373 2026 1402 necessario
2046 1378 2128 1403 esset
2146 1373 2301 1403 terminus
2317 1372 2559 1412 assumptionis:

1496 1417 1571 1457 quia
1586 1416 1719 1447 indivisa
1736 1422 1783 1446 est
1798 1416 1962 1447 causalitas
1974 1416 2135 1447 Trinitatis
2147 1416 2186 1446 ad
2203 1422 2287 1447 extra
2297 1417 2323 1447 ’ἢ
2332 1434 2355 1439 —
2365 1416 2407 1446 Et
2418 1416 2481 1446 hoc
2493 1424 2560 1445 ma-

1495 1462 1543 1501 gis
1562 1460 1742 1491 manifestat
1758 1460 1847 1500 quod
1863 1469 2000 1500 persona
2015 1460 2121 1491 divina
2136 1461 2258 1491 ratione
2273 1461 2474 1500 proprietatis
2489 1468 2560 1499 per-

1496 1505 1624 1540 sonalis,
1642 1505 1733 1534 cuius
1749 1514 1817 1534 non
1833 1510 1880 1534 est
1895 1503 2074 1534 secundum
2090 1514 2124 1534 se
2140 1513 2279 1540 causare,
2291 1505 2397 1544 primo
2413 1502 2562 1534 terminat

1496 1549 1766 1588 assumptionem:
1787 1553 1819 1578 et
1833 1557 1901 1578 non
1916 1549 2039 1578 ratione
2054 1554 2195 1583 naturae,
2213 1549 2304 1578 cuius
2320 1553 2367 1578 est
2381 1545 2560 1578 secundum

1495 1602 1530 1623 se
1553 1601 1692 1622 causare.
1727 1591 1810 1621 Nam
1835 1597 1866 1622 et
1889 1601 2045 1631 personae
2069 1591 2192 1622 divinae
2215 1592 2337 1622 ratione
2359 1590 2561 1631 proprietatis

1495 1636 1671 1677 personalis
1687 1635 1838 1666 convenit
1853 1645 1910 1676 per
1925 1645 1958 1665 se
1973 1636 2079 1675 primo
2094 1637 2263 1666 terminare
2278 1641 2440 1666 naturam:
2456 1642 2561 1674 usque

1496 1681 1577 1711 adeo
1601 1685 1637 1710 ut
1660 1680 1755 1710 etiam
1778 1685 1891 1709 natura
1907 1678 2012 1710 divina
2034 1679 2235 1710 interminata
2259 1677 2503 1719 quodammodo
2522 1678 2562 1708 sit

1495 1723 1674 1755 secundum
1698 1733 1746 1760 se,
1771 1729 1802 1754 et
1824 1723 1864 1754 ad
1887 1724 2114 1763 proprietatem
2137 1723 2339 1763 personalem
2361 1723 2477 1754 ultimo
2499 1727 2561 1752 ter-

1495 1769 1650 1804 minetur;
1681 1767 1887 1807 intelligimus
1911 1767 1997 1798 enim
2019 1768 2107 1798 hunc
2130 1767 2236 1798 Deum
2265 1767 2355 1808 quasi
2377 1766 2561 1797 intermina-

1495 1818 1575 1848 tum,
1600 1811 1706 1842 donec
1728 1811 1977 1842 determinemus
1993 1811 2118 1842 Patrem
2134 1817 2189 1842 aut
2203 1811 2322 1842 Filium
2338 1815 2392 1842 aut
2407 1810 2560 1850 Spiritum

1496 1857 1659 1887 Sanctum.
1695 1855 1743 1885 Ex
1766 1855 1830 1885 hoc
1852 1855 1947 1895 igitur
1977 1855 2066 1895 quod
2093 1855 2300 1895 personalitas
2323 1854 2429 1885 divina
2458 1854 2561 1894 ipsam

1495 1905 1641 1930 naturam
1657 1899 1799 1930 divinam
1813 1900 1971 1935 terminat,
1984 1899 2162 1929 ostenditur
2178 1899 2267 1940 quod
2278 1899 2421 1929 Verbum
2437 1898 2561 1928 ratione

1495 1954 1571 1974 suae
1602 1943 1834 1984 personalitatis
1864 1943 1970 1983 primo
1999 1943 2148 1973 terminat
2173 1948 2319 1974 naturam
2346 1946 2559 1982 assumptam:

1494 1994 1530 2018 ut
1553 1989 1597 2018 sic
1620 1997 1685 2018 una
1707 1987 1803 2017 Verbi
1827 1996 1964 2027 persona
1986 1987 2135 2017 terminet
2157 1987 2235 2018 duas
2257 1992 2396 2022 naturas,
2419 1985 2559 2016 divinam

1494 2032 1614 2062 scilicet
1638 2036 1669 2061 et
1691 2031 1876 2067 humanam,
1900 2031 1981 2061 sicut
2004 2031 2144 2061 subsistit
2166 2031 2199 2061 in
2219 2030 2342 2061 duabus
2365 2030 2496 2066 naturis,
2513 2029 2560 2060 di-

1494 2077 1567 2106 vina
1590 2075 1710 2105 scilicet
1733 2080 1764 2105 et
1786 2075 1936 2110 humana,
1961 2075 2106 2115 quamvis
2130 2074 2352 2105 diversimode.

1551 2119 1669 2150 Omnia
1691 2119 1786 2159 igitur
1815 2125 1995 2149 consonant
2017 2119 2141 2149 veritati
2164 2118 2327 2149 doctrinae
2349 2117 2474 2148 articuli
2499 2117 2560 2148 hu-

1495 2164 1544 2194 ius
1572 2163 1706 2193 dicentis
1736 2162 1826 2203 quod
1854 2172 2015 2193 assumere
2044 2163 2244 2193 terminative
2273 2162 2425 2192 convenit
2453 2162 2560 2201 primo

1494 2217 1661 2247 personae,
1685 2207 1728 2237 ita
1751 2206 1841 2247 quod
1863 2212 1994 2237 naturae
2013 2216 2080 2237 non
2100 2207 2251 2237 convenit
2269 2206 2330 2236 nisi
2347 2205 2470 2236 ratione
2488 2213 2562 2245 per-

1495 2261 1604 2282 sonae.

1123 2413 1442 2456 ARTICULUS
1476 2413 1707 2455 TERTIUS

506 2507 672 2543 UTRUM,
697 2506 959 2537 ABSTRACTA
982 2505 1343 2536 PERSONALITATE
1366 2505 1449 2536 PER
1478 2505 1807 2542 1NTELLECTUM,
1832 2483 2014 2537 NATURA
2035 2505 2182 2536 Possrr
2206 2505 2434 2537 ASSUMERE

1229 2583 1260 2607 111
1280 2583 1368 2613 Sent.,
1388 2583 1446 2608 dist.
1465 2591 1489 2613 ν,
1509 2591 1552 2616 qu.
1571 2591 1599 2614 11,
1618 2589 1665 2609 art.
1686 2583 1710 2610 3.

498 2723 569 2797 {3⁴
590 2735 775 2772 abstracta
802 2734 1069 2784 personalitate
1097 2746 1167 2783 per
1194 2733 1442 2780 intellectum,

480 2805 516 2835 ⁷4
531 2779 579 2834 sss

435 2817 525 2871 ᾒῧῗ
547 2834 695 2878 &enim
724 2841 831 2890 quod
860 2848 1018 2877 naturae
1040 2839 1220 2876 convenit
1247 2851 1444 2876 assumere

381 2894 526 2931 ratione
554 2905 753 2942 personae.
791 2893 868 2930 Sed
896 2893 1003 2942 quod
1038 2892 1218 2929 convenit
1250 2891 1361 2929 alicui
1389 2904 1444 2929 ra-

381 2947 483 2984 tione
512 2946 682 2993 alicuius,
709 2954 859 2983 remoto
888 2958 955 2993 eo,
985 2958 1066 2982 non
1094 2952 1217 2994 potest
1244 2945 1278 2982 ei
1306 2957 1444 2982 conve-

382 2999 482 3036 nire:
513 2999 609 3036 sicut
627 3012 779 3048 corpus,
801 2999 908 3048 quod
927 3006 982 3036 est
1000 2998 1147 3035 visibile
1175 2998 1320 3035 ratione
1344 2999 1445 3035 colo-

382 3052 443 3098 ris,
464 3052 544 3089 sine
564 3053 691 3089 colore
719 3051 840 3089 videri
859 3064 940 3088 non
961 3058 1096 3101 potest.
1126 3052 1240 3099 Ergo,
1261 3051 1446 3088 abstracta

382 3105 646 3154 personalitate
660 3116 729 3153 per
747 3104 991 3152 intellectum,
1006 3112 1142 3141 natura
1156 3116 1350 3141 assumere
1365 3116 1446 3141 non

383 3165 518 3207 potest.

439 3222 472 3246 2.
502 3211 744 3255 PRAETEREA,
774 3208 984 3257 assumptio
1022 3209 1202 3258 importat
1237 3209 1446 3247 terminum

385 3261 550 3308 unionis,
570 3269 612 3298 ut
630 3261 776 3298 dictum
796 3269 850 3298 est
863 3261 893 3297 ²¹⁸.
917 3261 991 3298 Sed
1011 3261 1104 3298 unio
1124 3274 1204 3299 non
1223 3270 1346 3312 potest
1364 3262 1447 3299 fieri

386 3315 424 3351 in
452 3323 598 3359 natura,
619 3314 686 3351 sed
706 3315 833 3350 solum
862 3313 900 3349 in
922 3325 1097 3362 persona.
1128 3315 1241 3363 Ergo,
1262 3315 1447 3352 abstracta

386 3367 661 3416 personalitate,
683 3374 818 3403 natura
837 3365 966 3402 divina
994 3378 1073 3402 non
1092 3375 1216 3415 potest
1239 3380 1445 3406 assumere.

442 3420 475 3456 3.
506 3421 737 3466 PRAETEREA,
753 3419 792 3456 in
808 3418 935 3455 Prima
950 3419 1060 3455 Parte
1074 3418 1094 3440 '¹‘
1108 3418 1252 3456 dictum
1272 3428 1326 3457 est
1341 3421 1447 3469 quod

442 3548 470 3582 α)
485 3549 621 3581 processio
641 3552 666 3574 et
678 3549 789 3582 filiatio.
801 3562 820 3567 —
831 3548 932 3582 filiatio
950 3551 976 3574 et
991 3548 1127 3580 proceseIo
1147 3549 1174 3573 P.

527 2711 538 2719 s
589 2695 611 2720 ι)
630 2694 790 2719 TERTmM
809 2694 860 2719 sm
886 2693 1122 2718 Paocsmrun.
1143 2681 1304 2717 Videtur
1323 2681 1442 2730 quod,
1495 2680 1534 2717 in
1553 2680 1704 2727 divinis,
1720 2681 1906 2718 abstracta
1919 2680 2197 2730 personalitate,
2213 2681 2308 2718 nihil
2321 2688 2461 2719 manet.
2483 2681 2560 2720 Sed

1496 2746 1696 2770 assumens
1725 2741 1780 2771 est
1807 2733 1962 2783 aliquid.
1997 2735 2112 2782 Ergo,
2141 2734 2327 2771 abstracta
2354 2732 2560 2784 personali-

590 2796 726 2825 natura
739 2799 820 2824 non
835 2787 953 2837 possit
967 2799 1174 2824 assumere.
1191 2786 1346 2823 Dictum
1362 2786 1443 2823 est*
1495 2794 1580 2832 tate,
1601 2799 1682 2823 non
1709 2794 1834 2835 potest
1861 2786 1991 2823 divina
2019 2794 2155 2824 natura
2182 2799 2389 2824 assumere.

1551 2840 1624 2876 SED
1653 2851 1798 2876 CONTRA
1834 2852 1899 2876 EST
1927 2839 2035 2888 quod
2062 2839 2102 2876 in
2137 2839 2276 2876 divinis
2311 2839 2560 2889 personalitas

1497 2891 1634 2929 dicitur
1669 2891 1882 2941 proprietas
1917 2892 2148 2941 personalis:
2187 2905 2288 2942 quae
2315 2900 2371 2930 est
2403 2891 2557 2942 triplex,

1497 2944 1635 2982 scilicet
1648 2945 1864 2994 paternitas,
1876 2945 2070 2994 processio
2086 2953 2122 2982 et
2134 2945 2266 2982 filiatio
2278 2950 2306 2992 ⁴²,
2321 2952 2365 2982 ut
2377 2944 2417 2982 in
2430 2943 2560 2993 Prima

1497 2999 1608 3036 Parte
1626 2997 1646 3019 ’¹‘
1665 2997 1809 3035 dictum
1839 3005 1904 3035 est.
1936 2998 2024 3045 Sed,
2054 2997 2211 3035 remotis
2238 2997 2298 3035 his
2324 3009 2394 3047 per
2420 2996 2559 3037 intelle-

1498 3058 1615 3096 ctum,
1631 3051 1759 3088 adhuc
1778 3058 1950 3088 remanet
1968 3050 2039 3088 Dei
2054 3049 2343 3100 omnipotentia,
2355 3061 2427 3099 per
2439 3061 2559 3099 quam

1499 3111 1554 3140 est
1579 3103 1674 3140 facta
1700 3103 1925 3141 incarnatio:
1955 3103 2052 3141 sicut
2069 3104 2237 3152 Angelus
2255 3101 2357 3149 dixit,
2376 3102 2472 3140 Luc.
2493 3114 2503 3140 1
2521 3101 2557 3140 *z

1499 3157 1589 3194 Non
1625 3158 1693 3194 erit
1720 3157 1940 3206 impossihile
1973 3157 2076 3206 apud
2099 3157 2222 3194 Deum
2255 3166 2366 3193 omne
2391 3156 2557 3193 verbum.

1500 3210 1602 3258 Ergo
1630 3209 1781 3246 videtur
1808 3209 1927 3259 quod,
1956 3209 2070 3246 etiam
2098 3215 2245 3246 remota
2280 3206 2558 3257 personalitate,

1500 3270 1637 3299 natura
1664 3262 1794 3299 divina
1821 3261 1941 3312 possit
1967 3271 2173 3299 assumere.

1554 3316 1778 3353 RESPONDEO
1796 3326 1978 3352 [acaunum
2000 3312 2108 3363 quod
2133 3313 2342 3350 intellectus
2360 3311 2560 3362 dupliciter

1501 3380 1541 3405 se
1556 3368 1670 3405 habet
1684 3368 1732 3405 ad
1746 3367 1887 3406 divina.
1907 3367 1996 3405 Uno
2010 3365 2142 3412 mod0,
2157 3373 2200 3403 ut
2213 3372 2417 3414 cognoscat
2429 3365 2559 3403 Deum

1501 3420 1610 3458 sicuti
1637 3427 1703 3458 est.
1733 3421 1781 3457 Et
1799 3419 1853 3457 sic
1870 3417 2104 3469 impossibile
2129 3424 2184 3455 est
2202 3417 2309 3467 quod
2327 3417 2559 3456 circumscri-

2589 670 2599 681 ⁸
2608 670 2678 692 Num.
2689 676 2737 698 vm,
2747 670 2799 693 Νο-

2587 698 2673 718 tamer.

2589 762 2598 771 “
2614 761 2684 783 Num.
2704 767 2728 788 v,
2744 761 2801 784 Hac

2588 787 2669 815 iglmr.

2588 1418 2599 1429 ·
2605 1416 2641 1439 ef.
2647 1418 2708 1445 Aug.
2713 1414 2800 1439 Rheba*

2587 1443 2642 1471 rid„
2649 1449 2699 1472 cap.
2705 1448 2798 1466 mvn-¹

2682 2959 2699 2976 α

2586 3003 2596 3012 ·
2606 3002 2646 3030 Qu
2662 3008 2716 3030 xxx,
2725 3006 2768 3026 art.
2775 3009 2798 3026 ².

2588 3107 2597 3117 ⁵
2610 3106 2677 3129 Ver».
2692 3113 2728 3137 37.
