2872 3970
330 297 459 338 novis
493 297 719 337 haeresum
752 294 1079 350 tempestatibus
1113 293 1289 349 agitata,
1325 293 1536 334 bellorum
1570 293 1822 334 tumultibus
1856 295 1963 335 inter
1997 294 2263 336 Christianos
2300 295 2520 350 Principes

332 372 561 407 concussa,
595 359 834 398 Turcarum
867 357 1083 411 impietate
1117 355 1370 396 labefactata
1401 368 1450 395 ac
1485 355 1692 395 diminuta
1732 355 1889 396 existit:
1941 356 2066 411 quid,
2109 357 2303 411 inquam,
2342 357 2519 399 suavius

333 420 534 475 Sponsae
568 419 635 463 isti
669 419 901 467 Ecclesiae,
936 423 1002 458 tot
1033 431 1082 458 ac
1111 417 1240 459 tantis
1273 416 1396 459 malis
1429 416 1620 465 afflictae,
1645 417 1818 461 evenire
1851 423 2029 472 poterat,
2054 431 2185 472 quam
2207 419 2273 461 Te
2298 418 2520 475 Sponsum

333 482 480 523 datum
505 481 720 522 divinitus·
742 480 906 529 intueri,
931 479 1005 534 qui
1044 478 1288 519 innocentia
1321 483 1363 519 et
1384 477 1498 518 vitae
1531 477 1772 533 integritate
1799 485 1990 521 veterem
2024 480 2138 521 illam
2171 479 2390 521 Ecclesiae
2420 494 2519 522 san-

334 544 582 584 ctimoniam
622 543 664 584 in
699 548 891 583 nostram
931 546 1115 582 aetatem
1155 546 1435 581 revocaturus
1469 539 1546 588 sis,
1582 540 1655 594 qui
1689 553 1860 582 summo
1894 541 2038 582 studio
2083 555 2132 583 ac
2166 541 2387 598 diligentia
2419 542 2520 583 nihil

334 619 422 646 non
464 606 743 646 instauratum
784 604 1018 657 relinques,
1054 601 1128 656 qui
1166 614 1297 642 sanae
1331 601 1551 642 doctrinae
1590 601 1820 656 splendore
1859 601 1931 643 illo
1965 604 2038 657 qui
2079 604 2121 644 in
2154 610 2219 645 tot
2257 604 2375 645 libris
2409 617 2522 658 quos

335 666 505 707 edidisti
545 667 658 707 lucet
704 678 878 706 omnem
918 663 1184 719 ignorantiae
1225 663 1451 718 caliginem
1485 663 1732 718 dissipabis,
1769 664 1842 718 qui
1876 664 2107 706 clarissima
2145 671 2219 706 tua
2250 665 2520 714 auctoritate,

336 728 484 769 divino
519 728 677 769 iudicio
702 740 814 768 nunc
837 732 1000 767 tantum
1035 725 1305 780 amplificata,
1339 730 1380 765 et
1401 725 1618 767 nationem
1643 725 1916 775 Germanam,
1951 726 2065 781 apud
2089 740 2219 781 quam
2251 740 2422 782 semper
2443 741 2520 768 va-

334 790 447 830 luisti
483 803 612 844 quam
646 789 887 844 plurimum,
923 787 1125 828 omnibus
1158 787 1384 827 haeresum
1418 787 1606 836 maculis,
1632 800 1742 842 quae
1776 801 1888 828 nunc
1922 787 1964 828 in
1991 788 2061 829 illa
2092 788 2336 838 funduntur,
2366 802 2521 844 expur-

334 852 472 907 gabis,
507 857 560 900 et,
596 851 703 892 inter
737 849 1004 891 Christianos
1037 848 1256 903 Principes
1290 848 1712 903 compositisrebus,
1735 849 1921 890 ferocem
1949 850 2150 899 Tuream,
2184 851 2353 907 magnis
2386 851 2522 905 copiis

334 913 479 954 Italiae
521 913 806 960 minitantem,
842 910 1078 952 retardabis
1119 910 1536 965 exterminabisque?
1592 910 1736 951 Credo
1771 910 1991 965 equidem,
2026 925 2104 953 nec
2140 926 2253 953 vana
2286 912 2363 954 erit
2395 913 2521 961 fides,

336 975 559 1029 Optimum
593 975 756 1022 Deum,
797 974 870 1027 qui
904 973 993 1013 suis
1027 973 1226 1014 manibus
1259 973 1324 1013 Te
1359 972 1400 1012 in
1433 972 1511 1013 hac
1545 972 1658 1013 Petri
1693 972 1809 1014 Sede
1847 973 2091 1022 collocavit,
2128 974 2252 1015 istam
2286 974 2413 1015 etiam
2445 974 2523 1015 tibi

336 1036 545 1077 adversus
579 1037 744 1076 Turcas
773 1035 939 1076 felicem
966 1035 1190 1075 victoriam
1220 1047 1478 1083 reservasse,
1501 1040 1558 1083 ut,
1582 1034 1698 1089 prius
1722 1034 1960 1075 reformatis
1982 1048 2059 1089 per
2081 1036 2146 1076 Te
2169 1035 2523 1085 Christianorum,
2555 1041 2557 1043 '

336 1104 378 1139 et
400 1098 674 1139 sacerdotum
706 1097 934 1152 praecipue
968 1097 1173 1145 moribus,
1208 1096 1414 1137 barbarae
1450 1096 1543 1137 illae
1566 1096 1762 1137 nationes
1789 1102 1880 1137 tum
1908 1096 2083 1138 demum
2117 1097 2290 1139 credere
2323 1098 2525 1152 incipiant

335 1160 378 1201 in
413 1160 570 1201 Christi
604 1159 799 1201 Ecclesia
830 1172 978 1199 veram
1013 1172 1108 1199 esse
1142 1158 1396 1214 religionem
1430 1163 1471 1199 et
1503 1158 1717 1213 pietatem,
1742 1158 1862 1212 quod
1896 1159 1954 1199 ob
1989 1159 2221 1200 multorum
2243 1159 2356 1200 vitae
2390 1159 2524 1214 turpi-

335 1222 530 1263 tudinem
570 1222 775 1262 hactenus
816 1221 895 1261 illis
930 1220 1176 1262 incredibile
1209 1221 1351 1261 visum
1386 1226 1461 1261 est.
1519 1219 1901 1272 Quemadmodum
1942 1220 2070 1276 igitur
2105 1221 2267 1262 Divina
2304 1221 2525 1276 Sapientia

336 1284 378 1324 in
412 1285 478 1325 Te
512 1283 744 1339 deligendo
786 1283 926 1338 attigit
958 1297 983 1323 a
1015 1283 1100 1323 fine
1133 1296 1272 1337 usque
1305 1282 1360 1323 ad
1393 1282 1523 1323 finem
1563 1281 1725 1323 fortiter
1762 1295 1811 1322 ac
1845 1282 2033 1324 suaviter
2065 1282 2266 1324 universa
2298 1282 2523 1338 disposuit,

336 1346 395 1387 ita
429 1352 471 1389 et
503 1347 584 1394 Tu,
620 1359 717 1386 cum
750 1345 898 1399 primis
932 1345 1152 1400 religione,
1187 1351 1278 1385 tum
1312 1344 1381 1385 illa
1415 1344 1554 1392 etiam,
1577 1358 1664 1398 qua
1697 1343 1884 1385 maxime
1916 1344 2068 1400 fulges,
2102 1345 2310 1399 sapientia
2341 1351 2386 1387 et
2417 1358 2523 1389 con-

336 1407 445 1456 silio,
482 1407 523 1448 in
545 1406 830 1463 gubernanda
852 1407 1091 1461 Republica
1121 1406 1363 1447 Christiana
1394 1406 1501 1447 fines
1527 1407 1660 1447 totius
1689 1405 1806 1447 orbis
1829 1406 2014 1462 attinges
2047 1406 2219 1456 fortiter,
2249 1406 2526 1463 suaviterque

336 1469 516 1524 profana
548 1475 590 1510 et
622 1482 743 1510 sacra
775 1468 994 1523 dispones.
1033 1469 1096 1508 Ita
1128 1467 1242 1508 enirn
1273 1467 1612 1509 Christianorum
1646 1468 1839 1509 omnium
1871 1475 1977 1509 vota
2008 1475 2260 1523 exposcunt,
2283 1468 2356 1523 qui
2388 1477 2526 1526 prope

336 1544 448 1572 voce
481 1545 567 1572 una
599 1531 641 1571 in
676 1532 740 1572 Te
774 1543 898 1585 spem
931 1530 1045 1571 illam
1078 1543 1175 1570 sese
1208 1530 1367 1570 habere
1401 1530 1595 1578 clamant,
1629 1535 1677 1570 ut
1710 1535 1861 1571 cuncta
1892 1529 2103 1571 instaures
2129 1544 2179 1572 ac
2201 1530 2420 1575 reformes.
2462 1531 2527 1575 lta

337 1593 472 1634 virtus
505 1599 579 1634 tua
606 1599 648 1634 et
670 1593 890 1648 integritas
913 1592 1144 1646 requirunt,
1169 1591 1327 1645 quibus
1356 1604 1424 1632 res
1455 1604 1619 1640 omnes,
1644 1597 2018 1646 quantaecumque
2050 1592 2135 1633 sint
2163 1598 2205 1633 et
2233 1593 2527 1647 quamtumvis

338 1655 543 1703 difficiles,
579 1656 645 1696 Te
668 1654 919 1709 iampridem
953 1666 1103 1709 gerere
1137 1659 1178 1694 et
1201 1653 1413 1694 conficere
1445 1665 1576 1708 posse
1609 1653 1860 1708 probavisti.
1894 1654 1958 1694 Ita
1979 1653 2154 1696 demum
2187 1654 2393 1697 mirabilis
2420 1655 2526 1698 haec

338 1717 423 1758 Tui
457 1717 622 1765 electio,
657 1729 768 1770 quae
791 1716 846 1756 ab
870 1716 942 1757 illo
966 1716 1040 1770 qui
1073 1715 1171 1756 facit
1202 1715 1411 1756 mirabilia
1443 1729 1602 1771 magna
1634 1715 1753 1756 solus
1786 1715 1976 1770 profecta
2009 1722 2085 1764 est,
2119 1716 2272 1758 merito
2296 1722 2339 1758 et
2360 1717 2527 1772 optimo

338 1792 420 1820 suo
455 1779 546 1820 iure
579 1778 780 1832 postulat,
814 1784 861 1818 ut
893 1778 1003 1818 iuste
1036 1777 1198 1818 iudices
1230 1777 1274 1818 in
1307 1777 1565 1826 nationibus,
1601 1777 1744 1818 ruinas
1767 1777 1987 1819 Ecclesiae
2019 1777 2212 1832 impleas,
2235 1778 2527 1834 avaritiaeque

339 1847 545 1895 tanquam
579 1839 741 1894 hydrae
775 1840 913 1894 capita
945 1839 1210 1880 renascentia
1243 1839 1343 1895 igne
1377 1839 1561 1880 caritatis
1595 1838 1792 1893 extirpes.
1832 1838 1938 1880 Mihi
1971 1852 2076 1881 vero
2115 1839 2158 1880 in
2191 1839 2274 1882 hoc
2307 1840 2527 1883 communi

341 1902 683 1944 Christianorum
716 1901 900 1957 gaudio,
936 1915 1024 1956 quo
1059 1901 1246 1943 maxime
1277 1901 1426 1942 itidem
1459 1913 1580 1942 meae
1613 1900 1795 1942 laetitiae
1829 1900 2001 1956 signum
2038 1901 2216 1955 aliquod
2250 1907 2291 1943 et
2323 1902 2527 1944 indicium

340 1965 589 2006 exhiberem
628 1964 772 2005 oblata
807 1970 871 2005 est
904 1963 1076 2005 occasio
1111 1963 1209 2012 ista,
1245 1963 1501 2018 disponente
1540 1963 1730 2004 suaviter
1762 1962 1924 2017 Spiritu
1963 1962 2127 2004 Sancto
2163 1970 2211 2005 ut
2242 1964 2347 2006 haec
2380 1970 2528 2006 nostra

340 2027 383 2069 in
416 2026 607 2067 Tertiam
641 2027 811 2067 Partem
846 2025 950 2066 Divi
983 2025 1180 2067 Thomae
1214 2025 1552 2073 Commentaria‚
1586 2025 1683 2066 licet
1715 2024 1924 2079 superiori
1957 2038 2071 2066 anno
2105 2025 2305 2066 absoluta
2335 2025 2528 2076 fuissent,

340 2102 480 2143 usque
513 2088 556 2129 in
590 2101 794 2142 praesens
828 2094 971 2129 tamen
1005 2087 1047 2128 in
1081 2087 1300 2142 publicum
1333 2100 1421 2128 non
1455 2087 1630 2135 exirent,
1665 2100 1754 2141 quo
1787 2086 1848 2127 sic
1881 2086 1981 2128 Tibi
2014 2087 2267 2129 nominatim
2302 2087 2372 2128 illa
2405 2088 2527 2132 dedi·

342 2163 549 2193 caremus,
601 2150 681 2191 Cui
715 2150 829 2191 enim
862 2149 931 2191 alii
965 2149 1137 2203 potius?
1183 2149 1364 2191 Pulchre
1397 2149 1612 2203 siquidem
1646 2148 1845 2204 congruit
1876 2154 1924 2190 ut
1954 2149 2031 2190 has
2065 2155 2234 2191 nostras
2267 2149 2322 2190 de
2356 2149 2528 2195 Christo

343 2212 687 2255 elucubrationes
721 2211 839 2260 Tibi,
874 2211 1031 2253 Christi
1063 2211 1256 2260 Vicario,
1291 2224 1614 2259 consecremus,
1649 2210 1866 2265 iudexque
1899 2210 2064 2252 illarum
2096 2211 2155 2253 sis
2189 2216 2231 2253 et
2263 2223 2427 2261 censor,
2454 2211 2531 2267 qui

343 2274 655 2317 eruditissimus
689 2280 731 2315 et
754 2274 902 2315 ovium
926 2273 1083 2315 Christi
1111 2272 1266 2315 Pastor
1295 2273 1453 2322 existis,
1476 2278 1534 2322 ut,
1559 2286 1656 2314 cum
1690 2272 1744 2315 de
1777 2278 1852 2314 tuo
1886 2278 1991 2314 nutu
2023 2273 2358 2315 Christianarum
2385 2286 2528 2317 rerum

341 2350 511 2379 summa
544 2335 748 2390 pendeat,
783 2335 885 2376 nihil
919 2348 1070 2378 eorum
1102 2348 1214 2390 quae
1247 2334 1302 2376 ad
1337 2335 1574 2376 doctrinam
1607 2335 1775 2389 pietatis
1808 2334 2020 2389 pertinent
2051 2335 2218 2389 absque
2249 2340 2323 2377 tua
2350 2347 2532 2377 censura

343 2405 385 2441 et
418 2398 774 2453 comprobatione
807 2398 1096 2454 pervulgetur.
1129 2398 1253 2439 Illum
1286 2397 1415 2453 igitur
1447 2397 1515 2438 cui
1546 2397 1760 2446 laboravi,
1795 2397 1957 2451 quique
1990 2409 2078 2438 non
2111 2396 2154 2437 in
2186 2396 2341 2446 furore,
2374 2396 2452 2439 sed
2486 2397 2529 2441 in

343 2461 609 2516 benignitate
642 2474 721 2501 sua
753 2461 818 2501 Te
851 2459 1092 2514 Principem
1125 2459 1254 2500 nobis
1277 2459 1406 2508 dedit,
1441 2472 1592 2513 precor
1624 2465 1671 2500 ut
1698 2458 1976 2501 Sanctitatem
2009 2459 2150 2500 Tuam
2179 2472 2311 2512 quarn
2343 2458 2533 2501 maxime

343 2524 604 2578 longaevam
639 2535 734 2564 esse
756 2522 983 2576 velit,-quo
1006 2521 1115 2564 felici
1148 2534 1364 2570 successu,
1388 2521 1441 2562 de
1469 2527 1534 2562 tot
1555 2521 1676 2562 malis
1709 2520 1946 2568 sublevata,
1981 2520 2175 2562 Ecclesia
2207 2521 2250 2561 in
2278 2520 2532 2577 dignitatem

343 2584 565 2639 pristinam
598 2584 853 2625 restituatur.
918 2583 1041 2633 Vale,
1074 2584 1231 2625 PATER
1263 2584 1547 2624 BEATISSIME.

468 2700 650 2748 Romae,
687 2698 755 2740 die
787 2700 828 2742 X
851 2699 1004 2749 Martii,
1039 2713 1155 2741 anno
1188 2699 1348 2740 Salutis
1381 2699 1608 2742 MDXXII.
