2872 3970
887 273 1149 320 QUAESTIO
1179 274 1319 320 XXXI,
1352 273 1644 327 ARTICULUS
1672 274 1716 310 III
2315 274 2388 311 323

220 356 354 393 thaeus
370 352 555 403 perducit.
581 353 724 390 Contra
742 352 849 401 quod
868 351 1103 399 Augustinus
1122 363 1278 400 respon-

0 390 6 398 ‘
55 379 70 398 Τ
179 448 182 450 Α
221 407 294 453 det,
313 406 431 443 XXIII
450 405 546 442 libro
560 411 691 442 contra
704 406 882 441 Faustum
896 404 926 450 ³¹²,
943 404 1062 453 quod,
1077 416 1162 440 cum
1182 404 1278 440 idem

220 459 458 508 Euangelista
491 458 588 495 dicat
621 458 742 494 virum
773 458 928 494 Mariae
955 468 1031 493 esse
1057 457 1208 505 Ioseph,
1247 461 1280 492 et

122 510 153 561 '3
185 530 189 534 ⁴
218 511 359 550 Chrzsti
389 510 547 547 matrem
578 511 763 559 virginem
796 521 889 555 esse,
918 515 951 545 et
987 510 1171 546 Christum
1200 520 1249 545 ex
1266 513 1279 529 ²

219 564 358 602 semine
381 562 524 608 David,
559 562 648 611 quid
679 567 789 598 restat
823 563 894 598 nisi
926 561 1078 598 credere
1106 562 1278 598 Mariam

221 628 295 655 mm
311 615 434 663 fuisse
450 620 668 651 extraneam
687 626 712 651 a
729 615 953 663 cognatione
970 614 1095 651 David
1100 627 1112 658 ,·
1140 619 1173 650 et
1196 625 1278 650 eam

219 668 352 717 Ioseph
377 668 575 716 coniugem
604 678 679 703 non
697 667 846 714 frustra
865 666 1100 716 appellatam,
1122 671 1280 715 propter

219 721 431 761 animorum
445 719 820 767 confoederationem,
837 720 1004 768 quamvis
1022 720 1058 755 ei
1075 731 1149 755 non
1159 720 1280 766 fuerit

219 783 334 811 carne
358 773 600 816 commixtus;
626 777 659 808 et
678 771 690 795 ζ
717 771 817 821 quod
836 773 960 820 potius
982 777 1139 820 propter
1161 771 1279 820 digni-

218 830 327 863 tatem
353 824 497 862 virilem
525 824 618 862 ordo
645 825 929 874 generationum
963 824 1014 860 ad
1038 824 1171 872 Ioseph
1193 835 1278 872 per-

218 876 390 915 ducitur?
430 878 490 914 Sic
524 888 617 926 ergo
652 889 719 914 nos
752 877 936 913 credimus
971 877 1079 913 etiam
1107 877 1278 913 Mariam

118 917 139 946 ⁵⁵
208 930 329 979 fiisse
354 930 391 966 in
412 934 430 956 η
458 931 682 979 cognatione
707 929 850 966 David:
877 930 963 978 quia
982 929 1180 978 Scripturis
1203 940 1278 965 cre-

218 982 349 1028 dimur,
375 994 470 1031 quae
496 987 692 1031 utrumque
719 982 853 1028 dicunt,
873 987 907 1018 et
937 982 1121 1018 Christum
1150 993 1199 1017 ex
1224 993 1278 1017 se-

218 1035 317 1072 mine
348 1034 474 1071 David
504 1035 705 1071 secundum
742 1046 914 1080 carnem,
944 1039 977 1070 et
1011 1035 1087 1070 eius
1120 1039 1278 1070 matrem

217 1088 398 1132 Mariam,
427 1099 502 1124 non
529 1099 615 1124 cum
642 1089 724 1125 viro
751 1086 1048 1132 concumbendo,
1075 1086 1141 1123 sed
1165 1087 1278 1135 virgi-

134 1125 148 1140 l‘
185 1160 192 1166 ·
216 1151 315 1178 nem.
342 1139 392 1176 Ut
419 1138 524 1176 enirn
551 1138 640 1176 dicit
666 1139 940 1188 Hieronymus,
967 1151 1079 1188 super
1096 1139 1230 1176 Matth.
1246 1138 1277 1183 ²¹²,

216 1203 268 1230 ex
292 1204 368 1229 una
395 1193 491 1228 tribu
515 1192 595 1240 suit
620 1193 754 1241 Ioseph
791 1198 824 1228 et
850 1193 1005 1229 Maria:
1038 1191 1136 1228 unde
1168 1197 1200 1227 et
1226 1203 1278 1227 se-

216 1244 378 1283 cundum
395 1244 517 1294 legem
545 1256 628 1282 eam
647 1246 816 1294 accipere
834 1246 1039 1294 cogebatur
1065 1250 1103 1280 ut
1124 1245 1278 1292 propin-

217 1302 339 1347 quam.
373 1298 531 1346 Propter
558 1297 657 1346 quod
681 1303 715 1334 et
740 1297 851 1334 simul
884 1302 1078 1334 censentur
1105 1297 1143 1332 in
1170 1297 1277 1332 Beth-

117 1332 171 1390 '³3³
216 1350 352 1396 lehem,
381 1351 487 1398 quasi
511 1349 557 1386 de
584 1362 660 1387 una
686 1351 798 1399 stirpe
823 1351 1003 1399 generati.

268 1402 326 1439 An
357 1414 547 1439 SECUNDUM
578 1414 759 1440 mcnnnum
796 1402 904 1451 quod
941 1401 1033 1438 huic
1070 1400 1277 1438 obiectioni

217 1453 423 1502 Gregorius
442 1454 710 1492 Nazianzenus
728 1454 748 1476 ’¹‘
775 1454 982 1504 respondet
1009 1453 1140 1491 dicens
1168 1454 1276 1502 quod

124 1494 174 1558 {75
215 1507 292 1545 hoc
315 1514 413 1544 nutu
441 1518 609 1556 superno
637 1507 803 1556 contigit,
822 1515 864 1544 ut
891 1507 1038 1555 regium
1068 1518 1189 1554 genus
1217 1519 1274 1543 sa-

112 1559 136 1611 s
152 1580 165 1597 ;·
182 1583 190 1592 ·
214 1559 394 1598 cerdotali
422 1559 527 1608 stirpi
554 1559 792 1608 iungeretur,
821 1568 863 1597 ut
891 1559 1082 1606 Christus,
1112 1558 1180 1608 qui
1208 1571 1274 1596 rex

265 1673 290 1708 ε)
307 1678 334 1700 et
349 1674 483 1699 Christum
502 1680 547 1699 ex.
558 1687 578 1692 -
591 1674 634 1698 EF
636 1674 710 1703 Gl-l1;
728 1677 754 1699 et
770 1673 903 1699 Ozristum
922 1680 978 1698 esse
992 1673 1014 1702 b,
1029 1676 1056 1697 et
1071 1672 1207 1697 Christum
1222 1679 1277 1696 esse

126 1709 130 1718 ¹
159 1701 186 1722 ⁷³³
215 1717 253 1737 ex
264 1709 307 1739 Pc,
319 1716 356 1734 ex
370 1710 411 1735 ed.
425 1716 449 1738 a,
466 1709 600 1734 Christum
618 1716 656 1734 ex
674 1710 751 1734 ceteri
766 1709 832 1733 bene
851 1709 871 1734 si
892 1717 922 1733 ex
941 1716 963 1734 s.
976 1709 1121 1741 Augustino
1139 1712 1199 1740 post
1221 1707 1276 1731 Dm

214 1739 263 1770 vid
278 1745 399 1769 inseritur
415 1747 442 1769 et
461 1744 552 1776 loseph
571 1744 597 1769 in
617 1744 685 1769 serie
699 1747 943 1777 progeneratorum
965 1743 1066 1768 Otr-isti
1083 1750 1120 1768 ex
1139 1742 1238 1767 David.

215 1789 218 1791 ’
267 1778 293 1814 ζ)
312 1783 347 1805 et.
363 1794 383 1798 -
400 1779 443 1804 EF
462 1785 488 1804 et
505 1779 592 1808 tertia:
610 1787 663 1805 om.

1334 358 1389 388 est
1407 359 1443 388 et
1463 352 1650 397 sacerdos,
1671 351 1720 388 ab
1749 351 1919 399 utrisque
1939 359 2157 388 nasceretur
2176 352 2390 389 secundum

1333 415 1489 440 carnem
1507 404 1538 440 ²⁴.
1576 404 1688 441 Unde
1717 411 1752 440 et
1780 405 1929 450 Aaron,
1960 404 2027 452 qui
2054 404 2123 441 fuit
2158 404 2307 453 primus
2334 417 2390 442 sa-

1332 456 1468 493 cerdos
1496 456 1711 493 secundum
1739 457 1877 503 legem,
1907 456 2014 492 duxit
2041 469 2086 493 ex
2114 457 2215 493 tribu
2243 457 2358 494 Iudae
2378 455 2390 478 θ

1333 508 1538 556 coniugem
1557 508 1763 554 Elisabeth,
1783 508 1903 546 filiam
1923 508 2139 546 Aminadab
2158 509 2188 546 ²³⁸.
2220 509 2282 546 Sic
2301 521 2390 557 ergo
2427 545 2432 548 .

1332 561 1456 610 potuit
1483 561 1566 598 fieri
1594 568 1636 597 ut
1663 569 1770 610 pater
1803 560 1996 597 Elisabeth
2025 561 2194 610 aliquam
2229 573 2391 598 uxorem

1333 613 1509 650 habuerit
1545 614 1592 650 de
1621 613 1735 662 stirpe
1772 613 1918 658 David,
1948 613 2093 650 ratione
2131 614 2240 650 cuius
2276 615 2391 651 Beata

1332 665 1448 713 Virgo
1476 666 1619 711 Maria,
1649 678 1748 714 quae
1785 665 1854 702 fuit
1891 666 1938 702 de
1970 666 2084 714 stirpe
2121 666 2266 712 David,
2296 674 2392 702 esset

1333 718 1527 755 Elisabeth
1555 726 1726 766 cognata.
1756 719 1826 755 Vel
1853 718 1981 766 potius
2010 731 2030 755 e
2059 731 2246 755 converso
2285 719 2391 767 quod

1332 778 1440 820 pater
1468 772 1606 808 Beatae
1633 770 1800 816 Mariae,
1830 771 1877 807 de
1906 771 2020 819 stirpe
2055 771 2180 808 David
2218 771 2390 817 existens,

1333 835 1496 860 uxorem
1523 823 1699 860 habuerit
1727 823 1774 860 de
1803 823 1916 872 stirpe
1945 825 2086 860 Aaron.

1385 877 1467 921 Vel,
1488 875 1585 912 sicut
1611 875 1846 924 Augustinus
1874 875 1973 921 dicit,
1994 877 2112 913 XXIII
2140 883 2270 913 contra
2293 878 2391 914 Fau-

1331 935 1426 965 stum
1445 929 1475 974 ²¹³,
1505 928 1536 965 si
1555 928 1735 974 Ioachim,
1756 936 1862 977 pater
1880 929 2036 975 Mariae,
2058 929 2105 965 de
2129 929 2242 978 stirpe
2261 930 2391 966 Aaron
2419 930 2431 942 ’

1331 980 1400 1017 fuit
1427 982 1484 1028 (ut
1512 982 1675 1018 Faustus
1695 981 1907 1018 haereticus
1932 994 2002 1030 per
2026 982 2214 1030 quasdam
2235 981 2391 1030 scriptu-

1332 1046 1392 1070 ras
1420 1034 1661 1082 apocryphas
1688 1034 1908 1081 asserebat),
1938 1034 2174 1071 credendum
2203 1042 2258 1070 est
2285 1034 2392 1082 quod

1331 1093 1454 1122 mater
1480 1086 1650 1123 Ioachim
1678 1086 1788 1122 fuerit
1815 1087 1863 1122 de
1891 1085 2005 1135 stirpe
2033 1086 2170 1132 David,
2190 1089 2251 1123 vel
2278 1087 2391 1123 etiam

1331 1150 1431 1175 uxor
1458 1138 1559 1175 eius:
1589 1138 1639 1175 ita
1667 1139 1775 1186 quod
1802 1150 1871 1186 per
1899 1139 2065 1187 aliquem
2094 1139 2259 1176 modum
2291 1139 2391 1176 diea-

1331 1203 1419 1227 mus
1447 1190 1612 1227 Mariam
1640 1190 1754 1227 fuisse
1783 1191 1831 1227 de
1858 1191 2070 1239 progenie‘
2099 1191 2236 1228 David.

1383 1244 1442 1279 AD
1469 1255 1628 1280 TERTIUM
1655 1255 1836 1280 mel-:NDUM
1865 1244 1972 1291 quod
1999 1255 2068 1292 per
2095 1243 2198 1280 illam
2231 1244 2391 1281 auctori-

1331 1302 1447 1332 tatem
1475 1295 1753 1344 propheticam,
1783 1295 1878 1332 sicut
1905 1295 2133 1332 Ambrosius
2162 1296 2260 1339 dicit,
2282 1309 2393 1346 super

1331 1349 1421 1385 Luc.
1441 1348 1471 1394 ³¹⁶,
1502 1360 1576 1385 non
1606 1354 1767 1398 negatur
1785 1361 1834 1385 ex
1850 1351 1990 1385 semine
2014 1348 2213 1386 Iechoniae
2226 1356 2393 1398 posteros

1332 1402 1548 1438 nascituros.
1582 1402 1629 1438 Et
1648 1401 1729 1438 ideo
1748 1401 1794 1437 de
1810 1403 1950 1438 semine
1969 1403 2046 1438 eius
2067 1403 2232 1438 Christus
2257 1408 2317 1439 est.
2346 1404 2393 1439 Et

1331 1454 1431 1502 quod
1448 1455 1619 1502 regnavit
1641 1454 1816 1499 Christus,
1833 1466 1907 1490 non
1928 1460 2058 1491 contra
2072 1456 2307 1503 prophetiam
2326 1461 2393 1492 est.-

1330 1518 1404 1542 non
1443 1508 1542 1542 enim
1578 1506 1765 1543 saeculari
1796 1508 1939 1543 honore
1966 1509 2156 1556 regnavit;
2190 1509 2266 1556 ipse
2293 1510 2391 1544 enim

1328 1559 1431 1604 dixit,
1469 1573 1487 1592 ⁴<
1508 1560 1686 1608 Regnum
1711 1571 1835 1595 meum
1861 1571 1936 1596 non
1966 1565 2016 1596 est
2040 1560 2085 1596 de
2108 1561 2178 1596 hoc
2197 1561 2336 1597 mundo
2358 1576 2390 1598 ».

1381 1670 1409 1704 η)
1429 1672 1465 1697 in.
1477 1686 1497 1690 —
1515 1672 1548 1697 de
1562 1673 1585 1696 Η
1599 1677 1624 1697 et
1635 1673 1768 1698 editiones.
1780 1687 1799 1691 -
1818 1673 1966 1705 Scripturis
1984 1674 2057 1698 DIsH
2073 1680 2098 1699 et
2115 1674 2239 1699 editiones
2274 1675 2300 1700 in
2320 1675 2392 1700 Seri-

1325 1707 1423 1738 pturis.

1380 1740 1405 1773 θ)
1425 1741 1518 1768 Iudae.
1536 1757 1555 1761 -
1575 1742 1643 1766 Iuda
1661 1743 1701 1767 ed.
1720 1750 1737 1767 a
1756 1748 1782 1767 et
1800 1743 1874 1768 tertia
1891 1749 1992 1775 praeter
2013 1744 2031 1768 1.

1382 1776 1400 1811 ι)
1416 1778 1555 1810 progenie.
1572 1791 1592 1796 -
1609 1778 1693 1809 stirpe
1711 1779 1784 1802 tertia
1803 1784 1904 1810 praeter
1923 1779 1940 1804 1.

886 1858 1220 1892 Commentaria
1243 1855 1496 1888 cardinalis
1518 1857 1720 1890 Caietam

273 1975 455 2016 specialiter
483 1975 602 2006 dicitur
620 1974 717 2016 filius
744 1974 893 2005 Abrahae
919 1979 950 2004 et
970 1973 1088 2004 David.
1122 1972 1277 2002 Probatur

54 1920 61 1969 j*
115 1926 124 1947 ³³
212 1941 381 2005 T1wws
412 1931 524 1962 clarus.
547 1949 570 1953 -
593 1931 629 1961 In
656 1940 791 1970 corpore
818 1940 883 1961 una
913 1929 1096 1960 conclusio:
1129 1927 1276 1958 Christus

114 1977 123 1990 ,,

1330 1927 1446 1966 triplici
1462 1929 1583 1959 ratione
1597 1930 1838 1960 convenientiae
1855 1939 1952 1969 quare
1968 1930 2153 1970 specialiter.
2171 1931 2288 1962 Omnia
2312 1933 2392 1963 clara

1332 1976 1416 2002 sunt.
1433 1971 1474 2002 Et
1490 1973 1562 2012 plus
1578 1973 1789 2013 respondetur
1805 1983 1903 2014 quam
1919 1973 2013 2005 fuerit
2039 1976 2228 2015 quaesitum,
2246 1982 2281 2006 ut
2296 1982 2391 2017 patet.

1010 2123 1329 2167 ARTICULUS
1365 2125 1595 2177 TERTIUS

465 2208 622 2239 UTRUM
645 2207 929 2238 GENEALOGIA
953 2207 1125 2239 CHRISTI
1150 2208 1493 2239 CONVENIENTER
1515 2209 1572 2238 AB
1595 2208 1908 2240 EVANGELISTIS
1932 2209 2140 2241 TEXATUR

1167 2285 1196 2310 In
1216 2285 1324 2315 Mateh„
1344 2294 1399 2319 cap.
1418 2294 1436 2311 1.

367 2386 370 2387 ν
424 2377 446 2401 ι)
465 2376 624 2401 TERTIUM
652 2376 704 2401 sm
723 2370 958 2400 PROCEDITUR.
988 2362 1149 2400 Videtur
1167 2364 1275 2412 quod

248 2398 260 2406 ,s
283 2383 312 2406 *θ’
333 2387 381 2409 ,μ’

212 2429 218 2434 ·
242 2399 300 2446 'E'
343 2387 405 2464 {ii
424 2416 646 2465 genealogia
687 2416 827 2453 Christi
868 2416 1185 2453 inconvenienter
1226 2417 1274 2453 ab

169 2470 178 2493 ³
214 2483 216 2486 ’
234 2460 281 2495 ’θ’
295 2486 344 2501 ν’
362 2454 392 2510 ³3
407 2467 411 2470 ζ
426 2468 675 2518 Evangelistis
694 2477 841 2506 texatur
854 2468 884 2505 ³¹⁸.
913 2468 1059 2506 Dicitur
1078 2468 1181 2505 enim
1201 2470 1274 2506 Isa-

382 2514 412 2556 lx
426 2522 484 2560 iae
503 2534 561 2559 Lm
573 2522 600 2550 ³⁸
626 2522 675 2559 de
695 2522 865 2559 Christo:
893 2522 1179 2558 Generationem
1198 2524 1275 2559 eius

158 2573 182 2587 ”
218 2576 296 2624 quis
326 2575 546 2612 enarrabit?
579 2576 682 2623 Ergo
709 2586 790 2612 non
817 2573 886 2611 fuit
915 2574 1053 2611 Christi
1081 2574 1273 2622 generatio

218 2627 441 2665 enarranda.

272 2691 306 2716 2.
335 2681 565 2727 PRAETEREA,
586 2679 820 2729 impossibile
847 2687 902 2717 est
920 2692 1045 2716 unum
1074 2680 1274 2717 hominem

214 2732 316 2770 duos
342 2740 467 2782 patres
495 2733 648 2770 habere.
688 2733 764 2770 Sed
791 2733 1010 2770 Matthaeus
1046 2733 1135 2770 dicit
1167 2733 1275 2782 quod

216 2786 331 2823 Iacob
356 2787 484 2835 genuit
516 2787 668 2835 Ioseph,
696 2787 820 2823 virum
847 2788 1020 2823 Mariae:
1053 2787 1179 2823 Lucas
1208 2798 1274 2823 au—

217 2844 294 2874 tem
313 2837 401 2874 dicit
419 2839 557 2887 Ioseph
575 2838 689 2875 fuisse
708 2837 832 2875 filium
847 2838 944 2875 Heli.
965 2839 1067 2887 Ergo
1087 2839 1275 2876 contraria

219 2889 288 2927 sibi
314 2889 480 2927 invicem
509 2890 688 2928 scribunt.

256 2941 306 2979 ’3.
335 2943 565 2988 ΡιιΑΕτΕκΕΑ,
585 2943 765 2980 videntur
791 2943 830 2980 in
859 2943 1092 2992 quibusdam
1112 2956 1134 2980 a
1153 2956 1192 2980 se
1222 2943 1273 2980 in-

218 2994 342 3033 vicem
361 2995 618 3032 diversificari.
646 2996 863 3032 Matthaeus
891 2995 1006 3043 enim,
1027 2995 1067 3032 in
1085 2996 1273 3046 principio

218 3045 311 3093 libri,
341 3047 526 3096 incipiens
553 3048 602 3084 ab
623 3047 830 3094 Abraham,
851 3048 1121 3085 descendendo
1149 3061 1274 3097 usque

218 3099 267 3137 ad
293 3101 449 3149 Ioseph,
478 3099 726 3149 quadraginta
761 3100 857 3136 duas
884 3100 1146 3148 generationes
1181 3113 1274 3138 enu-

217 3158 348 3190 merat.
377 3153 504 3189 Lucas
532 3159 659 3189 autem
679 3159 766 3201 post
784 3152 1018 3201 baptismum
1047 3153 1185 3189 Christi
1212 3165 1273 3202 ge-

215 3204 454 3242 nerationem
484 3204 622 3242 Christi
649 3204 768 3253 ponit,
797 3204 981 3254 incipiens
1009 3217 1031 3242 a
1060 3205 1212 3242 Christo
1239 3214 1275 3242 et

217 3257 431 3305 perducens
473 3256 763 3306 generationum
807 3269 1016 3294 numerum
1061 3269 1184 3306 usque
1225 3259 1275 3294 ad

218 3307 357 3357 Deum,
386 3322 536 3359 ponens
563 3309 824 3358 generationes
853 3308 1088 3358 septuaginta
1116 3317 1273 3358 septem,

220 3368 382 3411 utroque
411 3370 580 3399 extremo
609 3369 841 3411 computato.
871 3361 1031 3398 Videtur
1058 3373 1147 3410 ergo
1167 3362 1274 3410 quod

220 3410 532 3452 inconvenienter
558 3414 843 3463 generationem
873 3413 1011 3451 Christi
1048 3414 1272 3452 describant.

273 3523 300 3558 α)
311 3525 386 3559 filius
407 3526 472 3554 eius.
488 3541 508 3546 —
520 3527 555 3558 P;
566 3527 645 3560 filius
654 3527 757 3560 fratris
775 3527 846 3554 eius,-
864 3534 886 3552 s.
899 3527 969 3552 Hier.
983 3534 1061 3559 super
1079 3527 1181 3552 Matth.:
1202 3536 1215 3550 ι
1233 3527 1271 3551 Ιο-

221 3558 336 3586 nabeth...
355 3568 428 3586 soror
446 3561 577 3588 Ochozias
596 3562 652 3587 tulit
670 3562 726 3587 Ioas
745 3561 825 3587 filium
846 3562 929 3587 fratris
948 3562 995 3587 sui.
1011 3571 1023 3584 »

1379 2377 1415 2411 4.
1448 2365 1686 2411 PRAETEREA,
1716 2366 1766 2402 IV
1793 2366 2005 2415 Reg.V111'le
2032 2366 2167 2414 legitur
2194 2368 2300 2416 quod
2334 2369 2390 2404 Io-

1329 2428 1413 2454 ram
1440 2417 1571 2465 genuit
1599 2417 1834 2464 Ochoziam;
1868 2418 1931 2455 cui
1959 2419 2137 2455 successit
2164 2420 2258 2466 Ioas,
2288 2419 2390 2457 filius

1329 2469 1411 2507 eius
1431 2470 1500 2516 “²¹⁸3
1531 2470 1621 2507 huic
1648 2478 1777 2507 autem
1815 2471 1994 2508 successit
2028 2471 2129 2508 filius
2164 2471 2246 2508 eius
2274 2474 2389 2509 Ama-

1329 2522 1402 2560 sias
1420 2523 1461 2568 *;
1490 2531 1623 2572 postea
1651 2523 1821 2571 regnavit
1839 2523 1941 2560 filius
1969 2524 2051 2561 eius
2070 2524 2223 2562 Azarias
2242 2524 2292 2571 *ἦ
2322 2526 2389 2574 qui

1329 2577 1542 2626 appellatur
1574 2575 1687 2613 Ozias
1706 2576 1743 2621 *;
1773 2575 1835 2612 cui
1870 2576 2048 2613 successit
2084 2578 2258 2624 Ioathan,
2286 2577 2388 2614 filius

1330 2628 1412 2665 eius
1437 2628 1467 2665 ³¹⁸.
1510 2629 1728 2666 Matthaeus
1756 2636 1886 2665 autem
1918 2629 2007 2666 dicit
2034 2630 2140 2679 quod
2168 2632 2298 2667 Ioram
2326 2643 2388 2680 ge-

1330 2683 1407 2718 nuit
1438 2682 1577 2730 Oziam.
1616 2682 1717 2729 Ergo
1746 2681 1896 2718 videtur
1928 2682 2241 2719 inconvenienter
2276 2694 2388 2730 gene—

1330 2733 1518 2771 rationem
1547 2733 1686 2771 Christi
1714 2733 1938 2780 describere,
1959 2743 2032 2771 tres
2061 2747 2165 2783 reges
2194 2735 2232 2771 in
2258 2736 2388 2777 medio

1329 2786 1641 2836 praetermittens.
2290 2819 2292 2823 ,

1386 2840 1419 2876 5.
1456 2841 1692 2885 PRAETEREA,
1723 2851 1859 2876 omnes
1896 2839 1962 2888 qui
1991 2839 2029 2876 in
2059 2839 2197 2876 Christi
2233 2852 2388 2888 genera-

1328 2891 1432 2928 tione
1461 2891 1729 2928 deseribuntur
1761 2899 1886 2940 patres
1919 2893 2138 2929 habuerunt
2166 2900 2201 2929 et
2229 2901 2386 2939 matres,

1330 2952 1366 2981 et
1392 2943 1547 2993 plurimi
1576 2943 1690 2980 etiam
1718 2956 1764 2980 ex
1792 2944 1845 2980 eis
1872 2944 2001 2981 fratres
2030 2945 2257 2982 habuerunt.
2291 2947 2387 2982 Mat-

1329 2998 1464 3033 thaeus
1493 3004 1621 3033 autem
1650 2995 1689 3032 in
1708 2996 1950 3043 generatione
1980 2997 2118 3034 Christi
2146 3005 2219 3034 tres
2238 3005 2387 3035 tantum

1329 3056 1469 3085 matres
1497 3048 1670 3084 nominat
1689 3047 1714 3095 fl,
1735 3048 1874 3085 scilicet
1892 3050 2077 3096 Thamar,
2098 3051 2202 3087 Ruth
2232 3058 2268 3087 et
2293 3063 2387 3088 uxo—

1330 3113 1412 3137 rem
1441 3100 1564 3138 Uriae.
1595 3101 1743 3137 Fratres
1772 3108 1900 3138 autern
1929 3102 2102 3139 nominat
2130 3103 2244 3140 Iudae
2273 3111 2309 3140 et
2337 3105 2387 3141 Ie-

1330 3153 1511 3190 choniae:
1549 3160 1584 3189 et
1611 3152 1749 3190 iterum
1778 3154 1920 3190 Phares
1955 3162 1991 3191 et
2018 3155 2168 3192 Zaram.
2206 3157 2386 3202 Quorum

1330 3205 1422 3242 nihil
1450 3204 1577 3254 posuit
1604 3206 1741 3242 Lucas.
1781 3207 1882 3254 Ergo
1910 3207 2088 3244 videntur
2125 3209 2386 3256 Evangelistae

1330 3257 1644 3294 inconvenienter
1670 3259 1931 3307 genealogiam
1960 3260 2097 3297 Christi
2133 3261 2384 3311 descripsisse.

1383 3310 1456 3346 SED
1485 3322 1629 3346 CONTRA
1658 3323 1722 3347 EST
1750 3312 1952 3349 auctoritas
1981 3313 2207 3362 Scripturae.

1382 3364 1606 3399 RESPONDEO
1625 3375 1805 3401 DICENDUM
1825 3366 1943 3413 quod,
1966 3365 2061 3402 sicut
2084 3366 2220 3403 dicitur
2240 3368 2268 3403 II
2290 3370 2383 3405 Tim.

1329 3427 1360 3451 111
1379 3414 1409 3461 ³¹⁵,
1439 3417 1558 3452 omnis
1586 3417 1776 3465 Scriptura
1794 3429 1904 3455 sacra
1923 3425 1973 3455 est
1998 3419 2167 3456 divinitus
2195 3422 2383 3470 inspirata.

1380 3527 1405 3562 β’)
1425 3531 1524 3553 matres
1543 3528 1672 3554 nominat.
1690 3543 1708 3547 —
1727 3533 1864 3554 enumerat
1883 3533 1981 3555 matres
1999 3530 2079 3556 tertia.

2419 416 2428 425 ⁴
2442 414 2470 436 D.
2488 421 2553 442 ¹⁰94-

2516 454 2529 478 Θ

2420 513 2428 520 ·
2444 511 2520 532 Exod.
2534 516 2584 538 cap.
2600 516 2630 542 Y¹⁷

2418 537 2631 590 fflss.0²„³;;.11vcssssz

2418 597 2439 618 7.

2422 1353 2632 1381 ·Exp0sit.1ib.111,

2419 1380 2447 1401 ad
2459 1386 2508 1407 cap.
2523 1386 2558 1407 ιιι,
2571 1386 2630 1401 vers.

2420 1412 2444 1434 ²5
2459 1413 2510 1434 sqq·

2421 2378 2430 2387 ·
2435 2377 2500 2399 Vers.
2509 2383 2545 2403 ²4-

2515 2483 2531 2498 α

2418 2508 2427 2518 ·
2442 2507 2510 2534 lbid„
2523 2514 2573 2535 cap.
2585 2514 2614 2529 xi.

2418 2535 2427 2544 ⁸
2437 2534 2505 2560 lbid„
2520 2540 2570 2561 cap.
2586 2541 2628 2560 xn,

2417 2566 2474 2581 vers.
2489 2567 2521 2582 αι.

2416 2588 2437 2598 ⁸·
2445 2586 2568 2614 lbid.‚cap.
2582 2593 2629 2613 xiv,

2416 2619 2475 2634 vers.
2489 2619 2523 2635 ιι.

2416 2641 2425 2650 ·
2434 2639 2568 2666 11Paratip.
2577 2645 2626 2667 cap.

2415 2671 2628 2719 ἕῖὕᾘὲῗὲιρῑῃ,

2416 2724 2475 2740 vers.
2490 2724 2512 2746 7.

2414 3432 2423 3442 ⁸
2438 3430 2503 3452 Vers.
2521 3431 2553 3452 ιδ.
