2912 4030
2418 233 2453 258 Xl

261 317 292 342 et
315 317 398 351 quae
423 311 518 341 lectio
544 310 642 340 huius
662 308 795 339 codicis
822 308 932 347 aliquo
959 307 1086 337 librario
1111 316 1178 337 non
1205 310 1328 336 errante
1355 306 1357 320 ¹
1383 303 1584 334 deficiebant.
1609 304 1674 334 Eos
1705 304 1818 333 erroris
1849 309 1995 333 auctores
2018 312 2087 332 non
2105 302 2219 338 fuisse,
2244 301 2300 332 sed
2327 306 2453 332 tantum

259 355 380 391 fuisset,
405 355 535 386 traditio
555 355 624 394 ipsa
645 352 843 384 manifestat:
867 361 935 392 quo
955 351 990 381 fit
1005 357 1042 381 ut
1057 351 1223 391 singularis
1243 359 1329 380 error

259 400 511 440 transcriptionis
533 399 573 429 ab
597 397 747 438 opposita
779 397 918 427 lectione
952 397 1042 436 quasi
1069 396 1269 426 resorbeatur
1298 399 1330 423 et

260 454 279 474 a
300 443 470 474 traditione
492 442 665 475 virtualiter
688 441 854 481 dispareat.
882 440 1026 470 Traditio
1046 449 1123 470 vero
1140 450 1158 470 a
1173 449 1206 470 se
1223 445 1255 469 et
1273 447 1330 478 per

260 495 298 519 se
317 488 472 518 lectiones
494 487 691 518 authenticas
714 494 906 515 communes
924 494 991 515 non
1008 484 1173 524 distinguit
1188 484 1227 513 ab
1244 492 1330 513 erro-

260 532 347 563 ribus
365 541 434 563 non
456 532 569 563 minus·
586 530 824 565 communibus,
848 528 905 559 sed
928 530 1036 569 potius
1059 530 1165 559 bonae
1182 534 1213 558 et
1228 527 1330 558 malae

260 577 342 616 parti
364 581 470 607 textus
500 574 635 607 eandem
665 574 939 605 authenticitatem
962 574 1112 609 attribuit,
1137 574 1330 612 inquantum

262 627 398 662 concors
420 625 454 650 et
475 625 631 660 perpetua
668 619 924 658 exemplatorum
956 619 1114 648 attestatio
1147 617 1331 647 communis

261 665 451 705 exemplaris
482 669 606 694 textum
637 663 828 694 manifestat.
861 662 1035 702 Quotquot
1066 671 1143 702 ergo
1176 661 1331 691 lectiones

262 709 422 740 aboi-avae
449 709 616 739 communi
650 707 802 738 codicum
835 708 1023 738 testimonio
1057 708 1231 746 signantur,
1256 706 1331 736 toti-

262 753 337 784 dem
359 753 431 784 loca
464 750 648 783 communis
683 751 871 792 exemplaris
906 761 1004 792 quarn
1037 751 1275 781 distinctissime
1296 759 1332 780 se

262 797 412 828 offerunt.

317 850 349 881 4.
373 842 418 872 Ut
435 850 519 882 quae
537 841 707 881 hucusque
726 846 858 871 tractata
873 846 948 871 sunt
964 840 1122 880 exemplis
1137 838 1217 869 datis
1235 838 1332 868 clare-

263 891 362 922 scant,
378 893 447 918 rem
469 890 610 926 quatuor
632 885 825 916 lectionibus
849 886 989 915 erroneis
1011 885 1187 915 illustrabo.

265 987 268 989 Δ
322 972 460 1007 Expectet
480 970 604 999 lucem...
627 975 656 998 et
676 978 739 998 non
759 969 886 998 videat...
902 979 955 998 nec
976 976 1075 998 ortum
1095 977 1146 997 sue
1168 967 1261 1005 gentis
1282 977 1334 995 au-

263 1017 354 1041 ctore.
374 1018 465 1038 xxvn.
481 1017 509 1038 2.
524 1011 562 1039 ad
578 1017 606 1038 2.
955 1025 960 1031 -

322 1051 400 1087 apud
417 1049 544 1079 bransim
559 1050 588 1078 in
601 1049 751 1078 Trinitatis
765 1048 884 1078 nomine
899 1048 1092 1086 baptizantur.
1106 1055 1205 1078 vam.
1217 1048 1244 1075 8.
1256 1048 1285 1076 S.
1299 1047 1332 1075 C.

285 1099 287 1101 ·
323 1090 382 1119 Sed
396 1089 466 1128 quia
478 1099 539 1118 non
560 1098 606 1118 res
627 1096 670 1118 est
684 1089 715 1118 in
736 1089 857 1118 omnino
879 1090 925 1118 vel
945 1096 988 1118 est
1002 1088 1082 1117 aliud
1094 1089 1256 1117 secundum
1272 1096 1333 1116 rem

263 1130 444 1168 suppositum
466 1137 494 1158 et
515 1137 627 1159 natura.
648 1138 678 1158 11.
695 1137 723 1157 2.
739 1139 819 1166 corp.
836 1130 913 1157 med.

323 1178 360 1199 ne
382 1170 478 1198 fervor
504 1169 574 1198 fidei
601 1169 740 1206 temporis
761 1168 923 1205 prolixitate
949 1174 1108 1206 tepesceret
1130 1167 1233 1196 caritas
1259 1167 1334 1195 mul-

263 1215 371 1238 torum.
393 1217 412 1237 1.
430 1210 456 1237 5.
472 1217 552 1246 corp.
569 1209 619 1237 fin.

319 1289 356 1319 In
385 1289 493 1329 primo
527 1288 676 1328 exemplo
707 1297 765 1319 sue
798 1287 906 1329 gentis
936 1291 1072 1318 auctore
1105 1288 1259 1327 scriptum
1289 1291 1336 1317 est

263 1335 324 1374 pro
346 1333 512 1375 surgentis
536 1341 668 1364 aurore.
700 1332 736 1362 In
759 1331 902 1363 secundo
926 1332 1070 1362 bransim
1095 1341 1155 1372 pro
1186 1331 1334 1362 heresim.

263 1378 330 1408 Pro
359 1378 454 1408 tertio
488 1376 664 1417 legendum
697 1382 744 1407 est
782 1390 796 1403 ε
823 1376 859 1407 Si
881 1385 946 1417 qua
969 1386 1046 1407 vero
1070 1385 1119 1407 res
1144 1381 1190 1406 est
1212 1376 1247 1406 in
1271 1384 1335 1416 qua

264 1423 401 1453 omnino
425 1421 507 1452 nihil
529 1427 576 1452 est
599 1421 687 1452 aliud
710 1426 847 1462 praeter
869 1421 1030 1452 rationem
1060 1421 1177 1461 speciei
1204 1421 1256 1451 vel
1278 1429 1336 1451 na-

265 1471 368 1503 turae,
392 1466 478 1504 sicut
498 1470 547 1497 est
566 1466 600 1496 in
623 1466 706 1501 Deo,
729 1466 775 1496 ‘ibt'
798 1465 882 1496 enim
906 1465 1006 1506 (enim
1029 1465 1183 1505 abundat)
1208 1475 1273 1495 non
1290 1470 1338 1495 est

264 1511 357 1542 aliud
379 1510 560 1542 secundum
582 1519 652 1541 rem
674 1510 880 1550 suppositum
904 1515 936 1541 et
957 1515 1071 1541 natura
1089 1523 1117 1540 ».
1141 1510 1203 1540 Pro
1221 1515 1335 1550 quarto

263 1556 387 1596 legatur
413 1568 427 1582 «
446 1565 488 1586 ne
512 1555 618 1586 fervor
647 1554 725 1586 fidei
754 1555 909 1595 temporis
941 1555 1121 1595 prolixitate
1149 1559 1336 1594 tepesceret,

264 1600 342 1641 quia
365 1600 455 1631 circa
477 1600 585 1641 finem
605 1599 719 1630 mundi
743 1599 936 1641 rest-igescet
966 1600 1078 1630 caritas
1110 1599 1288 1629 multorum
1308 1611 1335 1628 »-

265 1644 347 1682 Quis
370 1644 416 1675 rei
439 1644 568 1675 criticae
590 1649 655 1674 tam
678 1643 846 1684 imperitus
871 1649 927 1679 est,
947 1649 983 1674 ut
1006 1643 1046 1674 de
1070 1644 1229 1674 erroribus
1253 1649 1337 1673 tran—

265 1689 447 1730 scriptionis
462 1689 515 1719 hic
531 1689 582 1728 agi
597 1686 716 1728 neget?
738 1687 912 1718 Versamur
933 1687 1081 1728 profecto
1098 1689 1131 1718 in
1146 1697 1179 1718 re
1195 1688 1336 1723 libraria;

266 1733 436 1774 explicatio
469 1733 584 1763 harum
614 1733 792 1763 lectionum
815 1741 883 1762 non
906 1733 940 1762 in
963 1733 1048 1763 Aula
1074 1731 1256 1772 quaerenda
1281 1736 1338 1767 est,

265 1777 322 1808 sed
344 1778 378 1808 in
402 1777 589 1817 Scriptorio.
623 1777 728 1807 Malae
757 1777 913 1806 lectiones
935 1782 992 1806 sue
1013 1777 1122 1817 gentis
1149 1781 1284 1806 auctore
1307 1781 1339 1805 et

265 1822 409 1853 bransim
426 1826 514 1852 ortae
530 1826 605 1851 sunt
621 1830 660 1851 ex
671 1820 755 1851 male
766 1821 840 1850 visis
852 1821 1015 1860 scripturis
1030 1821 1197 1862 surgentis
1216 1829 1339 1850 aurore

267 1872 298 1897 et
317 1866 465 1902 heresim,
479 1865 675 1905 compendio
691 1865 743 1895 vel
762 1865 858 1905 plene
870 1865 1003 1905 scriptis.
1022 1865 1057 1895 In
1069 1865 1163 1895 tertio
1177 1865 1337 1905 exemplo,

265 1911 348 1941 inter
371 1910 432 1941 alia
454 1910 620 1945 mirabilia,
644 1909 800 1940 habemus
828 1909 1002 1940 lectionem
1030 1919 1127 1940 sensu
1155 1909 1339 1940 destitutam

265 1962 324 1996 per
346 1955 557 1986 omissionem
580 1954 795 1984 homoteleuti
812 1958 948 1994 praeter
963 1954 1157 1985 rationem...
1174 1959 1222 1985 est
1237 1953 1338 1984 aliud.

266 1999 389 2038 Quarta
403 1999 500 2030 lectio
517 2003 630 2029 trunca
645 2003 693 2029 est
708 1999 747 2028 ab
764 1999 939 2029 omissione
955 1999 1212 2029 homoeoteleuti
1228 1998 1338 2039 quia...

268 2043 470 2086 refrigescet.
493 2043 542 2073 Ex
558 2042 750 2073 multiformi
767 2052 842 2083 ergo
859 2052 975 2083 genere
999 2053 1144 2074 errorum
1169 2044 1286 2083 quibus
1303 2043 1340 2073 li-

267 2089 361 2119 brarii
384 2088 520 2119 fataliter
542 2088 723 2123 subiacent,
749 2087 827 2118 duas
850 2088 903 2118 hic
927 2088 1050 2128 species
1072 2088 1244 2118 habemus:
1274 2097 1340 2118 una

266 2138 402 2164 vocatur
422 2132 499 2163 falsa
521 2133 740 2172 interpretatio
763 2132 941 2163 litterarum
957 2133 1008 2162 vel
1028 2131 1226 2172 compendii,
1244 2132 1341 2162 altera

268 2178 406 2208 omissio*
425 2176 650 2207 homoteleun'.

323 2222 431 2252 Prima
445 2221 541 2252 lectio
559 2230 635 2261 ergo
652 2220 796 2251 eiusdem
819 2226 950 2251 naturae
967 2226 1014 2251 est
1030 2230 1066 2251 ac
1083 2220 1233 2257 secunda,
1250 2221 1341 2251 tertia

224 2294 228 2297 ,
268 2275 337 2298 non
353 2265 457 2297 differt
473 2265 680 2296 essentialiter
695 2275 713 2295 a
729 2270 851 2305 quarta.
869 2265 932 2296 Sed
947 2265 1107 2296 secundae
1123 2265 1157 2295 in
1172 2265 1341 2296 traditione

269 2311 331 2342 alia
353 2311 472 2351 positio
490 2316 537 2340 est
553 2319 651 2350 quam
675 2310 806 2350 primae,
824 2314 856 2341 et
871 2314 1001 2350 quartae
1018 2310 1077 2340 alia
1094 2319 1191 2350 quam
1215 2310 1340 2341 tertiae:

269 2356 375 2396 prima
397 2354 518 2386 scilicet
543 2363 612 2385 uno
640 2354 711 2384 solo
735 2354 817 2394 siglo
841 2355 993 2394 signatur,
1011 2354 1057 2391 D;
1082 2355 1226 2385 similiter
1241 2355 1343 2391 tertia,

270 2400 316 2436 A;
341 2399 483 2430 secunda
516 2403 548 2429 et
578 2404 690 2438 quarta
724 2399 888 2438 signantur
924 2412 938 2425 ‹
958 2399 1060 2439 prima
1079 2412 1107 2435 »‚
1144 2398 1226 2430 idest
1257 2399 1343 2439 siglis

271 2445 422 2475 omnium
454 2443 605 2474 codicum
637 2443 760 2483 primae
793 2443 908 2474 classis.
944 2443 1010 2474 Sub
1039 2443 1161 2474 diversa
1184 2444 1345 2484 signatura

275 2502 290 2515 ‹
308 2488 338 2519 D
359 2501 372 2515 ›
401 2493 432 2518 et
458 2501 473 2514 «
491 2489 595 2528 prima
614 2500 642 2524 »‚
666 2488 821 2518 lectiones
841 2498 859 2518 a
879 2488 955 2518 falsa
978 2488 1239 2528 interpretatione
1262 2489 1345 2518 litte-

271 2542 380 2564 rarum
413 2541 565 2563 erroneae
597 2533 739 2572 speciem
771 2541 840 2562 non
873 2538 1008 2563 mutant.
1042 2533 1158 2572 Neque
1189 2533 1346 2563 lectiones

277 2591 290 2604 «
310 2577 341 2608 Α
359 2589 373 2604 »
405 2582 437 2607 et
464 2587 481 2603 ’«
500 2577 605 2618 prima
623 2590 638 2603 ι
672 2577 711 2606 ab
743 2577 918 2608 omissione
952 2577 1168 2608 homoteleuti
1202 2583 1345 2613 truncae,

273 2622 381 2662 specie
397 2620 557 2652 differunt.
578 2621 644 2652 Sub
661 2630 857 2662 quacunque
873 2622 1034 2662 signatura
1050 2622 1122 2662 puri
1138 2622 1209 2662 puti
1225 2631 1346 2652 errores

272 2666 542 2706 transcriptionis,
561 2670 676 2696 essent.
719 2666 782 2696 Sed
816 2667 871 2696 ubi
905 2667 1058 2697 ultimum
1094 2671 1125 2696 et
1158 2675 1347 2706 supremum

274 2710 439 2750 exemplar
461 2709 612 2740 codicum
635 2710 758 2750 primae
782 2710 889 2741 classis
913 2711 1086 2751 quaeritur,
1102 2720 1162 2751 pro
1178 2720 1212 2741 re
1229 2711 1346 2747 critica,

274 2764 332 2786 sue
353 2754 462 2796 gentis
484 2759 620 2785 auctore
642 2759 674 2785 et
695 2754 849 2792 bransim,
868 2765 908 2786 eo
923 2756 996 2796 ipso
1021 2755 1110 2795 quod
1129 2755 1162 2785 in
1178 2754 1348 2786 traditione

276 2799 365 2830 aliter
382 2797 592 2835 collocantur,
610 2798 760 2830 differunt
779 2800 994 2830 essentialiter.
1019 2799 1055 2830 ln
1071 2809 1224 2840 supremo
1242 2809 1349 2830 exem-

275 2844 356 2885 plari
379 2853 447 2873 non
477 2841 539 2873 fuit
560 2842 657 2873 lectio
684 2856 698 2870 α
717 2842 747 2874 D
767 2857 794 2880 »,
818 2854 876 2875 sue
896 2845 1005 2886 gentis
1037 2849 1184 2880 auctore,
1210 2844 1266 2875 sed
1289 2844 1350 2874 fuit

276 2889 373 2919 lectio
393 2901 407 2914 α
426 2887 529 2928 prima
551 2892 675 2927 praeter
690 2887 720 2917 D
739 2901 767 2924 »,
783 2887 866 2919 idest
886 2889 1052 2931 surgentis
1076 2898 1207 2919 aurore.
1233 2889 1350 2929 Neque

276 2931 338 2963 fuit
360 2932 395 2962 in
418 2941 571 2972 supremo
602 2931 777 2971 exemplari
805 2932 902 2963 lectio
933 2943 1067 2964 erronea
1095 2933 1186 2963 cuius
1210 2933 1298 2963 solus
1321 2933 1350 2963 A

277 2978 366 3008 testis
397 2981 453 3012 est,
478 2975 534 3006 sed
564 2976 661 3006 lectio
694 2977 855 3017 opposita,
878 2986 937 3018 per
957 2977 1069 3018 viginti
1102 2986 1223 3008 novem
1254 2982 1350 3008 testes

278 3021 497 3063 comprobata.
510 3019 563 3050 Ad
573 3021 884 3052 reconstructionem
901 3031 976 3062 ergo
992 3024 1135 3062 supremi
1151 3022 1350 3062 exemplaris,

278 3066 516 3106 autographum
538 3064 635 3095 fuerit
657 3070 711 3095 aut
734 3066 957 3106 apographum
975 3075 1044 3096 non
1065 3065 1178 3100 differt,
1194 3066 1351 3096 lectiones

278 3107 319 3147 D,
337 3110 376 3147 A,
393 3115 424 3140 et
440 3119 554 3140 omnes
570 3118 797 3150 quaecumque
815 3108 972 3140 lectiones
994 3110 1180 3151 singulares,
1196 3115 1351 3150 tanquam

278 3154 400 3186 inutilis
423 3154 571 3185 materies
601 3153 775 3193 abigendae
800 3159 884 3184 sunt.
915 3153 982 3184 Sub
1006 3154 1203 3194 opprimenti
1225 3159 1352 3185 attesta-

278 3199 369 3230 tione
395 3211 409 3226 «
423 3199 527 3239 prima
542 3203 667 3239 praeter
682 3208 785 3229 unum
802 3212 815 3225 »
843 3204 1048 3228 evanescunt.
1065 3197 1129 3228 Sed
1145 3208 1233 3229 error
1255 3199 1352 3229 bran-

278 3243 340 3275 sim
354 3252 412 3284 per
427 3244 558 3274 testium
574 3242 783 3274 concordiam
799 3243 957 3273 rationem
978 3242 1222 3282 exemplaritatis
1237 3242 1352 3274 induit.

279 3287 413 3329 Typum
435 3286 711 3319 transcribendum
734 3287 856 3318 facturn
879 3297 947 3317 esse
962 3287 1031 3327 ipsa
1046 3285 1173 3316 traditio
1189 3285 1294 3317 docet.
1317 3286 1353 3317 ln

279 3332 398 3362 nostris
416 3331 587 3363 codicibus
609 3337 791 3362 monstrum
820 3332 994 3371 scripturae
1016 3340 1085 3361 non
1108 3335 1156 3360 est
1177 3339 1273 3367 error,
1297 3330 1351 3361 sed

279 3374 383 3416 fidelis
406 3376 637 3417 exemplarium
660 3376 889 3416 interpretatio.
914 3375 1040 3406 Eodem
1062 3373 1163 3405 modo
1190 3374 1353 3405 dimidiata

279 3417 376 3458 lectio
401 3429 441 3452 ne
453 3420 577 3462 fervor
588 3419 675 3461 fidei
698 3425 876 3461 temporum
886 3420 1082 3461 prolixitate
1106 3423 1278 3460 tepesceret
1300 3429 1353 3450 ca-

282 3463 365 3497 ritas
386 3464 574 3501 multorum,
591 3462 670 3496 dum
693 3475 712 3494 a
735 3465 862 3496 librario
885 3470 993 3495 natam
1017 3473 1085 3494 esse
1109 3473 1142 3494 se
1164 3462 1283 3504 prodit,
1307 3469 1353 3494 ta—

281 3516 361 3539 mens
381 3517 495 3541 omnes
517 3509 662 3540 librarios
685 3508 837 3540 codicum
860 3509 982 3550 primae
1002 3508 1108 3538 classis
1131 3516 1148 3538 a
1170 3508 1249 3538 vitio
1268 3513 1353 3538 tran-

282 3553 463 3593 scriptionis
485 3553 607 3584 liberat.
633 3553 657 3584 li
680 3554 821 3593 phrasim
845 3563 940 3584 sensu
964 3557 1125 3583 carentem
1147 3553 1352 3592 scripserunt,

282 3596 359 3636 quia
381 3597 476 3627 verba
499 3607 629 3629 sensum
661 3598 856 3638 complentia
879 3598 913 3628 in
937 3598 1001 3628 suis
1033 3596 1265 3636 exemplaribus
1288 3597 1352 3627 iam

1384 357 1524 378 errorem
1547 348 1646 378 semel
1662 347 1783 378 factum
1807 350 2008 387 propagasse,
2026 346 2152 377 traditio
2169 356 2226 386 per
2249 356 2282 376 se
2300 345 2452 376 verificat.

1439 392 1472 423 Si
1497 402 1572 432 ergo
1597 392 1637 422 ad
1660 393 1900 432 quaestionem:
1926 392 2028 422 Cuius
2053 391 2240 431 exemplaris
2263 391 2453 430 scripturam

1384 442 1523 476 quatuor
1545 437 1622 467 istae
1646 437 1800 467 lectiones
1824 433 2057 476 corruperunt?
2080 435 2278 475 respondeo:
2305 440 2452 475 autogra-

1383 482 1449 520 phi,
1472 491 1586 511 verum
1621 480 1741 516 dixero,
1776 480 1953 510 traditionis
1986 485 2094 510 tamen
2129 480 2351 510 testimonium
2382 489 2452 510 non

1384 526 1571 555 exhausere.
1606 525 1724 556 Procul
1746 525 1846 555 dubio
1870 525 2035 566 surgentis
2058 534 2183 554 aurore
2205 530 2236 554 et
2258 524 2396 554 heresim
2418 525 2452 554 in

1385 570 1587 609 autographo
1609 575 1707 605 erant,
1733 575 1763 599 et
1785 579 1843 600 sue
1865 570 1972 610 gentis
1995 574 2130 599 auctore
2152 575 2184 599 et
2206 569 2349 598 hransim
2372 567 2454 598 infra

1385 612 1620 654 autographum
1651 620 1721 644 orta
1743 619 1827 644 sunt.
1860 613 1923 644 Sed
1946 613 2072 644 traditio
2106 613 2271 652 distinguit
2300 614 2382 642 inter
2406 622 2452 642 ea.

1384 658 1468 688 Nam
1492 658 1588 688 docet
1605 667 1663 688 sue
1685 658 1792 699 gentis
1815 663 1949 688 auctore
1972 658 2151 697 corrupisse
2174 658 2348 687 lectionem
2363 657 2454 687 istius

1386 703 1576 742 exemplaris
1606 703 1696 742 quod
1725 703 1861 732 habebat
1888 711 1956 732 non
1986 703 2093 732 solum
2120 702 2286 742 surgentis
2312 710 2452 736 aurore,

1385 746 1442 777 sed
1458 748 1555 777 etiarn
1568 747 1711 777 bransim
1729 752 1759 777 et
1775 756 1815 776 ne
1829 747 1952 787 fervor
1963 746 2048 787 fidei
2064 751 2242 786 temporum
2262 746 2455 786 prolixitate

1386 796 1560 831 tepesceret
1581 792 1703 822 caritas
1726 791 1919 826 multorum,
1945 796 1976 820 et
1998 791 2085 820 istud
2114 790 2276 829 exemplar
2298 799 2366 820 non
2390 795 2455 819 erat

1386 836 1632 875 autographum.
1657 835 1779 866 Eadem
1801 835 2013 865 consideratio
2029 835 2113 865 valet
2136 844 2195 874 pro
2214 835 2353 864 lectione
2369 842 2455 864 erro-

1386 889 1447 910 nea
1469 881 1592 919 signata
1613 881 1644 910 A
1667 885 1698 910 et
1721 889 1780 919 pro
1804 885 1875 910 toto
1899 880 2024 909 enormi
2048 889 2161 909 acervo
2190 879 2368 909 lectionum
2391 879 2455 908 sin-

1386 924 1554 963 gularium.
1588 925 1648 954 Per
1680 924 1834 954 lectiones
1867 933 2056 954 communes
2089 932 2253 958 erroneaS,
2272 928 2316 953 et
2339 932 2357 952 a
2380 922 2457 952 falsa

1387 968 1519 1007 quidem
1534 969 1783 1008 transcriptione
1795 978 1952 1003 erroneas,
1971 967 2098 998 codices
2114 968 2235 1007 primae
2252 967 2368 1002 classis,
2385 972 2457 997 utut

1387 1013 1504 1052 singuli
1534 1012 1693 1048 differunt,
1713 1012 1753 1043 ad
1775 1022 1878 1043 unum
1902 1012 2008 1043 solum
2030 1021 2218 1052 supremum
2241 1012 2403 1051 exemplar
2419 1020 2457 1041 ex

1387 1057 1587 1096 autographo
1605 1057 1821 1096 exemplatum
1837 1057 2050 1087 vinculantur.
2071 1057 2245 1086 Universus
2262 1065 2394 1095 quoque
2411 1061 2457 1085 te-

1387 1106 1461 1131 xtus
1483 1101 1589 1131 bonus
1613 1102 1806 1136 communis,
1822 1111 1898 1140 prae
1914 1106 2001 1140 parte
2026 1100 2182 1131 defectiva
2204 1101 2239 1130 in
2261 1101 2457 1130 immensum

1388 1145 1557 1180 extensior,
1575 1144 1680 1175 eidem
1705 1145 1884 1175 conditioni
1912 1145 2087 1174 subiicitur.
2126 1145 2356 1174 Excellentiam
2387 1145 2458 1183 qui-

1388 1189 1463 1220 dem
1479 1189 1699 1219 Thomisticae
1712 1189 1871 1224 dictionis,
1889 1198 1987 1228 quam
2003 1188 2110 1218 nullus
2123 1198 2267 1227 unquam
2278 1189 2457 1218 imitatione

1389 1238 1582 1263 consecutus
1607 1238 1662 1268 est,
1680 1233 1838 1272 placidam
1869 1233 1936 1263 eius
1961 1238 1992 1263 et
2015 1233 2158 1271 quietam
2187 1232 2459 1271 pulchritudinem

1388 1287 1463 1317 prae
1479 1287 1514 1308 se
1538 1277 1607 1312 fert,
1625 1283 1657 1307 et
1671 1286 1731 1316 per
1752 1277 1839 1308 illam
1856 1277 1951 1307 etiam
1975 1286 2067 1306 suam
2083 1286 2158 1306 cum
2173 1277 2374 1316 autographo
2391 1277 2459 1306 stri-

1389 1322 1562 1352 ctissimam
1579 1322 1808 1361 cognationem
1831 1321 2003 1357 convincit,
2020 1320 2076 1350 sed
2095 1326 2203 1350 tamen
2222 1320 2390 1350 traditione
2415 1326 2459 1350 at-

1388 1372 1524 1396 testante
1548 1376 1566 1396 a
1589 1365 1728 1397 distortis
1752 1371 1784 1396 et
1806 1365 1926 1396 mutilis
1953 1364 2256 1404 reproductionibus
2287 1365 2460 1404 scripturae

1389 1411 1579 1450 autographi
1602 1410 1820 1449 inseparabilis
1840 1415 1896 1439 est.
1922 1409 2171 1448 Transcriptoris
2188 1418 2264 1448 ergo
2289 1418 2397 1448 opere,
2414 1408 2461 1439 id-

1390 1460 1438 1485 est
1460 1464 1517 1495 per
1540 1455 1773 1494 apographum,
1800 1453 1973 1489 descendit,
1997 1459 2028 1483 et
2050 1454 2180 1483 nonnisi
2203 1463 2261 1493 per
2282 1453 2362 1483 illud
2385 1463 2461 1483 cum

1390 1499 1590 1539 autographo
1615 1499 1774 1529 cohaeret.

1447 1544 1476 1574 5.
1501 1543 1609 1581 Quam
1633 1544 1803 1582 antiquum
1833 1542 1930 1572 fuisse
1954 1542 2100 1573 debuerit
2122 1542 2203 1572 illud
2226 1542 2460 1582 apographum,

1389 1587 1482 1618 facile
1506 1587 1569 1618 dici
1585 1593 1700 1627 potest.
1725 1587 1900 1626 Antiquius
1915 1587 2037 1619 scilicet
2059 1592 2106 1617 est
2129 1587 2280 1616 omnibus
2296 1586 2461 1616 codicibus

1390 1633 1511 1672 primae
1528 1632 1644 1667 classis,
1658 1641 1741 1671 quae
1758 1632 1906 1661 omnium
1921 1631 2159 1670 antiquissimos
2175 1630 2351 1660 traditionis
2367 1636 2462 1660 testes

1391 1677 1545 1706 continet.
1581 1676 1702 1705 Textus
1731 1684 1808 1714 ergo
1839 1676 1960 1714 primae
1991 1675 2096 1705 classis
2130 1675 2244 1704 maiori
2275 1675 2462 1714 antiquitate

1390 1721 1560 1760 insignitur
1583 1729 1682 1759 quam
1711 1719 1812 1749 cuivis
1835 1719 1935 1748 textui
1960 1719 2099 1748 cuiusvis
2128 1719 2303 1758 superstitis
2332 1718 2462 1755 codicis,

1391 1764 1431 1794 ad
1459 1764 1606 1803 quamvis
1630 1764 1763 1794 classem
1786 1764 1958 1803 pertineat,
1982 1773 1999 1792 a
2023 1768 2111 1802 parte
2135 1762 2312 1793 traditionis
2337 1763 2465 1793 attribui

1392 1814 1509 1848 potest.
1534 1808 1616 1838 Dico
1641 1818 1658 1838 a
1682 1813 1771 1848 parte
1800 1807 1988 1843 traditionis,
2012 1808 2089 1847 quia
2113 1817 2170 1838 ex.>
2185 1817 2231 1846 gr.
2256 1806 2384 1837 codices
2409 1809 2465 1847 qui

1391 1853 1528 1884 heresim
1552 1853 1679 1892 legunt,
1705 1853 1920 1891 antiquiorem
1944 1852 2056 1891 utique
2079 1852 2253 1882 lectionem
2284 1852 2403 1881 habent
2429 1861 2465 1882 ac

1393 1898 1449 1937 qui
1472 1898 1640 1928 bransim:
1671 1896 1751 1928 illud
1775 1897 1965 1936 autographi
1989 1902 2044 1931 est,
2069 1896 2154 1926 istud
2181 1896 2368 1935 apographi.
2403 1896 2465 1926 Sed

1392 1943 1425 1972 in
1452 1941 1656 1972 documentis
1689 1940 1867 1971 traditionis
1901 1941 2044 1971 bransim
2078 1941 2166 1980 prius
2202 1946 2334 1980 apparet
2367 1949 2465 1980 quam

1391 1987 1546 2022 heresim,
1569 1985 1651 2016 idest
1674 1985 1775 2016 codex
1800 1986 2002 2025 apographus
2026 1986 2141 2025 quovis
2165 1985 2227 2015 alio
2255 1984 2367 2014 codice
2388 1994 2467 2024 apo-

1392 2031 1515 2071 grapho
1540 2031 1702 2070 antiquior
1724 2030 1850 2069 legebat
1872 2035 2059 2070 portentum
2078 2030 2231 2060 bransim.

1449 2075 1542 2112 Quae
1566 2084 1642 2105 cum
1665 2075 1708 2104 ita
1731 2075 1804 2110 sint,
1820 2080 1944 2104 textum
1959 2074 2082 2114 primae
2105 2074 2221 2110 classis,
2239 2073 2296 2113 qui
2318 2083 2355 2103 ex
2371 2083 2466 2113 sepo-

1393 2120 1510 2150 sitione
1532 2119 1711 2150 lectionum
1734 2119 1943 2159 singularium
1965 2119 2052 2149 illico
2073 2118 2213 2154 resultat,
2229 2123 2327 2158 prout
2349 2118 2383 2148 in
2408 2119 2466 2148 bo—

1393 2164 1443 2194 nis
1468 2170 1499 2194 et
1522 2163 1614 2194 malis
1642 2164 1835 2194 lectionibus
1867 2173 1951 2193 unus
1975 2169 2006 2193 et
2024 2162 2207 2193 indifferens
2230 2163 2321 2198 iacet,
2339 2162 2466 2198 abhinc,

1394 2209 1528 2238 nomine
1551 2217 1622 2243 suo,
1639 2213 1770 2238 textumv
1787 2208 1956 2247 antiquum
1978 2208 2177 2238 vocabimus.

1475 2281 1500 2339 ἱἓ
1525 2301 1576 2332 111.
1600 2320 1624 2324 —
1648 2302 1705 2332 DE
1730 2301 1910 2332 ORIGINE
1933 2302 2152 2332 TEXTUUM
2177 2301 2380 2332 CODICUM

1569 2352 1802 2383 SECUNDAE
1826 2352 1884 2382 ET
1907 2352 2099 2382 TERTIAE
2124 2352 2294 2383 CLASSIS

1454 2446 1484 2476 6.
1509 2446 1553 2477 Ut
1570 2447 1707 2487 quisque
1731 2456 1788 2487 per
1808 2456 1840 2476 se
1865 2447 1927 2476 iam
1951 2446 2149 2482 intellexerit,
2167 2446 2238 2476 libri
2261 2445 2420 2476 secundae
2438 2451 2469 2476 et

1398 2491 1508 2521 tertiae
1532 2490 1638 2521 classis
1662 2490 1736 2521 ideo
1761 2496 1846 2521 extra
1871 2490 2016 2520 ordinem
2040 2492 2161 2530 primae
2180 2491 2276 2531 positi
2292 2497 2375 2527 sunt,
2393 2491 2469 2531 quia

1400 2544 1514 2565 eorum
1530 2540 1634 2565 textus
1659 2545 1676 2565 a
1699 2540 1787 2565 textu
1804 2535 1936 2575 antiquo
1959 2535 2069 2565 multis
2093 2535 2171 2565 locis
2189 2534 2377 2575 discrepant.
2401 2535 2468 2565 No-

1399 2589 1474 2610 men
1499 2585 1606 2610 tamen
1627 2579 1732 2610 classis
1756 2579 1965 2619 inaequaliter
1987 2580 2086 2609 tribus
2103 2581 2267 2619 competit.
2292 2579 2374 2609 Nam
2391 2579 2468 2609 dum

1401 2623 1528 2654 codices
1544 2625 1665 2664 primae
1681 2633 1739 2664 per
1761 2624 1863 2664 ipsam
1887 2629 1990 2654 textus
2014 2624 2168 2654 unitatem
2200 2624 2356 2663 originem
2381 2632 2470 2653 com-

1401 2678 1534 2699 munem
1559 2678 1596 2698 ex
1620 2678 1687 2699 uno
1717 2677 1868 2708 supremo
1894 2667 2066 2708 exemplari
2094 2673 2279 2698 attestantur
2302 2673 2333 2697 et
2355 2677 2412 2707 per
2436 2676 2468 2697 se

1400 2713 1434 2743 in
1451 2713 1584 2743 classem
1601 2718 1730 2748 coeunt,
1746 2722 1763 2742 e
1777 2718 1887 2742 contra
1903 2713 1985 2742 inter
2001 2713 2111 2742 orbern
2128 2711 2286 2742 secundae
2298 2712 2348 2741 vel
2360 2712 2469 2742 tertiae

1402 2758 1557 2788 unitatem
1580 2757 1758 2787 lectionum
1781 2766 1849 2787 non
1865 2757 2056 2787 invenimus.
2077 2756 2109 2786 Si
2125 2756 2334 2786 nihilominus
2350 2756 2421 2786 libri
2437 2756 2470 2791 ii,

1402 2802 1459 2842 qui
1481 2802 1666 2831 varietatem
1683 2802 1721 2831 ab
1738 2801 1871 2841 antiquo
1896 2807 1984 2831 textu
2008 2801 2183 2835 continent,
2208 2800 2314 2830 classis
2337 2801 2470 2830 nomine

1403 2845 1513 2876 donati
1529 2845 1609 2876 etin
1629 2845 1706 2876 duas
1731 2845 1844 2875 classes
1869 2845 1959 2875 divisi
1983 2849 2065 2880 sunt,
2090 2845 2153 2874 hoc
2177 2845 2252 2884 ipsis
2277 2845 2471 2875 extrinsecus

1403 2896 1434 2921 et
1449 2900 1517 2920 non
1533 2890 1602 2920 sine
1618 2889 1752 2920 artificio
1777 2888 1919 2929 quodam
1942 2894 2052 2918 nostro
2077 2889 2219 2928 contigit.
2244 2889 2332 2919 Dum
2352 2889 2472 2919 scilicet

1402 2935 1558 2965 variantes
1574 2933 1751 2964 traditionis
1768 2933 1905 2963 invicem
1923 2931 2176 2968 conferebamus,
2193 2933 2334 2973 amplam
2349 2939 2471 2974 partem

1402 2979 1561 3009 varietatis
1584 2979 1666 3008 inter
1689 2983 1811 3008 textum
1835 2978 2004 3016 antiquum
2021 2982 2052 3006 et
2066 2981 2189 3007 textum
2210 2977 2294 3018 typis
2310 2977 2470 3013 traditum,

1405 3029 1436 3054 et
1466 3023 1561 3053 etiam
1591 3023 1674 3052 inter
1707 3021 1862 3051 editiones
1895 3021 2051 3057 invicem,
2080 3021 2112 3050 in
2144 3021 2273 3051 diversis
2307 3020 2472 3051 codicibus

1403 3068 1545 3108 primurn
1578 3075 1728 3106 apparere
1763 3065 2011 3101 observavimus,
2035 3071 2189 3105 tanquam
2211 3065 2245 3095 in
2269 3065 2313 3096 eis
2336 3066 2472 3105 primam

1404 3113 1512 3142 lucem
1544 3110 1722 3150 aspexerint
1753 3115 1784 3139 et
1814 3109 1950 3140 editores
1984 3109 2028 3139 ibi
2060 3109 2214 3140 lectiones
2246 3110 2471 3140 mutuaverint.

1402 3156 1471 3194 Qui
1494 3164 1569 3195 ergo
1595 3153 1722 3184 codices
1739 3153 1778 3184 ad
1793 3153 2023 3184 formationem
2042 3159 2146 3184 textus
2162 3154 2246 3195 typis
2263 3154 2338 3184 editi
2355 3155 2472 3184 contri-

1405 3201 1511 3230 buisse
1543 3198 1700 3234 videntur,
1725 3198 1843 3228 horum
1873 3199 1929 3238 qui
1956 3199 2062 3228 minus
2095 3199 2301 3228 contulerunt
2325 3205 2355 3228 et
2379 3199 2474 3229 simul

1407 3244 1602 3284 antiquiores
1638 3247 1722 3285 sunt,
1749 3243 1783 3272 in
1813 3242 1988 3273 secundam
2023 3243 2156 3273 classem
2191 3243 2272 3274 uniti
2306 3248 2399 3278 sunt3
2436 3253 2473 3273 ex

1407 3288 1518 3318 ceteris
1543 3287 1588 3327 (et
1604 3296 1641 3317 ex
1657 3287 1733 3327 ipsis
1750 3283 1950 3318 'editionibus
1975 3293 2107 3327 excepta
2130 3287 2290 3327 Principe)
2312 3288 2475 3318 concrevit

1406 3332 1506 3362 tertia.
1531 3331 1617 3371 Ergo
1633 3340 1701 3362 non
1716 3341 1735 3361 a
1748 3341 1783 3362 se
1799 3332 1870 3371 ipsi,
1887 3341 1954 3361 non
1971 3333 2010 3361 ab
2027 3332 2133 3371 aliqua
2157 3332 2324 3362 communi
2340 3332 2473 3371 origine,

1407 3375 1462 3406 sed
1495 3376 1572 3416 quia
1602 3381 1677 3416 post
1705 3385 1760 3406 eos
1785 3385 1823 3406 ex
1847 3377 1890 3406 eis
1921 3375 2042 3416 aliquid
2073 3385 2176 3406 unum
2209 3375 2330 3406 factum
2360 3380 2416 3412 est,
2441 3376 2474 3406 in

1407 3420 1540 3451 classem
1564 3420 1758 3451 coalescunt.
2417 3459 2419 3461 ι

1461 3464 1568 3495 Nemo
1600 3474 1669 3496 non
1697 3464 1785 3495 videt
1817 3464 1953 3495 duarum
1987 3465 2136 3495 classium
2166 3464 2282 3495 limites
2305 3474 2411 3504 neque
2437 3474 2474 3494 ex

1406 3514 1494 3548 parte
1525 3510 1634 3539 aetatis
1668 3509 1819 3539 codicum
1842 3518 1949 3550 neque
1973 3518 2012 3539 ex
2034 3514 2123 3548 parte
2155 3509 2332 3539 lectionum
2356 3510 2475 3539 contri-

1407 3554 1556 3583 butarum
1579 3553 1726 3584 distincte
1749 3553 1888 3594 praecidi
1911 3562 2017 3593 posse.
2044 3553 2125 3591 Quis
2150 3550 2235 3584 enirn
2260 3558 2395 3584 aetatem
2419 3563 2474 3583 co-

1407 3597 1516 3628 dicum
1549 3597 1588 3628 ad
1618 3607 1738 3638 paucos
1774 3607 1874 3628 annos
1910 3595 2154 3628 determinabit?
2189 3598 2218 3628 A
2245 3597 2344 3637 gradu
2379 3598 2475 3628 etiam
