2872 3970
285 339 430 377 vinam.
460 339 538 377 Sed
565 338 656 388 quia
674 350 765 375 cum
789 337 931 374 unitate
958 349 1145 385 personae
1174 344 1345 373 remanet

25 398 258 441 ξαν-ιὴεηω-
287 391 476 429 distinctio
505 399 744 435 naturarum,
773 398 815 427 ut
842 402 889 426 ex
917 401 1032 438 supra
1050 389 1070 411 '¹‘
1098 389 1204 425 dictis
1230 397 1344 438 patet,

16 447 17 450 ’
287 444 417 482 anima
455 442 594 481 Christi
621 455 702 480 non
729 449 784 479 est
811 454 881 491 per
916 454 1027 478 suam
1055 441 1257 478 essentiam
1291 441 1346 477 di-

287 497 388 534 vina.
428 497 540 534 Unde
568 503 717 545 oportet
753 494 860 544 quod
887 493 953 530 fiat
981 493 1110 530 divina
1139 506 1209 542 per
1235 493 1347 542 parti-

287 549 531 604 cipationem,
560 560 659 597 quae
688 555 742 584 est
770 547 985 584 secundum
1013 546 1182 593 gratiam.

341 603 399 638 AD
417 613 606 638 SECUNDUM
625 611 805 637 UlcENDUM
824 599 932 648 quod
952 598 1115 644 Christo,
1132 598 1348 635 secundum

289 654 396 703 quod
424 661 479 690 est
506 652 686 690 naturalis
714 651 831 688 Filius
859 651 947 695 Dei,
973 651 1133 687 debetur
1160 650 1348 687 hereditas

289 714 453 752 aeterna,
474 717 574 754 quae
592 712 648 742 est
668 705 760 763 ipsa.
777 680 971 741 beatitudo
1000 703 1176 748 increata,
1196 715 1266 751 per
1293 702 1348 739 in—

288 766 459 796 creatum
491 765 621 794 actum
652 756 876 805 cognitionis
909 763 945 792 et
973 756 1114 793 amoris
1142 732 1226 801 D'ei‚
1256 767 1348 791 eun-

289 811 380 848 dem
399 810 536 847 scilicet
555 822 634 859 quo
649 811 761 846 Pater
778 808 972 856 cognoscit
991 817 1027 845 et
1045 816 1148 845 amat
1167 808 1347 857 seipsum.

291 862 412 900 Cuius
429 871 535 900 actus
556 862 686 899 anima
713 874 834 911 capax
851 873 932 898 non
951 869 1041 907 erat,
1062 868 1220 910 propter
1243 860 1349 897 diffe-

289 915 451 953 rentiam
474 916 642 952 naturae.
672 915 784 952 Unde
804 914 1003 963 oportebat
1021 914 1129 962 quod
1156 912 1351 961 attingeret

289 968 339 1005 ad
357 969 487 1004 Deum
513 980 584 1017 per
602 975 730 1004 actum
749 966 936 1004 fruitionis
955 974 1137 1003 creatum.
1167 965 1247 1012 Qui
1268 965 1350 1014 qui-

290 1020 380 1058 dem
409 1032 490 1057 esse
519 1032 599 1057 non
626 1027 750 1069 potest
777 1019 849 1056 nisi
876 1031 946 1068 per
971 1018 1142 1066 gratiam.
1222 1029 1225 1032 ’

343 1155 365 1191 ε)
381 1163 489 1189 ponere.
508 1170 528 1175 —
541 1157 609 1188 poni
626 1157 674 1187 Hb,
689 1156 758 1188 poni
776 1156 802 1181 in
822 1163 852 1181 eo
872 1156 951 1181 PGIc.

291 1248 308 1257 x

320 1349 341 1370 Ν
364 1338 519 1370 divisione
543 1337 768 1377 quaestionum
791 1336 831 1367 de
846 1337 944 1376 gratia
960 1336 1087 1372 Christi,
1111 1335 1239 1366 adverte
1262 1335 1351 1376 quod

293 1351 434 1423 Itriplex
456 1382 555 1422 gratia
573 1382 607 1411 in
631 1380 758 1411 Christo
782 1382 927 1420 ponitur:
952 1380 1071 1410 scilicet
1092 1381 1190 1420 gratia
1211 1380 1351 1415 unionis,

290 1427 388 1467 gratia
411 1425 585 1466 singularis,
609 1430 641 1454 et
663 1425 760 1464 gratia
783 1425 934 1464 capitalis.
958 1424 999 1454 Et
1022 1425 1097 1464 quia
1111 1425 1209 1464 gratia
1224 1425 1353 1454 unionis

291 1477 339 1502 est
360 1471 428 1511 ipsa
451 1469 638 1500 coniunctio
661 1468 836 1508 personalis
854 1469 915 1498 Dei
938 1467 978 1498 ad
999 1474 1145 1498 naturam
1167 1468 1352 1503 humanam,

291 1514 330 1545 de
354 1523 418 1554 qua
439 1518 607 1544 tractatum
631 1518 687 1549 est,
710 1511 784 1542 ideo
808 1512 932 1542 Auctor
951 1511 1026 1542 dicit
1042 1512 1131 1552 quod
1147 1511 1187 1542 de
1201 1512 1270 1551 ipsa
1293 1518 1353 1542 tra-

291 1563 411 1590 etatum
434 1563 481 1588 est
504 1557 664 1598 (quamvis
686 1565 754 1586 non
770 1557 828 1586 sub
844 1556 977 1586 nomine
993 1557 1120 1595 gratiae,
1140 1555 1196 1585 sed
1210 1556 1255 1585 rei
1272 1565 1353 1595 quae

291 1608 338 1633 est
360 1602 490 1642 gratia),
521 1606 552 1632 et
574 1606 743 1640 propterea
766 1600 805 1630 de
829 1600 897 1630 aliis
921 1599 1044 1630 duabus
1071 1598 1270 1630 tractandum
1298 1605 1353 1630 est.

351 1699 459 1720 nurus
493 1688 615 1719 articuli
642 1688 737 1728 primi
765 1687 989 1728 intelligendus
1024 1692 1070 1717 est
1099 1693 1135 1718 ut
1170 1693 1280 1718 sonat:
1312 1688 1354 1717 ita

294 1701 442 1774 Tquod
462 1742 530 1763 non
546 1738 674 1772 oportet
697 1731 786 1771 quod
808 1731 840 1772 ly
861 1732 972 1773 gratia
995 1731 1146 1762 limitetur
1162 1731 1200 1761 ad
1222 1732 1354 1771 gratiam

292 1777 458 1818 singularis
480 1777 630 1806 hominis.
655 1776 819 1814 Quoniam
843 1776 947 1805 statim
970 1781 1006 1805 ut
1029 1775 1143 1805 dicitur
1163 1775 1275 1816 gratia
1298 1775 1354 1805 ha-

291 1821 430 1856 bitualis,
458 1819 651 1850 sufficienter
677 1819 862 1859 exprimitur
885 1819 974 1858 quod
1000 1818 1040 1848 de
1066 1818 1261 1858 perfectione
1289 1818 1355 1848 ani-

291 1874 364 1896 mae
393 1866 427 1895 in
455 1865 557 1904 seipsa
585 1869 631 1894 est
661 1864 821 1903 quaestio:
853 1863 978 1893 habitus
1008 1863 1094 1892 enirn
1124 1868 1171 1892 est
1201 1862 1354 1902 perfectio

292 1909 361 1940 eius
384 1909 475 1939 cuius
499 1913 545 1938 est
567 1907 734 1937 habitualis
758 1906 923 1947 perfectio.
958 1906 1015 1942 Et,
1045 1916 1086 1936 ne
1114 1906 1200 1936 idem
1228 1907 1354 1946 saepius

291 1958 460 1994 repetatur,
484 1952 548 1982 hoc
564 1951 680 1982 eodem
695 1951 795 1981 modo
818 1929 1015 1990 intelligendi
1031 1956 1105 1980 sunt
1120 1950 1203 1980 tituli
1219 1959 1355 1990 sequen-

292 1997 374 2028 tium
397 1996 604 2027 articulorum
627 1994 667 2025 de
689 1995 858 2025 virtutibus
882 2000 913 2024 et
936 1993 1038 2024 donis.

346 2039 445 2071 11.1n
469 2036 604 2079 corpore
627 2039 750 2069 articuli
774 2044 820 2069 est
843 2039 938 2069 unica
961 2038 1144 2073 conclusio,
1172 2039 1356 2078 responsiva

293 2084 438 2125 quaesito
461 2083 661 2115 affirmative:
693 2083 829 2113 Necesse
851 2087 898 2112 est
918 2091 1044 2122 ponere
1066 2082 1099 2112 in
1126 2082 1253 2112 Christo
1276 2091 1356 2123 gra-

293 2173 346 2203 illa
368 2172 506 2202 maxime
529 2171 711 2211 propinqua
734 2176 781 2200 est
809 2170 968 2210 principio
991 2170 1118 2209 gratiae.
1142 2188 1165 2191 —
1188 2169 1355 2205 Secundo,

294 2216 370 2256 quia
393 2216 498 2246 anima
520 2215 573 2245 illa
595 2214 806 2244 nobilissimas
822 2214 1024 2254 operationes
1039 2213 1168 2243 videndi
1185 2218 1215 2243 et
1231 2193 1357 2243 amandi

293 2305 328 2334 in
351 2304 429 2334 alios
451 2301 685 2333 redundantem
707 2302 823 2332 habere
848 2301 951 2332 debet.

349 2348 412 2379 Ubi
434 2352 512 2377 nota
535 2345 624 2386 quod
647 2346 680 2386 ly
696 2355 830 2381 necesse,
847 2346 880 2375 in
897 2345 1106 2375 conclusione
1121 2345 1273 2384 positum,
1289 2354 1357 2375 non

295 2388 439 2422 denotat
448 2391 669 2421 necessitatem
695 2390 849 2430 logicam,
874 2390 938 2419 hoc
962 2394 1024 2425 est,
1054 2389 1140 2429 quod
1167 2389 1359 2429 impossibile

47 2437 107 2462 Η
105 2438 213 2488 firi-¹¹3¹·
217 2438 270 2519 13¹5}
296 2435 427 2509 otrirmigo
442 2439 498 2508 {3}
519 2432 616 2464 aliter
634 2434 807 2514 {ethabere
822 2435 853 2463 *z
847 2433 1037 2507 ,tquoniarrril
1048 2438 1178 2507 qotpeegt
1193 2433 1358 2507 lliigtquaeci

45 2490 71 2492 ·
296 2489 310 2510 s
337 2488 357 2510 0
403 2488 421 2509 e
519 2487 723 2508 necessrae·
754 2487 814 2508 nec
837 2487 976 2507 raiones
1003 2487 1014 2506 1
1072 2487 1082 2506 1
1129 2487 1143 2506 r
1185 2487 1202 2506 a
1259 2487 1296 2507 ae
1319 2487 1336 2506 a

49 2496 360 2567 ⁴hn*11i>.³v‚hoc
382 2521 536 2553 tendunt.-
558 2521 621 2552 Sed
644 2527 691 2552 est
713 2531 818 2552 sermo
843 2520 882 2551 de
905 2521 1083 2551 necessario
1107 2520 1285 2550 secundum
1308 2530 1359 2551 or-

39 2569 43 2571 *
297 2567 407 2597 dinem
429 2566 523 2596 rebus
546 2575 738 2601 consonum,
762 2575 819 2596 seu
842 2565 1019 2596 secundum
1038 2565 1217 2604 potentiam
1232 2565 1293 2594 Dei
1309 2574 1359 2594 or-

298 2610 456 2646 dinatam,
479 2610 522 2639 ita
545 2609 634 2649 quod
656 2609 854 2649 impossibile
878 2614 925 2639 est
947 2609 1036 2639 aliter
1059 2618 1092 2638 se
1114 2609 1230 2638 habere
1258 2614 1358 2638 stante

299 2654 410 2684 ordine
435 2663 452 2683 a
475 2653 581 2683 divina
603 2653 756 2693 sapientia
779 2658 912 2683 statuto:
945 2653 1026 2683 sicut
1049 2652 1184 2682 dicimus
1211 2653 1244 2682 in
1267 2658 1359 2682 natu-

298 2698 415 2728 ralibus
443 2697 657 2727 necessarium
686 2706 753 2728 esse
783 2696 872 2736 quod
899 2697 999 2727 homo
1028 2695 1083 2726 fiat
1112 2697 1150 2726 ab
1174 2697 1306 2726 homine
1329 2702 1360 2726 et

298 2742 350 2773 leo
374 2751 392 2772 a
414 2741 523 2777 leone,
547 2746 579 2770 et
600 2741 633 2770 in
657 2739 870 2771 artificialibus
893 2740 982 2780 quod
1006 2740 1122 2770 domus
1149 2740 1203 2770 fiat
1226 2741 1264 2770 ab
1288 2740 1360 2770 arti—

299 2785 370 2822 fice,
387 2790 455 2823 etc„
477 2784 518 2814 Et
540 2784 604 2814 hoc
627 2783 824 2814 concludunt
847 2785 985 2814 rationes
1007 2784 1138 2814 litterae.

334 3237 342 3257 )
357 3244 376 3254 ·»
386 3239 394 3251 ⁸
434 3243 486 3280 iae(

327 3243 490 3333 ζέζῗ.
514 3272 555 3309 in
575 3271 726 3309 Christo
747 3282 827 3307 non
845 3269 983 3306 fuerint
999 3269 1167 3306 virtutes.
1190 3269 1362 3306 Christus

319 3327 367 3374 '‘5''
454 3316 620 3362 enirn
639 3323 772 3360 habuit
800 3321 1072 3359 abundantiam
1102 3321 1253 3369 gratiae.
1286 3322 1363 3358 Sed

436 3388 447 3409 ·.·
486 3397 503 3413 x
514 3376 632 3425 gratia
654 3375 792 3413 sufficit
811 3375 859 3412 ad
879 3374 1010 3411 omnia
1034 3381 1132 3410 recte
1152 3374 1360 3421 agendum:

305 3430 522 3467 secundum
550 3429 643 3466 illud
671 3430 700 3465 Il
732 3430 819 3465 Cor.
845 3440 890 3464 ΧΠ
908 3427 945 3463 *;
980 3428 1122 3474 Sufficit
1149 3428 1214 3463 tibi
1237 3428 1363 3476 gratia

306 3493 401 3519 mea.
430 3483 532 3530 Ergo
561 3481 600 3518 in
629 3480 780 3518 Christo
809 3492 889 3517 non
916 3480 1069 3516 fuerunt
1096 3478 1263 3516 virtutes.

361 3545 396 3571 2.
425 3535 664 3582 PRAETEREA,
701 3533 916 3570 secundum
957 3531 1259 3581 Philosophum,
1298 3532 1363 3569 VII

9 3444 10 3447 ¹
66 3434 81 3451 ⁸
94 3433 159 3458 Vm.
173 3442 196 3464 9.

993 260 1256 306 QUAESTIO
1285 260 1369 306 vn,

293 2129 371 2159 tiam
393 2127 596 2158 habitualem.
620 2127 775 2157 Probatur
796 2126 969 2166 tripliciter.
1004 2126 1129 2161 Primo,
1155 2126 1230 2165 quia
1252 2126 1357 2155 anima
1382 2139 1384 2157 π

294 2261 401 2291 Deum
424 2259 529 2289 habet.
552 2277 575 2280 —
598 2259 726 2294 Tertio,
750 2259 826 2298 quia
849 2257 1011 2294 Christus,
1034 2257 1201 2292 mediator,
1225 2258 1357 2297 gratiam
1383 2269 1384 2286 ς

1254 2879 1412 2887 W

459 3242 468 3247 -
513 3232 535 3257 D
551 3230 741 3256 SECUNDUM
756 3229 807 3254 s1c
827 3229 1061 3254 PROCEDITUR.
1081 3216 1242 3254 Videtur
1256 3217 1362 3266 quod
1388 3215 1391 3255 Ι
1416 3218 1532 3254 Ethic.
1559 3216 1594 3262 ²⁸,
1624 3215 1743 3253 virtus
1778 3216 1960 3254 dividitur
1987 3225 2118 3254 contra
2146 3218 2328 3267 quendam
2356 3220 2472 3257 heroi-

1400 258 1691 296 ARTICULUS
1720 258 1749 294 II

1454 335 1632 373 Similiter
1659 334 1794 381 etiam,
1824 334 2053 383 inquantum
2091 343 2145 371 est
2172 334 2345 371 Verbum
2373 334 2456 381 Dei,

1400 388 1533 425 habuit
1560 389 1776 425 facultatem
1813 387 1945 424 omnia
1972 387 2070 423 bene
2109 387 2293 436 operandi
2326 399 2458 436 opera-

1400 441 1503 477 tione
1532 440 1671 477 divina.
1703 440 1779 478 Sed
1807 439 1908 489 quia,
1937 448 2086 489 praeter
2114 439 2377 488 operationem
2405 440 2458 476 di-

1400 493 1544 539 vinam,
1566 501 1715 542 oportet
1741 505 1886 542 ponere
1906 497 1918 514 ⁸
1947 492 2211 542 operationem
2231 494 2458 538 humanam,
2584 511 2594 527 ε

1402 554 1444 582 ut
1463 546 1558 582 infra
1575 545 1595 567 ’²‘
1622 545 1782 594 patebit;
1812 545 1981 594 oportuit
2000 545 2038 582 in
2058 557 2104 582 eo
2124 557 2205 581 esse
2228 545 2460 582 habitualem

1402 598 1580 646 gratiam,
1609 610 1679 647 per
1714 610 1831 647 quam
1872 597 2096 635 huiusmodi
2133 597 2303 647 operatio
2340 598 2379 634 in
2414 610 2460 634 eo

1403 659 1500 687 esset
1528 651 1703 700 perfecta.

1456 705 1512 740 AD
1540 715 1697 740 TERTtUM
1725 715 1905 740 mCENDUM
1934 703 2039 752 quod
2076 702 2294 739 humanitas
2324 702 2462 739 Christi

1404 764 1458 792 est
1486 756 1782 792 instrumentum
1811 755 2034 802 divinitatis,
2064 767 2144 792 non
2181 755 2340 804 quidem
2369 755 2463 792 sicut

1403 807 1700 845 instrumentum
1720 808 1985 854 inanimatum,
2002 809 2109 857 quod
2127 810 2233 845 nullo
2251 808 2370 845 modo
2391 808 2463 856 agit

1404 861 1471 897 sed
1487 862 1613 897 solum
1628 861 1765 908 agitur:
1788 861 1855 897 sed
1869 869 2053 910 tanquam
2069 861 2365 898 instrumentum
2385 861 2463 898 ani-

1404 921 1553 950 matum
1581 913 1710 950 anima
1729 913 1912 959 rationali,
1934 914 2040 962 quod
2063 913 2113 950 ita
2132 914 2205 961 agit
2223 914 2330 962 quod
2350 913 2463 951 etiam

1405 965 1536 1012 agitur.
1567 967 1614 1002 Et
1640 966 1737 1011 ideo,
1759 967 1807 1002 ad
1826 966 2133 1003 convenientiam
2162 966 2329 1013 actionis,
2351 979 2464 1016 opor·

2385 268 2454 304 107
2498 307 2500 309 v

2489 551 2496 559 ⁸
2509 550 2554 577 Qu⁴
2566 555 2614 575 xix,
2625 553 2666 570 art.
2679 556 2697 570 ι.

1384 1018 1476 1054 ‘tuit
1504 1030 1592 1054 eum
1624 1018 1764 1054 habere
1793 1019 1951 1065 gratiam
1980 1019 2225 1056 habitualem.

964 1246 1297 1279 Commentaria
1319 1245 1570 1278 Gar-dinalis
1592 1245 1791 1278 Caietam

1461 1336 1578 1367 Utrum
1601 1342 1709 1366 aute'm
1730 1336 1763 1366 id
1787 1336 1876 1376 quod
1898 1337 1932 1367 in
1954 1336 2094 1367 secunda
2116 1338 2238 1367 ratione
2261 1337 2384 1373 dicitur,
2409 1339 2468 1368 sci-

1406 1380 1480 1410 licet
1510 1380 1600 1420 quod
1622 1390 1752 1411 necesse
1776 1386 1822 1410 est
1844 1381 2031 1411 rationalem
2054 1386 2229 1411 creaturam
2259 1391 2315 1421 per
2337 1383 2468 1422 gratiam

1407 1424 1521 1454 elevari
1537 1424 1576 1454 ad
1591 1424 1766 1466 yidendum
1783 1430 1813 1454 et
1829 1425 2001 1455 amandum
2017 1425 2133 1460 Deum,
2151 1425 2233 1455 dicat
2248 1426 2468 1456 necessitatem

1407 1468 1600 1507 simpliciter,
1624 1478 1692 1498 non
1716 1474 1761 1498 est
1784 1469 1956 1508 praesentis
1979 1469 2152 1508 propositi:
2178 1469 2230 1498 cui
2252 1475 2298 1499 sat
2314 1475 2360 1499 est
2379 1470 2467 1510 quod

1407 1511 1490 1541 dicat
1512 1513 1732 1542 necessitatem
1763 1512 1940 1542 secundum
1964 1512 2110 1542 ordinem
2140 1513 2233 1543 rebus
2257 1518 2408 1544 statutum
2438 1519 2468 1543 et

1407 1565 1599 1586 consonum.
1635 1556 1686 1586 Sic
1710 1557 1797 1586 enim
1819 1556 1943 1586 animae
1968 1556 2085 1586 Christi
2108 1556 2309 1587 conditiones
2332 1558 2468 1597 exquiri-

1407 1609 1495 1629 mus:
1527 1605 1558 1630 et
1581 1609 1648 1630 non
1672 1609 1797 1639 semper
1827 1600 1866 1630 de
1890 1599 1996 1630 divina
2019 1601 2252 1639 omnipotentia
2276 1601 2467 1631 disserimus.

1462 1643 1513 1673 111.
1539 1644 1574 1673 In
1597 1643 1713 1673 eodem
1737 1644 1880 1679 articulo,
1904 1645 1986 1674 circa
2008 1645 2165 1674 rationem
2188 1645 2311 1675 tertiam
2334 1645 2467 1675 dubium

1408 1688 1560 1717 occurrit:
1586 1688 1740 1727 quoniam
1759 1688 1903 1727 quaestio
1920 1688 1978 1718 ista
1993 1693 2060 1717 tota
2075 1689 2240 1727 proposita
2256 1694 2301 1718 est
2317 1688 2356 1719 de
2372 1690 2469 1728 gratia

1408 1730 1525 1761 Christi
1547 1731 1720 1761 secundum
1743 1731 1830 1771 quod
1845 1736 1891 1761 est
1904 1731 2083 1772 singularis
2098 1731 2193 1761 homo
2209 1733 2242 1768 ἢ
2266 1733 2345 1762 ratio
2362 1738 2469 1763 autem

1407 1774 1466 1804 ista
1488 1774 1633 1814 procedit
1649 1774 1687 1804 de
1705 1774 1832 1804 Christo
1856 1775 2033 1804 secundum
2050 1775 2139 1815 quod
2156 1781 2202 1805 est
2222 1782 2318 1815 caput
2334 1777 2468 1807 aliorum

1407 1818 1588 1848 hominum.
1623 1819 1786 1848 Divertere
1814 1819 1909 1858 igitur
1930 1818 2055 1848 videtur
2085 1829 2102 1848 a
2130 1820 2228 1858 gratia
2254 1820 2404 1859 singulari
2431 1821 2470 1850 ad

2497 1736 2505 1744 ⁴
2529 1734 2564 1755 Cf.
2591 1734 2678 1756 Introd.

2496 1765 2584 1788 quaest.

1380 1896 1382 1904 ‚
1407 1862 1539 1901 gratiam
1563 1862 1741 1901 capitalem.

1462 1905 1514 1936 Ad
1536 1906 1599 1936 hoc
1623 1906 1737 1936 dicitur
1759 1906 1868 1945 primo?
1888 1906 1987 1946 quod,
2013 1907 2087 1946 quia
2111 1907 2171 1937 alia
2194 1913 2240 1937 est
2263 1908 2342 1938 ratio
2361 1908 2469 1944 medii,

1381 1953 1382 1971 l
1409 1950 1469 1980 alia
1492 1950 1570 1980 ratio
1595 1950 1716 1990 capitis,
1739 1950 1824 1986 ideo,
1849 1960 1924 1981 cum
1946 1951 1980 1980 in
1995 1950 2097 1981 littera
2112 1951 2151 1981 sit
2166 1961 2270 1981 sermo
2288 1951 2326 1981 de
2343 1951 2470 1982 Christo

1409 1993 1586 2024 secundum
1611 1993 1700 2034 quod
1724 2000 1770 2024 est
1793 1994 1965 2030 mediator,
1995 2004 2063 2024 non
2086 1995 2229 2034 sequitur
2258 1995 2346 2035 quod
2370 1995 2471 2026 diver-

1409 2043 1492 2068 tatur
1515 2037 1554 2067 ad
1578 2037 1742 2067 Christum
1765 2038 1943 2068 secundum
1968 2038 2057 2078 quod
2082 2044 2128 2069 est
2151 2045 2256 2078 caput.

1465 2082 1588 2111 Dicitur
1611 2081 1764 2117 secundo,
1789 2087 1820 2111 et
1842 2082 1966 2117 melius,
1992 2082 2080 2122 quod
2103 2083 2209 2122 gratia
2225 2082 2342 2113 Christi
2364 2084 2397 2114 in
2421 2093 2471 2113 or-

1410 2125 1483 2155 dine
1507 2124 1546 2155 ad
1568 2135 1669 2164 genus
1692 2126 1881 2161 humanum,
1905 2127 1970 2156 sive
1994 2126 2171 2156 secundum
2188 2126 2333 2157 ordinem
2353 2127 2472 2157 media-

1410 2170 1496 2204 toris,
1521 2169 1585 2198 sive
1610 2170 1729 2208 capitis,
1754 2170 1819 2199 sive
1846 2170 1955 2209 aliquo
1979 2170 2041 2200 alio
2065 2171 2160 2200 simili
2183 2170 2293 2206 modo,
2318 2172 2412 2201 habet
2439 2172 2471 2201 in

1411 2223 1444 2243 se
1468 2213 1544 2243 duo.
1576 2213 1701 2248 Primo,
1726 2218 1772 2243 est
1794 2214 1918 2243 bonum
1942 2214 2101 2244 habentis:
2134 2215 2288 2254 quoniam
2318 2215 2471 2245 idoneum

1412 2267 1447 2287 ac
1479 2256 1611 2296 dignum
1642 2256 1815 2287 formaliter
1844 2257 1946 2287 reddit
1976 2258 2082 2297 ipsum
2112 2264 2148 2288 ut
2175 2259 2214 2288 sit
2236 2258 2393 2289 mediator
2422 2260 2471 2289 vel

1383 2307 1384 2310 ’
1412 2306 1517 2340 caput,
1535 2306 1593 2331 etc.
1622 2300 1782 2336 Secundo,
1808 2306 1854 2331 est
1877 2302 2000 2331 bonum
2025 2302 2176 2332 aliorum:
2201 2301 2278 2332 dum
2301 2303 2420 2333 mediat
2443 2310 2473 2333 et

1411 2344 1525 2380 influit,
1543 2350 1602 2375 etc.
1626 2345 1667 2374 Et
1690 2344 1763 2374 licet
1785 2345 1928 2375 secundo
1951 2345 2051 2375 modo
2075 2350 2197 2385 spectet
2220 2346 2259 2375 ad
2274 2347 2406 2385 gratiam
2422 2356 2472 2376 ca—

1411 2389 1551 2428 pitalem,
1573 2389 1677 2428 primo
1694 2394 1801 2418 tamen
1817 2388 1916 2419 modo
1933 2394 2053 2429 spectat
2069 2389 2108 2419 ad
2123 2390 2254 2428 gratiam
2270 2390 2471 2429 singularem.

1411 2433 1452 2463 Et
1475 2438 1643 2472 propterea
1666 2433 1787 2472 optime
1810 2433 1843 2462 in
1867 2433 1968 2463 littera
1992 2433 2193 2463 concluditur
2216 2443 2253 2463 ex
2275 2433 2390 2474 effectu
2405 2444 2472 2464 me-

1412 2476 1560 2507 diationis
1582 2477 1632 2506 vel
1655 2476 1793 2506 influxus
1822 2477 1855 2506 in
1884 2477 1978 2512 alios,
2010 2486 2077 2507 esse
2107 2477 2251 2507 habitum
2280 2477 2314 2507 in
2344 2475 2471 2508 Christo

1412 2520 1650 2560 dignificantem
1677 2520 1784 2560 ipsum
1808 2520 1997 2556 formaliter,
2028 2525 2059 2550 et
2086 2521 2333 2551 constituentem
2362 2521 2395 2551 in
2419 2522 2473 2551 tali

1413 2565 1584 2595 eminentia
1607 2570 1642 2594 ut
1658 2574 1696 2594 ex
1712 2565 1782 2604 ipso
1798 2565 1831 2594 in
1848 2565 1925 2594 alios
1940 2563 2096 2595 redundet
2110 2565 2223 2604 gratia:
2249 2570 2371 2595 constat
2387 2565 2471 2595 enim

1412 2609 1588 2638 bonitatem
1612 2614 1643 2638 et
1666 2607 1851 2648 dignitatem
1871 2609 1952 2638 hanc
1976 2618 2128 2648 magnum
2145 2618 2211 2639 esse
2228 2609 2350 2638 bonum
2366 2609 2472 2648 singu-

1412 2652 1483 2682 laris
1506 2652 1684 2693 hypostasis
1707 2652 1758 2682 vel
1780 2653 1921 2688 animae;
1945 2653 2026 2682 sicut
2047 2653 2072 2682 si
2096 2662 2133 2682 ex
2149 2653 2333 2682 necessitate
2356 2653 2473 2683 illumi-

1412 2695 1509 2726 nandi
1525 2696 1604 2726 alios
1620 2695 1770 2726 inferrem
1786 2695 1874 2735 quod
1890 2695 1992 2726 illud'
1984 2706 2017 2726 in
2033 2706 2065 2726 se
2081 2695 2171 2726 valde
2187 2696 2329 2726 lucidum
2347 2702 2473 2736 oportet

1415 2749 1491 2770 esse.
1520 2740 1615 2770 Nulla
1638 2749 1713 2779 ergo
1738 2746 1784 2770 est
1807 2739 1958 2775 diversio,
1983 2739 2038 2770 sed
2060 2740 2157 2779 gratia
2180 2740 2342 2803 singularis
2367 2750 2404 2770 ex
2428 2739 2473 2770 ef-

1414 2783 1499 2814 fectu
1523 2783 1733 2814 concluditur.

1063 2956 1381 2998 ARTICULUS
1416 2955 1713 2997 SECUNDUS

943 3047 1099 3078 UTRUM
1123 3047 1165 3077 1N
1190 3047 1378 3078 CHRISTO
1403 3046 1592 3078 FUEmNT
1616 3045 1831 3076 VIRTUTES

1032 3129 1063 3154 111
1083 3130 1165 3159 Sent„
1185 3129 1242 3155 dist.
1261 3137 1313 3160 xm,
1333 3137 1378 3162 qu.
1395 3136 1413 3160 1,
1433 3133 1478 3154 art.
1500 3136 1528 3159 i;
1549 3134 1594 3154 art.
1615 3136 1638 3159 2,
1659 3129 1706 3160 qu³
1728 3135 1750 3154 1.

2501 3227 2510 3236 ⁸
2521 3226 2552 3247 Ca
2572 3231 2710 3251 .1‚n.1,2.-

1416 3281 1501 3306 cum
1528 3270 1604 3306 sive
1630 3269 1794 3306 divinum
1822 3271 1997 3316 habitum,
2018 3270 2085 3319 qui
2109 3270 2321 3308 attribuitur
2348 3272 2472 3310 homi·
2500 3232 2583 3273 S'ffi'
2603 3252 2652 3273 'eet'
2668 3258 2682 3272 ¹¹

1416 3321 1530 3358 nibus
1549 3321 1698 3358 divinis.
1728 3322 1815 3358 Hoc
1833 3330 1963 3359 autern
1982 3323 2147 3360 maxime
2167 3324 2345 3360 convenit
2365 3325 2472 3362 Chri-

1417 3382 1486 3414 sto.
1507 3375 1608 3433 Ergo
1625 3374 1798 3411 Christus
1816 3386 1896 3412 non
1916 3375 2048 3412 habuit
2061 3375 2228 3423 virtutes,
2246 3377 2312 3413 sed
2331 3376 2471 3427 aliquid

1417 3426 1527 3464 altius
1554 3426 1703 3464 virtute.

1473 3479 1507 3516 3.
1537 3480 1766 3526 PRAETEREA,
1788 3479 1883 3517 sicut
1902 3480 1941 3516 in
1961 3481 2138 3518 Secunda
2157 3483 2265 3519 Parte
2284 3481 2304 3503 '³‘
2328 3481 2472 3520 dictum
2501 3488 2541 3508 1
2550 3487 2594 3508 1¹⁵²
2598 3492 2649 3514 <¹¹¹
2656 3492 2708 3512 Ν

1418 3539 1484 3578 est,
1504 3531 1660 3570 virtutes
1689 3545 1824 3570 omnes
1853 3532 1967 3570 simul
1986 3533 2185 3571 habentur.
2217 3534 2292 3572 Sed
2322 3535 2471 3572 Christo
2500 3517 2540 3535 art
2558 3519 2609 3539 ¹²²
