2872 3970
389 287 460 323 170

384 354 558 390 cundum
599 352 795 390 scientiam
837 353 1197 402 experimentalem,
1235 353 1283 389 ad
1325 365 1445 401 quam

384 406 542 455 quidem
580 417 660 442 non
697 405 902 455 requiritur
938 407 1070 442 lumen
1108 405 1342 453 angelicum,
1378 405 1446 442 sed

383 458 522 495 sufficit
548 460 681 495 lumen
700 458 909 496 intellectus
927 458 1089 506 agentis;
1119 470 1166 494 ex
1194 457 1445 507 impressione

382 523 476 548 vero
518 511 726 560 superiori,
764 511 979 548 secundum
1021 510 1217 547 scientiam
1258 510 1444 557 infusam,

383 576 503 613 quam
531 572 586 600 est
614 564 834 601 immediate
858 564 1019 613 adeptus
1039 576 1061 600 a
1080 563 1177 599 Deo.
1208 562 1314 600 Sicut
1342 562 1446 599 enim

383 629 501 666 supra
529 628 782 654 communem
810 616 975 653 modum
1004 623 1200 652 creaturae
1228 615 1357 652 anima
1385 615 1446 652 illa

383 669 488 707 unita
517 677 571 706 est
598 669 727 706 Verbo
756 669 795 706 in
823 668 966 706 unitate
995 680 1200 717 personae,
1230 667 1300 713 ita,
1330 680 1447 717 supra

383 734 636 759 communem
673 722 839 759 modum
876 721 1100 766 hominum,
1139 720 1359 758 immediate
1397 720 1445 757 ab

383 775 468 824 ipso
506 775 578 812 Dei
612 775 742 811 Verbo
770 775 914 823 repleta
950 781 1005 810 est
1042 773 1197 810 scientia
1234 781 1270 810 et
1306 773 1443 822 gratia:

383 839 463 864 non
501 835 630 864 autem
668 826 926 864 mediantibus
954 826 1113 874 angelis,
1144 826 1211 875 qui
1247 826 1363 863 etiam
1399 837 1446 862 ex

240 877 255 907 ζ
383 880 580 917 influentia
608 879 725 916 Verbi
762 891 892 916 rerum
921 878 1116 916 scientiam
1152 878 1190 915 in
1227 877 1316 916 sui<
1344 878 1446 928 prin-

383 933 483 981 cipio
512 940 753 982 acceperunt,
784 932 881 969 sicut
908 932 947 969 in
975 933 1005 968 II
1030 931 1127 968 libro
1151 943 1263 981 super
1285 932 1377 968 Gen.
1398 932 1449 969 ad

144 991 154 999 ·
169 985 225 1013 ⁰⁸¹³·
241 991 288 1007 “¹¹¹·
382 986 445 1022 litt.
465 985 485 1007 ’¹‘
512 985 749 1033 Augustinus
777 984 876 1022 dicit.

436 1039 492 1074 An
523 1050 657 1075 ramum
686 1049 784 1075 ERGO
813 1049 995 1075 memnon
1014 1037 1121 1087 quod
1142 1037 1203 1075 illa
1222 1036 1446 1074 confortatio

383 1091 506 1139 angeli
533 1103 614 1127 non
641 1091 710 1128 fuit
732 1102 802 1140 per
829 1091 995 1127 modum
1022 1089 1290 1136 instructionis,
1310 1089 1378 1127 sed
1397 1091 1447 1127 ad

162 1191 202 1212 [bb
219 1190 249 1212 w
282 1191 295 1212 d
383 1140 732 1181 demonstrandum
759 1143 1033 1193 proprietatem
1061 1144 1256 1180 humanae
1276 1150 1445 1180 naturae.

143 1192 151 1200 ·
170 1197 185 1212 ,ι
206 1207 210 1211 .
253 1197 279 1216 ,a
304 1197 355 1219 cap.

383 1197 495 1234 Unde
523 1197 629 1234 Beda
664 1196 771 1243 dicit,
799 1207 911 1246 super
948 1197 1037 1233 Luc.
1066 1195 1104 1233 *ι
1143 1198 1190 1233 In
1228 1196 1447 1233 documento

383 1251 570 1299 utriusque
598 1255 767 1296 naturae,
786 1255 819 1286 et
838 1249 968 1299 angeli
992 1251 1028 1286 ei
1053 1250 1290 1295 ministrasse,
1311 1255 1344 1286 et
1363 1261 1447 1286 eum

382 1303 612 1350 confortasse
629 1303 812 1339 dicuntur.
846 1303 1004 1339 Creator
1022 1304 1121 1339 enim
1139 1313 1230 1339 suae
1254 1307 1450 1339 creaturae

141 1223 196 1240 χιιι,
212 1223 271 1239 vers.
286 1223 322 1245 43.

433 1434 460 1467 ζ)
479 1435 529 1460 sui.
547 1449 567 1453 —
584 1441 632 1459 suo
652 1433 760 1463 BCDEI.
780 1434 836 1465 ipso
856 1434 896 1459 ed.
915 1440 942 1458 a.

432 1470 459 1503 η)
472 1470 694 1503 formationibus.
713 1483 732 1487 -
750 1469 770 1493 E
790 1474 815 1493 et
833 1469 906 1493 tertia
926 1474 1026 1500 praeter
1044 1469 1081 1500 G;
1099 1468 1364 1502 conformationibus.

1083 275 1346 322 QUAEsrlo
1375 275 1459 322 xil,

1489 275 1780 314 ARTICULUS
1807 276 1859 314 IV

1500 365 1574 390 non
1603 355 1705 403 eguit
1725 355 1934 404 praesidio.-
1959 354 2036 401 sed,
2063 355 2174 391 homo
2191 355 2331 403 sactus,
2355 357 2446 392 sicut
2466 367 2556 406 pro-

1493 412 1579 455 pter
1605 417 1673 443 nos
1690 408 1800 444 tristis
1817 413 1878 454 est,
1899 409 1948 444 ita
1975 413 2127 456 propter
2150 419 2216 444 nos
2238 409 2488 456 confortatur,-
2514 414 2557 445 ut

1500 458 1638 495 scilicet
1665 458 1704 495 in
1731 459 1844 496 nobis
1878 459 1976 496 fides
2010 459 2278 497 incarnationis
2312 459 2431 509 ipsius
2466 471 2557 498 con-

1500 510 1685 548 firmetur.

1553 564 1611 600 An
1638 575 1828 602 secunaum
1863 576 2044 602 mesanum
2083 566 2190 614 quod
2226 564 2435 615 Dionysius
2470 564 2560 603 dicit

1502 616 1698 653 Christum
1735 617 1914 666 angelicis
1938 617 2233 665 formationibus
2253 623 2272 646 '¹
2289 619 2412 666 fuisse
2445 619 2560 656 subie-

1500 674 1610 715 ctum,
1631 680 1711 706 non
1730 669 1882 706 ratione·
1902 669 1961 706 sui
1984 669 2124 719 ipsius:
2155 671 2223 708 sed
2248 670 2394 708 ratione
2422 681 2560 708 eorum

1501 733 1602 770 quae
1621 721 1720 758 circa
1739 721 1821 758 eius
1839 721 2142 760 incarnationem
2161 724 2381 771 agebantur,
2402 730 2439 760 et
2461 723 2561 760 circa

1501 773 1819 811 ministrationem
1830 772 1842 796 ⁰
1862 774 1901 811 in
1920 774 2076 812 infantili
2091 783 2211 813 aetate
2226 775 2428 813 constituti.
2449 775 2560 813 Unde

1501 826 1644 863 ibidem
1664 826 1792 866 subdit
1810 827 1919 876 quod
1940 839 2013 876 per
2030 828 2169 866 medios
2195 829 2351 879 angelos
2372 829 2562 866 nuntiatur

1499 880 1633 929 Ioseph
1661 891 1686 916 a
1712 881 1824 917 Patre
1850 880 2057 929 dispensata
2082 882 2167 918 Iesu
2195 882 2247 918 ad
2261 882 2479 931 Aegyptum
2503 893 2560 918 re·

1501 935 1634 978 cessio,
1663 938 1697 969 et
1725 944 1874 969 rursum
1903 933 1954 970 ad
1987 933 2168 971 Iudaeam
2205 934 2251 970 de
2275 934 2452 983 Aegypto
2487 939 2560 971 tra-

1501 985 1633 1022 ductio.

1554 1039 1611 1075 An
1638 1049 1797 1075 TER-rium
1824 1049 2006 1076 melianum
2033 1038 2142 1087 quod
2168 1038 2287 1076 Filius
2314 1038 2386 1076 Dei
2413 1048 2561 1076 assum·

1501 1090 1575 1140 psit
1602 1102 1743 1140 corpus
1771 1090 1959 1150 passibile,
1980 1098 2023 1128 ut
2041 1090 2136 1128 infra
2154 1090 2175 1113 '⁴'
2201 1091 2366 1128 dicetur:
2396 1091 2464 1128 sed
2482 1090 2562 1128 ani-

1501 1155 1608 1180 mam
1622 1142 1829 1192 perfectam
1848 1143 2003 1181 scientia
2016 1151 2054 1180 et
2070 1143 2228 1192 gratia.
2198 1143 2219 1166 *
2256 1145 2305 1181 Et
2318 1144 2406 1181 ideo
2421 1154 2562 1194 corpus
2589 1148 2600 1158 ⁸

1502 1196 1584 1233 eius
1602 1195 1671 1233 fuit
1690 1195 1962 1233 convenienter
1979 1196 2196 1234 subiectum
2219 1195 2460 1246 impressioni
2477 1207 2562 1234 cae-

1502 1249 1654 1286 lestium
1689 1260 1899 1309 corporum
1918 1255 1946 1286 ¹:

1502 1301 1672 1339 subiecta
1698 1301 1942 1351 impressioni
1969 1302 2189 1339 caelestium
2217 1301 2431 1351 spirituum.

1554 1431 1579 1467 0)
1599 1433 1831 1459 ministrationem.
1849 1447 1868 1452 -
1884 1433 1940 1458 eius
1959 1433 2055 1458 addunt
2073 1434 2094 1458 E
2113 1439 2139 1459 et
2157 1434 2229 1459 tertia
2247 1439 2348 1466 praeter
2366 1433 2384 1460 1.

1556 1468 1575 1503 ι)
1592 1476 1745 1501 corporum.
1761 1483 1781 1488 -
1798 1469 1940 1501 spirituum
1958 1469 2052 1502 ACpB,
2071 1477 2124 1495 om.
2143 1469 2175 1495 D.

1059 1548 1393 1581 Commentario.
1417 1547 1666 1581 cardinalis
1687 1549 1888 1582 Caietani

385 1640 550 1704 Tri-urus
568 1629 680 1659 clarus
696 1647 719 1650 —
739 1628 774 1658 In
791 1638 927 1668 corpore
944 1628 1078 1664 articuli,
1096 1628 1202 1668 primo
1218 1627 1353 1668 ponitur
1380 1626 1443 1657 dis-

444 1675 556 1705 tinctio
589 1673 627 1703 de
652 1673 771 1712 duplici
795 1672 894 1702 modo
919 1682 986 1712 quo
1011 1673 1116 1702 anima
1138 1677 1212 1702 nata
1233 1677 1279 1701 est
1303 1672 1439 1701 scientia

382 1719 509 1759 perfici3
534 1717 687 1753 secundo,
704 1716 915 1757 respondetur
939 1717 1093 1756 quaesito.

437 1762 555 1800 Quoad
578 1762 729 1802 primum,
747 1761 860 1791 dicitur
881 1760 970 1800 quod
993 1761 1098 1790 anima
1121 1759 1288 1800 dupliciter
1310 1765 1384 1790 nata
1400 1765 1447 1789 est

383 1807 514 1838 scientia
536 1805 664 1846 perfici:
689 1805 793 1835 velex
809 1805 1026 1840 sensibilibus;
1050 1804 1101 1834 vel
1120 1814 1157 1835 ex
1182 1805 1363 1834 substantiis
1386 1803 1458 1833 im—

382 1851 605 1882 materialibus,
637 1849 678 1879 Et
704 1847 922 1879 manifestatur
948 1848 1124 1879 distinctio:
1159 1848 1234 1888 quia
1265 1853 1311 1878 est
1340 1847 1446 1878 media

382 1897 464 1926 inter
494 1894 682 1924 substantias
713 1898 870 1933 separatas
897 1898 928 1923 et
952 1892 1142 1932 corporales.

437 1938 555 1976 Quoad
579 1936 767 1973 secundum,
792 1936 1003 1976 respondetur
1027 1936 1150 1967 duabus
1174 1936 1445 1971 conclusionibus,

381 1984 468 2014 iuxta
491 1982 592 2013 dictos
616 1981 698 2012 duos
722 1980 847 2011 modos
874 1981 979 2011 Prima
1003 1986 1064 2011 est:
1089 1981 1206 2011 Anima
1233 1980 1352 2011 Christi
1369 1989 1446 2020 per-

373 2029 467 2069 fecta
491 2032 538 2057 est
555 2026 688 2057 scientia
705 2025 949 2066 experimentali
973 2035 1014 2055 ex
1035 2025 1234 2055 sensibilibus
1257 2025 1373 2064 absque
1389 2034 1447 2054 an-

381 2072 487 2113 gelico
512 2071 641 2101 lumine.
666 2070 830 2100 Probatur.
855 2069 940 2107 Quia
964 2069 1079 2099 sufficit
1102 2068 1142 2099 ad
1164 2069 1247 2099 hanc
1270 2069 1380 2099 lumen
1399 2069 1447 2098 in-

382 2116 526 2146 tellectus
551 2115 680 2155 agentis.

437 2159 584 2190 Secunda
601 2164 659 2189 est:
684 2157 800 2188 Anima
820 2157 939 2188 Christi
950 2157 1097 2198 perfecta
1114 2162 1160 2187 est
1183 2167 1224 2187 ex
1240 2156 1448 2197 impressione

381 2204 544 2244 superiori
559 2202 666 2244 quoad
681 2202 846 2232 scientiam
864 2202 1006 2243 infusam
1027 2211 1047 2231 a
1063 2201 1134 2231 Deo
1150 2201 1340 2231 immediate.
1370 2200 1448 2230 Pro-

382 2250 484 2278 batur.
505 2247 594 2278 Sicut
610 2247 715 2277 anima
730 2246 782 2275 illa
799 2255 894 2286 supra
910 2255 1119 2276 communem
1137 2251 1297 2276 creaturae
1313 2244 1449 2275 modum

382 2293 471 2322 unita
491 2297 536 2322 est
559 2292 665 2321 Verbo
682 2291 715 2320 in
731 2290 852 2320 unitate
872 2299 1038 2330 personae,
1055 2290 1108 2326 ita,
1129 2299 1224 2330 supra
1239 2298 1449 2320 communem

383 2337 554 2366 hominum
577 2335 729 2370 modurn,
754 2334 936 2365 immediate
961 2344 978 2364 a
1002 2334 1071 2364 Deo
1096 2333 1216 2374 repleta
1239 2339 1285 2364 est
1308 2334 1447 2364 scientia.

438 2381 480 2410 Et
501 2381 581 2410 scito
613 2378 703 2420 quod
725 2379 804 2409 haec
827 2379 907 2408 ratio
939 2388 1007 2408 non
1030 2378 1137 2409 solum
1166 2384 1213 2408 est
1235 2376 1449 2408 similitudinis

383 2424 647 2465 proportionalis:
672 2423 727 2454 sed
751 2423 846 2452 etiam
870 2429 917 2453 est
937 2422 1091 2453 redditiva
1106 2431 1198 2453 verae
1214 2431 1327 2452 causae
1351 2431 1449 2462 quare

384 2470 489 2500 anima
512 2468 630 2499 Christi
653 2467 835 2499 immediate
858 2467 979 2507 repleta
994 2472 1043 2508 est
1060 2467 1191 2497 scientia
1213 2466 1318 2496 infusa
1333 2475 1351 2496 a
1367 2466 1448 2496 Deo.

384 2512 554 2553 Indignum
578 2513 699 2553 quippe
722 2511 832 2542 fuisset
855 2517 891 2542 ut
914 2517 1075 2551 assumpta
1091 2511 1196 2542 anima
1210 2511 1382 2552 insontem
1397 2519 1449 2540 sa-

263 2561 313 2583 cap-
334 2562 356 2582 Ι,
379 2557 564 2632 Ρὶενὲζξαεῇ,
585 2556 674 2631 luncclle
698 2555 802 2630 angteli
822 2556 962 2630 cslapiunlt‚
987 2565 1055 2586 non
1064 2565 1108 2629 fex
1123 2554 1450 2629 {lpsotfontgozestcimziss

384 2611 436 2632 me
460 2611 496 2631 ns
513 2611 582 2631 r1vu
595 2610 621 2630 is
663 2610 747 2631 eriva
761 2610 786 2630 1s
803 2610 819 2630 a
858 2609 938 2639 ange
953 2609 988 2630 os
1005 2609 1062 2639 per
1076 2609 1119 2629 un
1145 2609 1196 2630 ere
1211 2609 1258 2629 ur.

385 2651 492 2676 autem
515 2644 605 2675 valde
629 2650 674 2680 ut,
700 2645 781 2675 sicut
803 2644 836 2674 in
852 2645 974 2674 unione
994 2649 1154 2674 creaturae
1177 2643 1292 2674 limites
1308 2648 1382 2673 sunt
1398 2653 1450 2673 ex-

386 2690 474 2725 cessi,
498 2690 541 2720 ita
562 2690 595 2719 in
620 2689 826 2729 perfectione,
851 2698 919 2718 non
943 2693 1113 2724 creaturae,
1138 2687 1193 2718 sed
1216 2688 1375 2718 humanae
1395 2697 1451 2717 na-

363 2735 474 2765 'turae
496 2734 588 2764 limes
611 2733 791 2764 excedatur.

147 2558 156 2567 ·
171 2556 242 2577 Eccli.

146 2589 205 2604 vers.
220 2589 240 2610 5.

1555 1627 1592 1658 11.
1617 1627 1652 1658 In
1675 1629 1884 1669 responsione
1907 1627 1947 1659 ad
1969 1629 2120 1668 primum,
2143 1634 2221 1659 nota
2244 1628 2334 1668 quod
2356 1629 2563 1660 confortatio-

1499 1682 1575 1702 nem
1599 1671 1717 1703 Christi
1741 1673 1779 1703 ab
1803 1673 1917 1713 angelo
1942 1672 2038 1703 fuisse
2061 1671 2290 1703 testificationis
2305 1679 2435 1704 naturae
2451 1673 2564 1704 huma-

1499 1726 1579 1752 nae,
1603 1726 1671 1747 non
1698 1716 1800 1747 aufert
1831 1717 1909 1757 quin
1933 1715 2028 1747 fuerit
2050 1715 2256 1756 indigentiae:
2291 1727 2360 1747 non
2393 1723 2430 1748 ut
2459 1722 2565 1758 egeret

1499 1761 1610 1791 instrui
1637 1761 1676 1790 ab
1701 1761 1832 1800 angelo;
1863 1760 1919 1791 sed
1949 1761 2024 1801 quia
2051 1766 2157 1801 egeret
2187 1762 2333 1791 exteriori
2362 1771 2399 1792 ac
2425 1761 2565 1793 sensibili

1499 1805 1721 1844 propositione
1745 1805 1862 1835 obiecti
1885 1805 2030 1835 servativi
2053 1803 2210 1835 inferioris
2224 1806 2331 1845 partis,
2347 1815 2389 1836 ne
2402 1805 2476 1847 plus
2493 1814 2564 1847 cru-

1500 1848 1600 1878 ciatus
1622 1848 1839 1889 propassionis
1861 1847 2058 1889 procederet.

1554 1891 1605 1922 Ad
1629 1893 1720 1923 cuius
1743 1892 1944 1929 evidentiam,
1969 1898 2097 1933 oportet
2118 1902 2206 1924 nunc
2229 1902 2422 1933 supponere,
2447 1902 2484 1925 ex
2499 1890 2564 1931 Di,-

1499 1937 1680 1967 masceno*
1682 1960 1690 1973 ‚
1703 1935 1812 1976 quod'
1804 1945 1838 1966 in
1850 1936 1978 1967 Christo
1994 1946 2062 1967 non
2078 1935 2137 1967 fuit
2152 1936 2362 1967 redundantia
2375 1936 2564 1969 inferiorum

1499 1981 1614 2011 virium
1630 1981 1663 2010 in
1679 1981 1858 2020 superiores
1877 1986 1932 2011 aut
1955 1990 1972 2011 e
1989 1989 2154 2017 converso,
2171 1980 2226 2012 sed
2246 1981 2418 2023 unicuique
2426 1981 2564 2022 permt's-

1499 2034 1570 2056 sum
1582 2030 1629 2055 est
1643 2034 1743 2066 agere
1754 2024 1841 2065 quod
1854 2034 1948 2055 suum
1965 2030 2044 2055 erat.
2068 2025 2202 2065 Propter
2214 2025 2303 2066 quod
2321 2026 2478 2057 cruciatus
2488 2035 2564 2066 pro-

1500 2069 1654 2109 passionis
1671 2068 1787 2099 Christi
1806 2068 1866 2099 fuit
1887 2068 1978 2099 valde
2000 2078 2150 2109 magnus:
2175 2074 2211 2100 ut
2231 2069 2367 2111 sanguis
2390 2070 2565 2101 decurrens

1502 2113 1534 2143 in
1552 2118 1673 2143 terram
1688 2113 1705 2129 '
1725 2117 1865 2143 testatur.
1890 2113 1930 2143 Et
1949 2113 2024 2153 quia
2040 2122 2111 2153 pars
2127 2113 2272 2154 superior
2286 2123 2354 2144 non
2369 2113 2566 2147 redundabat
2593 2117 2602 2128 ·

1501 2158 1534 2187 in
1557 2156 1758 2193 inferiorem,
1789 2157 1994 2197 processisset
2017 2163 2128 2197 suapte
2151 2163 2264 2188 natura
2289 2158 2322 2188 in
2346 2163 2471 2188 tantum
2493 2167 2566 2190 cru-

1502 2202 1601 2232 ciatus
1624 2201 1736 2231 ille-ut
1758 2206 1894 2237 motum*
1905 2206 1936 2231 et
1951 2210 2080 2232 sensum
2096 2201 2273 2232 abstulisset
2289 2211 2306 2232 a
2322 2211 2463 2242 corpore.
2473 2200 2566 2235 Chri-

1501 2246 1550 2282 sti,
1575 2251 1629 2275 aut
1643 2244 1735 2275 valde
1749 2245 1943 2286 impedisset.
1969 2245 2031 2276 Sed
2047 2245 2246 2286 providentia
2261 2245 2366 2276 divina
2381 2246 2566 2287 suppletum

1503 2295 1549 2320 est
1572 2299 1629 2329 per
1652 2289 1787 2320 exterius
1811 2288 2076 2320 confortativum:
2108 2299 2144 2320 ac
2167 2290 2193 2320 si
2222 2289 2324 2320 homo
2347 2290 2461 2331 aliquis
2487 2300 2566 2323 con-

1503 2333 1647 2364 fortasset
1671 2343 1756 2364 eum.
1781 2333 1826 2364 Ita
1849 2333 1949 2374 quod,
1973 2334 2055 2364 sicut
2077 2339 2214 2364 tentatus
2237 2333 2298 2364 fuit
2320 2344 2338 2364 a
2361 2334 2489 2370 diabolo
2512 2345 2566 2370 ex-

1501 2378 1598 2408 terius
1622 2377 1836 2418 proponendo
1860 2378 1985 2408 obiecta
2007 2377 2171 2408 invitantia
2186 2377 2226 2408 ad
2241 2377 2363 2408 malum

1503 2422 1635 2452 fortatus
1659 2427 1705 2452 est
1729 2422 1767 2452 ab
1791 2422 1906 2462 angelo
1930 2422 2065 2452 exterius
2087 2427 2291 2462 proponente
2309 2422 2434 2453 obiecta
2449 2429 2566 2457 conso-

1503 2467 1628 2501 latoria,
1653 2475 1736 2506 quae
1765 2466 1948 2496 naturaliter
1969 2471 2043 2496 nata
2066 2471 2156 2502 sunt,
2179 2466 2360 2506 proposita,
2385 2465 2566 2500 confortare

1502 2511 1584 2540 vires
1599 2520 1636 2541 ac
1659 2519 1794 2551 corpus:
1818 2516 1854 2540 ut
1869 2510 1914 2540 sic
1937 2510 2027 2550 quasi
2042 2509 2169 2540 frenum
2190 2519 2228 2540 ex
2243 2510 2430 2541 sensibiliter
2445 2520 2566 2562 propo-

1503 2555 1567 2584 sitis
1592 2555 1746 2585 cruciatui
1768 2554 1983 2604 propassionis
2006 2554 2190 2594 appositum
2213 2554 2252 2584 sit
2275 2555 2313 2584 ab
2337 2559 2438 2591 extra;
2462 2560 2500 2585 ut
2520 2555 2566 2587 sic

1503 2597 1633 2629 inferior
1655 2608 1726 2638 pars
1757 2598 1902 2628 habuerit
1925 2598 2020 2628 etiam
2042 2597 2076 2628 in
2100 2596 2335 2628 confortatione
2358 2598 2448 2638 quod
2470 2601 2566 2631 suum

1504 2648 1569 2672 erat
1592 2643 1630 2672 ab
1648 2648 1742 2673 extra.
1766 2642 1807 2672 Et
1830 2643 1893 2672 hoc
1916 2642 2052 2672 maxime
2068 2647 2223 2672 monstrat
2245 2643 2409 2673 veritatem
2432 2651 2469 2674 ac
2491 2650 2567 2684 pro·

1504 2687 1671 2727 prietatem
1694 2687 1853 2716 humanae
1875 2690 2006 2716 naturae
2029 2686 2063 2716 in
2087 2685 2225 2716 Christo.

1983 1249 2113 1287 anima
2139 1261 2234 1286 vero
2269 1249 2351 1286 eius
2387 1261 2467 1286 non
2494 1248 2564 1287 fuit
2622 1291 2625 1294 ,

2377 2377 2406 2414 ”,
2428 2378 2472 2409 ita
2487 2375 2566 2419 con-
2592 2381 2603 2392 ·

2589 1095 2828 1125 '.,..qunv·1·t¹¹

2590 1173 2659 1202 adn·
2673 1177 2754 1203 ιη.4.

2593 1941 2603 1952 ·
2613 1940 2649 1963 ne
2659 1940 2719 1964 riae
2733 1940 2803 1964 orn.
2824 1927 2834 1955 J

2590 1967 2638 2016 {¹1¹}
2647 1967 2687 1995 111,
2702 1973 2804 1996 cap-xv,

2615 1146 2663 1176 Qu.
2672 1153 2719 1175 m,
2728 1151 2801 1176 nna,
2834 1163 2835 1167 ,
