2872 3970
927 283 1190 330 QUAESTIO
1219 285 1321 331 LIV,
1351 280 1642 323 ARTICULUS
1671 286 1717 323 111

2338 288 2405 324 511

1036 435 1352 478 ARTICULUS
1381 437 1609 478 TERTIUS

746 527 902 558 UTRUM
926 518 1095 577 coatus
1119 526 1291 558 CHRISTI
1313 527 1642 559 RESURREXEmr
1666 529 1896 560 INTEGRUM

922 605 1018 636 Quodl.
1038 606 1069 635 V,
1089 614 1132 638 qu.
1151 613 1188 636 ιιι,
1209 611 1257 631 art.
1279 613 1306 636 ις
1327 607 1356 631 In
1378 606 1460 636 Ioan„
1480 615 1536 640 cap.
1554 615 1593 639 xx,
1614 609 1671 634 lect.
1690 617 1724 634 v1.

363 708 421 767 εἰ(

433 696 465 723 'D
479 697 638 724 TERTmM
654 691 670 707 ‘²
690 698 742 723 sm
757 698 992 723 enom-:orrum
1012 685 1174 722 Videtur
1188 686 1294 734 quod

234 778 240 781 „
282 752 302 778 ,·
372 739 425 799 Χἰξὸ-
442 751 583 788 corpus
621 737 762 775 Christi
797 751 878 775 non
915 737 1161 775 resurrexerit
1200 738 1294 775 inte-

250 794 284 837 ',J
385 797 412 842 ’ἦ
441 803 565 839 grum.
595 791 694 829 Sunt
713 790 817 828 enim
837 792 884 828 de
903 790 1112 838 integritate
1132 790 1294 827 humani

290 820 385 874 ἑὲ)
401 837 434 882 Q
442 843 614 893 corporis
650 855 740 880 caro
769 851 805 880 et
840 842 1004 891 sanguis.
1044 844 1156 890 Quae
1186 843 1294 880 Chri-

232 901 311 932 stus
338 903 419 932 n‘on
446 896 598 933 videtur
625 896 824 933 habuisse:
863 896 1001 933 dicitur
1028 895 1129 932 enim
1160 897 1174 932 I
1206 897 1292 932 Cor.

230 958 280 984 xv
296 946 334 984 *z
367 949 469 986 Caro
497 955 531 986 et
562 950 716 998 sanguis
742 960 902 999 regnum
929 950 1003 985 Dei
1035 961 1110 986 non
1133 949 1293 996 posside-

230 1002 329 1037 bunt.
367 1000 540 1039 Christus
568 1009 699 1038 autem
733 1000 936 1039 resurrexit
967 1000 1007 1038 in
1038 1000 1156 1048 gloria
1189 1000 1294 1048 regni

230 1052 314 1089 Dei.
345 1054 446 1101 Ergo
464 1054 617 1091 videtur
643 1055 751 1103 quod
770 1066 851 1091 non
876 1052 1052 1090 habuerit
1075 1065 1230 1090 carnem
1258 1061 1293 1089 et

231 1105 470 1154 sanguinem.
1280 1140 1288 1144 .

250 1170 253 1171 ’
284 1169 320 1194 2.
341 1159 574 1205 PRAETEREA,
595 1159 749 1207 sanguis
768 1166 823 1195 est
842 1170 944 1195 unus
970 1159 1017 1195 de
1037 1166 1204 1207 quatuor
1222 1159 1293 1194 hu-

230 1210 416 1248 moribus.
439 1211 478 1248 Si
497 1223 587 1260 ergo
609 1211 781 1249 Christus
801 1210 935 1248 habuit
953 1210 1190 1258 sanguinem,
1211 1210 1293 1259 pari

230 1262 376 1301 ratione
404 1264 539 1303 habuit
566 1264 660 1302 alios
687 1265 885 1309 humores,
915 1276 962 1300 ex
989 1263 1131 1312 quibus
1161 1275 1292 1300 causa-

229 1323 293 1358 tur
319 1316 514 1366 corruptio
533 1317 572 1354 in
591 1316 819 1366 corporibus
847 1315 1083 1352 animalium.
1114 1315 1176 1353 Sic
1202 1327 1291 1363 ergo

230 1377 455 1418 sequeretur
482 1370 589 1418 quod
617 1381 758 1418 corpus
795 1368 934 1406 Christi
968 1368 1080 1405 fuerit
1106 1368 1292 1417 corrupti-

229 1420 316 1458 bile.
346 1421 466 1469 Quod
494 1430 549 1459 est
576 1421 864 1459 inconveniens
900 1422 992 1458 Non
1020 1421 1132 1468 igitur
1159 1420 1293 1458 habuit

229 1478 386 1511 ca'rnem
414 1482 450 1511 et
478 1474 717 1523 sanguinem.

285 1526 319 1564 3.
349 1527 582 1574 PRAETEREA,
604 1540 745 1577 corpus
775 1526 914 1564 Christi
942 1526 1048 1575 quod
1077 1526 1289 1573 resurrexit,

229 1577 270 1617 in
297 1581 447 1618 caelum
466 1580 646 1618 ascendit.
677 1580 753 1618 Sed
775 1579 918 1628 aliquid
938 1580 985 1616 de
1005 1579 1188 1627 sanguine
1208 1579 1291 1616 eius

130 1651 143 1658 «
182 1633 187 1639 “
229 1631 275 1670 ἰῐιι
296 1632 532 1682 quibusdam
569 1633 735 1670 ecclesiis
762 1639 978 1669 reservatur
1003 1644 1074 1681 pro
1110 1631 1288 1680 reliquiis.

137 1949 188 1976 ced.
197 1965 204 1977 ,

126 2511 131 2520 .

123 2525 125 2527 ’
133 2539 135 2542 ’
162 2533 200 2556 cit.

139 2934 143 2940 ·
151 2929 203 2951 με,

108 2949 121 2966 f
127 2956 137 2967 ἰ
157 2954 202 2972 vet.

229 1685 323 1723 Non
359 1696 450 1733 ergo
486 1686 690 1723 resurrexit
719 1684 858 1722 Christi
894 1697 1034 1734 corpus
1071 1696 1159 1721 cum
1197 1685 1290 1721 inte-

229 1737 359 1786 gritate
393 1738 571 1775 omnium
599 1750 759 1775 suarum
785 1737 965 1787 partium.

283 1791 357 1828 San
377 1803 522 1828 CONTRA
540 1803 606 1828 EST
621 1791 728 1841 quod
743 1790 935 1828 Dominus
955 1790 1055 1836 dicit,
1070 1791 1166 1827 Luc.
1178 1791 1243 1827 ult.
1253 1789 1288 1836 ³¹⁶,

228 1851 316 1892 post
347 1843 666 1883 resurrectionem
701 1842 895 1892 discipulis
922 1844 1105 1891 loquens:
1136 1844 1290 1891 Spiritus

229 1897 382 1934 carnem
402 1902 435 1933 et
453 1909 536 1934 ossa
564 1909 638 1934 non
667 1898 786 1942 habet,
805 1897 898 1932 sicut
919 1907 980 1932 me
997 1896 1123 1932 videtis
1140 1897 1288 1932 habere.

271 1944 506 1986 -Rssponnsso
521 1961 702 1986 mci-:NDUM
721 1948 840 1997 quod,
861 1947 956 1984 sicut
975 1959 1091 1996 supra
1104 1947 1124 1969 ’³‘
1143 1947 1289 1984 dictum

229 2006 296 2048 est,
325 2012 466 2051 corpus
495 2001 634 2039 Christi
661 2001 701 2038 in
729 2000 1004 2038 resurrectione
1031 2000 1101 2037 fuit
1129 2001 1288 2037 eiusdem

228 2060 398 2101 naturae,
416 2055 482 2092 sed
507 2055 656 2093 alterius
682 2054 839 2104 gloriae.
882 2053 994 2090 Unde
1022 2052 1211 2102 quidquid
1240 2053 1288 2090 ad

228 2114 407 2144 naturam
435 2107 606 2156 corporis
625 2106 786 2144 humani
813 2105 986 2154 pertinet,
1006 2113 1131 2142 totum
1153 2105 1222 2142 fuit
1249 2105 1289 2142 in

228 2171 391 2208 corpore
421 2159 561 2197 Christi
589 2158 828 2207 resurgentis.
861 2157 1110 2195 Manifestum
1137 2165 1193 2194 est
1221 2170 1288 2194 au-

228 2209 308 2250 tern
326 2213 434 2262 quod
453 2212 501 2249 ad
520 2220 697 2249 naturam
723 2211 894 2260 corporis
914 2210 1076 2247 humani
1101 2210 1290 2260 pertinent

228 2276 362 2302 carnes
390 2272 427 2302 et
453 2277 541 2302 ossa
568 2272 605 2302 et
632 2264 797 2312 sanguis,
818 2271 854 2300 et
877 2263 949 2300 alia
976 2263 1211 2300 huiusmodi.
1242 2264 1290 2300 Et

227 2317 316 2356 ideo
354 2317 486 2355 omnia
519 2318 588 2356 ista
621 2318 661 2355 in
689 2329 850 2366 corpore
887 2315 1026 2353 Christi
1062 2315 1290 2364 resurgentis

226 2370 392 2409 fuerunt.
429 2371 478 2408 Et
505 2371 621 2408 etiam
648 2369 894 2418 integraliter,
924 2369 1069 2418 absque
1099 2369 1206 2406 omni
1234 2368 1289 2406 di-

227 2423 461 2461 minutione:
497 2423 669 2472 alioquin
696 2435 776 2460 non
810 2422 939 2459 fuisset
974 2423 1138 2471 perfecta
1165 2434 1289 2459 resur-

227 2475 356 2522 rectio,
377 2476 408 2514 si
427 2488 507 2513 non
534 2476 665 2513 fuisset
692 2475 987 2523 redintegratum
1008 2474 1198 2524 quidquid
1221 2487 1290 2523 per

227 2531 394 2570 mortem
421 2528 608 2566 ceciderat
625 2529 656 2565 ²¹¹.
689 2528 801 2566 Unde
830 2535 866 2564 et
892 2527 1085 2564 Dominus
1112 2527 1290 2564 fidelibus

228 2581 307 2620 suis
333 2581 518 2632 promittit
545 2581 687 2628 dicem,
707 2581 843 2618 Matth.
855 2580 887 2617 ‘x
905 2580 942 2617 ἰἣ
980 2581 1098 2618 Vestri
1114 2586 1236 2618 autem
1256 2585 1289 2617 et

227 2634 355 2684 capilli
379 2636 507 2684 capitis
529 2647 656 2672 omnes
679 2635 866 2671 numerati
889 2639 982 2670 sunt.
1011 2634 1060 2670 Et
1078 2634 1173 2670 Luc.
1193 2645 1251 2670 xm
1269 2633 1290 2655 ‘¹‘

228 2686 386 2725 dicitur:
419 2687 583 2736 Capillus
610 2687 655 2724 de
681 2689 800 2735 capite
825 2692 945 2725 vestro
974 2699 1048 2723 non
1072 2688 1217 2735 peribit.

239 2747 242 2750 '
281 2740 418 2777 Dicere
446 2747 575 2777 autem
603 2740 710 2789 quod
738 2751 880 2788 corpus
900 2738 1039 2776 Christi
1068 2750 1224 2775 carnem
1254 2746 1290 2775 et

229 2803 316 2830 ossa
343 2805 423 2830 non
447 2792 634 2838 habuerit,
655 2799 691 2830 et
709 2792 799 2829 alias
828 2791 1052 2828 huiusmodi
1073 2799 1198 2840 partes
1217 2792 1288 2828 hu-

228 2856 347 2883 mano
374 2845 528 2896 corpori
547 2846 748 2892 naturales,
763 2844 930 2894 ,pertinet
953 2844 1002 2882 ad
1022 2856 1191 2881 errorem
1211 2845 1288 2881 Eu-

227 2897 358 2947 tychii‚
378 2897 821 2948 Constantinopolitanae
849 2897 955 2935 urbis
983 2897 1152 2946 episcopi
1166 2897 1196 2944 ⁹¹⁸,
1222 2897 1289 2946 qui

228 2949 379 2988 dicebat
397 2952 506 3000 quod
528 2963 663 3001 corpus
685 2957 852 2988 nostrum
871 2952 908 2987 in
929 2951 992 2987 illa
1011 2952 1291 2987 resurrectionis

227 3004 354 3053 gloria
380 3006 449 3040 erit
467 3004 714 3054 impalpabile,
735 3010 768 3040 et
786 3005 901 3041 ventis
927 3015 1087 3052 aereque
1107 3003 1290 3047 subtilius,-

229 3063 266 3093 et
293 3056 400 3106 quod
427 3056 632 3104 Dominus,
646 3061 732 3107 post
750 3058 972 3105 confirmata
1000 3056 1115 3092 corda
1134 3056 1288 3104 discipu-

228 3108 351 3147 lorum
373 3109 620 3159 palpantium,
641 3120 753 3147 omne
779 3109 871 3147 illud
896 3109 997 3158 quod
1013 3110 1051 3146 in
1071 3120 1114 3145 eo
1136 3108 1292 3157 palpari

222 3163 354 3211 potuit,
383 3163 421 3199 in
448 3161 680 3200 subtilitatem
707 3161 872 3211 aliquam
899 3161 1052 3211 redegit.
1083 3161 1202 3207 Quod
1222 3159 1288 3196 ibi-

228 3214 320 3252 dem
338 3213 354 3244 β
380 3214 574 3263 improbat
601 3214 825 3263 Gregorius.
861 3214 953 3263 quia
980 3225 1121 3262 corpus
1150 3212 1288 3250 Christi

227 3274 315 3316 post
335 3266 656 3304 resurrectionem
674 3267 922 3304 immutatum
941 3278 1021 3303 non
1040 3265 1125 3302 fuit:
1154 3277 1287 3301 secun-

282 3376 309 3410 α)
327 3377 372 3403 Aa
392 3376 519 3403 Hirtium.
537 3391 557 3397 -
574 3377 612 3403 Cf.
631 3382 678 3404 art.
697 3385 782 3411 praec.
802 3386 826 3403 α.

281 3410 308 3447 β)
327 3412 431 3438 ibidem.
443 3424 464 3435 -ψ
474 3412 578 3438 Librine
592 3421 624 3437 an
635 3418 720 3438 ten-ae
734 3414 817 3444 locus,
831 3413 928 3438 scilicet
941 3412 1183 3444 Constantinopolis.
1196 3412 1288 3436 intelli·
1313 3399 1315 3433 i*

229 3448 328 3480 &andus
346 3453 372 3472 et
390 3445 558 3480 improbabat
576 3448 732 3480 legendum?
751 3449 777 3473 in
800 3449 816 3473 I
830 3449 976 3473 Moralium
997 3448 1042 3473 sG.
1055 3462 1075 3467 —
1086 3447 1149 3479 quia
1169 3447 1287 3477 esest-13

229 3482 318 3514 dictem
336 3483 407 3515 quod
425 3483 494 3514 FsG,
511 3483 583 3516 quod
601 3484 686 3509 ceteri.

281 3517 309 3551 γ)
322 3517 370 3546 ,ille
391 3525 468 3552 quae.
484 3532 504 3537 ·-
521 3519 596 3549 Psi-13
614 3519 658 3544 ille
681 3519 754 3551 quod
771 3518 855 3543 CDsG
875 3523 900 3543 et
917 3525 943 3547 a,
963 3517 1029 3542 illud
1053 3517 1124 3549 quod
1143 3517 1160 3544 1.
1181 3517 1223 3541 ille
1241 3516 1288 3548 qui

229 3552 315 3584 ceteri.
333 3554 401 3578 Ante
418 3553 577 3578 retractavit
595 3553 616 3578 F
635 3553 704 3578 addit
722 3561 783 3578 non.

239 3583 252 3586 ”
280 3584 309 3622 ἢ)
325 3588 535 3620 reassumpserit.
552 3594 573 3607 '—
589 3589 762 3620 resumpserit
780 3588 798 3612 F
818 3593 844 3612 et
863 3587 936 3612 tertia
955 3592 1055 3619 praeter
1074 3587 1121 3611 εΗ.

1347 686 1442 723 dum
1462 686 1553 723 illud
1573 689 1683 724 Rom.
1703 701 1738 725 vi
1757 688 1796 725 *ε
1830 691 2217 741 Christusresurgens
2243 705 2292 729 ex
2310 706 2406 731 mor-

1346 740 1415 775 tuis
1438 741 1514 776 iam
1539 753 1612 777 non
1638 743 1806 778 moritur.
1835 743 1946 779 Unde
1967 751 2003 779 et
2021 743 2081 780 ille
2101 756 2200 792 quae
2216 750 2230 772 Ὺ
2250 745 2405 792 dixerat,

1347 790 1386 828 in
1413 799 1537 828 morte
1565 793 1778 830 retractavit
1796 794 1826 830 ²¹⁸.
1858 795 1898 831 Si
1926 795 2030 832 enim
2049 796 2325 834 inconveniens
2352 807 2406 835 est

1347 851 1388 879 ut
1417 844 1590 881 Christus
1618 845 1769 882 alterius
1797 854 1954 884 naturae
1982 860 2123 897 corpus
2151 849 2190 885 in
2218 862 2288 886 sua
2315 862 2406 887 con-

1347 895 1521 945 ceptione
1541 897 1737 946 acciperet,
1757 906 1850 947 puta
1878 902 2048 947 caeleste,
2069 901 2165 938 sicut
2183 903 2406 940 Valentinus

1346 948 1558 995 asseruit*;
1592 951 1714 987 multo
1743 951 1862 999 magis
1899 952 2175 990 inconveniens
2212 962 2267 991 est
2299 957 2405 1004 quod

1346 1000 1385 1037 in
1405 1001 1679 1039 resurrectione
1708 1003 1860 1040 alterius
1879 1013 2036 1042 naturae
2057 1018 2197 1055 corpus
2217 1019 2405 1045 reassum-

1345 1053 1461 1102 pserit
1479 1052 1511 1090 δ;
1541 1054 1632 1103 quia
1658 1067 1799 1104 corpus
1826 1056 1866 1093 in
1894 1059 2170 1096 resurrectione
2202 1060 2406 1110 resumpsit

1346 1106 1395 1142 ad
1422 1106 1542 1143 vitam
1570 1107 1840 1154 immortalem,
1862 1111 1969 1157 quod
1997 1111 2036 1147 in
2066 1112 2317 1160 conceptione
2345 1125 2405 1150 ac-

1346 1166 1498 1207 ceperat
1517 1164 1528 1179 2
1557 1159 1605 1195 ad
1633 1159 1752 1196 vitam
1780 1163 1994 1199 mortalem.

1398 1211 1455 1247 An
1484 1223 1618 1248 PmMUM
1646 1223 1743 1249 ERGO
1781 1225 1961 1251 DICENDUM
1998 1216 2105 1264 quod
2142 1229 2232 1253 caro
2265 1224 2297 1253 et
2323 1230 2405 1254 san-

1344 1265 1429 1312 guis
1457 1262 1508 1299 ibi
1536 1275 1616 1300 non
1644 1265 1827 1314 accipitur
1849 1278 1919 1315 pro
1944 1275 2079 1304 natura
2107 1268 2229 1305 carnis
2257 1277 2293 1306 et
2321 1283 2405 1306 san—

1344 1314 1486 1363 guinis:
1525 1317 1592 1353 sed
1620 1318 1681 1353 vel
1708 1330 1779 1366 pro
1817 1320 1930 1367 culpa
1962 1320 2085 1357 carnis
2124 1329 2159 1357 et
2191 1322 2404 1370 sanguinis,

2438 707 2447 716 ⁸
2461 706 2527 728 Vers.
2542 713 2564 734 9.

2532 756 2547 780 Υ

2435 804 2443 812 ·
2459 803 2495 824 Cf.
2515 803 2582 833 (ξτες.
2602 804 2647 825 loc.

2434 835 2499 855 prox.
2516 834 2552 851 c1t.

2434 965 2444 974 ¹·
2468 964 2502 985 Cf.
2531 965 2592 991 Aug.
2617 965 2646 986 de

2433 990 2646 1017 Haeres.‚num.x1.

2531 1063 2544 1087 δ

1345 1367 1440 1404 sicut
1469 1368 1675 1416 Gregorius
1703 1370 1802 1416 dicit,
1832 1371 1871 1407 in
1899 1373 1986 1408 XIV
2012 1374 2155 1410 Moral.
2176 1373 2215 1419 *3
2244 1377 2306 1411 vel
2333 1387 2404 1424 pro
2433 1387 2444 1398 ·
2477 1393 2505 1407 oc
2528 1393 2540 1407 c

1344 1420 1589 1469 corruptione
1617 1422 1740 1459 carnis
1768 1430 1805 1459 et
1833 1424 2044 1472 sanguinis,
2074 1426 2176 1474 quia,
2205 1433 2247 1463 ut
2274 1429 2404 1475 Augu-

1343 1473 1462 1510 stinus
1487 1473 1586 1519 dicit,
1607 1475 1658 1511 ad
1679 1477 1927 1523 Consentium,
1944 1478 1989 1514 de
2005 1479 2289 1516 Resurrectione
2311 1482 2403 1517 Car-

1344 1527 1399 1562 nis
1412 1525 1442 1572 ²¹⁶,
1468 1539 1542 1563 non
1572 1528 1623 1563 ibi
1648 1527 1742 1564 eritt
1770 1531 1958 1579 corruptio
1987 1537 2020 1567 et
2047 1531 2251 1569 mortalitas
2278 1535 2404 1570 carnis

1343 1585 1377 1615 et
1402 1581 1607 1628 sanguinis.
1649 1581 1748 1618 Caro
1777 1593 1866 1629 ergo
1903 1584 2118 1620 secundum
2152 1585 2403 1622 substantiam

1343 1631 1512 1680 possidet
1546 1644 1707 1680 regnum
1735 1634 1824 1671 Dei:
1863 1636 2078 1673 secundum
2115 1638 2221 1685 quod
2258 1637 2403 1675 dictum

1343 1691 1397 1720 est
1415 1684 1447 1730 *,
1477 1686 1632 1733 Spiritus
1659 1698 1811 1723 carnem
1834 1693 1867 1724 et
1885 1700 1968 1724 ossa
1988 1701 2062 1725 non
2090 1690 2209 1735 habet,
2229 1692 2319 1727 sicut
2343 1703 2404 1727 me

1341 1737 1468 1774 videtis
1494 1738 1639 1774 habere.
1678 1739 1777 1775 Caro
1802 1747 1931 1776 autern
1959 1753 2048 1777 curn
2078 1743 2294 1779 secundum
2321 1755 2403 1780 cor-

1343 1789 1559 1838 ruptionem
1590 1790 1817 1838 intelligitur,
1837 1804 1918 1829 non
1937 1793 2157 1841 possidebit.
2182 1795 2293 1832 Unde
2313 1807 2403 1832 con-

1341 1841 1450 1879 tinuo
1474 1842 1649 1880 additum
1677 1852 1732 1880 est
1759 1844 1798 1880 in
1818 1845 1943 1882 verbis
1963 1846 2154 1894 Apostoli:
2186 1860 2303 1896 neque
2321 1860 2402 1885 cor-

1342 1896 1463 1944 ruptio
1491 1897 1793 1945 incorruptelam.

1395 1948 1453 1983 An
1480 1959 1669 1985 SECUNDUM
1689 1961 1870 1986 DICENDUM
1897 1951 2014 1998 quod,
2044 1951 2140 1988 sicut
2167 1953 2404 2000 Augustinus

1343 1999 1448 2045 dicit,
1478 1999 1518 2036 in
1546 2000 1686 2037 eodem
1722 2001 1817 2038 libro
1836 2002 1871 2048 ²³²,
1891 2003 2086 2050 fortassis,
2114 2011 2264 2054 accepta
2298 2018 2403 2043 occa-

1341 2053 1444 2088 sione
1470 2055 1679 2102 sanguinis,
1709 2056 1856 2103 urgebit
1869 2060 1886 2081 η
1915 2067 1983 2092 nos
2019 2057 2206 2094 molestior
2230 2070 2403 2106 persecu.-

1341 2110 1419 2150 tor,
1449 2111 1483 2141 et
1515 2106 1627 2142 dicet:
1663 2107 1704 2142 Si
1727 2109 1883 2156 sanguis
1910 2107 1950 2144 in
1978 2120 2139 2157 corpore
2174 2110 2313 2147 Christi
2346 2123 2402 2148 re-

1342 2156 1527 2204 surgentis
1545 2159 1635 2205 fiait,
1655 2170 1724 2194 cur
1751 2172 1826 2196 non
1855 2165 1889 2196 et
1909 2162 2053 2207 pituita,
2083 2161 2179 2198 idest
2205 2163 2401 2210 phlegma3

1342 2222 1411 2246 cur
1439 2223 1512 2247 non
1542 2216 1574 2246 et
1590 2211 1653 2258 fel
1677 2213 1847 2260 flavum,
1876 2212 1972 2249 idest
2004 2214 2177 2260 cholera,
2206 2221 2240 2251 et
2263 2216 2324 2263 fel
2351 2218 2402 2253 ni-

1341 2273 1478 2311 grum,
1507 2262 1602 2299 idest
1630 2264 1901 2310 melancholia3
1935 2267 2063 2314 quibus
2092 2273 2249 2316 quatuor
2275 2269 2402 2306 humo-

1343 2315 1443 2352 ribus
1471 2321 1644 2353 naturam
1672 2319 1797 2354 carnis
1832 2318 2038 2367 temperari
2059 2321 2168 2356 etiam
2196 2321 2402 2359 medicinae

1342 2368 1534 2417 disciplina
1561 2369 1740 2406 testatur?
1767 2370 1857 2416 Sed,
1886 2371 2066 2419 quodlibet
2093 2374 2243 2421 quisque
2269 2374 2399 2420 addat,

1342 2423 1615 2470 corruptionem
1644 2421 1781 2458 addere
1811 2429 1958 2460 caveat:
1991 2436 2039 2460 ne
2063 2436 2158 2461 suae·
2173 2425 2271 2473 fidei
2303 2428 2401 2463 sani-

2433 1542 2450 1572 ⁴*
2463 1540 2504 1567 Ep.
2525 1541 2593 1563 CCV.
2614 1541 2642 1562 al.

2432 1566 2542 1623 CXLVIt
2552 1573 2601 1594 cap.
2618 1573 2642 1588 n.

2434 1700 2443 1708 ’
2463 1699 2497 1719 Cf.
2520 1705 2566 1726 arg.
2587 1699 2635 1720 Sed

2432 1728 2522 1746 contra.

2433 2014 2442 2022 ⁸
2457 2012 2512 2040 Cap.
2529 2019 2544 2034 ι.

1341 2479 1453 2510 tatem*
1478 2477 1750 2524 castitatemque
1767 2482 1992 2525 corrumpat.
2026 2477 2126 2513 Valet
2149 2479 2247 2514 enim
2276 2479 2400 2516 divina
2434 2515 2437 2518 ,

1335 2528 1500 2575 potentia
1528 2527 1574 2563 de
1592 2529 1658 2563 ista
1686 2528 1818 2564 visibili
1834 2534 1942 2577 atque
1965 2530 2147 2566 tractabili
2167 2536 2302 2567 natura
2320 2542 2399 2568 cor-

1335 2592 1493 2629 porum,
1524 2579 1738 2629 quibusdam
1767 2583 2015 2628 manentibus,
2043 2583 2195 2630 auferre
2223 2595 2312 2632 quas
2339 2596 2399 2621 νο-

1342 2633 1449 2669 luerit
1468 2633 1674 2682 qualitates:
1702 2638 1739 2669 ut
1766 2635 1857 2669 absit
1885 2634 1995 2679 labes,
2025 2634 2162 2672 scilicet
2189 2636 2400 2684 corruptio-

1342 2685 1412 2730 nis,
1433 2686 1526 2723 adsit
1544 2687 1708 2735 effigies;
1731 2686 1823 2723 adsit
1842 2688 1965 2732 motio,
1987 2689 2078 2724 absit
2086 2688 2286 2737 fatigatio,·
2309 2689 2401 2726 adsit

1342 2739 1512 2776 vescendi
1536 2744 1702 2787 potestas,
1732 2740 1823 2775 absit
1850 2740 2035 2775 esuriendi
2059 2742 2260 2777 necessitas.

1396 2793 1453 2828 An
1479 2803 1638 2828 TERTIUM
1666 2802 1846 2827 DICENDUM
1874 2792 1980 2840 quod
2015 2799 2116 2828 totus
2152 2792 2307 2840 sanguis
2332 2793 2399 2842 qui

1343 2844 1391 2881 de
1419 2855 1579 2893 corpore
1609 2843 1748 2880 Christi
1775 2843 1895 2888 fluxit,
1916 2856 2007 2880 cum
2034 2845 2083 2881 ad
2110 2845 2309 2882 veritatem
2327 2846 2398 2882 hu-

1342 2909 1480 2934 manae
1509 2903 1666 2932 naturae
1694 2895 1889 2943 pertineat,
1919 2896 1958 2932 in
1987 2896 2126 2934 Christi
2153 2909 2314 2946 corpore
2342 2910 2399 2938 re-

1343 2948 1513 2986 surrexit.
1548 2949 1595 2985 Et
1623 2948 1759 2984 eadem
1787 2948 1880 2985 ratio
1909 2956 1964 2984 est
1991 2949 2039 2985 de
2068 2949 2250 2987 omnibus
2285 2950 2399 2999 parti-

1343 3001 1436 3038 culis
1465 3002 1513 3038 ad
1540 3000 1738 3037 veritatem
1766 3008 1803 3037 et
1830 3000 2078 3048 integritatem
2110 3003 2305 3039 humanae
2333 3015 2398 3040 na-

1342 3063 1448 3091 turae
1485 3053 1771 3102 pertinentibus,
1811 3053 1972 3101 Sanguis
2009 3062 2138 3091 autem
2173 3054 2232 3098 ille
2265 3054 2331 3104 qui
2359 3055 2398 3092 in

1343 3106 1576 3156 quibusdam
1611 3105 1775 3143 ecclesiis
1811 3117 1882 3154 pro
1911 3106 2077 3155 reliquiis
2114 3107 2340 3145 observatur
2365 3106 2397 3156 θ,

1342 3171 1422 3196 non
1450 3158 1559 3195 fluxit
1586 3158 1634 3195 de
1662 3159 1776 3195 latere
1805 3157 1963 3195 Christi:
1994 3159 2060 3198 sed
2087 3159 2314 3198 miraculose
2343 3160 2398 3198 di—

1342 3211 1438 3248 citur
1466 3210 1656 3247 effluxisse
1685 3210 1732 3247 de
1756 3211 1926 3259 quadam
1953 3210 2117 3259 imagine
2147 3212 2286 3249 Christi
2312 3224 2398 3262 per-3

1343 3276 1453 3300 cussa
1471 3263 1501 3299 ²¹².

1394 3375 1416 3408 ε)
1436 3378 1582 3407 acceperat.
1601 3389 1620 3394 -
1637 3378 1818 3406 assumpserat
1837 3375 1859 3399 H
1879 3380 1903 3399 et
1922 3375 2055 3401 editiones.

1393 3410 1419 3444 ζ)
1438 3411 1498 3436 erit.
1516 3425 1535 3429 -
1552 3413 1611 3435 erat
1629 3410 1762 3434 editiones.
1780 3424 1799 3428 -
1817 3413 1843 3434 et
1861 3410 2012 3435 mortalitas
2037 3410 2149 3435 DIsCGa
2168 3417 2193 3436 et
2212 3411 2335 3439 editiones
2341 3420 2348 3442 ;
2372 3416 2399 3438 et

1342 3446 1530 3471 immortalitas
1547 3445 1640 3478 ABpC,
1656 3445 1844 3470 immortalitas
1862 3445 1917 3475 ΕΗ,
1935 3446 1983 3470 sed
2001 3446 2190 3471 immortalitas
2205 3446 2232 3476 F.
2247 3447 2399 3474 mortalitas

1341 3482 1418 3548 PG'n)
1439 3516 1552 3549 urgebit.
1563 3530 1582 3534 -
1601 3515 1713 3548 urgebat
1731 3515 1858 3548 El-lpBCl.
1872 3530 1890 3534 —
1909 3516 1959 3540 Pro
1973 3521 2137 3548 persecutor,
2152 3521 2340 3549 perscrutator
2359 3519 2397 3544 Pl.

1393 3549 1417 3584 0)
1437 3551 1601 3576 observatur.
1619 3565 1638 3569 -
1655 3554 1831 3576 conservatur
1847 3551 1856 3575 1
1876 3556 1901 3575 et
1919 3551 2052 3577 editiones.

2524 3080 2536 3104 θ

2428 3115 2436 3124 ·
2445 3114 2494 3135 Act.
2506 3114 2575 3135 Cone.
2586 3114 2636 3136 Nic.

2426 3140 2453 3165 11,
2464 3144 2521 3167 part.
2530 3141 2546 3166 1,
2555 3145 2636 3165 act.1v;

2426 3167 2501 3188 Sei-m.
2517 3173 2535 3187 s.
2551 3168 2635 3188 Aman.

2426 3192 2456 3213 de
2464 3192 2512 3214 Ima
2534 3209 2539 3213 .
2551 3193 2616 3214 Dom.
2626 3205 2636 3209 -

2426 3218 2486 3240 Vide
2506 3199 2637 3240 &lla-min.

2426 3244 2455 3266 de
2462 3245 2549 3273 Script.
2557 3245 2638 3266 Eccle-

2425 3271 2502 3298 εἰπεῖν
2516 3277 2535 3293 ε.
2551 3272 2635 3293 Athan.
