2872 3970
245 316 262 322 s
923 295 1184 343 QUAESTIO
1213 298 1264 344 L,
1294 298 1583 337 ARTICULUS
1612 301 1667 338 Vt

2295 303 2371 350 485

877 434 1207 468 Commentariis
1230 436 1480 469 Oardinah‘s
1501 437 1700 470 Caietam

239 537 241 539 ’
267 541 374 562 rrimus
397 535 434 562 ut
455 535 557 561 sonat.
580 547 604 551 -
625 529 662 560 In
685 538 819 570 corpore
851 531 982 570 ponitur
1008 541 1072 562 una
1104 531 1264 562 distinctio

213 608 216 610 ,
267 575 464 610 bimembris,
489 583 564 604 cum
587 573 847 604 conclusionibus
879 574 1016 610 duabus,
1043 576 1129 605 iuxta
1151 585 1264 606 nume-

207 627 280 650 rum
297 618 526 649 membrorum.
549 617 719 647 Distinctio
736 622 791 647 est.
815 617 1010 658 Simpliciter
1030 619 1165 649 sumitur
1188 618 1264 649 dua-

209 663 268 693 bus
294 660 594 701 significationibus:
617 660 669 690 vel
695 666 731 691 ut
754 660 909 700 significat
932 662 1022 691 nullo
1049 662 1180 698 addito,
1175 669 1182 676 ·
1213 663 1264 692 vel

207 710 246 745 ut
264 703 421 746 significat
443 704 595 735 totaliter.

261 748 367 780 Prima
393 748 559 779 conclusio
582 753 648 778 est:
675 747 835 778 Sumenda
869 748 1118 788 «simpliciter»
1147 749 1257 789 primo

131 818 155 831 ,,
178 803 185 811 ’
207 774 313 831 nodo,
328 801 446 832 corpus
463 791 583 822 Christi
598 792 705 822 vivum
720 796 752 821 et
766 797 927 822 mortuum
933 792 1008 832 sust
1030 792 1111 822 idem
1131 803 1264 824 numero

146 839 158 857 ἵ
206 835 400 878 simpliciter.
433 835 605 872 Probatur.
640 835 717 874 quia
745 834 806 866 fuit
838 834 923 866 idem
947 836 1190 875 suppositaliter.
1223 837 1265 867 Et

123 860 163 918 iv,
205 876 266 925 fio
273 878 306 910 10
308 879 415 919 quitur
436 878 636 910 Athanasius.

137 929 154 938 “·
260 887 407 961 sagrada
421 922 587 954 conclusio
602 927 663 953 est:
686 921 880 952 sumendo«
867 922 1105 963 ‹simpliciter›
1091 924 1262 954 »secundo

123 981 160 1008 ,μ
205 944 319 1003 godo,
343 974 462 1006 corpus
485 965 606 996 Christi
627 966 734 997 vivum
756 970 788 996 et
813 971 975 996 mortuum
999 976 1063 996 non
1078 967 1152 1008 suit
1181 967 1263 998 idem

207 1019 342 1046 numero
363 1009 560 1049 simpliciter.
581 1009 737 1040 Probatur
759 1010 874 1049 primo.
898 1009 984 1047 Quia
1005 1011 1069 1040 vita
1092 1016 1138 1040 est
1161 1010 1202 1041 de
1216 1021 1263 1041 es»-

205 1053 307 1084 sentia
329 1053 472 1093 corporis
493 1053 644 1083 viventis:
670 1053 745 1093 quia
771 1058 817 1083 est
840 1052 1056 1092 praedicatum
1079 1055 1262 1091 essentiale,

123 1119 131 1127 ν.
145 1106 148 1114 “
205 1101 320 1137 9111011
335 1096 539 1128 accidentale.
554 1114 578 1119 —
591 1096 747 1127 Probatur
762 1096 915 1132 secundo,
926 1106 964 1127 ex
981 1098 1143 1137 opposito.
1167 1098 1261 1136 Quia,

205 1140 237 1173 si
246 1138 404 1172 diceretur
418 1141 605 1171 remansisse
619 1140 757 1170 totaliter
771 1139 867 1176 idem,
882 1146 1068 1180 sequeretur
1084 1141 1175 1181 quod
1194 1151 1263 1172 non

205 1189 288 1222 esset
315 1189 503 1224 corruptum
532 1185 738 1223 corruptione
767 1185 894 1214 mortis:
931 1183 1021 1224 quod
1051 1189 1098 1214 est
1127 1185 1264 1216 haeresis

206 1223 434 1265 Gaimimrum.
457 1227 499 1259 Et
521 1227 561 1258 ad
582 1228 646 1258 hoc
669 1227 841 1258 afferuntur
864 1228 1075 1258 auctoritates.

243 1270 299 1309 Ι,Ι.
321 1270 460 1303 Adverte
474 1271 526 1302 hic
542 1270 633 1311 quod
647 1271 797 1302 Aucton's
815 1270 960 1302 doctrina
973 1271 1119 1311 procedit
1134 1281 1172 1302 ex
1187 1281 1262 1311 sup—

204 1314 309 1355 posita
334 1315 455 1347 unitate
477 1314 599 1346 formae
631 1315 843 1346 substantialis
870 1315 905 1346 in
926 1315 1067 1346 homine.
1102 1315 1262 1346 Tenentes

151 1354 170 1375 ‘²
205 1358 292 1398 enim
313 1358 423 1398 plures
437 1358 556 1389 formas
577 1359 611 1389 in
631 1359 776 1395 homine,
791 1363 871 1398 puta
885 1358 1022 1388 formam
1045 1360 1263 1398 corporeitatis

204 1405 260 1443 aut
280 1402 381 1453 mixti,
405 1402 458 1432 cui
479 1401 700 1442 superadditur
727 1402 841 1439 anima,
866 1401 1035 1432 evaderent
1063 1412 1263 1442 consequen-

203 1443 287 1486 m
302 1446 339 1478 in
353 1445 455 1477 littera
469 1444 595 1482 factam,
611 1445 748 1477 dicendo
764 1445 855 1485 quod
876 1446 911 1476 in
931 1451 1035 1476 morte
1051 1445 1168 1476 Christi
1182 1446 1264 1476 facta

205 1491 268 1530 qt
264 1489 433 1540 separatio
462 1490 586 1520 animae
603 1499 630 1524 3
651 1499 805 1540 corpore,
829 1495 861 1520 et
881 1490 928 1520 sic
951 1489 1011 1520 fuit
1032 1490 1077 1520 ibi
1099 1491 1262 1530 corruptio

202 1532 334 1573 φοῖβε.
356 1532 413 1564 aed
428 1542 545 1574 corpus
563 1533 713 1564 remansit
734 1542 810 1564 cum
825 1533 945 1564 illamet
959 1533 1177 1573 corporeitatis
1199 1533 1263 1564 for-

1317 543 1370 563 ma
1393 543 1490 574 quam
1512 535 1599 574 prius
1621 535 1774 571 habebat;
1799 541 1830 566 et
1851 541 2019 575 propterea
2042 545 2158 576 corpus
2180 537 2304 574 Christi,
2321 541 2370 570 in-

1319 583 1474 616 quantum
1499 587 1624 617 corpus,
1648 580 1797 609 remansit
1819 579 1955 609 totaliter
1978 580 2063 610 idem
2086 590 2231 611 numero.
2260 583 2300 612 Et
2323 583 2369 613 di-

1319 630 1390 651 cere
1412 622 1475 651 hoc
1497 621 1584 652 nulla
1607 627 1654 652 est
1668 622 1813 652 haeresis.
1838 623 1878 652 Et
1894 622 1933 652 ad
1955 624 2191 663 philosophiam
2211 625 2368 656 declinan-

1318 663 1396 694 dum
1419 669 1499 694 esset
1514 665 1540 694 si
1555 665 1618 695 hoc
1634 671 1714 695 esset
1737 665 1979 696 discutiendum.
2004 667 2096 697 Hanc
2114 668 2270 707 siquidem
2286 670 2369 700 viam

1317 712 1404 738 tenet
1427 707 1541 738 Scotus
1557 709 1584 738 θ’.
1609 708 1674 746 Qui
1696 709 1782 739 addit
1805 709 1899 745 aliud,
1924 709 2089 741 manifeste
2105 711 2243 742 alienum
2266 722 2284 742 a
2298 714 2368 752 phi-

1317 751 1478 790 losophia:
1499 752 1617 782 scilicet
1633 751 1721 792 quod
1736 752 1796 783 fuit
1808 754 1968 803 corruptio
1985 759 2061 784 tunc
2073 755 2140 785 sine
2155 757 2367 795 generatione.

1319 793 1496 834 Corruptus
1513 796 1633 834 quippe
1648 794 1707 825 fuit
1723 796 1822 826 homo
1838 797 2035 836 separatione
2050 798 2173 829 animae
2189 808 2207 828 a
2219 808 2366 839 corpore:

1318 843 1349 867 et
1370 838 1449 868 nihil
1471 839 1615 878 genitum
1639 845 1694 869 est.

1373 880 1493 911 Contra
1514 882 1574 912 hos
1595 891 1663 912 non
1685 883 1827 923 loquitur
1849 883 1968 914 littera:
2000 894 2082 925 quae
2105 884 2143 915 de
2167 886 2286 916 unitate
2308 896 2367 917 nu-

1317 925 1426 954 merali
1449 925 1590 965 corporis
1607 925 1723 956 Christi
1738 927 1801 956 vivi
1824 932 1855 956 01
1877 928 1995 957 1001101
2017 933 2135 964 tractat,
2153 934 2184 959 et
2206 930 2369 961 veritatem

1317 977 1373 1007 pet
1396 978 1429 998 se
1451 973 1561 999 notam
1584 969 1685 1000 tradit.
1715 970 1814 1005 Nam,
1837 971 1863 1000 si
1887 980 2003 1010 corpus
2026 971 2142 1002 Christi
2171 974 2369 1004 remansisset

1318 1012 1451 1041 omnino
1474 1011 1560 1042 idem
1584 1013 1672 1052 quod
1695 1014 1791 1052 prius,
1816 1015 1976 1053 oporteret
1999 1015 2087 1054 quod
2110 1017 2308 1047 remansisset
2322 1018 2368 1046 vi·

1316 1064 1394 1084 vum
1417 1055 1528 1085 eadem
1550 1057 1627 1086 vita:
1652 1056 1805 1096 alioquin,
1821 1062 1875 1087 aut
1890 1058 1954 1088 vita
1969 1058 2047 1088 nihil
2070 1059 2153 1089 illius
2176 1058 2286 1090 fuisset
2307 1061 2368 1091 nisi

1317 1098 1478 1134 accidens;
1511 1105 1565 1129 aut
1586 1109 1653 1129 non
1676 1100 1813 1130 totaliter
1844 1102 2043 1132 remansisset
2074 1101 2178 1138 idem,
2203 1102 2368 1134 deficiente

1317 1142 1422 1182 aliqua
1445 1143 1512 1172 eius
1535 1142 1717 1178 substantia,
1741 1144 1862 1174 scilicet
1883 1145 1955 1175 vita.
1979 1145 2139 1183 Quocirca
2161 1146 2275 1176 Scotus
2299 1156 2368 1177 cor-

1315 1194 1376 1224 pus
1400 1185 1517 1216 Christi
1539 1191 1626 1216 tenet
1652 1187 1784 1216 omnino
1817 1187 1902 1217 idem
1926 1194 2081 1227 quatenus
2108 1194 2153 1219 est
2176 1199 2309 1229 corpus:
2338 1196 2370 1220 et

1315 1238 1384 1258 non
1407 1235 1563 1268 quatenus
1595 1235 1658 1259 erat
1680 1230 1798 1260 vivum.
1831 1231 1953 1261 Auctor
1985 1237 2091 1262 autem
2121 1233 2214 1262 aliam
2233 1233 2368 1263 formam

1316 1273 1455 1311 genitam
1477 1273 1511 1302 in
1535 1272 1651 1303 Christi
1674 1279 1926 1313 corporetenet,
1943 1275 2062 1305 scilicet
2084 1275 2220 1305 formam
2239 1276 2368 1307 cadave-

1316 1316 1367 1351 ris,
1390 1325 1447 1355 per
1470 1325 1567 1356 quam
1591 1322 1656 1346 erat
1679 1326 1813 1356 corpus:
1847 1318 1922 1357 quia
1942 1319 2091 1348 naturalis
2115 1318 2193 1349 ordo
2217 1320 2311 1349 habet
2334 1326 2370 1350 01

1315 1368 1441 1399 semper
1468 1360 1633 1399 corruptio
1665 1361 1760 1391 unius
1789 1361 1831 1391 sit
1850 1362 2018 1402 generatio
2048 1362 2181 1392 alterius
2205 1364 2232 1392 *.
2266 1363 2406 1394 Immo

1315 1403 1402 1442 prius
1417 1408 1528 1433 natura
1542 1403 1715 1434 intenditur
1729 1405 1890 1443 generatio
1907 1408 2003 1444 quarn
2020 1406 2192 1446 corruptio·
2212 1406 2253 1436 Et
2272 1416 2368 1438 unam

1315 1451 1440 1477 tantum
1461 1447 1496 1477 in
1518 1448 1698 1486 composito
1721 1447 1868 1484 formam,
1887 1449 1974 1479 iuxta
1993 1449 2231 1488 Peripateticam
2253 1449 2368 1482 doctri-

1315 1499 1390 1520 nam
1413 1491 1495 1521 bene
1516 1496 1723 1530 perspectam,
1747 1492 1904 1523 novimus.

1011 1691 1328 1734 ARTICULUS
1357 1691 1564 1734 SEXTUS

460 1793 618 1824 UTRUM
641 1754 759 1824 Moas
783 1792 955 1824 efflusrl
978 1792 1157 1830 ALIQUID
1181 1792 1386 1823 OPERATA
1408 1792 1566 1823 FUEmT
1589 1793 1648 1823 AD
1672 1792 1882 1823 NOSTRAM
1905 1789 2109 1824 SALUTEM

706 1871 780 1900 Infra,
800 1879 843 1904 qu.
863 1878 896 1902 u,
915 1876 961 1897 311.
984 1878 1007 1901 1,
1026 1871 1058 1895 ad
1079 1878 1109 1901 2;
1129 1878 1172 1903 qu.
1191 1877 1241 1900 rvr,
1261 1875 1306 1895 art.
1327 1877 1352 1901 1,
1370 1871 1402 1895 ad
1419 1878 1449 1902 4;
1467 1870 1512 1895 Ad
1529 1871 1615 1900 Rom„
1634 1877 1688 1902 cap.
1707 1878 1741 1901 w,
1759 1871 1818 1895 lect.
1836 1877 1873 1895 m.

358 1984 391 2002 „f
411 1971 434 1995 0
463 1970 606 1996 50111011
632 1970 684 1995 510
713 1970 948 1995 moer-:mrum
967 1957 1127 1995 Videtur
1153 1957 1260 2007 quod
1316 1958 1531 1995 secundum
1562 1957 1654 1995 illud
1692 1958 1798 2006 quod
1831 1957 1878 1994 de
1914 1957 2091 2007 passione
2124 1972 2240 2009 supra
2261 1960 2281 1982 ’¹‘
2313 1960 2367 1998 di-

238 1997 326 2063 '73⁶2'
412 2022 522 2049 mors
540 2010 679 2048 Christi
707 2010 802 2048 nihil
820 2018 975 2059 operata
993 2010 1105 2048 suerit
1122 2010 1171 2047 ad
1190 2022 1260 2047 no-

225 2099 231 2109 ,
413 2071 530 2100 stram
563 2059 737 2100 53101010.
776 2064 884 2099 Mors
921 2062 1024 2122 enirn
1054 2070 1109 2122 est
1135 2062 1260 2121 priva-

113 2154 149 2205 j2
204 2169 282 2207 Sed
312 2169 487 2228 privatio,
507 2180 599 2205 cum
619 2180 699 2204 non
726 2167 772 2204 511
795 2179 854 2204 res
882 2167 1019 2216 aliqua,
1039 2179 1120 2204 non
1147 2167 1261 2204 habet

110 2218 153 2264 ὗξ
202 2221 373 2271 aliquam
400 2221 580 2259 virtutem
614 2220 761 2268 agendi.
799 2220 900 2268 Ergo
928 2232 1009 2257 non
1046 2219 1169 2269 potuit
1196 2219 1259 2256 ali—

117 2276 128 2286 “
203 2273 298 2324 quid
331 2273 480 2324 operari
507 2274 556 2310 acl
584 2280 755 2310 nostram
782 2273 954 2309 salutem.

259 2337 294 2364 2.
323 2327 555 2374 PRAETEREA,
570 2325 697 2375 passio
719 2324 857 2362 Christi
876 2333 1031 2374 operata
1050 2332 1105 2362 est
1124 2325 1172 2361 ad
1192 2337 1268 2367 no3„

158 2392 177 2411 ι
204 2386 322 2416 stram
349 2380 510 2416 salutem
544 2390 614 2427 per
640 2377 806 2414 modurn
833 2377 958 2414 meriti
975 2377 1006 2414 ²⁸.
1042 2377 1104 2415 Sic
1131 2385 1261 2414 autern

200 2442 284 2470 non
309 2431 434 2481 potuit
451 2430 601 2480 operari
629 2442 734 2467 mors
763 2429 921 2467 Christi:
950 2442 1043 2467 nam
1070 2429 1110 2466 in
1137 2437 1260 2467 morte

204 2491 402 2544 separatur
436 2483 566 2520 anima
597 2495 620 2520 a
647 2494 829 2531 corpore,
859 2494 959 2531 quae
996 2490 1050 2519 est
1087 2482 1261 2518 merendi

195 2536 446 2587 principium.
486 2536 587 2583 Ergo
616 2547 721 2572 mors
750 2534 889 2572 Christi
916 2547 996 2572 non
1023 2542 1078 2571 est
1106 2542 1261 2583 operata

203 2588 348 2639 aliquid
375 2588 424 2626 ad
451 2595 621 2625 nostram
649 2589 822 2624 salutern.

259 2640 294 2678 3.
322 2642 558 2688 Parmam,
588 2641 784 2688 corporale
819 2652 899 2676 non
926 2647 982 2676 est
1013 2651 1128 2677 03053
1155 2638 1261 2689 spiri-

203 2693 325 2731 tualis.
350 2693 427 2731 Sed
445 2704 551 2730 mors
571 2691 711 2729 Christi
728 2692 797 2729 fuit
815 2691 1033 2741 corporalis,
1059 2693 1152 2730 Non
1171 2703 1261 2740 ergo

203 2746 328 2796 potuit
355 2757 437 2783 esse
464 2757 580 2783 03053
607 2744 807 2794 5ρ111103115
835 2746 986 2781 nostrae
1014 2745 1153 2782 salutis.

259 2799 334 2836 sm>
361 2809 506 2835 coum
533 2809 598 2834 EST
617 2797 724 2846 quod
752 2797 988 2845 Augustinus
1016 2797 1115 2844 dicit,
1145 2797 1185 2834 in
1212 2797 1262 2834 IV

205 2851 252 2888 de
281 2853 317 2888 T
314 2852 384 2888 rin.
403 2850 443 2886 *ε
482 2851 566 2888 Una
594 2862 695 2886 mors
729 2851 846 2887 nostri
875 2850 1096 2895 Salvatoris,
1125 2850 1263 2886 scilicet

205 2902 424 2953 corporaIiS,
453 2902 595 2940 duabus
621 2904 798 2939 mortibus
825 2904 969 2948 nostris,
990 2901 1085 2938 idest
1112 2902 1261 2939 animae

105 2953 124 2956 ’
167 2977 175 2987 --
205 2962 243 2993 01
269 2954 452 3004 001·ρο115,
479 2955 589 2992 saluti
604 2955 692 3002 fuit.

258 3009 483 3046 RESPONDEO
517 3018 697 3044 monimum
733 3007 841 3055 quod
877 3007 925 3043 de
963 3013 1087 3043 morte
1125 3005 1263 3043 Christi

206 3059 406 3110 dupliciter
432 3058 539 3108 loqui
574 3070 802 3108 possumus:
841 3070 921 3095 uno
958 3059 1100 3104 modo,
1129 3070 1262 3095 secun-

161 3110 164 3115 ’
206 3113 304 3150 dum
341 3111 450 3161 quod
482 3118 538 3148 est
563 3110 604 3147 in
630 3110 734 3156 fieri;
772 3110 845 3147 alio
877 3110 1018 3157 modo,
1047 3111 1263 3148 secundum

207 3164 315 3214 quod
344 3170 399 3201 est
417 3163 572 3200 infacto
601 3175 694 3200 esse.
723 3162 870 3199 Dicitur
891 3170 1021 3199 autern
1048 3175 1153 3200 mors
1181 3174 1262 3199 esse

207 3216 248 3254 in
274 3216 368 3264 fieri,
393 3215 550 3265 quando
579 3215 713 3264 aliquis
740 3227 810 3263 per
836 3214 1005 3263 aliquam
1031 3214 1261 3263 passionem,

207 3270 270 3307 vel
296 3269 505 3306 naturalem
535 3268 598 3304 vel
623 3267 843 3313 violentam,
872 3266 991 3303 tendit
1018 3266 1057 3303 in
1085 3273 1260 3303 mortem.

209 3321 258 3358 Et
283 3322 360 3358 1100
387 3320 523 3367 modo,
551 3319 655 3356 idem
682 3326 737 3366 est
764 3318 870 3378 loqui
897 3318 945 3356 de
972 3325 1096 3355 morte
1125 3318 1262 3355 Christi

209 3380 246 3410 et
273 3373 321 3411 de
347 3372 526 3423 passione
563 3372 692 3421 ipsius.
731 3372 779 3408 Et
811 3371 878 3417 ita,
907 3371 1123 3408 secundum
1158 3371 1263 3407 hunc

209 3425 386 3497 modum,
414 3437 520 3462 mors
549 3423 687 3462 Christi
715 3431 770 3460 est
797 3435 912 3460 03053
939 3422 1066 3460 salutis
1092 3430 1259 3470 nostrae,

263 3562 291 3598 α)
310 3571 388 3590 nunc.
404 3577 423 3583 —
441 3563 497 3595 Ρ1’·“;
516 3563 595 3588 modo
614 3564 653 3589 ed.
673 3570 698 3592 a,
719 3570 770 3588 non
790 3563 876 3588 ceteri.

1315 2018 1420 2047 ctum
1448 2018 1514 2047 est.

1370 2063 1446 2099 Sed
1474 2063 1513 2099 in
1531 2062 1630 2100 facto
1649 2075 1732 2100 esse
1749 2075 1855 2100 mors
1877 2037 2136 2101 consideratur
2154 2067 2368 2103 secundum

1315 2115 1423 2163 quod
1451 2114 1526 2152 iam
1550 2115 1646 2152 facta
1674 2123 1728 2152 est
1747 2115 1932 2164 separatio
1961 2117 2130 2165 corporis
2150 2125 2186 2154 et
2204 2118 2365 2155 animae.

1316 2168 1364 2203 Et
1391 2167 1444 2204 sic
1471 2179 1576 2203 nunc
1595 2173 1612 2188 α
1639 2168 1835 2216 loquimur
1868 2169 1915 2205 de
1943 2177 2066 2205 morte
2095 2169 2243 2206 Christi.
2282 2171 2368 2208 Hoc

1316 2227 1446 2256 autem
1474 2220 1594 2256 modo
1613 2232 1719 2257 mors
1739 2220 1877 2257 Christi
1895 2232 1975 2257 non
2003 2229 2126 2270 potest
2145 2234 2225 2259 0550
2253 2235 2368 2260 03053

1315 2271 1444 2308 5310115
1472 2280 1622 2309 0051130
1641 2285 1710 2321 ρο1
1728 2273 1889 2310 modum
1914 2273 2048 2321 meriti,
2069 2275 2135 2311 sed
2155 2275 2280 2311 solum
2298 2287 2368 2324 per

1316 2324 1480 2361 modum
1508 2324 1748 2362 efficientiae:
1784 2325 2012 2374 inquantum
2040 2326 2176 2363 scilicet
2202 2339 2273 2364 nec
2298 2340 2368 2377 per

1316 2384 1482 2413 mortem
1511 2377 1685 2414 divinitas
1704 2385 1875 2426 separata
1903 2386 1958 2414 est
1980 2390 2002 2415 3
2021 2390 2133 2416 03100
2162 2379 2311 2427 Christi,
2332 2388 2367 2416 et

1316 2429 1403 2466 ideo
1432 2429 1620 2478 quidquid
1639 2430 1791 2477 contigit
1809 2429 1824 2459 β
1851 2430 1949 2467 01103
1967 2442 2122 2467 carnem
2146 2431 2295 2478 Christi,
2315 2440 2366 2469 et-

1316 2481 1390 2518 iam
1421 2482 1548 2518 anima
1576 2490 1764 2530 separata,
1792 2482 1860 2519 fuit
1888 2482 1998 2519 nobis
2034 2483 2266 2520 salutiferum
2293 2484 2366 2521 vir-

1315 2541 1394 2570 tute
1422 2534 1624 2571 divinitatis
1652 2535 1791 2572 unitae.

1372 2586 1643 2624 Consideratur
1669 2595 1798 2624 autem
1816 2587 1969 2636 proprie
1989 2588 2145 2625 alicuius
2164 2600 2299 2625 causae
2320 2589 2365 2626 ef-

1316 2638 1434 2676 fectus
1471 2640 1685 2676 secundum
1726 2638 2010 2676 similitudinem
2047 2652 2192 2677 causae.
2235 2641 2364 2688 Unde,

1317 2691 1408 2740 quia
1434 2704 1540 2729 mors
1567 2700 1623 2729 est
1649 2692 1841 2740 quaedam
1867 2692 2028 2741 privatio
2052 2692 2150 2730 vitae
2177 2693 2365 2742 propriae,

1317 2744 1474 2781 effectus
1502 2743 1635 2781 mortis
1664 2744 1802 2781 Christi
1829 2744 2031 2781 attenditur
2064 2745 2161 2782 circa
2189 2745 2366 2782 remotio-

1317 2808 1409 2833 nem
1441 2809 1577 2833 eorum
1613 2809 1712 2845 quae
1749 2797 2024 2833 contrariantur
2059 2805 2208 2834 nostrae
2245 2798 2365 2845 saluti,

1317 2860 1416 2898 quae
1445 2849 1602 2897 quidem
1631 2856 1718 2886 sunt
1745 2860 1849 2885 mors
1877 2848 2027 2885 animae
2046 2856 2082 2885 et
2099 2861 2204 2886 mors
2232 2861 2366 2899 corpo-

1317 2901 1378 2938 ris.
1408 2901 1455 2937 Et
1482 2901 1569 2937 ideo
1596 2912 1665 2948 per
1692 2908 1853 2937 mortem
1877 2900 2014 2937 Christi
2042 2901 2176 2938 dicitur
2194 2913 2274 2938 esse
2302 2902 2366 2939 de—

1318 2961 1456 2990 structa
1483 2953 1521 2989 in
1557 2953 1668 2989 nobis
1697 2960 1732 2989 et
1759 2964 1863 2989 mors
1891 2952 2058 2999 animae,
2087 2965 2186 3001 quae
2218 2962 2273 2990 est
2299 2966 2368 3002 per

1316 3013 1532 3054 peccatum,
1566 3005 1780 3042 secundum
1816 3005 1908 3041 illud
1944 3006 2057 3042 Rom.
2082 3017 2116 3042 1v
2133 3005 2167 3052 ²¹⁸,
2198 3007 2404 3043 Traditus·

1317 3063 1378 3103 est,
1408 3057 1545 3093 scilicet
1571 3057 1610 3093 in
1638 3064 1812 3103 mortem,
1829 3062 1984 3105 propter
2011 3057 2139 3094 delicta
2158 3063 2304 3102 nostra,·
2331 3066 2367 3095 et

1317 3121 1422 3146 mors
1449 3109 1630 3157 corporis,
1651 3121 1750 3157 quae
1777 3109 1943 3145 consistit
1961 3109 2000 3145 in
2026 3109 2260 3157 separatione
2288 3110 2366 3148 ani-

1317 3174 1421 3206 mae,
1451 3161 1665 3197 secundum
1693 3161 1784 3197 illud
1812 3162 1826 3197 I
1849 3162 1934 3198 Cor.
1964 3173 2011 3197 xv
2035 3161 2070 3197 ²¹⁸:
2099 3163 2281 3210 Absorpta
2317 3169 2404 3199 est

1317 3225 1418 3250 mors
1445 3215 1482 3249 in
1510 3214 1674 3250 victoria.

1369 3267 1426 3302 An
1454 3277 1588 3302 PRIMUM
1614 3277 1710 3302 ERGO
1746 3277 1924 3302 01οΕΝοοΜ
1959 3266 2064 3314 quod
2096 3277 2200 3302 mors
2229 3266 2367 3303 Christi

1317 3325 1372 3354 est
1399 3324 1554 3366 operata
1581 3318 1741 3354 salutem
1770 3325 1939 3354 nostram
1967 3330 2013 3354 ex
2031 3317 2167 3354 virtute
2195 3318 2366 3356 divinita-

1316 3370 1361 3406 tis
1388 3369 1529 3416 unitae,
1558 3377 1594 3406 et
1620 3381 1700 3406 non
1729 3381 1774 3406 ex
1802 3371 1882 3406 sola
1910 3369 2053 3406 ratione
2081 3369 2223 3407 mortis.

1369 3423 1425 3458 Αο
1453 3433 1639 3458 SECUNDUM
1659 3433 1837 3458 memnon
1865 3422 1972 3470 quod
1999 3434 2103 3459 mors
2132 3421 2281 3469 Christi,
2310 3434 2366 3459 se-

1370 3559 1395 3594 β)
1414 3560 1534 3592 contigit.
1547 3573 1566 3578 -
1583 3559 1603 3584 F
1623 3565 1647 3584 et
1665 3560 1804 3590 editiones3
1822 3558 1963 3592 contingit.

2396 715 2451 736 *lv
2464 716 2537 743 Sent„
2551 716 2605 738 dist.

2395 747 2426 766 xi,
2442 747 2480 768 qu.
2491 748 2524 763 111.
2540 746 2581 764 n.rt
2591 749 2604 764 2

2396 767 2430 794 pri
2433 773 2468 788 1101
2463 768 2523 795 'pal.,
2532 773 2573 791 m.
2583 775 2604 790 2

2419 1368 2452 1388 Ar
2442 1367 2473 1389 ris
2462 1371 2490 1389 st.
2505 1368 2534 1389 de
2547 1368 2603 1391 Gen.

2396 1393 2532 1422 creor-rapt.
2539 1395 2578 1416 lib.
2584 1395 2601 1421 1,

2409 1426 2445 1446 ap.
2464 1426 2498 1445 111
2519 1427 2541 1442 n
2556 1427 2578 1447 7.

2395 1446 2419 1467 S.
2429 1446 2473 1467 Th.
2488 1447 2508 1467 le
2510 1450 2539 1468 ct.
2550 1453 2588 1468 vn.

2395 1966 2406 1977 ⁸
2421 1965 2468 1993 Qu.
2482 1972 2560 1988 xum.

2418 3012 2483 3035 Vers.
2498 3019 2530 3042 25.

2418 3169 2484 3191 Vera.
2498 3175 2534 3197 54.
