2872 3970
895 289 1157 336 QUAESTIO
1187 290 1342 337 XXVII,
1372 289 1664 326 ARTICULUS
1691 290 1741 325 VI

2330 301 2405 338 299

1043 459 1360 501 ARTICULUS
1391 459 1598 501 SEXTUS

343 571 499 604 UTRUM
523 570 824 602 SANCTIFICARI
847 570 892 602 IN
914 570 1075 607 UTERO,
1098 570 1209 602 POST
1234 570 1469 607 CHRISTUM,
1492 570 1714 602 PROPRIUM
1737 570 1895 601 FUERIT
1919 569 2094 600 BEATAE
2117 569 2303 599 VIRGINIS

516 667 548 692 111
568 667 649 697 Sem..
669 666 729 692 dist.
746 674 784 698 ux,
803 674 848 699 qu.
867 674 884 698 1,
903 672 950 691 art.
970 674 994 696 2,
1013 666 1062 699 qu*
1082 673 1106 698 1,
1125 667 1157 692 ad
1175 675 1206 698 4:
1226 667 1267 698 1v,
1288 667 1347 692 dist.
1365 674 1399 698 vi,
1419 675 1463 699 qu.
1482 674 1500 697 ι,
1520 672 1567 692 art.
1587 674 1610 696 1,
1630 666 1680 699 qu¹²
1701 674 1728 697 2;
1750 666 1846 696 Quodl.
1859 666 1901 695 VI,
1921 673 1965 698 qu.
1984 673 2008 697 v,
2028 670 2074 690 art.
2095 671 2125 696 13

813 702 956 734 Compend.
979 701 1075 731 neat„
1095 710 1150 734 cap.
1169 709 1275 732 ccxx1v3
1296 703 1326 727 In
1346 702 1445 727 Psalm.
1464 702 1534 727 XLV
1541 710 1548 733 ;
1569 703 1598 726 In
1621 702 1721 731 let-em„
1742 710 1797 734 cap.
1816 709 1834 726 1.

270 815 309 844 >s
321 818 329 841 5
350 818 405 846 ⁸0<
445 811 468 836 D
494 810 637 836 sax'rum
658 811 710 836 sm
735 811 970 837 PROCEDITUR.
1000 799 1160 836 Videtur
1187 800 1294 848 quod

264 836 416 910 ᾗῇ
446 851 673 888 sanctificari
691 851 731 888 in
745 860 866 898 utero,
881 860 969 901 post
984 852 1191 898 Christum,
1206 865 1295 901 pro-

255 935 275 952 „
313 920 371 950 κν,
382 890 576 953 'ssprium
611 904 723 941 fuerit
759 906 898 942 Beatae
926 905 1100 953 Virginis
1140 905 1296 942 Dictum

259 950 267 957 ⁸
288 933 387 991 ζ’·ἆῖ)
403 949 435 993 k
448 964 502 993 est
515 956 536 978 ’Β
559 957 663 994 enim
682 958 789 1006 quod
807 965 964 1007 propter
982 958 1058 995 hoc
1077 959 1195 995 Beata
1212 957 1295 995 Vir-

235 1021 284 1059 go
304 1009 344 1046 in
362 1016 471 1046 utero
490 1008 559 1046 fuit
587 1010 829 1057 sanctificata,
849 1018 891 1047 ut
910 1011 1132 1048 redderetur
1157 1010 1297 1048 idonea

236 1063 284 1100 ad
303 1063 380 1100 hoc
398 1072 440 1101 ut
459 1071 556 1101 esset
574 1071 697 1100 mater
714 1063 798 1100 Dei.
829 1063 905 1100 Sed
925 1064 1001 1100 hoc
1019 1071 1075 1100 est
1093 1063 1296 1112 proprium

236 1114 318 1152 sibi.
348 1117 449 1165 Ergo
478 1116 560 1166 ipsa
587 1117 668 1153 sola
695 1115 764 1152 fuit
792 1115 1022 1153 sanctificata
1049 1116 1089 1152 in
1117 1124 1239 1153 utero.

291 1180 325 1205 2.
355 1170 585 1214 PRAETEREA,
614 1168 731 1218 aliqui
759 1168 938 1205 videntur
954 1169 1211 1218 propinquius
1236 1181 1296 1206 ac—

236 1221 391 1259 cessisse
419 1222 467 1259 ad
498 1221 694 1259 Christum
722 1233 842 1270 quam
870 1221 1047 1269 Ieremias
1076 1230 1111 1258 et
1134 1223 1296 1259 Ioannes

237 1274 414 1324 Baptista,
429 1274 497 1324 qui
516 1274 696 1312 dicuntur
718 1274 938 1311 sanctificati
953 1274 993 1311 in
1011 1282 1120 1311 utero
1135 1275 1166 1311 ³¹².
1193 1276 1296 1312 Nam

238 1327 411 1365 Christus
438 1327 648 1377 specialiter
674 1326 811 1364 dicitur
837 1326 940 1364 filius
967 1327 1094 1364 David
1123 1335 1159 1364 et
1177 1328 1297 1365 Abra-

173 1394 181 1406 *
205 1397 212 1409 ³
237 1381 330 1418 ham
348 1380 384 1427 *‚
413 1388 570 1430 propter
601 1379 901 1429 promissionem
929 1379 982 1417 eis
1009 1379 1220 1430 specialiter
1246 1381 1297 1417 fa-

205 1450 212 1487 3
237 1440 338 1470 ctam
366 1433 414 1470 de
435 1433 586 1470 Christo
601 1433 632 1470 *.
662 1432 775 1470 Isaias
804 1433 919 1470 etiam
947 1433 1230 1482 expressissime
1250 1433 1298 1470 de

205 1503 212 1539 Ξ
238 1485 390 1523 Christo
418 1485 661 1536 prophetavit
678 1485 709 1522 *.
748 1485 923 1534 Apostoli
951 1485 1066 1523 etiam
1094 1498 1185 1522 cum
1213 1486 1298 1535 ipso

205 1556 212 1563 ·
239 1538 389 1576 Christo
409 1539 622 1576 conversati
641 1546 740 1576 sunt.
765 1539 849 1575 Nec
867 1546 996 1576 tamen
1015 1540 1192 1587 leguntur
1215 1551 1299 1576 san-

138 1587 145 1595 ”
192 1609 199 1615 ·
238 1591 388 1629 ctificati
417 1591 456 1628 in
484 1599 605 1629 utero.
635 1593 737 1639 Ergo
766 1591 881 1628 etiam
908 1603 1035 1640 neque
1054 1591 1236 1628 Ieremiae
1265 1599 1301 1628 et

238 1644 371 1682 Ioanni
398 1644 589 1694 Baptistae
609 1644 788 1681 convenit
816 1643 1042 1681 sanctificari
1061 1644 1100 1681 in
1119 1652 1240 1681 utero.

294 1697 327 1734 3.
357 1697 676 1744 PRAETEREA,10b
705 1697 752 1734 de
781 1697 907 1746 seipso
943 1697 1042 1744 dicit,
1064 1699 1133 1735 Iob
1160 1710 1243 1734 xxxl
1261 1697 1298 1734 *z

237 1751 296 1788 Ab
324 1751 482 1798 infantia
510 1752 623 1788 crevit
650 1762 795 1787 mecum
823 1752 1030 1796 miseratio,
1060 1756 1093 1787 et
1120 1751 1165 1787 de
1197 1756 1300 1787 utero

239 1805 389 1854 egressa
417 1809 468 1840 est
494 1815 651 1840 mecum.
685 1804 734 1840 Et
760 1810 890 1839 tamen
917 1811 1074 1852 propter
1110 1804 1186 1840 hoc
1220 1815 1301 1840 non

238 1855 402 1894 dicimus
418 1861 434 1877 ²
454 1868 546 1893 eum
565 1855 843 1893 sanctificatum
861 1855 902 1892 in
921 1863 1042 1892 utero.
1064 1856 1165 1903 Ergo
1186 1855 1301 1892 etiam

239 1921 365 1958 neque
393 1909 579 1945 Ioannem
607 1908 817 1958 Baptistam
845 1916 881 1944 et
908 1908 1109 1945 Ieremiam
1128 1908 1302 1956 cogimur

238 1961 364 1999 dicere
392 1961 645 1998 sanctificatos
674 1961 713 1998 in
742 1969 863 1998 utero.

292 2015 366 2052 SED
395 2025 539 2051 CONTRA
567 2026 632 2051 Esr
660 2014 768 2063 quod
803 2014 858 2051 de*
879 2013 1038 2051 Ieremia
1065 2014 1218 2061 dicitur,
1247 2015 1301 2051 Ie-

200 2099 203 2102 .
239 2079 333 2104 rem.
354 2079 364 2104 1
382 2067 422 2104 *ε
451 2068 660 2116 Antequam
690 2069 811 2104 exires
838 2067 883 2104 de
908 2073 1046 2113 ventre,
1075 2069 1306 2116 sanctificavi

131 2099 133 2101 ¹
148 2107 160 2115 ’Ἰ
188 2137 191 2139 ·
237 2125 283 2157 te.
311 2121 360 2158 Et
378 2120 426 2157 de
445 2121 588 2157 Ioanne
607 2119 776 2169 Baptista
794 2119 942 2166 dicitur,
962 2121 1057 2156 Luc.
1079 2133 1089 2157 1
1107 2120 1142 2157 *z
1165 2122 1302 2170 Spiritu

175 3261 222 3287 Sed

238 2174 375 2211 Sancto
403 2173 601 2222 replebitur
627 2174 749 2210 adhuc
776 2185 826 2210 ex
853 2179 955 2210 utero
983 2175 1112 2210 matris
1139 2185 1239 2210 suae.

292 2226 518 2263 RESPONDEO
546 2237 739 2271 DICENDUM,
756 2226 863 2274 quod
889 2226 1135 2273 Augustinus,
1156 2225 1196 2262 in
1214 2225 1302 2275 Epi-

241 2280 336 2316 stola
354 2278 405 2316 ad
420 2279 644 2315 Dardanum
663 2278 694 2326 ²¹⁶,
723 2276 841 2315 dubie
869 2278 1020 2316 videtur
1039 2278 1146 2328 loqui
1165 2279 1213 2316 de
1232 2279 1302 2315 ho—

241 2335 328 2369 rum
364 2330 660 2368 sanctificatione
695 2331 735 2368 in
769 2339 892 2369 utero.
927 2333 1048 2369 Potuit
1080 2330 1212 2368 enimi³
1240 2344 1302 2368 ex-

241 2384 390 2422 sultatio
409 2383 562 2421 Ioannis
590 2383 628 2421 in
657 2392 777 2430 utero,
798 2392 840 2421 ut
862 2384 942 2434 ipse
971 2384 1069 2431 dicit,
1090 2397 1167 2422 esse
1190 2386 1303 2434 signi-

230 2439 362 2487 ficatio
390 2438 447 2474 rei
462 2443 597 2483 tantae,
618 2437 756 2474 scilicet
775 2437 882 2486 quod
901 2438 1040 2474 mulier
1067 2446 1164 2475 esset
1183 2445 1304 2474 mater

241 2489 333 2537 Dei,
362 2503 386 2527 a
413 2491 617 2528 maioribus
653 2490 954 2540 cognoscendae,
983 2503 1058 2528 non
1095 2503 1119 2528 a
1141 2491 1303 2540 parvulo

241 2544 422 2593 cognitae.
456 2543 626 2581 Unde'z'n
654 2544 862 2593 Evangelio
892 2556 966 2580 non
996 2544 1139 2590 dicitur,
1173 2558 1191 2577 «
1218 2545 1303 2581 Cre-

241 2596 329 2634 didit
356 2596 482 2644 infans
509 2597 546 2632 in
584 2602 687 2633 utero
716 2598 793 2633 eius
814 2612 832 2630 ›>
847 2626 857 2642 ,
885 2597 969 2643 sed,
1007 2611 1025 2630 <‹
1048 2597 1242 2635 exsultavit
1263 2610 1305 2633 »:

191 2654 198 2658 “
240 2649 405 2687 videmus
439 2655 560 2686 autem
595 2650 876 2687 exsultationem
911 2662 985 2686 non
1020 2650 1140 2686 solum
1162 2662 1304 2699 parvu-

183 2715 184 2718 ’
241 2702 376 2748 lorum,
393 2702 459 2739 sed
475 2703 584 2739 etiam
607 2714 789 2752 pecorum
813 2715 899 2739 esse.
929 2702 1002 2739 Sed
1017 2704 1109 2739 haec
1134 2704 1304 2740 inusitata

242 2755 367 2801 extitit,
397 2756 483 2804 quia
510 2757 548 2791 in
577 2761 692 2792 utero.
727 2757 775 2792 Et
802 2756 903 2801 ideo,
931 2757 1024 2792 sicut
1049 2756 1165 2793 solent
1193 2757 1304 2793 mira-

242 2808 326 2845 cula
341 2809 445 2856 fieri,
464 2809 574 2856 facta
602 2814 653 2845 est
680 2808 851 2845 divinitus
879 2810 916 2845 in
946 2809 1107 2856 infante:
1135 2822 1208 2846 non
1239 2810 1304 2845 hu-

242 2862 401 2898 manitus
436 2863 483 2898 ab
511 2861 663 2908 infante.
707 2862 963 2910 Quamquam,
993 2863 1103 2898 etiam
1134 2863 1167 2898 si
1193 2874 1306 2911 usque

242 2914 335 2951 adeo
354 2919 405 2951 est
432 2915 469 2950 in
498 2914 560 2950 illo
582 2926 704 2963 puero
733 2915 958 2951 acceleratus
985 2927 1070 2951 usus
1092 2916 1245 2952 rationis
1273 2921 1306 2951 et

242 2967 436 3005 voluntatis
451 2972 488 3003 ut
507 2968 604 3003 intra
618 2968 760 3004 viscera
779 2973 949 3004 materna
964 2968 1039 3004 iam
1049 2973 1172 3016 posset
1186 2979 1305 3017 agno-

242 3031 355 3066 scere,
375 3019 527 3056 credere
553 3025 586 3055 et
613 3021 830 3066 consentire,
850 3020 901 3056 ad
927 3020 1026 3069 quod
1047 3023 1084 3056 in
1112 3021 1194 3057 aliis
1215 3033 1306 3070 par-

243 3073 335 3111 vulis
369 3078 469 3109 aetas
503 3077 719 3121 expectatur
746 3078 783 3108 ut
809 3074 970 3121 possint:
1003 3078 1036 3109 et
1063 3074 1134 3110 hoc
1167 3074 1204 3109 in
1238 3075 1305 3109 mi-

245 3125 380 3163 raculis
407 3125 616 3162 habendum
639 3130 731 3174 puto
759 3125 906 3162 divinae
926 3127 1124 3174 potentiae.

243 3210 246 3211 ⁷
298 3177 375 3215 Sed
403 3177 494 3226 quia
522 3189 697 3226 expresse
726 3176 765 3213 in
793 3177 1002 3224 Evangelio
1031 3177 1167 3214 dicitur
1199 3178 1306 3226 quod

246 3231 380 3280 Spiritu
415 3232 550 3267 Sancto
586 3230 784 3279 replebitur
810 3230 931 3267 adhuc
965 3242 1015 3267 ex
1042 3236 1144 3267 utero
1177 3232 1306 3267 matris

245 3293 335 3320 suae
350 3283 389 3330 *;
419 3291 455 3320 et
474 3283 522 3320 de
550 3282 708 3319 Ieremia
735 3295 910 3331 expresse
930 3282 1304 3334 diciturLAntequam

300 3446 328 3515 αἶ
349 3448 409 3474 Er...
428 3455 478 3473 non
499 3449 619 3474 dicimus.
637 3463 655 3468 -
672 3449 754 3475 Nec...
773 3449 885 3474 111'c1'mus
904 3449 985 3474 tertia.

301 3481 315 3514 β
345 3483 424 3509 enim.
441 3497 460 3502 —-
477 3483 543 3514 PF1;
563 3487 661 3510 tamen.

299 3517 327 3550 γ)
345 3517 493 3544 istorum-
502 3519 633 3544 dictorum
648 3520 720 3544 tertia
733 3517 825 3550 (finivit
837 3520 954 3544 lacunam
968 3519 1004 3549 H3
1019 3519 1049 3544 cf.
1060 3527 1103 3552 qu.
1114 3527 1154 3544 xw
1168 3525 1212 3547 art.
1225 3526 1255 3544 12
1268 3518 1303 3554 β).

301 3550 327 3587 3)
343 3553 436 3579 verbis.
447 3567 467 3573 —
478 3557 505 3579 et
517 3555 602 3580 verbis
615 3555 693 3584 PIsH,
707 3555 786 3580 etiam
806 3555 891 3580 ver-bis
911 3559 994 3579 cetera
1007 3554 1088 3580 tertia.
1099 3569 1118 3574 -
1130 3558 1156 3580 et
1169 3555 1304 3588 mysteriis

249 3593 302 3613 om.
319 3588 392 3613 tertia
409 3595 511 3621 praeter
529 3589 558 3615 Ρ.

1343 802 1467 837 exires
1495 800 1540 837 de
1566 800 1688 846 vulva,
1707 800 1939 847 sanctificavi
1963 805 1997 835 te
2014 798 2054 845 *3
2085 799 2336 836 asserendum
2355 798 2410 836 vi-

1345 853 1457 890 detur
1476 865 1543 889 eos
1563 852 1816 889 sanctificatos
1835 852 1875 888 in
1893 859 2015 898 utero,
2036 852 2215 901 quamvis
2242 852 2282 888 in
2300 860 2410 889 utero

1346 918 1463 942 usum
1491 905 1598 942 liberi
1626 905 1768 942 arbitrii
1796 918 1875 942 non
1904 905 2123 942 habuerunt
2150 905 2213 953 (de
2233 917 2312 954 quo
2333 906 2411 942 Au-

1345 958 1519 1006 gustinus
1547 958 1813 1007 quaestionem
1842 959 2006 1006 movet);
2043 957 2138 995 sicut
2163 957 2277 995 etiam
2301 958 2411 1007 pueri

1347 1011 1415 1060 qui
1444 1011 1727 1048 sanctificantur
1745 1023 1814 1060 per
1833 1011 2079 1060 baptismum,
2100 1023 2181 1048 non
2201 1011 2325 1048 statim
2345 1012 2411 1048 ha-

1348 1065 1439 1101 bent
1467 1076 1584 1101 usum
1612 1064 1719 1101 liberi
1747 1064 1899 1101 arbitrii.

1401 1118 1486 1153 Nec
1514 1124 1569 1153 est
1597 1117 1835 1153 credendum
1864 1117 2013 1165 aliquos
2041 1117 2134 1154 alios
2161 1118 2413 1154 sanctificatos

1349 1182 1431 1207 esse
1460 1170 1499 1206 in
1527 1177 1656 1215 utero,
1687 1170 1735 1206 de
1769 1170 1909 1218 quibus
1938 1169 2140 1218 ,Scriptura
2175 1170 2412 1207 mentionem

1349 1235 1430 1260 non
1468 1222 1554 1259 facit
1571 1222 1602 1258 ²⁸.
1640 1222 1742 1269 Quia
1771 1222 1995 1259 huiusmodi
2030 1222 2224 1272 privilegia
2258 1223 2412 1270 gratiae,

1350 1288 1450 1325 quae
1471 1275 1610 1312 dantur
1629 1275 1819 1324 aliquibus
1838 1283 1988 1324 praeter
2006 1277 2129 1323 legem
2149 1288 2412 1323 communem,

1351 1328 1577 1365 ordinantur
1604 1328 1654 1365 ad
1681 1328 1879 1365 utilitatem
1908 1328 2094 1371 aliorum,
2124 1328 2339 1365 secundum
2374 1329 2414 1366 il-

1351 1382 1417 1418 lud
1437 1383 1451 1418 I
1475 1383 1561 1418 Cor.
1581 1394 1628 1418 xu
1646 1381 1677 1428 ³¹⁵,
1711 1383 1916 1431 Unicuique
1934 1381 2043 1418 datur
2061 1383 2307 1430 manifestatio
2336 1384 2415 1431 Spi-

1351 1437 1442 1471 ritus
1469 1435 1520 1471 ad
1546 1435 1751 1471 utilitatem:
1778 1447 1878 1483 quae
1898 1436 2001 1471 nulla
2028 1434 2247 1484 proveniret
2266 1447 2312 1471 ex
2331 1447 2415 1472 san-

1352 1487 1579 1524 ctificatione
1608 1487 1828 1536 aliquorum
1849 1487 1888 1524 in
1907 1494 2028 1534 utero,
2049 1487 2120 1524 nisi
2149 1487 2339 1524 Ecclesiae
2361 1487 2416 1524 in-

1352 1548 1575 1577 notesceret.

1406 1594 1454 1630 Et
1481 1593 1660 1642 quamvis
1688 1593 1921 1630 iudiciorum
1956 1593 2028 1630 Dei
2055 1606 2135 1630 non
2169 1593 2288 1642 possit
2322 1593 2416 1631 ratio

1353 1646 1549 1694 assignari,
1570 1659 1689 1695 quare
1718 1646 1857 1683 scilicet
1884 1646 1975 1683 huic
1994 1654 2030 1683 et
2048 1659 2128 1683 non
2147 1646 2208 1683 alii
2237 1648 2312 1684 hoc
2330 1659 2415 1684 mu-

1354 1711 1427 1735 nus
1454 1698 1592 1746 gratiae
1628 1699 1811 1745 conferat,
1842 1699 2074 1736 conveniens
2102 1707 2231 1736 tamen
2266 1699 2417 1736 videtur

1353 1751 1467 1788 fuisse
1501 1759 1709 1800 utrumque
1744 1751 1905 1788 istorum
1925 1757 1940 1780 Υ
1969 1752 2192 1789 sanctificari
2221 1752 2258 1788 in
2287 1760 2415 1799 utero,

1354 1804 1403 1841 ad
1421 1804 1757 1853 praefigurandam
1777 1804 2113 1841 sanctificationem
2133 1817 2202 1854 per
2222 1805 2417 1842 Christum

1353 1856 1537 1893 fiendam.
1577 1855 1708 1893 Primo
1742 1857 1920 1906 quidem,
1950 1869 2020 1906 per
2056 1857 2137 1894 eius
2174 1858 2415 1906 passionem:

1355 1909 1571 1946 secundum
1590 1909 1682 1946 illud
1701 1911 1800 1947 Heb.
1821 1911 1886 1946 ult.
1908 1909 1947 1946 *2
1976 1912 2091 1956 Iesus,
2112 1916 2149 1947 ut
2173 1913 2419 1959 sanctificaret

1349 1975 1422 2012 per
1434 1975 1542 1999 suum
1556 1964 1779 2012 sanguinem
1793 1963 1988 2012 populum,
2005 1969 2112 2000 extra
2121 1970 2272 2013 portam
2287 1976 2419 2013 passus

1355 2022 1415 2052 est.
1442 2016 1574 2062 Quam
1594 2015 1754 2064 quidem
1772 2015 1992 2064 passionem
2012 2016 2190 2053 Ieremias
2209 2017 2336 2053 verbis
2351 2015 2363 2038 δ
2384 2025 2419 2053 et

1355 2068 1543 2118 mysteriis
1571 2068 1806 2117 apertissime
1834 2069 2134 2118 praenuntiavit,
2165 2077 2201 2106 et
2228 2070 2306 2106 suis
2333 2082 2418 2119 pas-

1355 2121 1528 2158 sionibus
1547 2121 1830 2170 expressissime
1849 2121 2119 2170 praefiguravit
2133 2122 2163 2159 ²¹⁵.
2180 2145 2205 2148 —
2226 2123 2417 2169 Secundo,

1355 2170 1430 2223 per'
1452 2174 1708 2223 baptismum:
1738 2175 1752 2210 I
1778 2175 1864 2211 Cor.
1885 2187 1919 2211 vl
1938 2174 1975 2222 ²¹⁶,
2005 2176 2078 2211 Sed
2095 2176 2210 2212 abluti
2227 2177 2328 2221 estis,
2356 2176 2422 2212 sed

1354 2228 1574 2274 sanctificati
1608 2229 1700 2263 estis.
1738 2227 1798 2263 Ad
1834 2239 1952 2276 quem
1990 2227 2150 2276 quidem
2184 2229 2419 2277 baptismum

1356 2281 1518 2317 Ioannes
1548 2292 1619 2316 suo
1648 2280 1839 2328 baptismo
1868 2280 2046 2317 homines
2074 2282 2325 2330 praeparavit.

1410 2333 1468 2369 AD
1497 2345 1632 2369 PRIMUM
1661 2345 1758 2369 ERGO
1794 2345 1975 2370 mei-:NDUM
2004 2334 2111 2382 quod
2146 2335 2263 2371 Beata
2291 2334 2417 2383 Virgo,

1357 2398 1458 2435 quae
1486 2385 1554 2422 fuit
1582 2398 1604 2422 a
1631 2386 1716 2422 Deo
1753 2387 1870 2422 electa
1906 2385 1945 2422 in
1982 2394 2162 2433 matrem⁷
2192 2387 2420 2435 ampliorem

1358 2438 1665 2475 sanctificationis
1703 2438 1862 2486 gratiam
1899 2438 2063 2475 obtinuit
2103 2452 2223 2488 quam
2259 2441 2420 2477 Ioannes

1358 2491 1525 2541 Baptista
1554 2499 1590 2528 et
1617 2491 1804 2537 Ieremias,
1826 2491 1894 2540 qui
1922 2499 2009 2528 sunt
2037 2492 2143 2528 electi
2171 2500 2212 2529 ut
2240 2493 2420 2541 speciales

1357 2544 1675 2594 praefiguratores
1704 2544 2009 2581 sanctificationis
2039 2544 2187 2581 Christi.
2225 2545 2344 2582 Cuius
2373 2546 2419 2583 si-

1358 2610 1479 2646 gnum
1499 2605 1553 2634 est
1581 2597 1688 2646 quod
1716 2598 1854 2634 Beatae
1875 2597 2018 2645 Virgini
2045 2598 2268 2647 praestitum
2297 2606 2351 2635 est
2378 2607 2420 2636 ut

1359 2650 1407 2687 de
1436 2658 1561 2687 cetero
1590 2663 1670 2687 non
1697 2658 1871 2699 peccaret
1897 2651 2105 2687 mortaliter
2123 2656 2134 2672 ⁵
2163 2663 2234 2687 nec
2265 2651 2419 2688 veniali-

1358 2711 1431 2740 ter:
1471 2703 1552 2740 aliis
1580 2711 1710 2740 autem
1738 2703 1976 2740 sanctificatis
2005 2704 2170 2740 creditur
2196 2704 2418 2752 praestitum

1359 2769 1440 2793 esse
1469 2764 1511 2793 ut
1530 2756 1578 2792 de
1598 2764 1723 2792 cetero
1751 2768 1830 2793 non
1858 2756 2090 2805 peccarentss
2118 2757 2334 2804 mortaliter,
2365 2757 2419 2794 di-

1358 2809 1449 2846 vina
1477 2821 1543 2846 eos
1570 2809 1687 2856 gratia
1715 2817 1945 2858 protegente.
2292 2819 2294 2821 ·

1412 2863 1469 2898 AD
1498 2874 1685 2899 SECUNDUM
1711 2874 1892 2898 DICENDUM
1918 2862 2024 2910 quod
2053 2870 2242 2910 quantum
2271 2863 2320 2899 ad
2348 2863 2419 2900 alia

1358 2922 1567 2964 potuerunt
1590 2913 1708 2951 sancti
1727 2926 1809 2950 esse
1830 2913 1981 2951 Christo
2001 2914 2280 2952 coniunctiores
2299 2928 2418 2964 quam

1359 2967 1536 3004 Ieremias
1564 2975 1600 3003 et
1625 2968 1786 3003 Ioannes
1805 2967 1982 3015 Baptista.
2013 2967 2092 3014 Qui
2111 2975 2239 3004 tamen
2266 2969 2420 3005 fuerunt

1360 3020 1394 3056 ei
1423 3019 1720 3056 coniunctissimi
1755 3027 1944 3068 quantum
1982 3020 2030 3056 ad
2068 3032 2286 3069 expressam
2323 3021 2418 3069 figu-

1360 3085 1444 3110 ram
1472 3071 1778 3108 sanctificationis
1806 3072 1934 3121 ipsius,
1964 3080 2006 3109 ut
2034 3073 2180 3110 dictum
2208 3082 2262 3110 est
2280 3074 2310 3111 ²⁸.

1413 3126 1470 3161 AD
1497 3136 1655 3161 TERTIUM
1687 3136 1867 3162 DICENDUM
1901 3125 2007 3174 quod
2036 3125 2226 3163 miseratio
2256 3127 2304 3163 de
2342 3140 2418 3177 qua

1359 3177 1426 3214 Iob
1446 3177 1624 3226 loquitur,
1646 3189 1725 3214 non
1745 3177 1928 3224 significat
1946 3178 2125 3215 virtutem
2145 3178 2327 3217 infusam:
2352 3181 2418 3217 sed

1360 3230 1557 3278 quandam
1585 3229 1870 3267 inclinationem
1897 3233 2110 3269 naturalem
2130 3232 2177 3269 ad
2198 3241 2325 3269 actum
2347 3234 2418 3270 hu-

1360 3295 1419 3319 lus
1446 3290 1604 3319 Vlrtutls.

1410 3448 1432 3481 ε)
1452 3450 1611 3476 mortaliter.
1629 3465 1648 3469 -—
1667 3458 1713 3476 nec
1732 3452 1882 3477 mortaliter
1901 3453 1981 3477 tertia.

1409 3485 1434 3518 ζ)
1454 3493 1505 3510 nou
1521 3490 1672 3517 peccarent.
1686 3501 1704 3505 -
1718 3487 1764 3512 Ed.
1779 3495 1796 3511 a
1817 3494 1841 3512 et
1855 3493 1915 3520 post
1934 3488 2084 3512 mortaliter
2098 3488 2130 3520 P;
2150 3496 2200 3513 non
2217 3492 2326 3521 peccent
2345 3487 2418 3523 (post

1357 3521 1506 3546 mortaliter
1525 3527 1608 3546 cetera
1627 3521 1719 3556 tertia).

2438 812 2448 822 '⁴
2462 810 2497 833 Cf.
2512 809 2569 831 ibid.

2442 1232 2452 1243 ⁴
2466 1232 2492 1254 D.
2509 1232 2560 1260 843.

2444 1394 2454 1404 ⁸
2469 1392 2532 1414 Vei-s.
2549 1398 2571 1419 7.

2447 1921 2456 1931 ⁸
2471 1920 2537 1942 Vers.
2555 1926 2589 1942 ¹2.

2543 2020 2557 2044 δ

2447 2133 2456 2143 ·
2471 2133 2552 2154 Ierem.
2572 2138 2623 2160 cap.

2447 2165 2484 2186 xi,
2502 2165 2564 2180 vers.
2583 2165 2625 2186 ¹95

2447 2192 2498 2213 cap.
2522 2191 2625 2212 xxxviii,

2447 2218 2507 2234 vers.
2522 2212 2543 2234 6.

2448 2241 2457 2250 ⁸
2473 2239 2540 2260 Vers.
2557 2245 2589 2260 ιι.

2447 3081 2487 3102 ‘In
2499 3085 2591 3109 comet
2600 3081 2628 3103 ad
2639 3089 2657 3104 ι.
