2912 4030
278 311 407 344 codices
436 314 557 350 tertiae,
579 314 764 354 praesertim
787 314 814 344 si
837 314 965 344 codices
993 315 1169 351 secundae,
1193 317 1346 347 haberent

277 357 311 388 id
334 358 424 397 quod
446 358 592 398 profecto
615 368 684 388 non
713 359 847 394 habent,
872 368 975 389 unum
1006 360 1125 390 scilicet
1153 361 1345 391 continuum

277 407 411 438 textum,
428 403 485 442 qui
500 402 538 432 ad
555 411 659 432 unum
682 402 853 442 exemplar,
869 404 968 433 totius
992 403 1150 434 secundae
1172 405 1224 434 vel
1247 405 1345 435 totius

276 446 388 476 tertiae
422 455 608 486 supremum
643 452 748 485 caput,
780 447 852 486 ipso
887 446 972 477 facto
1008 449 1209 488 pertingeret,
1240 450 1345 479 bonae

276 490 373 520 huius
397 490 584 530 exemplaris
614 490 769 520 lectiones
796 490 907 521 locum
932 501 1075 522 errorum
1099 493 1222 532 antiqui
1245 494 1345 523 nostri

276 539 381 564 textus
397 534 496 565 illico
528 543 687 574 occupare
718 535 912 574 potuissent,
938 536 1027 575 quia,
1051 536 1183 566 librariis
1213 537 1345 568 vadibus

278 583 310 608 et
332 579 551 618 sponsoribuS,
571 578 711 618 legitime
732 588 770 608 ex
791 580 989 619 autographo
1014 586 1206 620 propagatae
1231 587 1344 612 essent.

277 621 341 652 Sed
375 621 487 652 frustra
521 627 583 652 tres
617 622 668 652 vel
703 622 785 652 duos
819 624 930 653 saltem
965 629 1068 654 textus
1107 625 1344 665 quaesivimus:

275 665 404 696 traditio
428 675 531 696 unum
553 671 676 696 textum
700 673 732 696 et
760 667 916 697 variantes
944 668 1017 708 plus
1047 669 1098 699 vel
1122 669 1228 699 minus
1253 670 1346 700 diffu-

277 718 326 740 sas
349 710 504 750 praebuit.
540 710 617 740 Ideo
647 715 684 740 ut
710 720 769 751 pro
801 721 906 742 errore
942 713 1050 752 aliquo
1085 714 1208 753 antiqui
1242 720 1346 745 textus

276 754 373 784 lectio
397 754 451 784 EF
475 755 596 794 signata
612 755 794 794 accipiatur,
811 765 879 786 non
902 756 1018 786 sufficit
1038 767 1108 787 eam
1133 766 1200 788 esse
1223 759 1255 788 in
1280 759 1344 796 EF,

278 798 354 838 quia
377 799 415 828 ab
439 798 493 828 EF
517 798 597 829 nihil
620 799 866 830 authenticitatis
889 801 1012 841 recipit.
1045 801 1186 832 Accedat
1217 809 1346 842 oportet

278 842 384 883 aliqua
407 843 632 873 convenientia
654 844 714 880 vel,
732 844 757 874 si
781 843 826 874 fas
851 850 897 874 est
920 844 1034 882 dicere,
1059 846 1203 886 aliqualis
1231 846 1346 878 identi-

276 892 323 917 tas
347 887 494 918 lectionis
510 886 564 918 EF
588 897 664 918 cum
687 897 793 919 errore
810 889 954 929 antiquo,
972 890 1038 929 qui,
1057 899 1132 920 cum
1156 900 1243 921 error
1261 897 1346 922 tran-

277 931 458 971 scriptionis
481 932 530 967 sit,
555 931 696 972 aliquam
720 942 796 962 cum
819 933 1032 974 authographi
1058 935 1213 974 scriptura
1236 936 1345 966 simili-

276 974 423 1006 tudinem
440 976 649 1012 conservavit,
667 982 698 1006 et
712 982 883 1017 propterea
905 987 973 1008 non
997 979 1087 1008 omni
1107 979 1345 1011 authenticitate

278 1025 392 1049 exutus
409 1024 465 1050 est.
490 1019 582 1057 Quae
605 1020 760 1051 lectiones
783 1021 858 1052 huic
875 1022 1001 1052 criterio
1017 1032 1085 1052 non
1101 1023 1260 1060 resistunt,
1277 1025 1345 1054 illas

277 1072 345 1093 non
368 1065 559 1104 recepimus.

334 1107 385 1147 37.
410 1108 499 1138 Loca
515 1118 648 1139 erronea
662 1109 762 1150 vulgo
786 1109 917 1149 quidem
934 1120 952 1140 a
968 1120 1078 1141 sensus
1101 1111 1345 1151 imperfectione

276 1152 328 1182 vel
351 1153 499 1183 absoluto
524 1153 762 1193 significationis
779 1153 907 1184 defectu
929 1155 1182 1192 innotescebant,
1199 1155 1255 1187 sed
1277 1167 1345 1187 non

276 1205 348 1226 raro
377 1195 504 1227 difficile
535 1203 600 1227 erat
631 1198 828 1227 existentiam
860 1199 973 1228 erroris
1002 1199 1184 1230 certificare.
1219 1200 1346 1231 Adsunt

278 1240 365 1270 enim
387 1250 456 1270 non
478 1250 581 1280 pauca
604 1241 677 1272 loca
699 1242 755 1272 ubi
778 1241 874 1272 lectio
897 1243 1012 1273 melior
1036 1252 1103 1273 esse
1124 1245 1231 1284 potuit
1247 1254 1345 1284 quam

276 1284 310 1313 in
334 1284 468 1324 antiquo
498 1290 587 1315 textu
614 1285 739 1326 legitur,
763 1291 795 1316 et
817 1291 925 1316 tamen
948 1287 982 1316 in
1006 1296 1040 1317 se
1062 1297 1130 1318 non
1153 1293 1260 1328 potest
1283 1289 1346 1320 dici

276 1327 370 1358 mala.
394 1328 588 1369 Exemplum
610 1338 701 1370 pono
726 1340 763 1360 ex
786 1330 945 1370 principio
970 1331 1085 1371 operis.

330 1422 360 1443 Π.
387 1425 411 1443 ι.
433 1425 493 1453 arg.
517 1423 534 1443 2
556 1417 604 1451 (ε).

329 1456 451 1484 Taxrus
471 1463 641 1484 annones:
665 1457 829 1492 Praeterea,
849 1457 1024 1486 Athanasius
1043 1458 1126 1487 dicitz
1149 1459 1223 1488 sicut
1247 1461 1346 1490 anima

276 1494 424 1524 rationalis
446 1502 474 1523 et
494 1505 562 1524 caro
584 1496 761 1524 conveniunt
777 1497 807 1524 in
821 1497 1028 1526 constitutione
1048 1499 1193 1528 humanae
1214 1507 1344 1537 naturae,

276 1534 318 1563 sic
338 1536 416 1564 Deus
437 1542 466 1564 et
487 1536 578 1564 homo
594 1536 772 1564 conveniunt
786 1537 815 1565 in
831 1537 1037 1566 constitutione
1051 1539 1172 1567 alicuius
1193 1541 1279 1568 unius
1294 1551 1346 1569 na-

276 1582 367 1604 turae.
389 1576 466 1612 Ergo
486 1575 562 1604 facta
582 1583 625 1604 est
645 1576 716 1604 unio
737 1576 768 1604 in
788 1583 900 1606 natura.

330 1615 429 1643 Muml
450 1616 594 1644 secundae
608 1622 636 1644 et
650 1616 768 1644 tertiae:
791 1618 951 1652 Praeterea,
966 1618 1142 1646 Athanasius
1164 1619 1250 1648 dicit:
1272 1621 1345 1649 sicut

277 1654 375 1683 anima
395 1655 545 1684 rationalis
559 1662 587 1683 et
601 1664 669 1684 caro
691 1665 765 1684 unus
786 1662 829 1685 est
849 1658 944 1691 homo,
960 1657 999 1685 ita
1015 1658 1097 1686 Deus
1116 1665 1144 1686 et
1164 1661 1250 1688 homo
1272 1670 1346 1689 unus

277 1699 320 1722 est
337 1695 481 1723 Christus.
504 1695 563 1723 Sed
583 1695 680 1724 anima
702 1696 854 1724 rationalis
869 1702 895 1724 et
909 1706 980 1725 caro
1001 1699 1179 1726 conveniunt
1193 1699 1222 1727 in
1237 1701 1345 1728 consti-

273 1733 388 1766 tutione
409 1735 554 1763 humanae
576 1742 704 1764 naturae.
726 1736 774 1764 Sic
787 1746 862 1775 ergo
885 1738 962 1765 Deus
977 1743 1004 1764 et
1018 1738 1109 1766 homo
1125 1739 1302 1768 conveniunt
1316 1740 1345 1768 in

277 1773 482 1802 constitutione
497 1774 617 1803 alicuius
629 1775 712 1803 unius
727 1782 856 1804 naturae.
871 1777 948 1813 Ergo
961 1776 1034 1805 facta
1048 1784 1090 1805 est
1104 1777 1174 1805 unio
1190 1778 1219 1806 in
1234 1786 1346 1808 natura.

278 1859 399 1890 Casum
433 1860 611 1891 obiicientis
645 1860 772 1901 plenius
804 1861 837 1891 in
871 1862 966 1892 altera
990 1871 1088 1902 quam
1118 1863 1151 1893 in
1175 1864 1273 1903 priori
1301 1864 1346 1894 le-

277 1905 384 1935 ctione
409 1905 542 1944 exprimi
573 1905 681 1935 nullus
705 1910 752 1935 est
776 1905 871 1936 credo
896 1907 952 1946 qui
975 1912 1080 1947 neget.
1105 1907 1214 1938 Potuit
1237 1914 1345 1938 tamen

277 1948 432 1979 obiiciens
448 1958 507 1989 pro
523 1949 627 1979 verbis
650 1948 681 1980 S.
698 1949 862 1980 Athanasii
886 1950 1014 1981 aliunde
1038 1951 1211 1982 notissimis
1230 1962 1346 1992 urgen-

275 1993 357 2023 tiora
381 1999 412 2024 et
435 2002 548 2023 causae
572 2002 648 2023 suae
671 1994 799 2024 utiliora
823 1994 983 2031 adhibere,
1008 1994 1048 2025 ad
1071 2005 1154 2036 quae
1178 1997 1274 2027 etiam
1294 2007 1345 2027 so-

275 2037 357 2068 lutio
381 2037 413 2068 S.
430 2037 578 2068 Thomae
602 2037 784 2078 respondet.
809 2038 982 2073 Praeterea,
1006 2039 1102 2070 lectio
1127 2041 1258 2080 antiqua
1278 2051 1345 2071 non

275 2087 383 2122 potest
406 2081 554 2122 explicari
577 2091 635 2122 per
657 2082 759 2113 solam
783 2083 991 2113 omissionem
1024 2084 1238 2115 homoteleuti
1262 2095 1346 2116 unus

275 2131 354 2157 est...
382 2131 414 2156 et
438 2135 527 2162 caro,
554 2136 631 2157 nam
662 2127 757 2157 etiam
788 2137 869 2168 ergo
894 2137 912 2157 a
934 2129 1158 2168 transcriptore
1189 2129 1345 2160 omissum

275 2176 331 2201 aut
353 2179 371 2200 a
395 2175 574 2201 correctore
598 2170 659 2210 (cf.
676 2180 766 2201 num.
795 2171 854 2211 ιο)
879 2171 1020 2202 deletum
1044 2182 1112 2203 esse
1136 2172 1239 2203 debet.
1274 2173 1344 2214 Ego

275 2214 484 2245 nihilominus
508 2214 662 2245 affirmare
677 2224 745 2245 non
762 2215 913 2246 auderem
934 2216 1064 2246 alteram
1087 2217 1260 2248 lectionem
1277 2227 1344 2248 non

275 2259 373 2289 fuisse
396 2259 430 2289 in
454 2259 664 2299 autographa
698 2259 740 2289 Et
769 2265 877 2290 tamen
907 2261 945 2290 ab
976 2261 1110 2300 antiquo
1144 2266 1232 2292 textu
1264 2267 1344 2292 stare

275 2303 457 2339 maluimus,
483 2303 558 2343 quia
580 2303 614 2333 in
637 2302 741 2333 dubiis
772 2313 847 2334 cum
878 2305 1011 2344 antiquo
1043 2310 1131 2336 textu
1162 2305 1265 2336 facere
1290 2305 1344 2337 de-

275 2352 398 2378 cretum
422 2352 496 2377 erat.

332 2397 384 2428 38.
409 2397 719 2428 Homoteleutorum
742 2398 917 2429 omissione
946 2399 1081 2439 graviter
1103 2401 1247 2440 peccavit
1270 2401 1344 2431 scri-

274 2447 348 2482 ptor
363 2442 459 2482 primi
474 2442 660 2482 apographi,
677 2442 704 2472 si
719 2443 791 2482 quis
806 2443 992 2473 testimonio
1013 2443 1163 2474 codicum
1180 2450 1265 2475 extra
1280 2446 1344 2485 pri-

275 2495 363 2517 mam
378 2485 511 2517 classem
531 2486 579 2516 uti
595 2485 771 2517 crediderit.
795 2487 865 2517 Nos
881 2487 910 2517 ei
926 2497 994 2518 non
1018 2487 1176 2519 credimus
1199 2499 1260 2519 nec
1284 2489 1344 2519 alia

274 2529 496 2560 homoteleuta
511 2530 691 2570 recepimus
704 2540 801 2570 quam
814 2540 897 2571 quae
909 2541 1015 2562 veram
1031 2532 1178 2563 lectionis
1194 2534 1344 2574 antiquae

275 2574 424 2604 lacunam
449 2574 657 2614 complerent.
683 2574 826 2606 Traditio
851 2576 937 2606 enim
954 2582 1039 2606 extra
1055 2577 1191 2616 primam
1211 2578 1344 2608 classem

275 2618 372 2657 plena
395 2623 441 2648 est
465 2617 679 2649 additionibus
703 2620 904 2659 singulorum
920 2620 971 2650 vel
986 2621 1128 2660 plurium
1152 2622 1343 2658 verborum3

275 2663 398 2702 integra
427 2662 530 2692 incisa
557 2662 718 2694 interdum
745 2664 846 2694 textui
873 2664 1007 2704 antiquo
1038 2665 1180 2695 immissa
1203 2671 1286 2696 sunt.
1311 2665 1344 2697 Si

277 2706 386 2736 omnia
409 2705 524 2742 addita,
549 2715 586 2736 ex
609 2707 672 2737 hoc
696 2707 767 2738 solo
799 2707 888 2748 quod
911 2708 945 2738 in
969 2714 1121 2739 contextu
1145 2710 1226 2740 bene
1251 2715 1343 2746 stant,

277 2750 466 2790 autographi
489 2749 585 2781 fuisse
609 2750 822 2788 crederentur,
839 2753 961 2792 primus
985 2754 1190 2793 transcriptor
1212 2754 1344 2785 infinitis

275 2794 355 2824 locis
383 2794 570 2834 scripturam
601 2796 790 2836 autographi
820 2796 921 2827 oculis
951 2798 1140 2836 praeterivit.
1175 2798 1238 2829 Sed
1269 2799 1344 2838 quia

276 2839 379 2868 maior
409 2847 480 2878 pars
511 2837 712 2869 additionum
741 2849 872 2879 prorsus
902 2841 1022 2871 inutilis
1054 2847 1109 2877 est,
1133 2852 1249 2882 magna
1272 2852 1344 2883 pars

275 2882 407 2913 lectioni
429 2887 536 2918 nocet,
559 2882 648 2913 nulla
670 2882 800 2924 insuper
821 2885 929 2924 portio
954 2895 1064 2916 earum
1087 2896 1105 2916 a
1121 2885 1187 2917 fido
1212 2892 1243 2916 et
1267 2896 1344 2918 con-

275 2927 370 2957 stanti
402 2926 587 2956 testimonio
611 2925 816 2966 suffragatur,
846 2928 932 2968 apud
961 2935 1156 2960 correctores
1182 2937 1343 2962 maneant.

275 2970 506 3002 Homoteleuta
531 2969 676 3010 quidem,
699 2973 884 3010 praesertim
907 2974 962 3003 ubi
985 2975 1253 3014 argumentationi
1276 2975 1344 3015 ple-

275 3015 401 3046 niorem
425 3013 562 3044 formam
586 3013 659 3044 dare
682 3013 846 3051 videntur,
869 3016 920 3046 vel
943 3018 1051 3048 sensui
1073 3028 1140 3048 non
1165 3018 1343 3055 offendunt,

276 3059 416 3099 speciem
441 3058 686 3089 authenticitatis
708 3068 784 3098 prae
808 3069 841 3090 se
864 3059 984 3091 ferunt.
1010 3062 1054 3092 At
1077 3072 1190 3092 eorum
1214 3072 1282 3093 sors
1305 3063 1343 3093 ab

276 3103 344 3133 aliis
367 3101 582 3133 additionibus
606 3112 673 3132 non
700 3102 825 3133 videtur
848 3105 1038 3143 separabilis,
1060 3106 1139 3145 quin
1162 3107 1263 3136 immo
1287 3117 1344 3147 per

275 3147 407 3177 istarum
430 3147 563 3177 nimiam
595 3146 822 3177 abundantiam
853 3149 964 3178 crescit
995 3149 1090 3179 etiam
1114 3150 1343 3181 homoteleutis

275 3191 459 3231 illegitimae
485 3191 655 3221 nativitatis
679 3191 807 3230 opinio,
833 3200 930 3231 quam
961 3192 1003 3222 ob
1027 3202 1118 3223 suam
1147 3195 1343 3233 positionem

275 3235 511 3266 inconstantem
535 3240 566 3265 et
590 3235 799 3265 errabundam
827 3235 891 3265 iarn
915 3240 1145 3267 contraxerant.
1165 3255 1186 3259 -
1209 3237 1344 3268 Accedit

276 3277 366 3318 quod
385 3279 410 3309 si
426 3275 604 3310 additiones
623 3279 691 3309 sine
712 3278 837 3310 delectu
861 3284 892 3309 et
915 3279 1039 3310 criterio
1063 3280 1206 3311 ulteriori
1230 3281 1343 3311 admit-

275 3328 396 3359 tuntur,
407 3322 514 3363 aliqua
525 3323 746 3354 homoteleuta
761 3333 927 3363 nunquam
944 3324 976 3354 in
988 3329 1110 3354 textum
1122 3325 1205 3364 typis
1221 3325 1342 3355 editum

275 3367 392 3397 inserta
415 3366 538 3397 admitti
561 3367 752 3398 debuissent.
778 3368 834 3398 Ex.
859 3377 904 3408 gr.

330 3468 368 3489 vx.
391 3461 420 3488 6.
441 3460 466 3496 β.
487 3460 545 3489 Sed
559 3461 686 3489 humana
708 3468 810 3489 natura
828 3461 958 3489 redditur
971 3470 1099 3498 congrua
1113 3461 1151 3489 ad
1167 3462 1340 3498 assumptio-

277 3508 345 3527 nem
359 3507 411 3536 ρει·
425 3500 573 3536 (animam,
588 3506 620 3528 ut
633 3500 742 3529 dietum
757 3507 818 3536 est;
834 3510 903 3538 ergo
918 3508 945 3529 et
959 3501 1056 3529 anima
1069 3500 1198 3530 redditur
1211 3510 1340 3538 congrua

275 3539 314 3566 ad
335 3539 563 3576 assumptionem
585 3549 636 3576 per
656 3541 737 3568 addit
758 3542 793 3576 E)
813 3540 949 3578 gratiam;

2382 256 2464 281 XXIII

1453 326 1503 346 vn.
1527 320 1555 347 8.
1570 330 1597 357 γ.
1620 329 1680 347 non
1703 327 1798 356 potest
1825 320 1881 349 dici
1902 322 2170 360 aliquis.propheta
2191 333 2224 352 ex
2246 325 2302 353 hoc
2316 326 2396 362 quod
2418 334 2468 354 co-

1399 359 1512 395 gnoscit
1533 366 1561 387 et
1581 360 1734 388 annuntiat
1749 370 1784 389 ea
1805 370 1880 397 quae
1901 369 1967 390 sunt
1989 363 2050 391 aliis
2072 364 2172 400 procul
2194 374 2260 393 cum
2282 365 2386 402 quibus
2407 365 2467 402 ipse

1400 408 1460 427 non
1482 406 1525 427 est
1545 401 1608 434 (sed
1629 400 1725 428 solum
1747 402 1866 438 quando
1889 403 2037 439 cognoscit
2058 410 2085 431 et
2099 405 2250 432 annuntiat
2265 414 2298 433 ea
2313 415 2387 442 quae
2401 413 2469 434 sunt

1400 438 1462 467 aliis
1483 441 1585 476 procul
1607 449 1672 468 cum
1695 441 1800 478 quibus
1821 442 1882 478 ipse
1903 449 1946 470 est
1966 443 2077 471 addunt
2099 445 2168 479 DF).

1401 523 1478 561 Quo
1502 525 1571 554 iure
1587 524 1635 555 his
1652 524 1775 555 duabus
1791 525 2007 556 additionibus
2030 532 2133 558 textus
2148 533 2257 559 noster
2279 530 2393 569 privari
2409 539 2468 570 po-

1400 569 1521 604 tuisset,
1546 569 1572 605 si
1596 579 1671 599 eum
1695 570 1807 600 ceteris
1830 576 1961 601 auctum
1984 570 2221 602 voluissemus?
2473 573 2477 578 '

1456 612 1592 652 Aliquot
1614 618 1722 644 tamen
1744 614 1816 644 loca
1839 615 2068 645 homoteleutis
2095 617 2219 647 insertis
2243 617 2389 648 adiuvare
2412 628 2468 649 ne-

1402 666 1488 686 cesse
1522 662 1587 687 erat
1617 663 1748 697 propter
1778 658 1912 689 lacunae
1945 659 2147 696 evidentiam,
2178 671 2259 701 quae
2285 672 2302 691 a
2324 663 2468 702 pluribus

1400 701 1542 740 partibus
1558 701 1758 732 innotescere
1774 708 1890 742 potest.
1908 703 1965 734 Ex.
1982 713 2027 743 gr.
2044 714 2169 735 Lxxxm.
2182 714 2214 744 4.
2228 716 2316 746 corp.
2333 717 2351 736 a
2367 707 2466 746 princ.

1402 744 1455 784 (de
1478 745 1540 775 ritu
1564 745 1596 776 S.
1621 746 1749 786 Missae)
1774 753 1877 778 textus
1910 748 2060 788 antiquus
2088 755 2119 779 et
2148 749 2211 780 fere
2244 756 2311 781 tota
2343 751 2467 781 traditio

1400 789 1532 829 legunt:

1454 879 1524 906 Post
1551 888 1639 915 quam
1668 879 1822 907 lectionem
1854 880 2004 916 (Apostoli
2025 881 2068 908 vel
2090 882 2267 918 Prophetae)
2294 889 2425 911 cantatur
2452 893 2469 911 a

1400 925 1491 952 choro
1513 925 1657 954 Graduale
1679 927 1760 963 quod
1790 926 1931 963 significat
1960 927 2137 964 spiritualem
2167 929 2401 965 exsultationem,
2423 931 2468 958 vel

1399 971 1522 999 Tractus
1544 971 1573 999 in
1595 970 1699 1000 officiis
1721 973 1859 1001 luctuosis
1881 974 1931 1010 qui
1952 973 2093 1011 significat
2113 974 2290 1011 spiritualem
2319 976 2468 1013 gemitum.

1400 1018 1480 1045 Haec
1508 1017 1585 1045 enim
1614 1019 1755 1056 consequi
1784 1021 1890 1048 debent
1917 1021 1947 1048 in
1975 1021 2085 1057 populo
2107 1031 2140 1049 ex
2162 1022 2309 1058 praedicta
2336 1023 2468 1051 doctrina

1399 1063 1622 1099 (Prophetarum
1645 1071 1673 1092 et
1693 1066 1931 1101 Apostolorum).v

1400 1147 1647 1188 Autographum
1670 1150 1695 1179 si
1719 1150 1763 1180 sic
1786 1150 1872 1190 legit,
1889 1157 2000 1181 auctor
2022 1153 2128 1191 primo
2154 1154 2262 1184 omisit
2285 1154 2468 1194 explicatio-

1399 1201 1476 1222 nem
1508 1192 1668 1228 Alleluia,
1693 1194 1835 1224 secundo
1869 1201 1979 1225 contra
2011 1206 2143 1227 omnem
2175 1199 2382 1237 mysticarum
2397 1209 2470 1229 sua-

1399 1246 1472 1266 rum
1494 1237 1744 1276 explicationum
1772 1238 1876 1278 legem
1897 1239 2058 1270 Graduali
2081 1241 2236 1271 subtrahit
2265 1242 2470 1281 significatio-

1399 1290 1476 1311 nem
1500 1290 1699 1322 progressus
1730 1283 1914 1322 spiritualis,
1946 1285 2039 1314 tertio
2070 1285 2177 1315 deficit
2213 1286 2401 1325 explicando
2432 1297 2469 1317 ea

1400 1334 1483 1364 quae
1507 1326 1664 1365 consequi
1695 1325 1812 1356 debent
1837 1336 1874 1357 ex
1898 1327 2018 1358 lectura
2048 1328 2211 1359 doctrinae
2242 1340 2369 1360 sacrae:
2393 1340 2469 1370 pro-

1400 1378 1543 1409 gressum
1561 1370 1653 1405 vitae,
1671 1370 1915 1402 exsultationem
1939 1377 1970 1402 et
1990 1374 2156 1412 gemitum,
2170 1373 2210 1404 cf.
2224 1373 2267 1404 IV
2283 1374 2380 1410 Sem„
2398 1374 2469 1405 dist.

1399 1423 1464 1449 vm,
1482 1423 1536 1453 qu.
1554 1424 1586 1443 11.
1601 1414 1724 1454 Expos.
1746 1415 1874 1445 Textus.
1899 1416 2019 1455 Aperte
2036 1427 2122 1457 ergo,
2139 1424 2213 1458 post
2227 1418 2392 1460 significat
2405 1420 2469 1459 pri-

1400 1467 1455 1487 mo
1472 1458 1558 1494 loco,
1574 1458 1779 1489 inserendum
1803 1465 1850 1489 est
1865 1460 2130 1492 homoteleuton:
2149 1472 2363 1504 progressum
2385 1464 2472 1494 vitae

1400 1507 1432 1532 et
1446 1502 1587 1532 Alleluia
1599 1502 1687 1542 quod
1697 1503 1871 1544 significat,
1885 1504 1934 1534 vel
1947 1505 2022 1535 huic
2035 1506 2146 1536 simile.
2161 1506 2212 1536 Cf.
2226 1507 2321 1537 etiam
2334 1518 2382 1537 ιν.
2397 1508 2426 1538 6.
2439 1505 2468 1546 ξ,

1400 1546 1466 1582 ubi,
1486 1552 1597 1576 contra
1620 1548 1841 1578 auctoritatem
1865 1549 1964 1586 totius
1987 1549 2163 1580 traditionis
2183 1556 2214 1581 et
2237 1551 2377 1581 Catenae
2400 1553 2469 1582 Au-

1399 1600 1471 1620 reae
1489 1590 1622 1630 (editae;
1647 1601 1688 1621 an
1708 1597 1739 1622 et
1753 1601 1853 1622 manu
1869 1593 2003 1632 scriptae
2016 1591 2052 1632 ?),
2069 1604 2107 1624 ex
2124 1594 2154 1625 S.
2171 1595 2353 1635 Augustino
2371 1597 2469 1626 citato

1401 1640 1432 1664 et
1464 1634 1580 1664 Pianae
1611 1636 1754 1674 margine
1784 1637 1976 1667 inseruimus
2009 1647 2091 1677 quae
2115 1639 2155 1668 ad
2184 1640 2390 1670 substantiam
2423 1642 2468 1670 rei

1399 1679 1554 1718 postulari
1577 1678 1734 1709 videntur.
1774 1685 1778 1689 ·

1457 1723 1508 1762 39.
1534 1722 1731 1762 Frequenter
1754 1729 1862 1754 tamen
1887 1734 1922 1754 ea
1947 1735 2029 1765 quae
2053 1727 2085 1756 in
2108 1732 2196 1757 textu
2220 1728 2346 1758 Tertiae
2370 1730 2468 1759 Partis

1400 1765 1496 1796 dubia
1512 1765 1710 1803 videbantur,
1728 1767 1851 1798 collatis
1867 1769 1934 1799 aliis
1951 1770 2102 1809 operibus
2126 1771 2156 1802 S.
2175 1772 2323 1802 Doctoris
2340 1773 2470 1812 plenam

1400 1810 1597 1840 solutionem
1620 1811 1834 1847 inveniebant,
1853 1822 1989 1853 eamque
2013 1820 2049 1844 ut
2071 1815 2247 1854 plurimum
2271 1818 2370 1847 textui
2390 1819 2469 1848 anti-

1400 1864 1467 1894 quo
1481 1854 1651 1885 faventem.
1665 1855 1782 1886 Nescio
1799 1866 1840 1886 an
1856 1867 1924 1887 non
1940 1858 2058 1898 pluries
2076 1869 2173 1899 quam
2190 1861 2258 1890 ausi
2274 1862 2373 1891 simus
2389 1863 2470 1892 anti-

1400 1899 1456 1938 qui
1472 1904 1576 1929 textus
1597 1898 1695 1930 fidem
1711 1901 1804 1930 nobis
1828 1902 2019 1932 servandum
2037 1903 2155 1939 fuisset,
2173 1904 2198 1934 si
2215 1910 2318 1935 cetera
2335 1905 2365 1936 S.
2379 1906 2470 1936 Tho-

1399 1952 1471 1972 mae
1488 1952 1586 1983 opera
1602 1943 1641 1973 ad
1658 1943 1808 1975 codicum
1827 1945 2000 1976 lectionem
2024 1947 2154 1978 reducta
2170 1954 2201 1978 et
2217 1959 2234 1978 a
2251 1955 2468 1980 correctorum

1399 1988 1624 2027 superstitione
1640 1994 1773 2028 purgata
1788 1999 1863 2029 prae
1880 1999 1978 2020 manu
1995 1990 2137 2022 fuissent.
2155 1992 2230 2023 Non
2248 1994 2339 2024 citius
2356 1996 2468 2024 erroris

1400 2032 1583 2062 existentiae
1607 2031 1803 2063 credendum
1827 2043 1894 2064 esse
1919 2045 1957 2065 ex
1980 2036 2025 2065 rei
2049 2036 2205 2067 adiunctis
2227 2037 2389 2068 interdum
2406 2039 2468 2069 cla-

1398 2085 1471 2105 rum
1494 2075 1539 2106 fit.
1565 2077 1622 2106 Ex.
1639 2087 1684 2117 gr.
1706 2077 1796 2117 quod
1814 2088 1879 2109 vm.
1901 2086 1927 2109 1.
1946 2089 2034 2120 corp.
2053 2075 2100 2119 (δ)
2125 2080 2216 2111 Iocus
2240 2081 2270 2112 S.
2289 2082 2468 2122 Scripturae

1398 2119 1449 2149 Ad
1473 2129 1567 2151 omne
1597 2126 1695 2162 caput
1717 2122 1788 2152 uiae
1811 2128 1871 2153 etc.
1895 2124 2082 2154 attribuatur
2104 2124 2262 2156 Ieremiae
2284 2137 2324 2162 11,
2350 2128 2467 2158 mirum

1398 2173 1467 2194 non
1494 2164 1654 2195 videbitur
1684 2166 1814 2205 quando
1846 2167 1925 2198 illud
1953 2167 2104 2199 Ieremiae
2136 2170 2312 2209 capitulum
2336 2181 2468 2212 compa-

1398 2214 1485 2238 ratur
1508 2219 1583 2239 cum
1599 2209 1776 2240 Ezechielis
1796 2211 1937 2251 capitulo
1954 2222 2015 2248 xvr,
2033 2213 2072 2243 ad
2089 2213 2178 2253 quod
2194 2215 2354 2254 pertinent
2375 2217 2469 2246 citata

1398 2253 1510 2283 verba:
1536 2253 1621 2283 idern
1645 2255 1731 2284 enim
1755 2261 1980 2295 argumentum
2004 2257 2131 2293 habent,
2156 2259 2309 2289 malitiam
2333 2260 2469 2291 Iudaeo—

1397 2306 1480 2327 rum.
1505 2297 1606 2327 Valde
1637 2298 1754 2328 mirum
1785 2300 1894 2339 potius
1926 2306 2007 2331 esset
2036 2301 2125 2341 quod
2156 2303 2290 2343 scriptor
2313 2304 2351 2334 ab
2375 2310 2467 2335 auto-

1398 2341 1520 2381 grapho
1551 2351 1656 2372 errans
1679 2343 1712 2372 in
1736 2342 1815 2373 illud
1845 2353 1966 2374 nomen
1997 2345 2156 2376 Ieremiae
2182 2352 2213 2376 et
2235 2348 2269 2377 in
2291 2348 2383 2378 illum
2405 2358 2466 2379 nu-

1398 2394 1524 2415 merum
1540 2396 1572 2416 Il
1594 2386 1765 2417 incidisset.
1789 2387 1880 2418 Talia
1895 2398 1963 2418 non
1986 2398 2056 2419 raro
2078 2391 2285 2430 contingunt;
2310 2392 2391 2422 inter
2407 2393 2466 2423 alia

1399 2430 1505 2460 evenit
1520 2436 1556 2460 ut
1572 2436 1645 2470 post
1661 2431 1845 2462 citationem
1861 2433 1938 2462 Luc.
1955 2433 2008 2463 tali
2034 2434 2175 2474 capitulo
2192 2440 2343 2475 sequatur
2362 2442 2466 2467 textus

1397 2474 1566 2514 parallelus
1591 2475 1742 2505 Matthaei
1766 2476 1906 2516 capitulo
1930 2477 1993 2507 tali.
2027 2478 2115 2508 Haec
2139 2483 2267 2518 tangere
2289 2480 2465 2516 noluimus,

1400 2519 1475 2558 quia
1491 2519 1517 2548 si
1541 2528 1616 2549 casu
1640 2524 1671 2549 et
1693 2519 1823 2550 fortuna
1838 2520 1924 2560 apud
1948 2526 2113 2552 auctorem
2129 2522 2280 2553 Summae
2302 2531 2464 2564 reguntur,

1399 2567 1486 2592 certo
1510 2572 1578 2593 non
1611 2563 1696 2603 apud
1726 2563 1898 2595 librarium.
1934 2565 2008 2595 Huc
2039 2567 2134 2596 etiam
2157 2568 2295 2607 pertinet
2317 2579 2409 2599 xxvn.
2432 2579 2464 2608 4.

1399 2606 1438 2637 ad
1463 2616 1480 2637 2
1507 2604 1552 2647 (θ)
1570 2617 1669 2648 quem
1694 2609 1836 2638 exscribo
1852 2614 1958 2639 totum
1983 2611 2255 2650 appertinentibus
2274 2614 2466 2652 praemissis.

1452 2696 1540 2724 Hebr.
1562 2703 1601 2730 xv,
1627 2703 1680 2723 12:
1702 2696 1792 2724 Vivus
1814 2697 1890 2724 enim
1913 2704 1955 2725 est
1976 2707 2071 2726 sermo
2094 2698 2146 2726 Dei
2168 2705 2196 2726 et
2216 2696 2317 2727 efficax
2335 2707 2362 2728 et
2375 2710 2465 2737 pene-

1397 2735 1528 2763 trabilior
1549 2735 1630 2763 omni
1651 2735 1748 2772 gladio
1769 2737 1896 2774 ancipiti.

1450 2776 1480 2804 S.
1494 2776 1596 2804 Ambr.
1617 2777 1653 2803 Et
1667 2775 1734 2804 ideo
1754 2777 1937 2812 prudentiam
1960 2777 2067 2805 Mariae
2089 2778 2165 2805 haud
2187 2777 2314 2814 ignaram
2336 2781 2464 2816 mysterii

1397 2815 1526 2843 caelestis
1547 2815 1683 2844 ostendit.
1710 2816 1816 2844 Vivum
1838 2816 1915 2844 enim
1937 2817 2054 2844 verbum
2078 2817 2130 2844 Dei
2152 2824 2180 2845 et
2200 2817 2327 2846 validum
2349 2827 2377 2848 et
2394 2829 2462 2848 acu-

1397 2862 1459 2883 tum
1480 2855 1528 2890 (al.
1550 2855 1674 2891 acutius)
1695 2856 1775 2884 omni
1796 2856 1893 2893 gladio
1914 2856 2087 2884 acutissimo.

1451 2896 1572 2924 Taxrus
1599 2903 1751 2924 aurmuus
1772 2896 1792 2923 1.
1815 2905 1839 2923 c.
1860 2895 2032 2923 Ambrosius
2060 2903 2156 2924 autem
2186 2906 2237 2933 per
2263 2899 2390 2935 gladium
2415 2900 2463 2936 (cf.

1398 2936 1468 2963 Luc.
1489 2943 1519 2963 11.
1544 2935 1591 2970 35)
1613 2935 1682 2963 dicit
1708 2935 1861 2971 significari
1888 2935 2070 2971 prudentiam
2100 2936 2216 2972 Mariae,
2242 2947 2303 2970 non
2331 2939 2461 2976 ignaram

1399 2974 1526 3011 mysterii
1554 2974 1690 3002 caelestis.
1720 2974 1822 3002 Vivum
1850 2974 1927 3002 enim
1956 2982 1998 3003 est
2022 2976 2140 3003 verbum
2163 2977 2216 3004 Dei
2238 2985 2265 3005 et
2285 2978 2412 3007 validum
2435 2986 2463 3007 et

1398 3015 1509 3043 acutius
1531 3014 1611 3042 omni
1632 3013 1728 3051 gladio
1750 3014 1877 3051 ancipiti.

1398 3099 1510 3129 Lectio
1535 3099 1664 3137 antiqua
1687 3096 1822 3127 modum
1846 3098 1877 3128 S.
1895 3098 2041 3129 Thomae
2065 3099 2205 3130 redolet:
2231 3101 2358 3132 citando
2382 3103 2462 3133 Am-

1398 3143 1541 3172 brosium
1565 3151 1602 3171 ex
1629 3141 1789 3181 Apostolo
1820 3141 2004 3173 afferentem
2028 3144 2061 3173 in
2084 3145 2217 3175 verbum
2240 3146 2389 3185 Apostoli
2412 3157 2460 3177 re—

1397 3187 1517 3217 incidit.
1549 3186 1654 3216 Nemo
1685 3195 1753 3216 non
1783 3185 1869 3216 videt
1892 3186 2073 3223 Thomam,
2102 3198 2169 3218 non
2197 3189 2376 3226 librarium,
2400 3201 2459 3231 pro

1397 3230 1581 3261 acutissimo
1605 3230 1764 3270 scripsisse
1796 3231 1947 3270 ancipiti,
1973 3231 2112 3272 ideoque
2145 3233 2328 3264 acutissimo
2352 3235 2386 3264 in
2410 3235 2458 3271 O,

1398 3274 1559 3312 GIQRW,
1575 3274 1647 3310 Pbc,
1665 3275 1852 3309 correctoris
1868 3281 2088 3306 commentum
2105 3286 2172 3307 esse
2193 3277 2237 3317 (H
2254 3278 2356 3314 abest;
2383 3289 2459 3310 acu-

1397 3318 1519 3348 tissimo
1536 3322 1567 3348 et
1581 3318 1714 3358 ancipiti
1734 3317 1805 3358 sO).
1830 3319 1920 3349 Talia
1937 3320 2032 3350 etiam
2048 3330 2159 3351 serena
2174 3322 2369 3353 conscientia
2385 3324 2460 3354 abe-

1395 3362 1511 3401 gimus.

1450 3415 1504 3445 40.
1529 3406 1612 3436 Inter
1635 3416 1755 3437 errores
1778 3417 1836 3447 per
1858 3417 1918 3437 nos
1941 3409 2108 3448 castigatos
2139 3409 2235 3449 aliqui
2259 3410 2322 3440 iam
2345 3411 2378 3440 in
2403 3421 2457 3441 au—

1395 3451 1552 3490 tographo
1571 3450 1680 3481 adesse
1695 3456 1880 3491 potuerunt,
1896 3457 2004 3482 nostra
2027 3453 2136 3483 saltem
2156 3454 2311 3485 sententia
2334 3460 2364 3485 et
2383 3465 2458 3495 pro-

1394 3493 1479 3525 fecto
1502 3500 1626 3535 praeter
1645 3495 1857 3526 intentionem
1881 3497 2019 3526 auctoris
2039 3497 2202 3527 scribentis
2225 3498 2275 3528 vel
2300 3497 2454 3529 dictantis.

1393 3538 1449 3569 Ex.
1466 3548 1512 3578 gr.
1528 3549 1548 3569 1.
1567 3539 1596 3569 6.
1614 3536 1630 3568 θ
1659 3552 1671 3565 κ
1692 3549 1767 3570 cum
1790 3539 1893 3570 adhuc
1916 3541 2088 3571 reverentia
2111 3542 2221 3572 senior
2244 3548 2324 3572 esset
2343 3556 2356 3569 »
2383 3543 2456 3583 (pro
