2872 3970
138 777 152 788 ⁴
165 776 234 798 Num.
247 777 350 803 praeced.

139 1311 147 1320 ⁸
163 1311 211 1331 Art.
226 1314 246 1336 3.

138 1526 147 1534 ⁸
162 1524 230 1545 Num.
247 1530 271 1545 ιι.

141 1838 150 1846 “
163 1837 271 1863 Quintae.
289 1836 323 1857 Cf.

138 1867 186 1884 not.
202 1864 220 1889 ζ.

147 3374 156 3382 ·
177 3373 225 3393 Art.
246 3377 265 3395 ει,
286 3371 356 3392 Com-

146 3402 217 3420 ment.
233 3403 296 3419 num.
312 3404 341 3418 vi.

379 261 426 298 38
1095 256 1359 304 QUAESTIO
1389 257 1435 303 11,
1470 254 1764 292 ARTICULUS
1791 255 1840 292 vi

377 346 507 370 tremas:
539 339 616 370 dum
647 338 833 378 Eutychetis
856 346 942 368 error
965 336 1228 366 coniunctionem
1255 335 1288 364 in
1314 333 1440 364 Christo

377 385 411 414 in
428 389 551 414 tantum
567 382 805 413 substantialem
829 390 895 411 esse
912 381 988 411 dicit
1004 379 1092 420 quod
1109 390 1147 410 ex
1162 379 1342 409 substantiis
1365 377 1442 407 dua—

378 429 437 458 bus
462 428 641 467 composita
665 432 710 456 est
733 435 797 456 una
819 431 946 461 natura;
971 424 1109 454 Nestorii
1133 429 1239 453 autem
1263 431 1349 452 error
1365 430 1442 451 con-

378 472 578 502 iunctionem
601 471 692 500 istam
715 471 749 500 in
765 475 888 500 tantum
913 468 1138 498 accidentalem
1162 466 1271 506 posuit
1290 464 1379 505 quod
1395 474 1442 494 se-

378 516 498 556 paravit
527 523 698 555 personam
728 514 800 543 Filii
823 513 883 543 Dei
907 522 924 542 a
947 521 1083 552 persona
1113 510 1169 541 filii
1198 510 1348 540 hominis.
1388 509 1442 538 Ille

379 558 548 589 confundit
570 564 706 593 naturas,
731 562 762 587 et
785 566 882 587 unam
905 562 970 586 tam
993 561 1139 585 naturam
1155 563 1252 594 quam
1271 561 1441 593 personam

378 604 487 643 posuit
511 612 579 633 esse
602 603 636 632 in
652 602 790 632 Christo.
815 600 875 630 Iste
899 600 1054 639 separavit
1077 604 1108 629 et
1130 604 1257 628 naturas
1280 602 1311 627 et
1334 605 1442 636 perso-

378 657 444 683 nas,
469 647 578 677 dicens
600 647 633 676 in
658 645 785 676 Christo
810 644 888 674 duas
918 653 985 673 esse
1009 649 1040 673 et
1062 648 1188 673 naturas
1219 647 1250 671 et
1272 649 1440 680 personas:

379 691 545 721 coniunxit
569 695 676 720 autem
700 698 751 719 eas
768 687 953 718 accidentali
976 687 1097 717 unione
1121 695 1219 726 penes
1236 685 1391 725 quinque,
1407 689 1443 714 ut

378 735 412 764 in
436 735 537 764 littera
561 734 642 764 clare
665 733 770 762 habes.
787 749 807 754 —
832 732 920 761 Haec
944 730 983 761 de
1005 731 1121 770 primo.

434 778 484 808 111.
510 777 627 816 Quoad
642 776 819 806 secundum
839 776 866 811 ff,
883 775 1097 814 posteriorum
1117 773 1341 812 magistrorum
1358 780 1443 801 erro-

378 831 428 853 res
450 822 632 857 tractantur,
650 821 715 860 qui,
732 824 880 860 putantes
903 827 936 848 se
953 817 1119 848 Catholice
1140 817 1254 851 dicere,
1272 816 1443 855 opiniones

379 865 457 896 duas
484 864 728 895 introduxerunt
759 868 911 893 extremas
941 861 1027 901 apud
1056 861 1242 900 Magistrum
1266 858 1443 890 Sententia-

378 919 460 945 rum,
477 909 595 939 scilicet
610 909 746 948 primam
763 912 793 936 et
808 907 942 941 tertiam,
960 915 1034 935 cum
1050 911 1156 935 tamen
1173 904 1284 934 ambae
1301 913 1339 933 ex
1354 907 1443 943 parte

378 954 473 983 unius
497 953 637 988 extremi,
654 951 717 981 hoc
739 955 785 980 est
800 950 980 980 Nestoriani
1004 949 1127 984 erroris,
1144 957 1177 978 se
1197 952 1336 978 teneant.
1359 946 1442 977 Nam

377 997 505 1036 utrique
535 995 732 1025 conveniunt
762 994 795 1023 in
826 994 888 1023 hoc
912 992 1001 1033 quod
1031 998 1159 1032 ponunt
1186 992 1219 1022 in
1244 991 1372 1021 Christo
1397 989 1443 1020 di-

377 1049 480 1070 versas
496 1040 692 1079 hypostaseS,
716 1038 759 1067 ita
783 1037 872 1077 quod
896 1037 955 1066 alia
979 1041 1025 1066 est
1049 1036 1227 1077 hypostasis
1248 1035 1319 1065 Filii
1336 1035 1396 1065 Dei
1413 1040 1443 1065 et

377 1084 436 1113 alia
458 1083 636 1124 hypostasis
659 1081 715 1112 filii
731 1082 884 1111 hominis:
910 1090 946 1110 ac
969 1090 1027 1120 per
1050 1081 1123 1115 hoc,
1147 1080 1274 1120 utrique
1298 1084 1444 1119 separant

376 1128 409 1158 in
426 1127 553 1157 Christo
578 1132 608 1156 et
623 1131 749 1156 naturas
773 1131 804 1156 et
818 1126 1004 1166 hypostases
1024 1134 1081 1155 seu
1102 1125 1285 1164 supposita;
1310 1129 1341 1154 et
1361 1123 1443 1153 acci—

377 1171 535 1201 dentalem
564 1170 700 1210 proinde
723 1170 879 1199 unionem
908 1174 1036 1209 ponunt
1063 1169 1223 1198 humanae
1249 1173 1380 1198 naturae
1404 1166 1442 1197 ad

376 1224 547 1255 personam
571 1215 642 1244 Filii
658 1214 728 1249 Dei,
746 1214 890 1254 quamvis
912 1212 1134 1243 diversimode.
1159 1212 1245 1250 Quia
1267 1212 1361 1252 primi
1383 1221 1443 1251 po-

375 1265 458 1289 nunt
481 1260 538 1289 sub
555 1259 688 1288 nomine
710 1267 876 1298 personae,
894 1256 1030 1288 dicendo
1053 1257 1241 1297 hypostases
1257 1256 1335 1286 duas
1360 1256 1443 1286 uniri

376 1304 409 1333 in
432 1312 583 1343 persona:
610 1301 699 1342 quod
722 1307 933 1332 monstratum
957 1307 1003 1331 est
1018 1302 1035 1317 ⁴*
1058 1310 1125 1331 non
1153 1310 1221 1331 esse
1246 1300 1443 1340 intelligibile

375 1347 436 1377 nisi
459 1356 614 1387 personae
637 1355 758 1376 nomen
781 1345 928 1376 accidens
951 1344 1116 1385 significet.
1140 1345 1203 1375 Alii
1219 1354 1295 1375 vero
1316 1349 1444 1384 ponunt

375 1391 459 1421 uniri
482 1400 538 1431 per
557 1390 692 1421 modum
708 1390 819 1420 vestis:
844 1395 968 1420 constat
983 1399 1124 1429 namque
1147 1388 1238 1429 quod
1261 1398 1329 1419 esse
1349 1389 1443 1418 vesti-

375 1441 445 1465 tum
468 1434 660 1465 accidentale
684 1439 807 1464 tantum
824 1443 892 1464 esse
915 1434 1008 1474 ponit
1030 1434 1061 1463 in
1079 1443 1216 1473 persona
1234 1442 1318 1473 quae
1332 1433 1443 1463 vestita

376 1484 431 1509 est.
456 1479 497 1508 Et
520 1479 628 1508 omnia
652 1478 734 1508 clare
757 1483 867 1517 patent
889 1478 922 1508 in
946 1477 1058 1508 littera.

430 1522 482 1552 IV.
514 1522 632 1560 Quoad
662 1522 791 1552 tertium
816 1523 849 1557 ³⁶,
874 1522 979 1562 primo
1010 1521 1142 1561 ponitur
1165 1522 1321 1552 sententia
1351 1519 1442 1556 fidei,

375 1576 458 1606 quae
480 1575 553 1596 vere
589 1571 635 1596 est
663 1565 784 1596 media:
821 1566 940 1596 scilicet
968 1565 1057 1606 quod
1089 1566 1166 1596 unio
1198 1570 1244 1596 est
1269 1564 1443 1596 secundum

373 1610 581 1641 substantiam
606 1615 642 1640 ut
670 1610 847 1640 substantia
877 1610 1072 1650 importatur
1094 1619 1158 1650 per
1174 1619 1360 1650 personam,
1384 1609 1444 1650 hy-

368 1654 525 1695 postasim
549 1654 598 1685 vel
620 1654 827 1694 suppositum,
852 1660 882 1684 et
905 1654 968 1684 hoc
991 1659 1102 1684 contra
1124 1654 1310 1684 Nestorium
1334 1659 1365 1684 et
1384 1663 1444 1693 po—

374 1699 519 1728 steriores
543 1699 727 1738 magistr0s;
761 1704 791 1728 et
815 1697 904 1738 quod
928 1708 993 1728 non
1026 1703 1072 1728 est
1093 1698 1268 1729 secundum
1297 1698 1443 1728 substan-

375 1743 451 1772 tiam
475 1747 510 1772 ut
531 1742 708 1773 substantia
732 1742 927 1782 importatur
936 1752 999 1783 per
1021 1743 1199 1778 essentiam,
1217 1747 1368 1772 naturam
1387 1751 1443 1772 seu

374 1786 590 1827 quidditatem,
605 1792 636 1817 et
650 1787 714 1816 hoc
735 1792 845 1816 contra
861 1787 1074 1827 Eutychetem
1091 1792 1122 1817 et
1138 1787 1343 1817 Dioscorum.
1367 1786 1444 1816 Pro-

373 1831 529 1871 baturque
553 1831 740 1861 auctoritate
763 1830 874 1860 Sextae
891 1832 907 1847 *
931 1830 1069 1871 Synodi,
1093 1831 1149 1861 ubi
1172 1836 1259 1871 patet
1287 1830 1443 1860 unionem

374 1876 474 1905 carnis
498 1874 536 1904 ad
559 1875 702 1905 Verbum
726 1875 786 1905 Dei
809 1874 983 1905 secundum
1007 1875 1269 1915 compositionem
1293 1883 1375 1915 quae
1399 1879 1445 1904 est

373 1919 546 1949 secundum
568 1919 802 1949 subsistentiam
826 1918 1005 1949 confessam
1030 1929 1107 1950 esse.

429 1962 588 1999 Secundo,
606 1963 741 1993 modum
765 1962 920 2003 loquendi
936 1962 1031 2002 docet
1054 1964 1137 1994 circa
1152 1963 1295 1994 recitatas
1318 1968 1444 1993 senten-

374 2008 430 2037 tias
446 2012 507 2037 tres
530 2017 548 2037 a
571 2007 722 2047 Magistro
746 2007 982 2038 Sententiarum
1004 2008 1038 2038 in
1063 2018 1094 2037 VI
1110 2007 1313 2038 distinctione
1326 2007 1443 2037 Tertii:

374 2051 463 2091 quod
479 2051 597 2081 scilicet
617 2051 705 2081 nulla
727 2061 837 2081 earum
851 2051 997 2081 vocanda
1013 2057 1059 2082 est
1078 2051 1201 2091 opinio,
1226 2050 1281 2081 sed
1304 2049 1444 2081 secunda

375 2095 508 2126 dicenda
532 2101 578 2126 est
601 2096 757 2125 sententia
780 2095 989 2136 doctrinaque
1013 2094 1098 2132 fidei,
1122 2101 1187 2126 tam
1210 2096 1313 2135 prima
1336 2100 1444 2125 autem

375 2149 471 2179 quam
495 2140 585 2169 tertia
608 2140 744 2170 haeresis
761 2149 778 2169 a
795 2138 945 2170 Concilio
970 2137 1117 2170 damnata
1140 2138 1330 2179 appellanda
1350 2144 1405 2169 est.
1422 2156 1443 2161 -

375 2184 437 2214 Ubi
453 2184 531 2214 scito
549 2183 647 2223 quod,
665 2184 738 2214 licet
753 2189 899 2224 tempore
912 2183 1052 2224 Magistri
1076 2184 1311 2214 Sententiarum
1327 2189 1359 2214 et
1373 2183 1444 2213 illo-

375 2237 447 2257 rum
462 2228 686 2267 magistrorum
703 2237 844 2267 quorum
859 2228 912 2258 hic
927 2228 1052 2258 Auctor
1071 2228 1228 2264 meminit,
1252 2228 1316 2258 iam
1339 2233 1444 2258 essent

376 2271 541 2302 damnatae
565 2273 675 2302 ambae
692 2272 768 2302 istae
787 2273 949 2308 haereses;
975 2273 1050 2312 quia
1065 2277 1173 2302 tamen
1190 2271 1355 2302 occultum
1379 2277 1444 2302 erat

376 2315 605 2355 comprehendi
621 2316 798 2356 positiones
812 2317 885 2346 istas
897 2316 956 2346 sub
972 2316 1032 2346 illis
1049 2315 1214 2352 damnatis,
1228 2321 1259 2346 et
1274 2316 1444 2356 putabatur

375 2360 448 2389 istas
480 2360 518 2389 ab
541 2360 601 2390 illis
624 2365 748 2390 tanturn
772 2360 885 2390 distare
914 2366 950 2390 ut
973 2366 1133 2400 separatae
1164 2365 1268 2391 essent
1300 2360 1339 2390 ab
1365 2360 1443 2396 illis;

374 2403 449 2434 ideo
474 2404 613 2434 excusati
643 2403 773 2434 fuerunt
796 2410 827 2435 et
850 2409 997 2435 auctores
1025 2410 1056 2434 et
1079 2414 1232 2444 sequaces
1261 2413 1388 2440 earum,
1414 2409 1445 2434 et

377 2448 433 2487 qui
456 2453 608 2488 tanquam
632 2449 802 2488 opiniones
825 2449 893 2479 illas
908 2449 1098 2479 habuerunt.
1123 2448 1186 2479 Sed
1210 2458 1248 2479 ex
1269 2458 1335 2488 quo
1358 2453 1444 2478 tanta

377 2501 527 2522 concessa
551 2498 597 2522 est
611 2493 842 2532 posterioribus
866 2493 1088 2532 perspicacitas
1103 2498 1140 2523 ut
1162 2492 1305 2530 viderent
1328 2498 1360 2523 et
1382 2492 1444 2522 dis-

378 2542 543 2566 cernerent
572 2537 653 2566 inter
683 2537 750 2566 illas
782 2542 812 2566 et
845 2537 1022 2576 unicuique
1053 2537 1163 2567 locum
1193 2546 1288 2567 suum
1318 2536 1443 2573 darent,

377 2590 444 2610 non
460 2580 596 2620 amplius
613 2585 837 2610 excusarentur
854 2581 909 2621 qui
925 2581 1111 2611 huiusmodi
1129 2581 1307 2622 positiones
1322 2586 1358 2611 ut
1374 2581 1444 2621 opi-

377 2625 491 2654 niones
515 2623 720 2654 adstruerent.

432 2668 470 2698 V.
496 2668 531 2698 In
547 2669 757 2708 responsione
780 2668 819 2698 ad
834 2669 974 2708 primum
996 2675 1027 2699 et
1043 2669 1082 2699 ad
1104 2669 1293 2706 secundum,
1317 2668 1444 2700 adverte

378 2712 493 2752 primo,
507 2712 595 2751 quod
613 2722 786 2742 commune
810 2718 856 2742 est
878 2714 1016 2753 utrique,
1034 2714 1153 2744 scilicet
1168 2714 1290 2744 habitui
1314 2719 1345 2744 et
1363 2714 1445 2744 aeci-

378 2755 474 2791 denti,
498 2757 581 2786 uniri
605 2756 838 2787 accidentaliter
862 2757 1000 2787 Socrati:
1029 2767 1105 2788 nam
1128 2758 1355 2788 indumentum
1378 2767 1445 2788 non

378 2800 438 2829 nisi
461 2799 653 2830 accidentale
677 2810 744 2831 esse
768 2802 861 2840 ponit
883 2802 917 2831 in
937 2802 1076 2838 Socrate,
1102 2812 1170 2832 esse
1187 2803 1273 2832 enirn
1295 2802 1446 2832 vestitum

379 2843 571 2874 accidentale
596 2854 662 2874 esse
687 2851 748 2881 est;
786 2851 816 2875 et
839 2845 953 2875 albedo
984 2845 1178 2876 accidentale
1202 2856 1270 2876 esse
1297 2846 1390 2886 ponit
1412 2847 1446 2876 in

379 2887 517 2917 Socrate.
542 2888 725 2919 Differentia
740 2894 847 2919 autern
863 2890 945 2920 inter
960 2890 1029 2929 ipsa
1049 2896 1095 2920 est
1111 2890 1200 2930 quod
1220 2889 1446 2920 indumentum

380 2936 425 2960 est
441 2932 473 2961 in
497 2941 529 2961 se
553 2933 724 2963 substantia
743 2933 910 2973 quaedam,
932 2940 1009 2973 puta
1032 2944 1158 2974 pannus
1181 2935 1307 2965 laneus:
1332 2933 1446 2964 albedo

380 2980 486 3005 autem
518 2981 563 3005 est
590 2977 622 3006 in
646 2986 679 3006 se
710 2977 866 3007 accidens.
903 2978 947 3008 Ita
971 2978 1060 3018 quod
1084 2978 1196 3009 albedo
1226 2984 1257 3008 et
1287 2984 1334 3008 est
1356 2979 1390 3008 in
1413 2988 1447 3008 se

380 3018 534 3054 accidens,
547 3025 578 3050 et
593 3020 826 3051 accidentaliter
841 3022 1046 3062 coniungitur
1062 3022 1197 3053 Socrati:
1221 3022 1447 3053 indumentum

380 3068 486 3093 autem
503 3069 549 3093 est
564 3065 597 3093 in
613 3074 646 3094 se
662 3065 844 3101 substantia,
861 3065 916 3096 sed
932 3066 1125 3097 accidentale
1140 3072 1264 3097 tantum
1282 3076 1348 3097 esse
1370 3075 1447 3096 con-

380 3106 439 3136 fert
462 3107 594 3142 Socrati,
619 3108 738 3138 scilicet
754 3118 822 3139 esse
837 3110 997 3139 vestitum.
1022 3110 1063 3140 Et
1078 3111 1154 3150 quia
1171 3116 1284 3141 natura
1306 3111 1447 3140 humana

381 3156 427 3180 est
450 3151 483 3180 in
507 3160 540 3180 se
564 3151 750 3187 substantia,
776 3158 806 3182 et
830 3152 956 3183 advenit
979 3154 1086 3184 Verbo
1110 3155 1171 3184 Dei
1193 3160 1267 3194 post
1290 3155 1358 3185 eius
1379 3164 1446 3184 esse

382 3194 590 3233 completum,
614 3194 687 3224 ideo
711 3195 944 3226 accidentaliter
965 3198 1136 3228 coniuncta
1151 3199 1258 3228 Verbo
1275 3199 1336 3228 Dei
1355 3198 1447 3228 aesti-

382 3243 465 3267 mata
489 3243 548 3267 est:
585 3238 859 3277 quemadmodum
887 3240 1011 3270 habitus
1035 3251 1091 3271 seu
1114 3241 1342 3273 indumentum
1365 3242 1446 3272 acci-

383 3281 547 3311 dentaliter
570 3282 711 3321 iungitur
734 3282 866 3312 Socrati.

438 3324 499 3355 Sed
523 3326 775 3356 aestimationem
805 3326 886 3356 hanc
915 3336 982 3356 esse
1005 3326 1131 3363 falsam,
1155 3339 1221 3360 non
1245 3330 1351 3360 solum
1380 3340 1447 3360 ma-

383 3367 547 3398 nifestatur
569 3379 606 3399 ex
627 3375 698 3399 ante
715 3371 731 3386 ⁴*
748 3369 848 3405 dictis,
873 3370 947 3409 quia
971 3370 1089 3400 scilicet
1112 3373 1190 3402 unio
1210 3374 1303 3403 vestis
1327 3374 1366 3404 ad
1389 3374 1447 3405 So-

385 3417 501 3442 cratem
525 3422 591 3442 non
614 3418 661 3443 est
684 3413 716 3443 in
741 3422 890 3452 persona,
913 3414 987 3453 quia
1010 3414 1069 3444 alia
1093 3421 1138 3444 est
1162 3416 1338 3455 hypostasis
1354 3419 1447 3448 vestis

385 3461 415 3485 et
432 3455 490 3485 alia
505 3456 683 3496 hypostasis
699 3457 836 3487 Socratis
851 3458 969 3487 vestiti:
994 3457 1049 3487 sed
1066 3458 1160 3488 etiam
1176 3460 1251 3498 quia
1270 3461 1338 3490 talis
1354 3462 1447 3497 unio,

386 3504 420 3528 ut
443 3500 627 3529 terminatur
643 3500 681 3530 ad
697 3500 870 3537 Socratem,
894 3507 940 3531 est
955 3500 1133 3532 secundum
1152 3512 1219 3532 esse
1240 3504 1447 3541 accidentale;

386 3543 539 3582 quoniam
571 3553 637 3573 non
661 3545 753 3583 ponit
775 3545 808 3575 in
832 3545 961 3575 Socrate
991 3545 1050 3575 nisi
1078 3555 1145 3575 esse
1169 3546 1334 3582 vestitum,
1359 3547 1448 3587 quod

386 3592 509 3616 constat
534 3596 599 3616 esse
625 3587 663 3617 de
686 3597 800 3626 genere
825 3588 1004 3619 accidentis.
1038 3588 1155 3619 Natura
1180 3595 1285 3620 autem
1309 3591 1447 3620 humana

1496 334 1540 363 sic
1564 338 1611 363 est
1634 333 1806 363 coniuncta
1828 333 1936 363 Verbo
1960 332 2021 362 Dei
2050 338 2086 362 ut
2109 331 2252 362 conferat
2273 331 2381 363 Verbo
2404 333 2465 363 Dei
2495 341 2565 364 esse.

1496 377 1715 407 substantiale:
1740 377 1895 416 quoniam
1919 375 2043 406 confert
2065 377 2111 406 illi
2135 386 2202 406 esse
2225 377 2409 414 hominem3
2439 383 2564 408 constat

1497 426 1605 450 autem
1628 420 1717 460 quod
1741 430 1808 450 esse
1837 420 2004 450 hominem
2029 426 2075 450 est
2103 421 2138 450 in
2159 429 2276 460 genere
2299 421 2509 457 substantiae,
2532 427 2563 451 et

1497 473 1563 494 non
1586 464 1620 494 in
1642 473 1759 504 genere
1783 463 1963 494 accidentis.
1999 463 2099 494 Filius
2122 463 2281 504 siquidem
2303 463 2364 494 Dei
2394 464 2439 494 sic
2461 463 2563 495 homo

1497 507 1598 538 factus
1615 513 1661 537 est
1680 513 1715 538 ut
1730 507 1892 538 verissime
1915 508 1955 537 sit
1970 508 2081 538 homo.
2106 506 2210 543 Unde,
2230 506 2383 547 fingendo
2400 507 2490 549 quod
2508 517 2563 539 ve-

1497 552 1551 581 stis
1574 552 1614 581 sit
1628 561 1750 582 nomen
1766 551 1968 587 substantiae,
1991 560 2052 591 pro
2076 551 2214 582 claritate
2230 550 2403 587 doctrinae,
2428 552 2564 582 coniun-

1498 596 1561 625 ctio
1577 595 1672 625 vestis
1695 595 1735 625 ad
1757 604 1929 635 personam
1950 595 2096 626 vestitam
2120 601 2167 626 est
2189 595 2368 626 secundum
2391 605 2460 626 esse
2482 597 2566 627 acci-

1498 639 1638 669 dentale:
1664 640 1739 679 quia
1754 649 1822 669 non
1838 638 1963 670 confert
1978 640 2108 670 vestitae
2123 649 2280 680 personae
2296 639 2386 680 quod
2404 640 2444 670 sit
2458 640 2563 676 vestis,

1497 682 1552 712 sed
1577 682 1666 723 quod
1689 684 1728 713 sit
1743 683 1864 713 vestita.
1889 682 1953 714 Sed
1974 683 2116 714 humana
2130 689 2243 714 natura
2265 684 2471 724 coniungitur
2492 693 2564 724 per-

1497 735 1595 757 sonae
1619 726 1743 759 divinae
1774 726 1953 758 secundum
1983 736 2052 758 esse
2081 727 2300 758 substantiale:
2337 728 2412 768 quia
2441 726 2565 759 'confert

1497 770 1604 800 Verbo
1629 770 1689 801 Dei
1713 771 1803 811 quod
1832 771 1871 801 sit
1892 771 1994 802 homo
2021 770 2200 802 secundum
2229 771 2275 802 rei
2296 772 2461 802 veritatem
2489 772 2564 802 sim-

1496 813 1630 854 pliciter,
1655 820 1686 845 et
1708 824 1775 845 non
1798 815 1832 845 in
1847 815 2011 846 intellectu
2035 821 2089 845 aut
2111 815 2339 856 imaginatione
2363 821 2417 846 aut
2438 824 2564 856 reprae-

1497 859 1685 895 sentatione,
1710 865 1765 889 aut
1787 859 1966 890 secundum
1990 858 2078 899 quid.

1553 903 1594 933 Et
1616 903 1680 933 hoc
1704 909 1750 934 est
1766 903 1856 943 quod
1870 903 1995 934 Auctor
2016 903 2050 933 in
2066 903 2109 934 lv
2127 903 2251 934 Contra
2268 903 2371 940 Gent„
2395 913 2464 945 cap.
2482 913 2564 941 xmx,

1496 947 1530 976 in
1554 947 1717 977 solutione
1740 947 1871 978 ultimae
1895 947 2095 983 obiectionis‚
2120 947 2297 988 explicavit.

1552 991 1626 1021 Hoc
1651 997 1697 1021 est
1720 990 1810 1031 quod
1832 991 1937 1027 Extra,
1961 990 2000 1022 de
2015 990 2130 1027 Haer„
2154 991 2188 1021 in
2208 1001 2277 1032 cap.
2304 991 2385 1022 Cum
2407 991 2563 1028 Christus,

1497 1034 1676 1065 Alexander
1700 1035 1740 1065 111
1765 1035 1949 1075 explicavit:
1973 1035 2039 1071 ubi,
2063 1036 2122 1065 sub
2143 1035 2343 1066 anathemate
2358 1035 2505 1067 inhibens
2522 1045 2565 1066 ne

1497 1079 1569 1119 quis
1593 1078 1707 1110 audeat
1730 1078 1835 1110 dicere
1864 1078 1954 1119 quod
1979 1078 2136 1115 Christus,
2152 1079 2327 1110 secundum
2347 1079 2434 1120 quod
2454 1080 2562 1116 homo,

1498 1133 1562 1153 non
1587 1128 1634 1154 est
1655 1123 1789 1164 aliquid,
1807 1124 1882 1164 quia
1903 1128 1950 1154 est
1971 1133 2064 1154 verus
2079 1123 2192 1159 homo,
2216 1129 2327 1154 contra
2343 1133 2399 1154 eos
2422 1124 2565 1164 loquitur

1498 1167 1553 1207 qui
1573 1167 1721 1198 dicebant
1739 1167 1830 1208 quod
1847 1167 2003 1204 Christus,
2014 1167 2193 1198 secundum
2209 1167 2296 1209 quod
2313 1168 2420 1204 homo,
2437 1177 2503 1199 non
2520 1173 2567 1199 est

1497 1211 1630 1252 aliquid,
1655 1211 1711 1242 sed
1733 1211 1776 1242 ad
1797 1211 1922 1253 aliquid
1945 1221 2002 1242 seu
2025 1211 2187 1252 aliqualis.
2215 1212 2289 1243 Hoc
2312 1212 2399 1243 enim
2421 1212 2567 1252 sequitur

1498 1255 1537 1286 ad
1561 1265 1674 1287 omnes
1697 1261 1855 1296 ponentes
1878 1256 2034 1286 unionem
2063 1261 2194 1286 naturae
2217 1256 2376 1287 humanae
2399 1255 2439 1286 ad
2460 1257 2565 1298 hypo-

1497 1300 1605 1330 stasim
1629 1300 1700 1330 Filii
1716 1299 1776 1330 Dei
1800 1310 1868 1331 esse
1886 1299 2124 1331 accidentalem.
2148 1299 2232 1330 Nam
2254 1300 2433 1331 secundum
2455 1301 2565 1331 huius-

1497 1344 1587 1374 modi
1610 1344 1802 1384 positiones,
1835 1345 1917 1375 sicut
1946 1344 2111 1375 Socratem
2138 1354 2206 1375 esse
2228 1345 2395 1381 vestitum,
2419 1350 2475 1375 aut
2497 1354 2566 1375 esse

1497 1397 1650 1428 magnum
1675 1394 1730 1419 aut
1744 1389 1966 1419 honorabilem
1983 1394 2014 1419 et
2029 1397 2125 1429 super
2145 1389 2233 1425 alios,
2249 1398 2318 1419 non
2333 1394 2380 1420 est
2401 1388 2564 1420 Socratem

1498 1442 1567 1463 esse
1582 1432 1714 1473 aliquid,
1734 1432 1791 1463 sed
1811 1432 1850 1463 ad
1865 1432 1986 1473 aliquid
2008 1438 2063 1463 aut
2078 1432 2258 1473 aliqualem,
2279 1438 2357 1469 etc.;
2381 1433 2425 1464 ita
2447 1433 2565 1464 Filium

1499 1477 1559 1507 Dei
1582 1486 1650 1507 esse
1673 1477 1841 1508 hominem
1863 1486 1932 1507 non
1956 1482 2037 1507 esset
2061 1486 2128 1507 esse
2151 1476 2281 1517 aliquid,
2303 1476 2359 1508 sed
2382 1476 2422 1508 ad
2445 1477 2565 1518 aliquid

1499 1526 1554 1550 aut
1577 1520 1758 1561 aliqualem,
1783 1526 1843 1552 etc.

1554 1564 1648 1595 Unde
1664 1565 1788 1595 Auctor
1803 1565 1926 1605 optime
1941 1565 1975 1595 in
1990 1565 2055 1595 hoc
2075 1564 2209 1596 articulo
2229 1564 2353 1595 induxit
2376 1564 2565 1597 decretalem

1498 1608 1585 1639 illam
1601 1608 1640 1639 ad
1655 1608 1854 1649 probandam
1869 1610 2026 1639 unionem
2041 1609 2200 1640 humanae
2215 1615 2346 1639 naturae
2368 1609 2408 1639 ad
2423 1609 2566 1641 Verbum

1499 1662 1567 1683 esse
1583 1653 1832 1684 substantialem.
1845 1671 1865 1676 -
1882 1653 1923 1684 Et
1939 1653 2064 1689 Scotus,
2081 1653 2114 1683 in
2130 1653 2187 1684 ult.
2205 1662 2259 1693 qu.
2275 1663 2308 1683 vr
2323 1653 2393 1684 dist.
2410 1653 2451 1683 111
2467 1652 2565 1690 Sent„

1499 1696 1576 1727 dicit
1598 1697 1688 1738 quod
1711 1707 1769 1738 per
1790 1698 1884 1728 istam
1907 1696 2098 1728 decretalem
2121 1697 2334 1728 condemnata
2357 1702 2403 1727 est
2424 1697 2516 1728 tertia
2530 1707 2567 1732 ο-

1498 1742 1588 1781 pinio
1611 1741 1676 1772 illic
1699 1751 1718 1772 a
1741 1741 1893 1782 Magistro
1916 1741 2152 1772 Sententiarum
2168 1741 2311 1778 recitata,
2334 1741 2454 1772 scilicet
2477 1741 2567 1782 quod

1498 1786 1639 1816 humana
1661 1791 1774 1816 natura
1796 1786 1885 1816 unita
1908 1791 1955 1816 est
1969 1785 2078 1816 Verbo
2101 1791 2137 1815 ut
2158 1785 2300 1816 habitus:
2325 1795 2383 1826 per
2397 1786 2476 1816 haec
2498 1795 2566 1818 ma-

1498 1829 1651 1860 nifestans
1667 1829 1757 1870 quod
1780 1830 1812 1871 ly
1835 1829 1960 1870 aliquid
1982 1829 2118 1860 sumitur
2138 1830 2171 1860 in
2188 1829 2271 1860 dicta
2287 1829 2435 1860 decretali
2449 1834 2486 1860 ut
2504 1829 2566 1861 dis-

1498 1874 1654 1914 tinguitur
1677 1879 1788 1904 contra
1811 1873 1854 1904 ad
1876 1873 2016 1914 aliquid,
2040 1873 2197 1914 aliquale,
2221 1873 2439 1914 aliquantum,
2464 1878 2495 1904 et
2517 1883 2566 1904 re-

1497 1917 1586 1958 liqua
1608 1917 1822 1948 accidentium
1844 1927 1971 1958 genera,
1995 1927 2078 1958 quae
2101 1917 2207 1948 solum
2231 1918 2403 1948 convenire
2426 1917 2565 1954 Christo,

1497 1961 1676 1992 secundum
1693 1961 1783 2002 quod
1805 1962 1918 1998 homo,
1934 1961 2059 1992 dicebat
2073 1962 2192 2002 positio
2212 1961 2275 1998 illa,
2292 1967 2323 1992 et
2339 1971 2565 2002 quaecumque

1497 2006 1556 2036 alia
1579 2015 1705 2046 ponens
1727 2006 1884 2036 unionem
1906 2006 1999 2036 istam
2022 2005 2261 2036 accidentalem.

1551 2050 1604 2080 VI.
1621 2049 1759 2080 Adverte
1775 2049 1928 2086 secundo,
1938 2055 2070 2090 propter
2082 2049 2265 2090 exemplum
2281 2049 2371 2090 quod
2388 2050 2422 2080 in
2437 2050 2538 2081 littera
2549 2050 2566 2067 ⁴*

1498 2093 1589 2124 datur
1605 2093 1644 2124 de
1660 2095 1782 2124 unione
1798 2095 1922 2125 animae
1943 2093 1982 2124 ad
2002 2103 2130 2134 corpus,
2147 2093 2236 2134 quod
2256 2093 2396 2125 dicentes
2411 2095 2428 2112 ’
2451 2094 2566 2125 unioni

1496 2138 1593 2168 Verbi
1618 2144 1648 2168 et
1671 2144 1803 2169 naturae
1825 2138 1985 2169 humanae
2007 2139 2146 2168 maxime
2169 2138 2306 2168 similem
2326 2147 2394 2168 esse
2409 2138 2566 2169 unionem

1497 2182 1689 2213 substantiae
1714 2188 1745 2213 et
1767 2182 1949 2218 accidentis,
1973 2183 2098 2212 sublato
2121 2182 2186 2213 hoc
2210 2182 2300 2222 quod
2322 2182 2496 2213 substantia
2516 2182 2567 2214 in-

1497 2226 1653 2257 formatur
1675 2236 1733 2267 per
1755 2226 1902 2257 accidens
1925 2227 2007 2257 sicut
2036 2227 2211 2267 potentiale
2233 2235 2291 2267 per
2314 2226 2453 2264 actuale,
2477 2227 2566 2258 aber-

1496 2276 1566 2301 rant
1588 2270 1690 2301 valde.
1722 2271 1897 2309 Quoniam,
1921 2271 2044 2301 sublata
2066 2269 2310 2307 informatione,
2333 2280 2402 2302 non
2423 2276 2566 2302 remanet

1497 2315 1578 2345 inter
1594 2315 1802 2345 substantiam
1819 2320 1850 2345 et
1865 2314 2012 2346 accidens
2028 2315 2088 2345 nisi
2104 2315 2183 2345 unio
2195 2314 2411 2347 accidentalis:
2428 2319 2465 2345 ut
2478 2312 2566 2356 patet

1498 2369 1535 2389 ex
1547 2359 1611 2389 hoc
1624 2358 1713 2399 quod
1730 2359 1769 2389 de
1782 2358 1866 2390 facto
1883 2365 1957 2389 sunt
1971 2359 2015 2389 ibi
2032 2358 2108 2394 duo,
2123 2359 2264 2399 primum
2283 2357 2373 2399 quod
2393 2358 2567 2390 substantia

1496 2404 1639 2443 iungitur
1661 2403 1818 2434 accidenti
1840 2402 2047 2434 sustentando
2070 2402 2166 2439 illud,
2190 2402 2369 2434 secundum
2399 2401 2490 2443 quod
2516 2403 2565 2434 in-

1497 2447 1652 2478 formatur
1674 2457 1732 2488 per
1746 2447 1854 2486 illud;v
1869 2452 1993 2478 constat
2014 2452 2123 2478 autem
2139 2446 2228 2487 quod
2251 2446 2291 2478 de
2306 2446 2391 2478 facto
2413 2456 2501 2477 nunc
2516 2457 2565 2478 ra-

1497 2492 1586 2522 tione
1609 2492 1753 2522 neutrius
1775 2492 1858 2522 inter
1873 2491 2019 2522 accidens
2043 2496 2074 2521 et
2089 2491 2296 2522 substantiam
2316 2497 2362 2521 est
2378 2491 2564 2522 coniunctio

1497 2536 1723 2572 substantialis,
1747 2535 1803 2566 sed
1825 2535 1931 2566 solum
1954 2534 2171 2571 accidentalis;
2202 2544 2292 2575 ergo,
2317 2536 2343 2565 si
2366 2535 2495 2566 tollatur
2517 2545 2566 2566 se-

1497 2580 1651 2615 cundum,
1675 2580 1796 2610 scilicet
1817 2578 2013 2615 informatio,
2030 2589 2098 2609 non
2120 2579 2181 2609 nisi
2204 2579 2406 2613 accidentalis
2421 2580 2500 2610 unio
2516 2589 2566 2610 re—

1497 2630 1615 2655 manet.
1649 2624 1725 2654 Non
1741 2629 1787 2654 est
1810 2633 1886 2664 ergo
1907 2623 2104 2654 simillimum
2128 2623 2312 2664 exemplum
2327 2624 2408 2654 hoc:
2432 2623 2488 2654 sed
2511 2623 2565 2654 ab·

1499 2668 1620 2699 ducens
1653 2669 1691 2698 ab
1723 2668 1846 2698 unione
1869 2667 2064 2698 substantiali
2096 2667 2178 2698 inter
2192 2667 2335 2699 Verbum
2359 2673 2391 2698 et
2419 2673 2565 2699 naturam

1498 2714 1684 2743 humanam.

1554 2757 1622 2787 VII.
1647 2755 1746 2794 Quod
1762 2761 1868 2786 autem
1885 2755 2016 2796 quidam
2032 2757 2049 2772 ³*
2071 2755 2191 2793 dicunt,
2207 2756 2283 2787 huic
2298 2757 2413 2788 unioni
2427 2756 2566 2787 maxime

1499 2801 1636 2831 similem
1660 2810 1728 2831 esse
1743 2800 1938 2836 insitionem,
1955 2809 1995 2830 eo
2012 2800 2102 2839 quod
2117 2810 2223 2831 ramus
2246 2801 2359 2831 insitus
2379 2810 2455 2831 cum
2475 2809 2565 2831 ramo

1499 2845 1635 2875 naturali
1658 2845 1777 2875 arboris
1801 2844 1910 2874 unitur
1931 2844 1965 2874 in
1985 2845 2141 2875 unitatem
2163 2845 2332 2885 suppositi,
2357 2845 2432 2885 quia
2454 2843 2566 2875 eadem

1500 2890 1667 2929 utriusque
1690 2888 1769 2918 rami
1792 2889 1885 2918 arbor
1901 2893 1957 2924 est,
1983 2894 2013 2918 et
2028 2898 2096 2918 non
2111 2889 2220 2920 unitur
2244 2889 2273 2919 ei
2288 2890 2322 2919 in
2337 2889 2492 2920 unitatem
2509 2897 2566 2919 na-

1501 2939 1606 2969 turae,
1630 2931 1760 2973 quando
1789 2942 1896 2962 ramus
1925 2933 2038 2963 insitus
2065 2933 2192 2964 alterius
2219 2939 2348 2964 naturae
2371 2937 2432 2963 est:
2456 2949 2477 2955 —
2504 2941 2565 2963 nec

1502 2978 1606 3008 obstat
1621 2976 1711 3017 quod
1725 2977 1833 3006 insitio
1850 2975 1904 3006 fiat
1918 2986 1976 3016 per
1992 2982 2176 3008 contactum
2199 2986 2256 3008 seu
2272 2976 2546 3007 continuationem
2557 2999 2564 3012 ,

1502 3022 1657 3061 quoniam
1679 3020 1767 3061 quod
1779 3021 1870 3062 facit
1892 3021 1924 3051 in
1948 3021 2138 3061 corporibus
2159 3021 2250 3057 situs,
2272 3021 2334 3051 hoc
2346 3020 2437 3062 facit
2453 3019 2486 3051 in
2501 3020 2565 3061 spi—

1502 3065 1673 3096 ritualibus
1695 3065 1786 3100 ordo,
1810 3064 1988 3095 secundum
2010 3065 2238 3105 Augustinum.
2273 3064 2440 3096 Consonat
2456 3069 2564 3095 autem

1501 3110 1580 3140 haec
1596 3108 1770 3139 similitudo
1786 3108 1948 3139 doctrinae
1964 3119 2069 3140 sacrae
2088 3109 2277 3150 Scriptura,
2292 3109 2391 3149 Apoc.
2406 3117 2427 3138 v
2437 3108 2466 3144 ⁴,
2486 3107 2566 3139 Vicit

1501 3154 1566 3184 Leo
1583 3153 1623 3184 de
1634 3153 1718 3183 tribu
1731 3153 1824 3189 Iuda,
1838 3153 1936 3184 radix
1946 3153 2064 3189 David,
2078 3159 2110 3184 et
2123 3163 2188 3184 xxu
2198 3153 2225 3189 ⁹,
2239 3151 2315 3194 Ego
2331 3151 2429 3182 radix
2439 3151 2566 3183 David:

1500 3207 1558 3238 per
1572 3198 1651 3227 haec
1667 3198 1754 3228 enirn
1769 3202 1856 3237 patet
1871 3197 1989 3228 Filium
2001 3197 2061 3228 Dei
2076 3206 2111 3228 se
2125 3197 2240 3227 habere
2255 3194 2296 3226 ad
2311 3195 2423 3232 David,
2438 3196 2503 3226 hoc
2519 3202 2565 3227 est

1501 3242 1540 3272 ad
1555 3247 1701 3272 naturam
1717 3251 1808 3271 suam
1824 3251 1862 3272 ex
1878 3241 1990 3278 David,
2007 3246 2044 3272 ut
2058 3240 2158 3272 radix:
2174 3257 2196 3263 -
2214 3240 2290 3276 hoc,
2305 3239 2448 3280 inquam,
2464 3241 2565 3280 magis

1502 3286 1541 3317 ad
1563 3286 1815 3326 metaphoricam
1839 3295 1936 3325 quam
1963 3284 2003 3315 ad
2024 3284 2187 3325 propriam
2215 3283 2411 3324 theologiam
2433 3289 2564 3324 spectat.

1501 3330 1584 3361 Nam
1608 3329 1723 3360 falsum
1740 3335 1786 3360 est
1802 3329 1891 3370 quod
1913 3337 2019 3360 ramus
2041 3328 2190 3359 naturalis
2205 3333 2238 3358 et
2251 3336 2358 3358 ramus
2375 3327 2488 3358 insitus
2503 3328 2565 3358 sint

1502 3375 1583 3405 uniti
1617 3375 1650 3404 in
1674 3383 1742 3405 uno
1774 3373 1942 3413 supposito
1978 3371 2156 3403 secundum
2185 3372 2359 3402 veritatem.
2397 3371 2497 3409 Quod
2527 3381 2565 3402 ex

1501 3419 1530 3448 V
1553 3418 1735 3458 Metaphys.
1757 3419 1773 3435 ⁴*
1795 3422 1891 3457 patet,
1908 3425 1983 3447 cum
2006 3415 2120 3446 dicitur
2142 3414 2231 3455 quod
2253 3424 2470 3456 quaecumque
2491 3421 2567 3446 sunt

1502 3471 1601 3491 unum
1624 3471 1769 3497 numero,
1792 3466 1868 3492 sunt
1889 3469 1988 3491 unum
2010 3459 2122 3500 specie,
2138 3459 2283 3500 quamvis
2306 3468 2370 3490 non
2394 3469 2412 3490 e
2430 3465 2566 3491 contra:

1502 3510 1625 3535 constat
1654 3511 1761 3535 autem
1789 3504 1828 3536 ad
1854 3512 1984 3535 sensum
2011 3502 2100 3543 quod
2129 3512 2235 3534 ramus
2263 3503 2376 3534 insitus
2406 3509 2438 3534 et
2459 3513 2565 3535 ramus

1501 3549 1650 3578 naturalis
1666 3549 1902 3589 distinguuntur
1924 3547 2047 3587 specie,
2071 3552 2107 3577 ut
2128 3552 2214 3587 patet
2237 3556 2276 3578 ex
2295 3546 2459 3578 fructibus.
2484 3548 2565 3579 Sunt

1501 3592 1596 3631 igitur
1626 3592 1762 3623 distincti
1792 3601 1927 3622 numero
1957 3592 1989 3621 in
2019 3600 2135 3631 genere
2167 3591 2373 3622 substantiae:
2406 3591 2495 3632 quod
2519 3599 2564 3623 est

2593 2051 2603 2061 ·
2615 2050 2642 2072 In
2661 2056 2724 2079 resp.
2738 2051 2767 2074 nd
2781 2057 2805 2074 2.

2592 2095 2603 2106 ⁰
2612 2095 2676 2118 Seot.
2686 2095 2718 2118 111
2729 2095 2804 2118 Sene..

2592 2121 2646 2144 dist.
2654 2128 2670 2150 1,
2676 2127 2734 2150 qm,
2740 2125 2781 2145 art.
2786 2130 2794 2146 ι
2795 2139 2807 2151 ›

2593 2754 2603 2764 ·
2612 2753 2706 2776 Heleno.
2715 2753 2805 2776 διατι.

2594 2780 2716 2809 Theoloff„
2724 2786 2748 2809 p.
2758 2779 2803 2808 111,

2591 2807 2817 2882 ξξῑζξςῃῗὲῗξὲς
2864 2841 2872 2858 »,

2591 3103 2601 3114 ·
2616 3102 2682 3125 ven.
2696 3109 2716 3131 5.

2592 3147 2601 3158 ⁸
2616 3147 2682 3169 Vei-s.
2699 3147 2732 3170 ιδ.

2593 3414 2809 3437 ·S.Th.1eet.m.·
2863 3438 2866 3440 ,

2593 3441 2644 3464 Did.
2654 3442 2693 3464 lib.
2702 3441 2743 3469 1v,
2751 3446 2806 3470 cap.

2593 3475 2623 3496 vi,
2640 3474 2662 3491 n.
2680 3474 2710 3497 15.
