2872 3970
348 879 351 882 -
373 848 427 886 ‘3'
460 856 597 901 xdens,
617 857 753 904 absque
778 861 922 892 terrore
949 858 1026 892 erit.
1066 857 1142 893 Sed
1172 856 1344 893 Christus

283 888 353 945 fuit
370 907 539 945 maxime
558 907 691 944 iustus.
722 909 823 956 Ergo
852 908 891 944 in
915 908 1066 945 Christo
1094 921 1174 945 non
1193 909 1262 946 fuit
1281 909 1344 946 ali-

88 1004 89 1007 ,
285 959 371 1010 01115
398 959 524 998 timor.

101 1024 191 1042 κιο·
339 1024 374 1050 2.
404 1013 636 1059 PRAETEREA,
657 1013 824 1050 Hilarius
852 1013 951 1060 dicit,
973 1015 1008 1050 X
1027 1014 1072 1050 de
1094 1016 1129 1051 T
1127 1028 1197 1051 rm
1212 1014 1254 1051 ²¹⁶:
1281 1016 1344 1051 In-

283 1071 435 1115 terrogo
463 1078 525 1103 eos
552 1067 616 1115 qui
640 1067 711 1103 hoc
738 1068 958 1113 existimant,
986 1079 1034 1104 an
1065 1069 1207 1104 ratione
1233 1069 1345 1104 subsi-

282 1125 352 1156 stat
370 1124 408 1155 ut
426 1121 526 1156 mori
540 1120 700 1156 timuerit
719 1121 792 1168 qui,
813 1131 962 1156 omnem
981 1122 1028 1157 ab
1046 1121 1230 1169 Apostolis
1248 1132 1345 1157 mor-

283 1173 328 1208 tis
353 1173 524 1208 timorem
543 1172 740 1221 expellens,
760 1172 811 1209 ad
835 1173 999 1222 gloriam
1022 1184 1084 1209 eos
1110 1175 1154 1209 sit
1172 1174 1348 1222 martyrii

284 1225 507 1262 exhortatus.
537 1225 630 1261 Non
665 1236 754 1273 ergo
783 1224 823 1261 in
852 1225 1003 1262 Christo
1040 1225 1262 1263 rationabile
1292 1232 1346 1262 est

283 1276 398 1314 fuisse
426 1276 617 1314 timorem.

142 1337 159 1354 α
340 1329 374 1366 3.
403 1329 635 1377 Pmeraam,
656 1329 772 1367 timor
799 1342 879 1367 non
898 1330 1050 1368 videtur
1073 1336 1188 1368 6556οι
1207 1330 1278 1367 11151
1299 1331 1346 1367 de

284 1383 388 1420 malo
415 1383 523 1432 quod
551 1395 632 1420 non
658 1391 783 1433 potest
809 1384 931 1420 homo
959 1383 1090 1421 vitare.
1129 1384 1205 1421 Sed
1239 1383 1346 1420 Chri-

285 1442 364 1472 stus
391 1443 539 1484 poterat
565 1435 684 1473 vitare
714 1444 750 1473 et
777 1438 925 1474 malum
944 1448 1106 1486 poenae,
1127 1436 1235 1485 quod
1262 1449 1346 1485 pas-

285 1500 349 1525 sus
369 1494 442 1533 est3
463 1496 499 1525 et
517 1490 665 1526 malum
684 1491 831 1538 culpae,
848 1490 955 1549 quod
974 1490 1055 1527 aliis
1074 1489 1218 1527 accidit.
1245 1490 1346 1537 Ergo

285 1540 324 1577 in
354 1517 505 1578 Christo
534 1553 614 1578 non
641 1541 711 1579 fuit
739 1541 874 1591 aliquis
902 1542 1028 1580 timor.

339 1594 412 1631 SED
433 1606 577 1631 CONTRA
596 1607 662 1631 EST
681 1595 788 1644 quod
812 1594 949 1632 dicitur
966 1597 1086 1633 Marc.
1107 1608 1165 1632 X1v
1183 1595 1222 1631 *ε
1256 1596 1347 1632 Coe-

279 1648 336 1696 pit
362 1648 465 1684 Iesus
492 1647 639 1684 taedere
665 1654 698 1684 et
720 1660 871 1697 pavere.

339 1700 562 1737 3659013)Εο
589 1712 771 1737 DICENDUM
791 1701 910 1750 quod,
932 1701 1028 1738 sicut
1045 1700 1189 1737 tristitia
1216 1712 1347 1737 causa—

285 1758 347 1789 tur
366 1764 411 1789 ex
440 1753 746 1802 apprehensione
772 1753 863 1790 mali
881 1754 1101 1802 praesentis,
1122 1753 1172 1790 ita
1200 1751 1348 1789 etiami3

285 1804 401 1841 timor
419 1813 596 1842 causatur
615 1818 661 1843 ex
680 1805 986 1855 apprehensione
1005 1806 1095 1844 mali
1118 1805 1244 1842 futuri
1270 1806 1347 1854 Ap-

285 1857 490 1906 prehensio
510 1866 640 1895 autem
659 1858 750 1895 mali
777 1858 906 1905 futuri,
927 1859 957 1895 si
979 1858 1249 1896 omnimodam
1269 1870 1347 1894 cer-

284 1909 487 1947 titudinem
522 1911 678 1957 habeat‚
708 1923 788 1948 non
824 1911 968 1948 inducit
1002 1911 1192 1948 timorem.
1236 1910 1348 1947 Unde

253 1962 545 2022 Philosophus
572 1963 671 2010 dicit,
693 1963 732 2000 in
760 1965 790 2000 II
808 1965 914 2001 Rhet.
934 1964 964 2011 ²¹⁶,
991 1964 1098 2013 quod
1126 1964 1241 2000 timor
1268 1975 1348 2000 non

287 2023 342 2052 est
361 2015 432 2052 nisi
451 2015 519 2053 ubi
539 2024 593 2054 est
608 2016 735 2066 aliqua
755 2029 840 2066 spes
856 2017 1061 2054 evadendi:
1083 2029 1175 2054 nam
1191 2016 1348 2065 quando

286 2069 390 2106 nulla
418 2081 505 2118 spes
538 2077 593 2106 est
630 2069 838 2116 evadendi,
868 2069 1168 2129 apprehenditur
1201 2071 1349 2118 malum

286 2128 328 2158 Ut
354 2123 693 2171 praesen83318iC
721 2122 840 2171 magis
860 2131 990 2160 causat
1017 2122 1201 2159 tristitiam
1230 2133 1348 2170 quam

285 2173 477 2211 timorem.

69 1606 137 1625 m
151 1606 184 1629 33.

341 2304 369 2339 α)
387 2312 450 2330 esse.
468 2319 487 2324 -
504 2305 526 2329 D
547 2310 573 2330 et
591 2305 680 2335 tertia;
699 2313 753 2331 om.

341 2339 366 2374 β)
386 2341 476 2366 etiam.
494 2355 514 2359 -
533 2340 594 2366 Om.
613 2341 666 2366 PG.

340 2376 368 2409 γ)
386 2376 526 2401 adventus.
543 2390 564 2395 —
581 2379 688 2401 eventus
708 2377 754 2402 Pa.

340 2410 366 2446 ὃ)
384 2418 402 2436 a
420 2412 497 2437 bono.
513 2426 534 2430 -
551 2412 584 2436 ab
603 2419 633 2436 eo
651 2412 672 2436 F
691 2417 716 2437 et
737 2412 817 2437 tertia.

290 2593 454 2660 Tri-urus
479 2587 588 2617 clarus.
604 2605 627 2609 —
649 2586 685 2617 In
714 2597 849 2628 corpore
879 2587 944 2618 duo
968 2587 1068 2618 fiunt:
1092 2588 1213 2628 primo,
1244 2587 1347 2618 decla-

348 2635 458 2661 rantur
483 2630 685 2662 conditiones
707 2632 876 2671 requisitae
898 2631 937 2662 ad
958 2632 1154 2662 causandum
1177 2632 1346 2668 timorem;

288 2674 441 2710 secundo,
465 2674 676 2715 respondetur
698 2677 843 2715 quaesito
862 2686 937 2706 cum
953 2676 1156 2706 distinctione
1180 2676 1350 2706 bimembri

289 2725 319 2750 et
343 2719 604 2749 conclusionibus
628 2719 751 2750 duabus
766 2721 793 2750 *.

343 2762 462 2801 Quoad
480 2763 632 2803 primum,
651 2763 851 2794 conditiones
867 2770 941 2795 sunt
957 2770 1110 2804 quatuor:
1136 2764 1347 2804 apprehensio

287 2807 363 2837 mali
393 2806 491 2837 futuri
520 2807 647 2842 incerti,
672 2816 728 2837 seu
758 2808 917 2848 possibilis
947 2809 1065 2839 evitari.
1097 2808 1138 2838 Et
1164 2809 1197 2838 in
1225 2808 1348 2839 duabus

288 2851 398 2892 primis
421 2851 572 2881 convenit
595 2860 670 2881 cum
692 2851 831 2882 tristitia:
856 2852 932 2892 quia
954 2857 1089 2892 uterque
1113 2858 1159 2882 est
1175 2862 1213 2882 ex
1236 2861 1348 2892 appre-

287 2895 443 2926 hensione
466 2894 550 2925 mali.
575 2894 611 2925 In
634 2896 724 2925 tertia
744 2895 908 2926 differunt:
933 2897 1009 2936 quia
1023 2896 1076 2926 illa
1099 2902 1146 2926 est
1164 2897 1347 2936 praesentis,

288 2939 346 2970 iste
377 2938 485 2969 futuri.
515 2938 579 2969 Sed
607 2939 686 2969 haec
718 2939 893 2970 differentia
921 2949 989 2971 non
1019 2940 1152 2976 sufficit,
1177 2941 1252 2980 quia
1281 2949 1349 2970 non

289 2989 336 3014 est
354 2992 588 3023 usquequaque
612 2982 803 3013 differentia:
828 2984 983 3023 quoniam
1006 2984 1151 3014 futurum
1173 2990 1280 3024 potest
1295 2985 1350 3014 ha—

289 3027 363 3058 b'ere
386 3027 542 3057 rationem
568 3027 750 3067 praesentis,
775 3033 806 3057 et
828 3033 905 3058 tunc
927 3037 995 3058 non
1018 3028 1125 3064 timor,
1149 3028 1205 3059 sed
1227 3028 1350 3058 tristitia

291 3076 444 3102 causatur.
461 3070 719 3111 Apprehenditur
735 3076 841 3101 autem
855 3071 976 3101 malurn
992 3071 1136 3102 futurum
1153 3073 1211 3102 sub
1227 3072 1349 3102 ratione

289 3116 461 3156 praesentis
485 3114 614 3155 quando
641 3120 678 3145 ut
708 3120 830 3145 certum
853 3115 1108 3156 apprehenditur.
1142 3116 1183 3146 Et
1204 3115 1278 3146 ideo
1301 3117 1349 3146 in-

291 3165 430 3195 certum,
460 3168 517 3189 seu
543 3159 695 3199 possibile
716 3159 807 3189 vitari
838 3168 906 3189 esse
934 3158 1028 3189 debet
1057 3159 1178 3189 malum
1205 3159 1350 3190 futurum

290 3203 379 3244 quod
402 3204 551 3234 timorem
574 3204 696 3243 ingerit.
721 3203 762 3233 Et
784 3203 863 3233 haec
886 3203 995 3233 omnia
1017 3203 1051 3233 in
1073 3203 1184 3239 littera,
1210 3213 1247 3234 ex
1272 3213 1349 3234 con-

289 3247 447 3278 venientia
471 3253 502 3278 et
524 3247 699 3278 differentia
724 3247 806 3277 inter
828 3247 983 3277 tristitiam
1012 3253 1043 3276 et
1069 3247 1235 3283 timorem,
1268 3248 1349 3278 clare

290 3290 448 3322 dicuntur.

345 3334 407 3366 Sed
429 3336 512 3367 bene
534 3343 611 3367 nota
633 3335 727 3366 verba
750 3335 880 3371 litterae,
904 3335 932 3365 si
956 3334 1171 3365 omnimodam
1187 3334 1350 3365 certitudi-

291 3386 366 3409 nem
384 3379 507 3410 hab'eat.
531 3380 706 3418 Quoniam,
731 3380 788 3409 etsi
805 3384 851 3409 651
867 3383 989 3409 certum
1013 3377 1120 3418 quoad
1143 3378 1349 3408 substantiam

292 3428 323 3453 et
344 3424 502 3454 incertum
532 3424 639 3464 quoad
662 3429 806 3463 tempuS,
837 3428 872 3453 ut
896 3423 1052 3462 contingit
1075 3422 1288 3453 communiter
1311 3421 1349 3452 de

290 3472 411 3504 morte3
435 3474 489 3498 aut
512 3468 620 3508 quoad
642 3477 743 3507 genus
766 3468 886 3502 mortis,
911 3472 947 3496 ut
970 3467 1125 3506 contingit
1141 3466 1295 3496 damnatis
1311 3465 1350 3496 ad

291 3516 438 3547 mortem,
463 3517 494 3542 et
515 3511 716 3542 huiusmodi:
742 3517 898 3551 quantum
919 3510 1109 3541 admiscetur
1132 3510 1171 3540 de
1187 3510 1348 3540 incertitu-

293 3553 376 3590 dine,
394 3560 518 3586 tanturn
533 3561 639 3596 potest
654 3556 824 3586 immisceri
840 3555 907 3595 spei
923 3554 1086 3590 evadendi,
1104 3561 1134 3585 et
1150 3563 1349 3594 consequen-

292 3602 339 3627 ter
360 3598 492 3629 timoris.

433 3659 543 3685 summm
561 3659 662 3685 Tim-ox..
681 3660 712 3685 D.
725 3660 840 3685 Tamum
858 3659 890 3685 T.
909 3659 973 3685 Vlll.

976 304 1238 350 QUAESTIO
1268 303 1354 350 xv,
1385 304 1675 342 ARTICULUS
1703 304 1768 341 vn

2383 305 2453 353 193

1065 439 1382 482 ARTICULUS
1412 437 1678 482 SEPTIMUS

980 531 1136 563 UTRUM
1160 532 1203 562 IN
1228 532 1416 563 CHRISTO
1441 532 1600 563 FUERIT
1624 531 1764 563 TIMOR

501 610 533 635 111
552 610 635 640 Sem„
656 610 714 634 dist.
733 617 773 640 xv,
793 617 837 642 qu.
856 617 884 641 11
904 615 949 635 art.
972 617 995 641 2,
1015 610 1065 643 qu¹
1085 610 1114 641 3;
1133 611 1230 643 Expos.
1250 611 1308 642 litt.;
1329 611 1370 636 De
1393 611 1484 640 Ver-it„
1504 618 1548 644 qu.
1567 618 1634 641 xxvn,
1653 616 1699 637 art.
1719 610 1751 642 83
1774 610 1915 642 Compend.
1939 610 2035 639 Heol„
2055 618 2110 643 cap.
2129 617 2237 635 ccxxxii.

1454 698 1515 736 Sic
1551 698 1662 747 igitur
1698 698 1813 735 timor
1844 706 1967 748 potest
2002 698 2233 735 considerari
2270 707 2458 747 quantum

1400 751 1449 788 ad
1477 752 1568 788 duo.
1598 751 1686 789 Uno
1714 751 1847 797 modo,
1868 759 2058 800 quantum
2087 751 2134 788 ad
2163 752 2239 788 hoc
2258 753 2364 811 quod
2393 765 2458 801 ap-

1399 803 1538 852 petitus
1557 804 1758 841 sensitivus
1786 804 2004 841 naturaliter
2026 804 2159 863 refugit
2187 804 2357 853 corporis
2385 806 2459 842 lae-

1400 856 1569 903 sionem,
1600 865 1636 894 et
1662 869 1731 906 per
1748 856 1946 902 tristitiam,
1968 857 1997 893 si
2026 857 2071 893 sit
2098 869 2298 906 praesens;
2328 865 2363 894 et
2390 870 2460 907 per

1400 897 1591 956 timorem,
1613 909 1643 946 si
1671 910 1716 946 sit
1750 910 1886 946 futura.
1917 910 1965 946 Ε1
1993 911 2067 946 1106
2102 910 2221 946 1110ἀο
2249 910 2365 946 1111101·
2391 910 2459 947 fuit

1400 962 1440 998 in
1469 962 1632 1007 Christo,
1654 962 1749 999 sicut
1777 970 1813 999 et
1840 962 1992 999 tristitia.
2014 985 2039 988 —
2067 962 2152 999 Alio
2181 963 2301 999 modo
2335 970 2459 1012 potest

1401 992 1632 1052 considerari
1660 1016 1872 1052 secundum
1910 1015 2214 1052 incertitudinem
2251 1015 2366 1052 futuri
2394 1016 2458 1053 ad-

1400 1075 1538 1104 ventus
1566 1073 1600 1104 Yz
1637 1067 1732 1104 sicut
1767 1068 1925 1127 quando
1960 1076 2072 1105 nocte
2106 1069 2288 1105 timemus
2320 1081 2366 1105 ex
2394 1068 2458 1105 ali-

1401 1132 1480 1168 quo
1519 1120 1657 1162 sonitu,
1688 1121 1798 1169 quasi
1826 1121 2041 1168 ignorantes
2079 1121 2172 1180 quid
2210 1122 2285 1157 hoc
2313 1121 2368 1158 sit.
2412 1122 2460 1158 Et

1402 1180 1591 1221 quantum
1620 1163 1668 1209 ad
1697 1174 1783 1219 hoc,
1804 1173 1919 1210 timor
1946 1186 2025 1209 non
2053 1173 2121 1210 fuit
2149 1174 2187 1210 in
2218 1173 2388 1210 Christo:
2419 1182 2460 1210 ut

1402 1226 1665 1262 Damascenus
1694 1225 1793 1272 dicit,
1814 1225 1853 1262 in
1881 1226 1926 1262 III
1954 1226 2050 1262 libro
2069 1226 2100 1262 ³¹⁶.

1454 1279 1511 1314 AD
1540 1290 1674 1315 PmMUM
1703 1290 1800 1315 ERGO
1828 1291 2008 1315 mcENDUM
2037 1278 2143 1327 quod
2178 1278 2298 1315 iustus
2326 1278 2462 1316 dicitur

1402 1342 1484 1368 esse
1512 1333 1648 1380 absque
1674 1337 1836 1377 terrore,
1866 1332 2082 1368 secundum
2110 1331 2216 1379 quod
2244 1338 2364 1368 terror
2391 1332 2460 1368 im-

1401 1391 1526 1433 portat
1544 1384 1750 1433 perfectam
1764 1383 1995 1443 passionem,
2012 1391 2246 1421 avertentem
2261 1384 2461 1421 hominem

1402 1449 1425 1473 a
1443 1437 1548 1473 bono
1568 1435 1581 1458 δ
1610 1437 1717 1486 quod
1737 1444 1791 1473 est
1811 1436 1976 1473 rationis.
2007 1436 2055 1473 Et
2075 1436 2127 1473 sic
2152 1436 2268 1473 timor
2295 1449 2374 1473 non
2394 1437 2462 1474 fuit

1403 1489 1442 1525 in
1463 1489 1634 1526 Christo:
1665 1489 1732 1526 sed
1756 1491 1883 1526 solum
1912 1490 2127 1526 secundum
2155 1489 2459 1538 propassionem.

1403 1542 1450 1578 Et
1478 1541 1565 1578 ideo
1595 1541 1731 1579 dicitur
1758 1542 1864 1591 quod
1893 1544 2010 1591 coepit
2036 1544 2139 1579 Iesus
2161 1555 2303 1592 pavere
2329 1549 2362 1579 et
2387 1549 2460 1579 tae-

1402 1595 1490 1631 dere
1508 1600 1519 1616 ε
1538 1595 1558 1616 *
1561 1594 1700 1643 ,011351
1726 1595 1926 1632 secundum
1950 1597 2244 1644 propassonnem
2266 1603 2306 1631 ut
2325 1595 2497 1632 Hiero-

1403 1659 1544 1697 nymus
1574 1647 1729 1696 exponit
1747 1647 1778 1684 *.

1456 1701 1513 1736 AD
1533 1712 1721 1737 SECUNDUM
1749 1712 1929 1737 DICENDUM
1950 1701 2056 1749 quod
2076 1700 2242 1737 H1la11us
2266 1713 2312 1737 eo
2341 1701 2460 1737 modo

1403 1752 1567 1789 excludit
1595 1765 1617 1789 a
1647 1752 1797 1789 Christo
1833 1753 2012 1789 timorem
2047 1765 2126 1801 quo
2156 1753 2319 1790 excludit
2353 1753 2460 1790 tristi-

1402 1805 1514 1842 tiam:
1545 1805 1682 1841 56111661
1710 1806 1839 1853 quoad
1859 1805 2120 1842 necessitatem
2147 1805 2306 1842 timendi
2324 1806 2355 1841 ²¹².
2386 1806 2498 1843 Sed·

1403 1857 1645 1903 13111611,3(1ζ
1673 1858 2003 1906 comprobandam
2039 1857 2236 1895 veritatem
2269 1859 2462 1895 humanae

1403 1918 1572 1969 naturae,
1593 1910 1807 1947 voluntarie
1836 1910 2014 1947 timorem
2042 1910 2266 1960 assumpsit,
2306 1911 2399 1948 sicut
2428 1919 2463 1948 et

1403 1962 1602 2000 tristitiam.

1457 2017 1514 2052 An
1541 2028 1699 2053 TERTluM
1727 2028 1907 2053 DICENDUM
1936 2017 2054 2065 quod,
2082 2016 2166 2052 licet
2195 2016 2367 2053 Christus
2394 2029 2462 2066 po-

1403 2068 1516 2105 tuerit
1543 2068 1660 2105 vitare
1689 2071 1790 2105 mala
1817 2069 1943 2106 sutura
1971 2070 2186 2106 secundum
2210 2070 2389 2106 virtutem
2409 2069 2462 2106 di-

1403 2121 1579 2167 vinitatis,
1601 2129 1707 2158 erant
1725 2129 1854 2158 tamen
1882 2121 2124 2168 inevitabilia,
2144 2124 2205 2158 vel
2234 2134 2313 2159 non
2337 2122 2384 2158 de
2411 2122 2462 2159 sa-

1403 2174 1462 2210 6111
1491 2173 1669 2220 vitabilia,
1691 2174 1906 2211 secundum
1934 2174 2193 2211 infirmitatem
2223 2174 2354 2212 carnis.

1458 2304 1481 2338 ε)
1500 2309 1526 2330 et
1545 2305 1659 2330 taedere.
1675 2319 1696 2324 -
1714 2303 1777 2330 Om.
1797 2306 1878 2330 tertia.

1405 2377 1423 2401 d
1456 2340 1545 2401 01:123.
1560 2356 1579 2359 -
1591 2341 1677 2365 Tertia
1697 2345 1798 2373 praeter
1814 2341 1851 2371 G3
1873 2341 1970 2372 quoad.
1987 2355 2005 2358 -
2023 2341 2073 2365 Pro
2092 2341 2326 2373 comprobandam,
2343 2342 2463 2373 proban-

1423 2384 1467 2401 am
1535 2396 1541 2402 .

961 2499 1294 2532 Commentaria
1316 2499 1568 2532 Garamans
1591 2499 1792 2532 cadebani

1456 2587 1524 2617 Nec
1554 2593 1647 2627 putes
1677 2593 1846 2627 propterea
1877 2592 2074 2617 enumeratas
2105 2597 2172 2617 esse
2202 2596 2314 2617 omnes
2340 2587 2463 2617 timoris

1403 2641 1521 2662 causas.
1546 2632 1711 2669 Quoniam
1734 2637 1780 2661 sat
1798 2631 1857 2661 fuit
1879 2632 2046 2671 proposito
2071 2640 2122 2661 eas
2139 2631 2337 2661 conditiones
2354 2630 2462 2661 afferre

1403 2675 1581 2706 secundum
1605 2685 1683 2715 quas
1707 2675 1951 2706 discernendum
1976 2681 2022 2705 est
2045 2675 2179 2715 qualiter
2197 2674 2256 2705 fuit
2279 2680 2310 2705 et
2329 2675 2463 2714 qualiter

1402 2729 1470 2750 non
1487 2719 1546 2750 fuit
1561 2721 1595 2750 in
1611 2719 1739 2750 Christo
1756 2720 1861 2750 timor.
1886 2720 1934 2749 De
1950 2720 2064 2749 timore
2081 2719 2166 2749 enim
2182 2718 2294 2749 diffuse
2309 2719 2342 2748 in
2358 2719 2462 2749 Prima

1403 2763 1569 2794 Secundae
1585 2765 1601 2780 ᾗ
1624 2769 1792 2794 tractatum
1815 2769 1870 2794 est.

1458 2808 1495 2837 ΙΙ.
1520 2807 1637 2846 Quoad
1660 2807 1847 2844 secundum,
1872 2807 2030 2837 distinctio
2056 2812 2110 2836 est.
2136 2806 2248 2836 Timor
2262 2811 2367 2846 p'otest
2383 2816 2461 2837 con-

1403 2851 1530 2882 siderari
1554 2857 1710 2891 quantum
1732 2851 1771 2882 ad
1792 2851 1874 2881 duo:
1898 2851 2013 2890 primo,
2038 2855 2193 2890 quantum
2210 2850 2248 2880 ad
2263 2855 2389 2880 motum
2406 2860 2461 2890 ap-

1402 2897 1519 2936 petitus
1551 2896 1691 2926 sensitivi
1725 2905 1762 2925 ex
1797 2895 1995 2935 apprehenso
2026 2894 2111 2924 malo
2144 2893 2271 2930 futur03
2306 2894 2459 2930 secundo,

1404 2945 1559 2979 quantum
1583 2939 1622 2969 ad
1644 2944 1769 2969 motum
1794 2938 1936 2969 eiusdem
1960 2947 1997 2967 ex
2021 2938 2219 2977 apprehenso
2242 2938 2327 2968 malo
2351 2937 2460 2968 futuro

1402 2985 1534 3014 incerto.

1457 3027 1562 3057 Prima
1585 3026 1750 3056 conclusio
1774 3031 1835 3056 est:
1861 3026 1899 3056 In
1919 3025 2045 3055 Christo
2060 3026 2134 3067 fuit
2153 3025 2249 3055 timor
2270 3026 2378 3066 quoad
2390 3026 2461 3066 pri-

1403 3081 1498 3101 mum.
1522 3089 1544 3093 -
1568 3069 1714 3100 Secunda
1735 3070 1899 3100 conclusio
1916 3075 1977 3099 est:
2003 3069 2041 3098 In
2061 3069 2187 3100 Christo
2204 3070 2350 3110 nonfuit
2365 3070 2462 3100 timor

1402 3114 1510 3155 quoad
1520 3114 1703 3145 secundum.
1716 3114 1870 3143 Probatur
1882 3113 2067 3144 auctoritate
2079 3114 2277 3143 Damasceni.
2290 3132 2312 3135 —
2323 3113 2363 3143 Et
2375 3118 2461 3153 patet

1403 3165 1537 3198 utraque
1561 3158 1726 3188 conclusio
1751 3167 1788 3187 ex
1812 3157 1901 3187 dictis
1917 3158 1943 3187 θ’.

1459 3202 1509 3232 111.
1534 3201 1596 3232 Sed
1619 3201 1753 3231 dubium
1777 3201 1915 3231 occurrit
1931 3202 2012 3232 circa
2028 3202 2162 3241 primam
2179 3201 2420 3231 conclusionem
2433 3202 2458 3231 *.

1403 3246 1488 3284 Quia
1503 3251 1610 3276 motus
1633 3246 1791 3285 appetitus
1807 3255 1845 3275 ex
1867 3246 1953 3276 malo
1977 3245 2085 3276 futuro
2110 3245 2307 3285 apprehenso
2331 3255 2398 3275 non
2415 3251 2461 3275 est

1403 3291 1499 3320 timor
1528 3290 1588 3319 nisi
1612 3290 1651 3319 sit
1674 3298 1749 3319 cum
1772 3298 1827 3329 spe
1851 3290 2016 3325 evasionis,
2042 3295 2076 3320 ut
2099 3290 2132 3320 in
2155 3289 2256 3319 littera
2286 3289 2399 3319 dicitur
2422 3298 2460 3319 ex

1403 3333 1582 3364 Aristotele.
1618 3333 1703 3373 Ergo
1732 3333 1801 3363 talis
1828 3339 1936 3364 motus
1962 3344 2029 3364 non
2060 3339 2106 3364 est
2133 3333 2228 3363 timor
2262 3333 2322 3363 nisi
2351 3333 2459 3373 aequi-

1402 3387 1492 3407 voce.
1525 3377 1600 3407 Non
1624 3377 1759 3407 salvatur
1781 3377 1876 3417 igitur
1898 3387 1954 3417 per
1976 3378 2039 3408 hoc
2063 3376 2253 3408 sufficienter
2275 3377 2308 3406 in
2332 3376 2459 3407 Christo

1402 3422 1508 3452 timor.

1458 3465 1600 3495 Dubium
1625 3474 1757 3505 quoque
1780 3466 1914 3496 alterum
1938 3466 2074 3496 occurrit
2098 3466 2178 3495 circa
2194 3464 2366 3495 secundam
2383 3474 2460 3495 con-

1403 3510 1580 3539 clusionem
1597 3510 1622 3539 ⁴⁹.
1647 3509 1810 3547 Quoniam
1827 3519 1864 3540 ex
1880 3510 1942 3540 hoc
1959 3509 2047 3549 quod
2063 3509 2206 3539 Christus
2229 3509 2337 3539 omnia
2355 3507 2461 3538 futura

1404 3559 1490 3584 certo
1514 3554 1682 3593 cognovit,
1713 3563 1781 3584 non
1809 3553 1999 3584 sufficienter
2029 3552 2204 3583 excluditur
2229 3553 2325 3582 timor
2353 3552 2460 3592 quoad

1402 3597 1657 3628 incertitudinem
1682 3603 1822 3628 eventus.
1848 3597 2010 3635 Quoniam
2034 3597 2163 3627 scientia
2186 3597 2309 3626 animae
2333 3596 2458 3630 Christi,

2286 3656 2316 3681 25

2488 1227 2543 1248 De
2551 1227 2609 1248 Fide
2620 1227 2698 1254 Orth„

2488 1254 2527 1274 lib.
2534 1253 2572 1279 111,
2580 1259 2629 1281 cap.
2635 1243 2698 1275 xxui'

2519 1603 2555 1625 Cf.
2582 1609 2629 1631 arg.
2651 1602 2700 1624 Sed

2489 1632 2579 1651 contra,

2587 1666 2598 1682 ἒ

2489 1692 2498 1702 ·
2522 1691 2646 1712 Comment.
2675 1691 2699 1712 in

2489 1718 2580 1743 Mami„
2601 1717 2639 1738 lib.
2658 1717 2698 1744 lV,

2489 1744 2516 1764 ad
2523 1749 2572 1771 cap.
2577 1749 2698 1771 xxv1‚vers.

2489 1776 2521 1798 37

2514 1813 2549 1834 Cf.
2561 1816 2602 1834 art.
2611 1819 2630 1840 5.
2640 1813 2668 1834 ad
2682 1820 2700 1834 ι.

2586 1867 2600 1895 ζ

2491 2760 2498 2768 ·
2510 2759 2557 2786 Qu.
2568 2765 2607 2780 ιιι
2622 2765 2672 2787 sqq.

2490 3151 2498 3160 ⁸
2512 3149 2583 3172 Num.
2594 3150 2697 3178 praeced.

2488 3199 2499 3210 ⁸
2512 3198 2546 3220 Cf.
2562 3205 2625 3220 num.
2641 3205 2662 3220 v.

2489 3510 2497 3518 ⁸
2512 3508 2545 3530 Cf.
2562 3508 2618 3529 ibid.
