2872 3970
23 903 32 946 Ἰ
49 907 115 931 Vm.
130 913 162 935 23-

22 1474 39 1494 ¹⁸
50 1481 116 1504 Ven-
132 1487 165 1508 «7.

25 1589 39 1603 ⁸
49 1589 116 1612 Vm.
130 1595 149 1615 ς.

6 1794 38 1807 ³
51 1793 117 1817 Vert-
132 1800 167 1816 ιο.

3 1847 17 1862 ’
49 1849 117 1872 Vera.
131 1855 152 1872 2.

27 1030 35 1041 ‚
48 1009 116 1032 Vero.
131 1014 164 1037 ας,
179 1014 213 1036 ²7-

954 258 1215 304 QUAESTIO
1244 257 1344 302 VIII,
1373 255 1663 292 ARTICULUS
1690 255 1735 291 III

2354 265 2424 302 129

1055 389 1371 432 ARTICULUS
1399 388 1626 440 TERTIUS

801 484 955 514 UTRUM
980 483 1192 513 CHRISTUS
1215 482 1280 513 s1T
1305 482 1449 513 CAPUT
1474 481 1650 512 OMNIUM
1673 481 1883 512 HOMINUM

1035 559 1066 583 111
1086 560 1172 589 Sent.,
1191 560 1249 584 dist.
1267 566 1320 590 1111,
1339 567 1383 591 qu.
1402 566 1429 589 11,
1449 565 1494 584 art.
1515 567 1538 590 2,
1557 559 1607 591 qu·
1628 566 1651 584 2.

350 673 357 684 ,
473 652 496 677 D
514 651 671 676 TER’rmM
691 651 742 675 stc
761 650 995 675 PROCEDITUR.
1024 637 1183 674 Videtur
1210 637 1316 685 quod

296 724 298 729 .
332 691 339 698 ⁴
404 692 443 734 Α
475 691 647 729 Christus
675 703 754 727 non
774 690 819 727 sit
846 697 960 739 caput
987 689 1165 726 omnium
1193 688 1316 725 homi-

282 748 304 792 ’,1
319 754 322 756 ·
338 760 400 790 ν»
415 751 442 789 f
473 756 581 780 num.
603 743 728 792 Caput
746 742 849 779 enim
869 754 949 779 non
963 742 1077 779 habet
1096 741 1317 778 relationem

320 811 329 823 ι
337 765 463 834 ³352&
474 796 546 832 nisi
573 796 623 832 ad
650 795 825 832 membra
852 794 911 831 sui
932 793 1113 843 corporis.
1144 793 1319 829 Infideles

263 856 392 885 autem
419 849 525 885 nullo
545 848 664 884 modo
693 854 781 884 sunt
808 846 982 883 membra
1003 845 1204 892 Ecclesiae,
1226 857 1320 894 quae

263 907 314 938 est
331 913 465 950 corpus
487 902 630 946 Christi,
650 907 692 936 ut
711 899 847 936 dicitur
864 898 1061 948 Ephes.1*.
1091 899 1192 946 Ergo
1214 897 1319 934 Chri-

263 960 341 990 stus
369 965 448 989 non
478 960 532 989 est
559 959 674 1001 caput
701 952 879 988 omnium
906 951 1123 988 hominum.

317 1017 352 1042 2.
382 1006 611 1051 PRAETEREA,
632 1005 839 1053 Apostolus
858 1004 957 1050 dicit,
978 1005 1109 1053 Ephes.
1125 1015 1148 1039 v
1161 1003 1192 1050 ²⁸,
1213 1003 1319 1051 quod

266 1059 428 1095 Christus
454 1058 600 1094 tradidit
626 1059 856 1106 semetipsum
878 1069 952 1106 pro
979 1057 1156 1101 Ecclesia,
1181 1061 1219 1092 ut
1246 1057 1321 1104 ipse

261 1111 332 1147 sibi
357 1111 541 1147 exhiberet
567 1110 770 1146 Ecclesiam
789 1109 1005 1158 gloriosam,
1035 1121 1108 1145 non
1129 1109 1320 1145 habentem

263 1163 449 1199 maculam
477 1168 540 1199 aut
568 1173 703 1211 rugam
736 1167 799 1198 aut
823 1162 966 1210 aliquid
990 1161 1207 1197 huiusmodi.
1245 1160 1321 1197 Sed

263 1214 373 1252 multi
408 1221 513 1261 sunt,
549 1213 664 1251 etiam
696 1213 847 1259 fideles,
883 1213 923 1250 in
955 1213 1095 1262 quibus
1130 1212 1322 1249 invenitur

263 1268 414 1304 macula
441 1274 506 1303 aut
533 1278 626 1314 ruga
653 1266 807 1315 peccati.
837 1266 939 1313 Ergo
967 1277 1038 1301 nec
1057 1265 1125 1302 erit
1143 1265 1321 1302 omnium

262 1318 437 1356 fidelium
466 1319 639 1355 Christus
667 1326 781 1367 caput
800 1324 829 1354 ⁴².

318 1371 352 1407 3.
382 1372 618 1418 PRAETEREA,
648 1378 885 1408 sacramenta
911 1369 1048 1407 veteris
1076 1370 1188 1417 Legis
1217 1382 1321 1406 com-

262 1431 445 1473 parantur
479 1424 528 1460 ad
562 1423 757 1460 Christum
793 1423 887 1460 sicut
922 1425 1054 1459 umbra
1089 1423 1137 1459 ad
1170 1434 1320 1471 corpus,

263 1483 305 1513 ut
332 1475 469 1513 dicitur
499 1476 637 1513 Coloss.
658 1489 680 1513 11
697 1475 728 1512 ³¹⁶.
765 1476 842 1512 Sed
870 1476 998 1513 Patres
1026 1474 1163 1511 veteris
1191 1476 1322 1511 Testa-

263 1528 382 1565 menti
409 1528 653 1565 sacramentis
681 1528 750 1564 illis
784 1540 856 1565 suo
883 1535 1056 1576 tempore
1090 1527 1320 1564 serviebant:

263 1581 479 1617 secundum
507 1580 598 1617 illud
619 1582 718 1617 Heb.
738 1592 795 1617 vt11
813 1580 850 1616 *z
880 1580 1102 1629 Exemplari
1118 1586 1152 1616 et
1170 1582 1324 1616 umbrae

264 1633 471 1670 deserviunt
497 1634 716 1670 caelestium.
759 1634 850 1669 Non
878 1644 967 1680 ergo
1002 1632 1242 1681 pertinebant
1275 1632 1323 1668 ad

264 1697 405 1734 corpus
439 1685 587 1722 Christi.
631 1686 679 1722 Et
714 1685 764 1722 ita
800 1685 972 1722 Christus
1007 1697 1087 1721 non
1122 1692 1177 1721 est
1210 1691 1324 1733 caput

265 1737 441 1774 omniurn
471 1737 689 1774 hominum.

318 1790 391 1827 SED
420 1802 564 1826 CONTRA
592 1802 656 1826 EsT
676 1790 782 1838 quod
810 1789 948 1826 dicitur
974 1791 987 1825 I
1012 1792 1105 1826 Tim.
1127 1802 1161 1826 1v
1179 1789 1216 1825 *ε
1247 1789 1323 1826 Sal-

263 1848 371 1880 vator
384 1844 550 1878 omnium
565 1848 627 1888 est,
638 1848 671 1878 et
685 1844 851 1879 maxime
853 1842 1038 1890 fidelium.
1055 1842 1102 1878 Et
1117 1843 1129 1878 Ι
1145 1840 1320 1877 Ioan.11*:

263 1896 349 1943 Ipse
366 1900 417 1930 est
429 1896 642 1944 propitiatio
664 1907 737 1944 pro
756 1896 912 1943 peccatis
932 1896 1080 1930 nostris:
1107 1906 1181 1930 non
1201 1899 1322 1930 autem

258 1959 333 1996 pro
361 1948 493 1983 nostris
519 1953 679 1993 tantum,
714 1948 779 1983 sed
803 1949 912 1984 etiam
941 1959 1015 1996 pro
1049 1948 1156 1983 totius
1182 1946 1321 1982 mundi.

266 1995 420 2036 Salvare
446 2006 575 2036 autem
601 1999 789 2046 homines,
812 2007 876 2036 aut
902 1998 1190 2048 propitiatorem
1209 1997 1223 2028 β
1242 2010 1323 2035 esse

265 2063 336 2100 pro
363 2051 526 2100 peccatis
553 2064 701 2098 eorum,
727 2052 907 2101 competit
929 2051 1080 2088 Christo
1109 2051 1324 2088 secundum

265 2105 372 2153 quod
400 2111 455 2140 est
473 2112 596 2153 caput.
627 2105 728 2152 Ergo
748 2104 921 2141 Christus
940 2111 995 2140 est
1013 2111 1127 2152 caput
1146 2103 1323 2140 omnium

266 2156 485 2193 hominum.

318 2210 542 2246 RESPONDEO
571 2221 751 2246 D1CENDUM
780 2209 887 2258 quod
915 2210 1010 2246 haec
1038 2216 1092 2245 est
1113 2207 1325 2245 differentia

267 2260 364 2298 inter
382 2273 522 2310 corpus
542 2261 708 2298 hominis
727 2262 896 2298 naturale
921 2269 956 2298 et
975 2273 1115 2310 corpus
1135 2259 1324 2298 Ecclesiae

266 2313 483 2363 mysticum,
513 2314 619 2362 quod
647 2314 822 2351 membra
850 2314 1020 2363 corporis
1039 2313 1218 2350 naturalis
1238 2320 1325 2349 sunt

267 2366 399 2403 omnia
431 2365 562 2412 simul,
599 2366 774 2403 membra
808 2374 937 2403 autem
972 2366 1143 2415 corporis
1177 2365 1324 2414 mystici

266 2430 347 2455 non
375 2426 463 2455 sunt
490 2418 622 2455 omnia
649 2418 780 2455 simul:
810 2431 935 2468 neque
964 2426 1153 2477 quantum
1175 2419 1223 2455 ad
1243 2430 1323 2455 esse

244 2478 444 2518 naturae,
481 2471 581 2530 quia.
605 2483 746 2520 corpus
782 2471 971 2508 Ecclesiae
1006 2470 1246 2508 constituitur
1279 2483 1325 2507 ex

267 2522 490 2560 hominibus
518 2523 584 2582 qui
611 2524 764 2560 fuerunt
791 2536 813 2560 a
831 2523 1018 2583 principio
1038 2523 1174 2560 mundi
1201 2535 1324 2572 usque

268 2575 316 2612 ad
344 2574 465 2612 finem
492 2575 627 2635 ipsius;
657 2588 783 2625 neque
807 2576 921 2613 etiam
949 2584 1139 2635 quantum
1166 2576 1215 2612 ad
1243 2588 1324 2612 esse

267 2627 417 2675 gratiae,
447 2628 537 2677 quia
564 2640 701 2665 eorum
729 2628 843 2665 etiam
870 2628 937 2677 qui
965 2636 1054 2665 sunt
1072 2628 1111 2665 in
1130 2640 1210 2665 uno
1230 2636 1324 2664 tem-

268 2692 374 2729 pore,
403 2680 562 2728 quidam
580 2680 696 2728 gratia
714 2689 842 2718 carent
868 2681 1119 2730 postmodum
1149 2680 1323 2727 habituri,

269 2732 349 2769 aliis
368 2745 454 2770 eam
473 2732 550 2769 iam
570 2733 809 2770 habentibus.
840 2733 901 2771 Sic
920 2733 1030 2782 igitur
1048 2733 1224 2770 membra
1243 2745 1324 2769 cor-

268 2784 372 2834 poris
400 2784 547 2834 mystici
581 2797 661 2822 non
689 2787 814 2822 solum
847 2785 1083 2835 accipiuntur
1110 2786 1324 2822 secundum

269 2837 376 2886 quod
404 2844 492 2874 sunt
519 2836 558 2874 in
586 2845 690 2883 actu,
725 2838 792 2875 sed
826 2838 940 2875 etiam
975 2839 1189 2875 secundum
1218 2838 1324 2887 quod

270 2898 358 2927 sunt
376 2889 416 2926 in
434 2889 613 2939 potentia.
644 2890 847 2936 Quaedam
872 2898 1003 2927 tamen·
1020 2898 1109 2927 sunt
1133 2890 1171 2927 in
1191 2898 1324 2939 poten-

269 2942 320 2979 tia
347 2954 446 2990 quae
474 2953 676 2990 nunquam
704 2942 939 2979 reducuntur
957 2944 1006 2979 ad
1033 2950 1178 2979 actum:
1209 2955 1324 2991 quae-

269 2995 361 3032 dam
388 3006 480 3031 vero
505 2999 520 3022 Υ
548 3006 647 3043 quae
680 2994 914 3043 quandoque
948 2995 1183 3031 reducuntur
1210 2995 1258 3031 ad
1287 3007 1324 3031 a·

270 3054 386 3094 ctum,
407 3047 621 3083 secundum
650 3047 755 3083 hunc
771 3045 784 3068 ὃ
807 3046 992 3095 triplicem
1019 3047 1198 3095 gradum,
1228 3059 1323 3096 quo-

270 3111 356 3136 rum
378 3111 480 3136 unus
498 3106 553 3135 est
580 3110 648 3147 per
666 3098 803 3144 fidem,
833 3099 1025 3135 secundus
1044 3111 1112 3147 per
1130 3099 1323 3136 caritatem

269 3151 372 3196 viae,
401 3151 532 3188 tertius
558 3163 627 3200 per
653 3150 871 3187 fruitionem
898 3150 1051 3199 patriae.

324 3203 387 3240 Sic
413 3215 503 3252 ergo
538 3203 746 3239 dicendum
774 3210 828 3239 est
856 3203 979 3251 quod,
1012 3202 1233 3252 accipiendo
1261 3215 1322 3251 ge-

270 3255 445 3293 neraliter
471 3256 686 3292 secundum
713 3262 837 3292 totum
864 3262 1015 3304 tempus
1036 3255 1183 3302 mundi,
1214 3255 1322 3292 Chri-

324 3368 352 3402 α)
370 3369 447 3395 erit...
465 3372 553 3400 caput.
570 3382 589 3387 -
606 3369 712 3394 etiam...
731 3371 770 3393 est
787 3370 867 3400 caput
885 3368 904 3392 F
924 3373 948 3392 et
967 3368 1047 3393 tertia.

323 3403 349 3438 β)
368 3407 415 3429 aut
423 3404 638 3436 propitiatorem.
647 3418 666 3422 -
677 3407 704 3429 et
712 3403 916 3435 propitiatorem
930 3403 961 3433 G,
972 3406 998 3427 et
1007 3402 1225 3434 propitiationem
1240 3407 1322 3428 cetera

271 3444 352 3541 tert}-
369 3480 439 3499 vero.
451 3488 470 3492 -
487 3481 539 3499 non
559 3473 675 3506 ABCpD,
694 3480 756 3498 vero
774 3475 836 3497 sunt
853 3472 988 3497 editiones.

367 3508 508 3533 secundum
527 3508 604 3534 hunc.
621 3522 641 3527 —
658 3511 684 3533 et
697 3508 838 3533 secundum
858 3507 926 3532 hunc
939 3507 989 3538 BC,
1003 3510 1028 3532 et
1039 3507 1182 3532 secundum
1202 3507 1279 3532 habet
1292 3507 1321 3537 E,
1353 3544 1358 3548 .

271 3546 298 3568 et
315 3543 363 3568 hoc
378 3543 521 3568 secundum
540 3544 560 3568 F
579 3548 604 3568 et
622 3543 702 3568 tertia.
718 3557 738 3562 -
755 3543 804 3567 Pro
823 3550 898 3571 unus,
915 3542 1018 3574 primus
1037 3543 1117 3568 tertia.

412 3594 520 3619 Summa
538 3594 639 3620 Tuum„
658 3595 688 3620 D.
701 3595 814 3619 Tnovma
830 3594 862 3620 T.
880 3594 943 3619 VlII.

1373 645 1451 674 stus
1471 646 1525 674 est
1544 646 1658 687 caput
1677 637 1855 674 omnium
1874 637 2096 674 hominum:
2127 638 2192 674 sed
2215 638 2428 674 secundum

1372 689 1544 726 diversos
1571 691 1721 737 gradus.
1751 690 1881 726 Primo
1911 689 2014 726 enim
2034 698 2069 726 et
2094 690 2347 739 principaliter
2375 698 2429 727 est

1373 750 1487 791 caput
1514 755 1650 779 eorum
1678 742 1745 791 qui
1773 750 1858 779 actu
1879 742 2064 779 uniuntur
2081 742 2151 779 sibi
2170 755 2239 790 per
2256 742 2426 789 gloriam.

1374 795 1564 840 Secundo,
1595 807 1728 831 eorum
1759 795 1826 843 qui
1853 803 1939 831 actu
1967 794 2152 831 uniuntur
2179 795 2249 831 sibi
2276 807 2346 844 per
2369 807 2428 831 ca-

1373 846 1530 882 ritatem.
1557 824 1702 894 ³rerti0,
1723 858 1858 883 eorum
1879 847 1944 895 qui
1964 854 2049 883 actu
2069 847 2254 884 uniuntur
2272 847 2342 883 sibi
2361 859 2429 896 per

1372 898 1503 935 fidem.
1543 900 1690 946 Quarto
1719 912 1826 945 vero,
1857 912 1993 936 eorum
2021 900 2088 948 qui
2116 900 2186 937 sibi
2214 900 2399 937 uniuntur
2417 905 2429 921 ε

1374 953 1500 987 solum
1527 951 1696 1000 potentia
1723 953 1899 988 nondum
1922 953 1970 988 ad
1989 961 2116 989 actum
2136 953 2300 999 reducta,
2330 965 2428 1001 quae

1373 1012 1502 1040 tamen
1531 1012 1585 1040 est
1613 1004 1661 1040 ad
1689 1012 1817 1041 actum
1845 1005 2072 1051 reducenda,
2103 1006 2316 1042 secundum
2336 1005 2429 1042 divi-

1374 1068 1465 1092 nam
1493 1056 1887 1104 praedestinationem.
1918 1057 2063 1103 Quinto
2083 1069 2187 1103 vero,
2208 1070 2341 1094 eorum
2364 1058 2430 1106 qui

1374 1108 1413 1144 in
1441 1108 1609 1156 potentia
1637 1108 1706 1145 sibi
1735 1117 1823 1145 sunt
1850 1109 1943 1145 uniti
1972 1121 2070 1157 quae
2099 1122 2300 1158 nunquam
2320 1111 2430 1147 redu—

1375 1168 1481 1197 cetur
1508 1161 1556 1197 ad
1585 1168 1730 1197 actum:
1769 1161 1864 1197 sicut
1899 1162 2076 1198 homines
2113 1162 2151 1198 in
2180 1164 2254 1199 hoc
2282 1164 2429 1200 mundo

1374 1212 1546 1249 viventes
1575 1213 1640 1261 qui
1669 1225 1748 1249 non
1770 1221 1858 1249 sunt
1885 1213 2161 1261 praedestinati.
2192 1214 2270 1260 Qui
2289 1223 2429 1261 tamen,

1374 1277 1421 1302 ex
1440 1266 1516 1302 hoc
1535 1265 1706 1302 mundo‘
1727 1266 1957 1311 recedentes,
1973 1266 2133 1302 totaliter
2152 1267 2330 1303 desinunt
2349 1280 2429 1303 esse

1375 1318 1550 1354 membra
1579 1314 1733 1354 Christi:
1764 1317 1854 1366 quia
1882 1317 1957 1354 iam
1985 1330 2056 1354 nec
2084 1327 2171 1355 sunt
2199 1319 2236 1355 in
2263 1320 2430 1368 potentia

1375 1378 1417 1407 ut
1445 1370 1595 1407 Christo
1624 1370 1815 1407 uniantur.

1427 1424 1484 1459 AD
1514 1435 1646 1460 PRIMUM
1680 1435 1776 1459 ERGO
1810 1435 1988 1460 DICENDUM
2024 1424 2129 1472 quod
2158 1423 2207 1460 illi
2243 1423 2308 1472 qui
2344 1433 2430 1461 sunt

1376 1475 1566 1522 infideles,
1603 1475 1670 1511 etsi
1704 1483 1790 1511 actu
1825 1487 1904 1512 non
1939 1475 2011 1511 sint
2046 1476 2093 1512 de
2122 1476 2307 1518 Ecclesia,
2344 1485 2431 1513 sunt

1375 1535 1504 1564 tamen
1525 1533 1542 1554 η
1570 1527 1609 1563 in
1643 1527 1821 1576 potentia.
1865 1529 1976 1574 Quae
2011 1528 2169 1576 quidem
2196 1529 2364 1576 potentia
2392 1529 2430 1565 in

1375 1580 1530 1616 duobus
1558 1580 1757 1616 fundatur:
1786 1580 1912 1628 primo
1933 1580 2088 1628 quidem
2111 1588 2147 1616 et
2165 1581 2428 1630 principaliter,

1376 1632 1415 1668 in
1442 1632 1580 1668 virtute
1610 1632 1759 1678 Christi,
1789 1645 1888 1680 quae
1916 1633 2107 1669 sufficiens
2127 1640 2182 1669 est
2203 1634 2250 1669 ad
2270 1635 2430 1670 salutem

1376 1684 1491 1721 totius
1520 1684 1680 1720 humani
1708 1684 1873 1732 generis3
1903 1685 2139 1731 secundario,
2169 1685 2207 1721 in
2232 1686 2371 1722 arbitrii
2391 1686 2431 1722 li-

1376 1737 1531 1773 bertate.

1427 1790 1484 1825 AD
1504 1801 1691 1825 SECUNDUM
1711 1801 1890 1825 DICENDUM
1910 1789 2015 1837 quod
2036 1802 2116 1825 esse
2131 1789 2338 1826 Ecclesiam
2353 1791 2431 1839 glo-

1376 1843 1525 1886 riosam,
1555 1854 1628 1877 non
1648 1843 1840 1877 habentem
1860 1842 2046 1878 maculam
2066 1854 2182 1890 neque
2200 1854 2348 1891 rugam,
2378 1851 2432 1879 est

1376 1893 1533 1929 ultimus
1561 1893 1667 1936 finis,
1697 1893 1745 1930 ad
1774 1906 1891 1941 quem
1919 1893 2168 1942 perducimur
2194 1906 2263 1942 per
2289 1894 2431 1943 passio-

1376 1958 1467 1982 nem
1497 1945 1645 1983 Christi.
1676 1945 1786 1982 Unde
1806 1947 1881 1982 hoc
1900 1946 1967 1982 erit
1988 1946 2026 1982 in
2046 1954 2142 1983 statu
2161 1946 2323 1995 patriae:
2353 1959 2432 1984 non

1377 2006 1506 2035 autem
1535 1998 1573 2034 in
1601 2006 1699 2034 statu
1733 1997 1828 2044 viae,
1858 1998 1898 2034 in
1930 2011 2020 2047 quo,
2049 2001 2082 2035 si
2110 1999 2313 2036 dixerimus
2347 2002 2432 2048 quia

1370 2057 1564 2101 peccatum
1593 2064 1666 2087 non
1695 2052 1882 2096 habemus,
1903 2053 2139 2100 nosmetipsos
2156 2052 2372 2098 seducimus,
2392 2060 2434 2089 ut

1377 2103 1513 2139 dicitur
1540 2105 1553 2139 I
1573 2104 1675 2139 Ioan.
1697 2115 1706 2139 1
1725 2102 1755 2138 ³¹².
1787 2103 1884 2139 Sunt
1911 2111 2039 2139 tamen
2063 2104 2266 2152 quaedam,
2296 2104 2434 2141 scilicet

1377 2155 1569 2201 mortalia,
1608 2154 1747 2203 quibus
1783 2163 1911 2191 carent
1945 2155 1994 2192 illi
2033 2156 2099 2204 qui
2134 2163 2222 2192 sunt
2258 2157 2433 2194 membra

1379 2208 1517 2244 Christi
1544 2219 1614 2256 per
1631 2208 1817 2244 actualem
1837 2207 2022 2244 unionem
2042 2207 2212 2244 caritatis.
2243 2209 2321 2255 Qui
2340 2222 2433 2246 vero

1378 2260 1436 2296 his
1464 2260 1626 2309 peccatis
1645 2259 1872 2305 subduntur,
1893 2272 1973 2296 non
1993 2268 2081 2296 sunt
2099 2261 2275 2297 membra
2295 2261 2433 2298 Christi

1377 2313 1580 2359 actualiter,
1610 2312 1676 2348 sed
1702 2311 1968 2360 potentialiter:
1999 2312 2070 2348 nisi
2089 2313 2182 2349 forte
2203 2313 2430 2362 imperfecte,

1376 2378 1446 2414 per
1459 2365 1575 2402 fidem
1597 2364 1811 2406 informem,
1832 2376 1931 2412 quae
1950 2364 2033 2400 unit
2048 2365 2198 2401 Christo
2217 2366 2432 2402 secundum

1377 2418 1471 2467 quid
1499 2426 1535 2454 et
1563 2429 1641 2453 non
1670 2416 1897 2465 simpliciter,
1919 2424 1961 2452 ut
1985 2416 2121 2453 scilicet
2148 2429 2218 2465 per
2237 2417 2431 2454 Christum

1377 2472 1498 2507 homo
1528 2477 1750 2518 assequatur
1777 2469 1894 2505 vitam
1922 2469 2080 2516 gratiae;
2098 2470 2198 2517 fides
2226 2469 2329 2506 enim
2354 2472 2432 2506 sine

1378 2525 1547 2572 operibus
1564 2528 1711 2559 mortua
1730 2528 1791 2567 est,
1811 2530 1851 2558 ut
1868 2521 2006 2558 dicitur
2024 2522 2094 2558 Iac.
2116 2533 2135 2557 11
2155 2521 2184 2558 *.
2215 2521 2432 2570 Percipiunt

1377 2583 1507 2612 tamen
1534 2576 1626 2611 tales
1654 2587 1676 2611 a
1696 2574 1846 2610 Christo
1875 2574 2069 2622 quendam
2089 2581 2216 2610 actum
2235 2574 2344 2620 vitae,
2365 2575 2431 2623 qui

1378 2635 1434 2665 est
1461 2628 1631 2664 credere:
1655 2627 1751 2663 sicut
1769 2626 1799 2662 si
1819 2627 2039 2662 membrum
2059 2626 2326 2663 mortificatum
2349 2639 2431 2664 mo-

1377 2688 1512 2717 veatur
1539 2679 1748 2728 aliqualiter
1775 2679 1822 2715 ab
1851 2679 2020 2715 homine.

1431 2734 1487 2769 AD
1514 2744 1671 2769 TERTIUM
1698 2743 1876 2768 DICENDUM
1912 2731 2016 2779 quod
2045 2731 2161 2768 sancti
2190 2732 2317 2767 Patres
2352 2743 2430 2768 non

1378 2785 1596 2822 insistebant
1615 2783 1857 2820 sacramentis
1876 2783 2055 2831 legalibus
2074 2791 2255 2831 tanquam
2275 2783 2430 2831 quibus-

1378 2838 1468 2874 dam
1497 2837 1620 2882 rebus,
1651 2836 1717 2872 sed
1746 2835 1840 2871 sicut
1867 2835 2094 2882 imaginibus
2114 2843 2149 2871 et
2168 2835 2313 2872 umbris
2331 2837 2430 2873 futu-

1378 2902 1522 2927 rorum.
1553 2890 1658 2925 Idem
1686 2895 1815 2924 autem
1843 2895 1898 2923 est
1925 2895 2052 2923 motus
2080 2887 2118 2923 in
2137 2887 2354 2935 imaginem,
2375 2888 2429 2925 in-

1378 2950 1566 2991 quantum
1595 2948 1649 2977 est
1677 2940 1822 2986 imago,
1852 2947 1887 2975 et
1915 2939 1953 2975 in
1982 2951 2061 2975 rem
2081 2939 2117 2975 ²³⁶:
2156 2948 2198 2975 ut
2223 2947 2342 2988 patet>
2361 2952 2431 2989 per

1378 2994 1673 3041 Philosophum,
1710 2991 1748 3027 in
1783 2991 1878 3027 libro
1913 2991 1958 3027 de
1983 2993 2173 3038 Memoria
2208 2998 2241 3028 et
2267 2994 2429 3029 Reminz-

1376 3048 1512 3083 scentia
1531 3045 1561 3081 ²¹⁸.
1591 3045 1638 3081 Et
1658 3044 1743 3080 ideo
1763 3043 1907 3091 antiqui
1926 3044 2065 3090 Patres,
2090 3045 2277 3081 servando
2299 3045 2429 3092 legalia

1377 3104 1629 3142 sacramenta,
1667 3095 1882 3132 ferebantur
1918 3095 1956 3131 in
1986 3096 2180 3133 Christum
2215 3109 2284 3145 per
2309 3096 2428 3134 fidem

1376 3158 1412 3187 et
1439 3149 1678 3186 dilectionem
1709 3148 1872 3184 eandem
1899 3160 1976 3196 qua
2004 3156 2040 3184 et
2067 3160 2138 3185 nos
2165 3148 2204 3185 in
2223 3149 2350 3198 ipsum
2377 3151 2427 3186 fe-

1377 3202 1507 3239 rimur.
1538 3202 1585 3237 Et
1612 3200 1661 3236 ita
1690 3201 1817 3236 Patres
1836 3199 1981 3248 antiqui
2003 3201 2240 3249 pertinebant
2258 3202 2305 3238 ad
2326 3202 2427 3239 idem

1376 3266 1515 3303 corpus
1543 3252 1733 3289 Ecclesiae
1761 3253 1809 3289 ad
1837 3253 1943 3300 quod
1972 3265 2042 3289 nos
2069 3253 2314 3302 pertinemus.

1427 3366 1449 3399 ε)
1469 3367 1605 3391 uniuntur.
1622 3381 1641 3384 —
1659 3367 1694 3397 E;
1713 3369 1774 3391 actu
1801 3366 1929 3390 uniuntur
1947 3367 2028 3398 prima
2041 3372 2065 3390 et
2081 3366 2114 3396 F;
2133 3367 2205 3390 tertia
2223 3366 2296 3397 legit:
2315 3366 2361 3398 qui
2378 3367 2428 3391 sibi

1376 3402 1506 3427 uniuntur
1523 3402 1607 3426 solum
1621 3402 1779 3433 inpotentia
1799 3402 1914 3426 nondum
1934 3401 2043 3426 reducta
2061 3401 2098 3425 ad
2115 3404 2218 3429 actum;
2237 3401 2284 3425 sC:
2299 3408 2350 3425 non
2365 3405 2426 3426 actu

1377 3437 1506 3462 uniuntur
1523 3437 1573 3462 sibi
1590 3437 1637 3461 sed
1654 3437 1738 3462 solum
1758 3441 1804 3461 etc.

1428 3471 1454 3504 ζ)
1473 3472 1578 3497 mundo.
1596 3486 1615 3490 —-
1633 3473 1736 3497 saeculo
1755 3472 1835 3496 tertia.

1428 3507 1454 3541 η)
1474 3510 1571 3532 tamen.
1589 3521 1607 3526 -
1625 3507 1658 3531 de
1678 3507 1794 3532 Ecclesia
1812 3506 1881 3531 addit
1898 3507 1979 3532 tertia.

2253 3600 2284 3625 17

2460 2107 2469 2117 ⁴
2485 2107 2550 2128 Vers.
2566 2107 2586 2128 8.

2459 2524 2468 2534 ’
2482 2523 2548 2544 Vers.
2563 2529 2600 2544 20.

2456 2946 2466 2954 ⁸
2480 2945 2507 2966 D.
2523 2951 2572 2972 72⁰·

2453 3049 2578 3097 :ga-,t-
2567 3050 2611 3071 2³
2620 3049 2664 3071 Th·
