2872 3970
309 369 451 401 obstare:
473 369 535 400 nisi
556 368 638 399 forte
661 368 795 399 verbum
813 367 931 398 Christi
945 368 1014 398 Act.
1031 378 1042 398 1
1057 369 1091 398 ἐ
1116 369 1256 399 Ioannes

300 412 370 445 avit
389 420 495 454 aqua:
517 421 575 444 vos
596 416 702 443 autem
725 410 961 452 baptizabimini
983 412 1106 452 Spiritu
1126 412 1256 443 Sancto.

283 465 392 488 revera
411 456 476 487 hoc
490 465 559 487 non
582 456 695 486 obstat.
719 455 806 486 Tum
822 455 898 495 quia
912 464 970 496 per
984 455 1048 486 hoc
1063 465 1132 486 non
1151 456 1258 487 exclu-

297 499 544 541 eosbaptizatos
567 508 635 530 esse
649 499 809 540 baptismo
826 498 968 533 Christi:
985 499 1060 531 licet
1075 499 1115 531 de
1131 499 1257 531 loannis

300 555 326 569 ἰ
343 558 351 567 -
379 548 505 574 tantum
526 542 650 574 mentio
672 541 750 580 fiat„
761 541 850 577 Tum
868 542 946 583 quia
956 543 994 574 in
1007 548 1162 583 promptu
1176 543 1257 575 ratio

230 604 248 623 ;
266 594 366 629 qnare
388 586 516 619 loannis
538 586 687 627 baptismi
709 585 808 617 solius
829 586 976 617 meminit
994 586 1158 618 Christus·
1183 588 1259 627 quia

242 636 247 643 ¹
331 630 456 662 donum
477 629 612 671 Spiritus
627 629 734 661 Sancti
755 639 824 660 non
847 629 1050 670 distinguitur
1071 635 1183 662 contra
1204 631 1258 660 ba-

379 672 513 711 Christi,
537 673 594 714 qui
615 672 653 704 fit
677 673 712 704 in
735 682 821 715 aqua
843 678 876 704 et
896 673 1033 714 Spiritu,
1057 673 1145 704 Ioan.
1168 684 1202 704 m
1223 675 1256 711 *3

407 717 603 759 baptinmum
625 717 762 753 Ioannis,
782 718 839 757 qui
859 716 957 748 fiebat
977 717 1084 749 solum
1108 718 1140 748 in
1161 727 1257 759 aqua,

394 769 412 792 e
435 765 536 798 teste,
558 759 773 802 distinguente
800 761 995 801 baptismum
1023 770 1119 792 suum
1149 767 1259 792 contra

413 805 449 836 in
470 803 594 846 Spiritu
617 804 748 840 Sancto,
772 804 884 836 Matth.
899 815 935 835 111
949 806 976 836 *.

385 849 597 889 responsione
618 847 660 878 ad
681 848 846 889 quintum,
859 848 995 880 dubium
1018 849 1167 886 occurrit,
1183 849 1260 889 quia

351 909 353 913 ν
370 909 388 918 ι·
380 890 517 981 ‘nugi-ati
467 891 508 925 de
522 892 622 937 gratia
635 891 759 925 futurm
776 897 809 924 et
819 891 906 923 aliud
917 891 962 925 de
969 891 1096 923 Christo
1111 897 1258 924 venturo.

586 945 712 967 raesens
735 945 804 967 esse
827 945 866 966 ex
886 935 952 967 fide
974 935 1092 967 Christi
1113 937 1257 967 venturi:

342 974 388 1011 ff
395 932 536 1013 mensa·
582 985 598 1010 s
617 980 674 1020 qui
687 985 928 1020 praecesserunt
942 979 1060 1011 Christi
1075 979 1258 1012 adventum.

830 289 1093 336 QUAESTIO
1122 289 1332 335 XXXVIII,
1360 289 1652 327 ARTICULUS
1679 289 1730 326 Vl

2286 287 2361 335 387

1309 369 1427 399 Littera
1456 374 1562 399 autem
1590 378 1649 409 pro
1678 367 1793 399 eodem
1823 368 1918 398 habet
1941 367 2103 398 Christum
2131 373 2312 404 venturum,
2336 372 2368 398 et

1309 413 1442 452 gratiam
1464 411 1613 443 futuram.
1638 412 1842 452 Incompacta
1866 421 1940 452 ergo
1964 411 2097 442 videtur.

1364 455 1416 486 Ad
1438 456 1502 486 hoe
1524 455 1638 487 dicitur
1653 456 1743 496 quod
1766 455 1868 486 littera
1891 461 1938 486 est
1959 454 2163 495 intelligenda
2185 456 2281 485 iuxta⁴
2294 455 2367 485 sub-

1309 500 1424 531 iectam
1445 500 1610 531 materiam
1632 499 1672 531 de
1695 509 1760 540 qua
1775 505 1822 530 est
1836 509 1952 535 sermo,
1965 499 2084 529 scilicet
2099 498 2138 529 de
2155 499 2367 529 sacramentis.

1309 543 1359 574 Ex
1379 543 1434 573 illa
1455 543 1615 584 siquidem
1638 542 1813 575 differentia
1834 543 1873 573 ab
1896 543 2077 583 Augustino
2100 543 2205 582 posita
2224 542 2306 573 inter
2321 552 2368 572 sa-

1310 591 1471 617 eramenta
1498 596 1603 617 novae
1631 592 1662 618 et
1687 587 1801 617 veteris
1827 586 1921 626 legis,
1950 586 2040 626 quod
2067 592 2175 616 nostra
2204 587 2367 626 presentis,

1309 635 1416 670 vetera
1437 629 1563 661 futurae
1585 631 1702 671 gratiae
1724 635 1799 660 sunt
1820 631 1918 670 signa,
1934 630 2100 660 manifeste
2122 630 2266 670 sequitur
2281 629 2370 669 quod

1309 679 1417 704 nostra
1431 675 1605 714 praesentis
1617 674 1744 711 Christi,
1750 683 1814 715 per
1824 683 1916 715 quem
1930 674 2042 716 gratia
2048 674 2147 715 facta
2162 678 2216 709 est,
2230 673 2368 709 Ioan.1*;

1309 717 1364 748 illa·
1377 719 1503 748 venturi
1519 717 1637 748 Christi
1659 718 1748 758 signa
1765 723 1863 748 erant.
1886 718 1928 748 Et
1942 723 2111 758 propterea
2126 717 2253 748 Ioannis
2268 717 2370 757 bapti-

1309 770 1378 791 sma
1404 762 1547 802 sapiebat
1574 762 1608 792 in
1637 762 1702 792 hoc
1731 767 1927 792 sacramenta
1955 762 2068 792 veteris
2098 761 2190 801 legis,
2218 760 2308 800 quod
2336 761 2369 790 in

1309 805 1443 836 nomine
1465 806 1590 836 venturi
1613 805 1730 836 Christi
1753 805 1893 836 dabatur.
1917 805 2011 836 Unde
2035 810 2066 836 et
2086 805 2203 835 Paulus
2224 804 2314 835 iussit
2336 805 2368 834 in

1311 848 1441 880 nomine
1453 849 1589 880 Domini
1611 849 1715 880 nostri
1728 849 1802 880 Iesu
1824 849 1944 880 Christi
1966 848 2149 889 simpliciter
2169 853 2200 879 et
2215 848 2369 884 absolute,

1311 897 1343 922 et
1364 901 1432 923 non
1455 893 1590 930 venturi,
1613 893 1686 924 illos
1707 893 1859 934 baptizari
1882 894 1938 934 qui
1960 892 2086 923 Ioannis
2109 892 2303 933 baptismum
2318 901 2370 923 su—

1309 941 1486 976 sceperant,
1508 938 1577 967 Act.
1594 947 1646 967 xrx
1661 938 1688 968 *.

2397 674 2405 684 ·
2420 672 2486 695 Ven.
2503 678 2535 700 ¹7.

2400 935 2408 945 ·
2421 933 2489 956 νει-ει.
2507 939 2548 962 ¹·5-
