2872 3970
128 2188 138 2197 ⁴
152 2187 202 2208 Art.
218 2186 322 2215 praeced.

371 250 421 285 68

423 329 496 365 SED
526 339 670 364 CONTRA
698 339 764 363 EST
793 326 898 375 quod
936 325 1124 375 quidquid
1153 333 1277 374 potest
1305 326 1434 371 Pater,

369 388 493 430 potest
521 379 650 417 Filius.
682 379 758 416 Sed
787 380 909 425 Pater,
930 387 1015 427 post
1044 378 1346 415 incarnationem
1374 377 1436 414 Fi-

369 433 418 478 lii,
438 440 562 482 potest
581 444 778 469 assumere
798 440 976 468 naturam
996 432 1212 467 humanam
1231 430 1344 466 aliam
1364 442 1435 466 nu-

369 498 478 523 mero
516 485 564 522 ab
602 498 648 522 ea
684 497 803 534 quam
841 484 959 520 Filius
988 483 1212 532 assumpsit:
1252 482 1292 519 in
1328 483 1434 519 nullo

370 539 471 576 enim
493 550 562 588 per
581 537 883 574 incarnationem
912 535 995 573 Filii
1019 543 1074 572 est
1092 535 1283 572 diminuta
1301 542 1434 584 poten-

368 591 419 628 tia
456 591 576 628 Patris
613 592 674 627 vel
703 589 796 626 Filii.
836 590 937 636 Ergo
975 588 1126 625 videtur
1158 588 1264 637 quod
1294 587 1433 635 Filius,

368 652 455 693 post
483 643 803 687 incarnationem,
832 641 951 690 possit
979 640 1093 677 aliam
1126 641 1340 678 humanam
1369 652 1434 677 na-

368 705 495 734 turam
532 707 747 740 assumere,
777 702 926 743 praeter
954 705 1040 730 eam
1069 706 1188 742 quam
1216 693 1432 742 assumpsit.

422 751 646 786 ResPONDEo
681 759 863 784 DICENDUM
898 746 1005 795 quod
1034 746 1072 783 id
1101 746 1208 795 quod
1243 754 1367 795 potest
1394 745 1434 782 in

369 814 494 839 unum
523 810 558 838 et
586 813 665 837 non
694 799 732 836 in
761 799 938 848 ampliuS,
959 799 1074 836 habet
1098 798 1310 848 potentiam
1338 798 1434 835 limi-

367 862 485 891 tatam
514 855 561 891 ad
590 865 726 890 unum.
764 852 938 889 Potentia
966 859 1096 888 autem
1124 851 1276 888 divinae
1304 863 1434 900 perso-

368 920 440 944 nae
461 914 515 943 est
534 905 692 952 infinita,
709 917 779 942 nec
798 912 922 954 potest
941 904 1091 942 limitari
1106 905 1154 942 ad
1174 904 1317 954 aliquid
1333 916 1434 941 crea-

368 968 463 996 tum.
494 959 605 996 Unde
633 970 713 995 non
742 965 796 994 est
824 957 1034 995 dicendum
1060 957 1167 1006 quod
1195 969 1361 1006 persona
1380 957 1434 994 di-

367 1013 458 1049 vina
492 1012 542 1048 ita
571 1010 818 1060 assumpserit
855 1022 976 1048 unam
1004 1018 1182 1047 naturam
1220 1011 1434 1047 humanam

367 1065 474 1114 quod
514 1077 593 1101 non
630 1063 795 1113 potuerit
833 1075 1029 1100 assumere
1070 1062 1195 1100 aliam.
1233 1063 1436 1101 Videretur

367 1118 472 1155 enim
492 1131 538 1154 ex
558 1118 634 1154 hoc
662 1116 771 1166 sequi
799 1117 906 1166 quod
925 1116 1175 1166 personalitas
1196 1116 1349 1153 divinae
1369 1128 1434 1153 na-

366 1179 474 1210 turae
495 1178 591 1207 esset
619 1169 669 1207 ita
688 1170 969 1219 comprehensa
988 1181 1058 1218 per
1080 1181 1200 1206 unam
1220 1170 1434 1206 humanam

368 1232 545 1261 naturam
565 1223 671 1272 quod
691 1223 740 1260 ad
760 1222 842 1260 eius
867 1222 1176 1272 personalitatem
1196 1222 1268 1259 alia
1290 1221 1434 1259 assumi

367 1290 448 1314 non
467 1276 597 1326 possit.
629 1276 749 1323 Quod
777 1283 832 1313 est
851 1274 1107 1325 impossibile:
1137 1287 1218 1312 non
1246 1275 1351 1312 enim
1379 1275 1434 1312 in-

368 1338 539 1367 creatum
559 1342 581 1366 a
609 1337 736 1365 creato
756 1328 1035 1378 comprehendi
1054 1336 1189 1377 potest.
1219 1329 1326 1365 Patet
1345 1340 1434 1376 ergo

368 1383 486 1432 quod,
508 1382 586 1419 sive
615 1381 905 1419 consideremus
933 1393 1141 1430 personam
1178 1381 1350 1418 divinam
1379 1393 1434 1417 se-

367 1436 542 1473 cundum
571 1434 762 1481 virtutem,
784 1446 884 1483 quae
912 1442 968 1471 est
994 1433 1228 1483 principium
1256 1433 1433 1479 unionis3

368 1489 447 1526 sive
486 1488 702 1524 secundum
738 1499 850 1524 suam
886 1486 1214 1536 personalitatem,
1244 1499 1344 1535 quae
1381 1494 1435 1523 est

367 1541 553 1579 terminus
580 1540 755 1578 unionis:
786 1548 936 1589 oportet
972 1539 1097 1576 dicere
1126 1539 1232 1589 quod
1269 1551 1435 1588 persona

367 1594 508 1642 divina,
524 1602 674 1643 praeter
701 1602 879 1630 naturam
903 1594 1116 1629 humanam
1139 1604 1258 1641 quam
1287 1604 1434 1629 assum-

367 1648 452 1697 psit,
472 1646 590 1697 possit
610 1646 724 1684 aliam
752 1658 918 1683 numero
938 1653 1117 1682 naturam
1142 1646 1356 1682 humanam
1377 1657 1434 1682 as-

369 1713 533 1738 sumere.

421 1755 478 1790 AD
508 1765 642 1790 PRIMUM
671 1764 768 1789 ERGO
797 1764 981 1790 DICENDUM
1008 1751 1114 1800 quod
1147 1758 1283 1788 natura
1311 1757 1435 1787 creata

367 1806 563 1856 perficitur
591 1806 630 1842 in
649 1817 719 1842 sua
747 1804 893 1842 ratione
921 1817 991 1854 per
1009 1805 1186 1849 formam,
1207 1815 1307 1852 quae
1336 1804 1434 1840 mul-

367 1859 556 1909 tiplicatur
571 1858 788 1895 secundum
807 1857 1037 1895 divisionem
1052 1856 1244 1893 materiae.
1266 1857 1314 1893 Et
1332 1855 1432 1902 ideo,

367 1913 398 1949 si
426 1911 655 1961 compositio
683 1911 829 1948 formae
858 1918 894 1947 et
921 1909 1101 1947 materiae
1135 1909 1338 1946 constituat
1365 1921 1434 1945 no-

366 1978 463 2002 vum
499 1964 761 2014 suppositum,
792 1975 1034 2012 consequens
1067 1970 1122 1999 est
1156 1962 1263 2011 quod
1299 1969 1434 1998 natura

367 2018 638 2067 multiplicetur
666 2016 881 2054 secundum
906 2015 1262 2065 multiplicationem
1290 2027 1433 2064 suppo—

367 2071 540 2108 sitorum.
572 2071 648 2108 Sed
676 2070 716 2106 in
744 2069 926 2119 mysterio
948 2067 1219 2106 incarnationis
1247 2067 1341 2104 unio
1359 2067 1433 2104 for-

367 2137 454 2161 mae
483 2132 518 2160 et
546 2122 739 2165 materiae,
770 2122 865 2159 idest
892 2121 1044 2159 animae
1073 2129 1108 2158 et
1136 2120 1324 2170 corporis,
1353 2132 1434 2157 non

367 2176 559 2214 constituit
587 2188 738 2213 novum
757 2175 1014 2224 suppositum,
1035 2182 1078 2211 ut
1106 2186 1222 2223 supra
1240 2173 1260 2195 '¹‘
1287 2173 1433 2210 dictum

367 2238 432 2266 est.
464 2231 511 2266 Et
530 2229 618 2266 ideo
638 2237 766 2278 posset
794 2240 875 2264 esse
896 2227 1102 2264 multitudo
1127 2226 1343 2263 secundum
1363 2238 1434 2263 nu—

366 2295 520 2319 merum
541 2295 586 2318 ex
605 2289 710 2330 parte
731 2289 899 2327 naturae,
920 2288 1076 2330 propter
1102 2279 1333 2316 divisionem
1353 2291 1433 2316 ma-

366 2336 492 2382 teriae,
514 2335 660 2383 absque
688 2334 928 2371 distinctione
958 2332 1249 2382 suppositorum
1268 2332 1299 2368 ³⁸.

420 2390 476 2425 AD
515 2400 704 2425 SECUNDUM
741 2399 923 2424 DICENDUM
961 2386 1068 2435 quod
1105 2393 1235 2434 posset
1270 2384 1392 2422 videri
1420 2383 1434 2414 β

367 2442 484 2491 quod,
516 2440 707 2490 praedicta
735 2440 925 2489 positione
954 2440 1061 2486 facta,
1091 2445 1392 2487 consequeretur
1419 2443 1434 2465 Υ

367 2495 473 2544 quod
503 2501 628 2530 essent
647 2494 727 2530 duo
756 2492 946 2538 homines,
966 2499 1123 2541 propter
1142 2491 1238 2528 duas
1266 2498 1433 2537 naturas,

367 2548 513 2596 absque
542 2548 617 2583 hoc
637 2546 743 2595 quod
764 2554 889 2582 essent
917 2545 968 2582 ibi
988 2545 1068 2582 duo
1091 2543 1308 2593 supposita:
1339 2543 1435 2580 sicut

367 2613 387 2637 e
416 2612 605 2637 converso
625 2607 699 2635 tres
727 2611 914 2647 personae
934 2598 1151 2634 dicerentur
1179 2609 1280 2634 unus
1300 2597 1434 2643 hbmo,

366 2661 524 2703 propter
560 2665 681 2689 unam
719 2659 898 2688 naturam
927 2652 1142 2688 humanam
1175 2657 1435 2699 assumptam,

422 2766 446 2801 β)
466 2767 560 2792 videri.
573 2781 592 2785 —
611 2766 752 2791 dicendum
772 2766 840 2790 addit
861 2765 943 2790 tertia.

419 2806 446 2835 γ)
465 2805 678 2834 consequeretur.
691 2815 710 2820 —
727 2804 884 2832 sequeretur
903 2801 984 2826 tertia.

421 2838 445 2871 δ)
466 2838 625 2862 dicerentur.
637 2852 656 2855 —
675 2837 720 2867 ΡΙ;
740 2837 882 2861 diceretur.

1079 247 1343 294 QUAESTIO
1372 247 1436 289 ΙΙΙ,
1469 247 1759 286 ARTICULUS
1787 249 1852 286 VII

1491 332 1532 361 ut
1560 338 1677 374 supra
1695 326 1715 348 *
1733 326 1879 363 dictum
1899 334 1964 364 est.
1997 327 2073 364 Sed
2102 327 2176 364 hoc
2196 339 2275 364 non
2303 327 2456 365 videtur
2473 339 2555 365 esse

1491 390 1640 415 verum.
1671 378 1775 425 Quia
1802 379 2025 416 nominibus
2044 387 2100 416 est
2127 380 2317 417 utendum
2340 381 2556 418 secundum

1490 431 1597 479 quod
1618 438 1707 468 sunt
1725 431 1774 468 ad
1798 431 2091 480 significandum
2113 432 2303 482 imposita.
2333 433 2453 480 Quod
2472 433 2555 483 qui-

1490 483 1580 520 dem
1603 490 1658 520 est
1685 495 1732 520 ex
1751 484 2054 522 consideratione
2083 497 2220 522 eorum
2241 498 2341 534 quae
2360 485 2465 534 apud
2484 497 2556 523 nos

1490 543 1588 572 sunt.
1619 537 1667 572 Et
1694 535 1781 573 ideo
1810 545 1970 585 oportet,
1999 537 2098 574 circa
2125 538 2290 575 modum
2318 537 2556 586 significandi

1489 596 1525 625 et
1552 588 1879 637 consignificandi,
1899 589 2140 627 considerare
2161 603 2205 627 ea
2233 602 2332 640 quae
2352 590 2457 640 apud
2483 602 2555 628 nos

1489 649 1588 678 sunt.
1610 642 1651 677 In
1671 641 1813 690 quibus
1834 653 2038 692 nunquam
2057 655 2203 680 nomen
2218 643 2266 680 ab
2285 643 2414 692 aliqua
2431 643 2556 680 forma

1489 693 1716 743 impositum
1743 694 1937 743 pluraliter
1970 694 2107 732 dicitur
2141 695 2213 733 nisi
2244 704 2402 746 propter
2427 697 2555 745 plura-

1489 746 1631 783 litatem
1651 746 1941 796 suppositorum
1959 747 1998 785 *ε
2028 749 2149 785 homo
2170 748 2274 786 enim
2299 748 2366 798 qui
2385 756 2440 786 est
2458 749 2555 786 duo-

1489 799 1562 836 bus
1589 799 1824 836 vestimentis
1852 800 2020 847 indutus,
2041 813 2122 838 non
2149 801 2287 839 dicitur
2311 802 2391 839 duo
2419 799 2553 849 vestiti,

1489 852 1556 888 sed
1585 864 1680 889 unus
1706 854 1851 890 vestitus
1884 853 2025 891 duobus
2052 856 2291 896 vestimentis,-
2325 861 2362 891 et
2393 853 2460 903 qui
2488 855 2554 891 ha-

1490 905 1552 941 bet
1579 905 1676 942 duas
1705 905 1920 954 qualitates,
1952 905 2091 943 dicitur
2117 906 2354 954 singulariter
2387 907 2555 956 aliqualis

1487 958 1688 995 secundum
1716 958 1808 995 duas
1836 959 2034 1008 qualitates
2068 959 2216 996 Natura
2250 966 2380 996 autem
2408 971 2554 996 assum-

1489 1018 1554 1060 pta
1582 1018 1773 1060 quantum
1809 1011 1858 1048 ad
1886 1010 2030 1060 aliquid
2065 1024 2105 1049 se
2134 1011 2249 1048 habet
2284 1024 2354 1061 per
2389 1012 2554 1049 modum

1489 1063 1726 1110 indumenti,
1760 1063 1844 1100 licet
1871 1075 1952 1101 non
1980 1063 2026 1101 sit
2053 1063 2260 1102 similitudo
2289 1071 2479 1114 quantum
2506 1064 2555 1103 ad

1490 1117 1633 1163 omnia,
1654 1125 1696 1153 ut
1715 1128 1833 1166 supra
1851 1116 1871 1138 ²⁸
1889 1116 2036 1154 dictum
2057 1124 2122 1153 est.
2152 1117 2201 1154 Et
2219 1116 2319 1163 ideo,
2340 1116 2370 1154 si
2389 1126 2556 1166 persona

1489 1169 1619 1206 divina
1647 1177 1859 1207 assumeret
1877 1169 1974 1207 duas
2002 1177 2156 1207 naturas
2176 1171 2379 1217 humanas,
2399 1177 2556 1220 propter

1489 1222 1674 1260 unitatem
1701 1222 1888 1271 suppositi
1915 1221 2104 1260 diceretur
2129 1235 2223 1260 unus
2247 1224 2359 1260 homo
2380 1222 2400 1245 '¹‘
2417 1223 2556 1260 hahens
2585 1231 2594 1240 ·

1489 1276 1580 1312 duas
1608 1281 1760 1313 naturas
1787 1276 1982 1312 humanas.
2003 1298 2028 1302 -
2060 1275 2254 1324 Contingit
2289 1283 2419 1313 autem
2447 1275 2555 1325 quod

1488 1330 1617 1377 plures
1646 1328 1825 1365 homines
1852 1327 2033 1365 dicuntur
2060 1340 2163 1365 unus
2190 1330 2372 1378 populuS,
2399 1335 2556 1378 propter

1487 1382 1564 1418 hoc
1592 1382 1700 1431 quod
1719 1381 1957 1418 conveniunt
1985 1381 2024 1418 in
2043 1381 2173 1431 aliquo
2193 1393 2294 1418 uno:
2324 1393 2405 1418 non
2423 1388 2554 1418 autem

1487 1442 1645 1483 propter
1671 1434 1858 1471 unitatem
1886 1433 2084 1483 suppositi.
2116 1435 2164 1471 Et
2191 1433 2371 1481 similiter,
2395 1433 2427 1471 si
2453 1434 2554 1471 duae

1487 1498 1676 1536 personae
1705 1486 1857 1524 divinae
1878 1495 2116 1524 assumerent
2144 1499 2264 1524 unam
2290 1498 2455 1524 numero
2483 1487 2554 1523 hu-

1488 1551 1647 1577 manam
1666 1547 1857 1585 naturam,
1877 1539 2094 1576 dicerentur
2112 1538 2125 1562 δ
2153 1552 2256 1577 unus
2275 1541 2410 1586 homo,
2432 1546 2474 1576 ut
2493 1551 2555 1576 su·

1487 1604 1557 1642 pra
1575 1592 1595 1614 ’¹‘
1623 1591 1769 1629 dictum
1797 1599 1864 1638 est,
1885 1604 1965 1629 non
1992 1600 2148 1641 propter
2166 1592 2352 1629 unitatem
2371 1597 2383 1613 ⁸
2411 1603 2555 1641 suppo·
2583 1603 2592 1612 ·

1489 1645 1558 1691 siti,
1580 1645 1647 1682 sed
1666 1644 1899 1694 inquantum
1917 1644 2154 1682 conveniunt
2181 1644 2221 1682 in
2249 1644 2378 1694 aliquo
2406 1656 2500 1682 uno,

1541 1699 1599 1734 An
1626 1709 1786 1735 TERTIUM
1813 1709 1995 1735 mcENDUM
2023 1698 2131 1748 quod
2163 1697 2293 1735 divina
2321 1705 2357 1734 et
2382 1698 2555 1735 humana

1488 1758 1624 1788 natura
1656 1763 1737 1787 non
1765 1751 1905 1788 eodem
1942 1750 2076 1787 ordine
2105 1763 2144 1787 se
2180 1750 2322 1788 habent
2350 1750 2399 1788 ad
2433 1762 2555 1788 unam

1488 1803 1662 1841 divinam
1698 1815 1926 1852 personam:
1964 1803 2031 1840 sed
2063 1815 2133 1852 per
2166 1803 2273 1853 prius
2309 1810 2555 1853 comparatur

1488 1857 1535 1893 ad
1565 1856 1686 1905 ipsam
1717 1855 1847 1892 divina
1875 1863 2029 1902 natura,
2057 1864 2188 1905 utpote
2217 1868 2317 1905 quae
2345 1864 2401 1893 est
2425 1867 2554 1893 unum

1488 1921 1579 1946 cum
1599 1921 1644 1945 ea
1663 1909 1711 1945 ab
1739 1916 1915 1955 aeterno;
1945 1909 2012 1946 sed
2040 1917 2176 1946 natura
2195 1910 2369 1946 humana
2395 1920 2553 1958 compa-

1488 1969 1592 1999 ratur
1610 1962 1658 1998 ad
1678 1973 1885 2011 personam
1913 1961 2086 1999 divinam
2104 1974 2177 2011 per,
2197 1961 2399 2011 posterius,
2420 1968 2553 2011 utpote

1488 2021 1685 2063 assumpta
1704 2026 1750 2051 ex
1769 2021 1943 2063 ternpore
1963 2027 1985 2051 a
2013 2014 2144 2052 divina
2170 2026 2347 2064 persona,
2369 2025 2449 2052 non
2469 2013 2552 2064 qui—

1488 2067 1579 2104 dem
1607 2067 1655 2104 ad
1684 2068 1759 2104 hoc
1787 2067 1895 2116 quod
1922 2075 2059 2104 natura
2087 2067 2133 2104 sit
2159 2067 2242 2117 ipsa
2268 2079 2455 2117 persona,
2485 2066 2553 2105 sed

1488 2120 1595 2169 quod
1623 2132 1789 2168 persona
1816 2119 1856 2156 in
1883 2119 2050 2157 natura<
2076 2119 2272 2165 subsistat;
2302 2119 2420 2158 Filius
2448 2119 2555 2158 enim

1488 2172 1560 2211 Dei
1589 2181 1644 2209 est
1672 2185 1742 2210 sua
1769 2172 1907 2219 deitas,
1935 2173 2002 2210 sed
2030 2185 2110 2210 non
2139 2181 2195 2211 est
2222 2185 2292 2210 sua
2319 2172 2552 2210 humanitas.

1488 2227 1536 2263 Et
1554 2225 1642 2263 ideo
1671 2226 1719 2263 ad
1739 2226 1815 2262 hoc
1843 2225 1949 2275 quod
1978 2234 2114 2263 natura
2137 2227 2310 2263 humana
2337 2233 2556 2263 assumatur

1488 2292 1511 2316 a
1538 2278 1670 2316 divina
1696 2290 1874 2327 persona,
1903 2278 2130 2328 relinquitur
2148 2285 2166 2307 η
2195 2278 2302 2328 quod
2330 2278 2461 2316 divina
2487 2289 2554 2316 na-

1488 2340 1573 2368 tura
1592 2331 1738 2369 unione
1758 2331 1950 2380 personali
1969 2331 2124 2369 uniatur
2141 2331 2209 2368 toti
2228 2339 2386 2368 naturae
2405 2342 2554 2368 assum·

1488 2385 1694 2434 ptae,idest
1713 2385 1929 2421 secundum
1949 2397 2086 2422 omnes
2104 2392 2229 2434 partes
2249 2383 2342 2421 eius.
2364 2384 2440 2421 Sed
2459 2384 2553 2421 dua-

1489 2450 1577 2474 rum
1597 2445 1822 2474 naturarum
1842 2445 2128 2486 assumptamm
2146 2444 2244 2474 esset
2266 2435 2468 2473 uniformis
2487 2437 2553 2474 ha-

1488 2490 1623 2528 bitudo
1644 2491 1692 2527 ad
1711 2502 1919 2539 personam
1947 2490 2131 2537 divinam,
2151 2502 2223 2527 nec
2241 2502 2320 2526 una
2343 2497 2555 2527 assumeret

1489 2543 1614 2580 aliam.
1644 2543 1756 2581 Unde
1784 2555 1864 2580 non
1884 2550 2077 2591 oporteret
2105 2543 2212 2592 quod
2238 2555 2317 2579 una
2344 2554 2479 2579 earum
2497 2550 2554 2580 to-

1489 2597 1609 2633 taliter
1637 2596 1740 2633 alteri
1769 2595 1955 2642 uniretur,
1984 2596 2091 2643 idest,
2121 2607 2257 2632 omnes
2285 2603 2411 2645 partes
2438 2594 2553 2633 unius

1491 2649 1674 2686 omnibus
1701 2648 1872 2698 partibus
1900 2649 2064 2686 alterius.

1542 2764 1564 2797 ε)
1580 2768 1695 2796 propter
1714 2763 1852 2788 unitatem.
1864 2777 1883 2782 -
1901 2763 2004 2788 unitate
2021 2762 2067 2787 ΡΗ
2088 2767 2114 2787 et
2132 2762 2266 2788 editiones.

1542 2799 1568 2834 ζ)
1589 2803 1695 2824 natura.
1707 2813 1726 2818 -
1744 2799 1845 2828 Tertia;
1865 2799 1915 2823 tali
1933 2802 2031 2823 natura
2050 2798 2080 2827 E.
2102 2798 2152 2823 Dei
2171 2801 2270 2823 natura
2287 2797 2374 2824 ceteri.

1543 2834 1570 2869 η)
1590 2835 1759 2867 relinquitur.
1771 2849 1790 2853 —
1809 2837 1915 2865 oportet
1933 2834 1973 2863 FI,
1992 2834 2141 2866 requiritur
2159 2833 2187 2859 Ρ.

1047 2907 1382 2939 Commentario.
1404 2906 1657 2939 Cardinalis
1679 2905 1880 2938 Caietam

400 2999 420 3019 N
445 2989 537 3019 titulo
562 2989 684 3019 articuli
708 2989 844 3029 septimi,
870 2988 996 3018 adverte
1020 2986 1109 3027 quod
1132 2987 1208 3017 istae
1232 2987 1434 3027 quaestiones

374 3001 483 3073 Iquae
507 3034 559 3063 hic
582 3039 754 3063 moventur
779 3033 817 3063 de
836 3032 998 3072 possibili,
1022 3042 1090 3062 non
1116 3031 1190 3062 ideo
1206 3036 1378 3061 moventur
1400 3036 1436 3061 ut

369 3077 554 3107 discutiatur
577 3077 637 3106 Dei
660 3078 819 3116 potentia:
850 3076 905 3106 sed
928 3082 964 3106 ut
987 3075 1099 3106 exinde
1123 3076 1310 3116 mysterium
1332 3076 1434 3105 incar-

369 3122 505 3151 nationis
529 3120 629 3150 factae
652 3121 752 3159 magis
775 3121 962 3150 innotescat.
988 3119 1206 3150 Manifestatur
1221 3119 1380 3160 siquidem
1396 3129 1433 3149 ex

370 3166 417 3195 his
448 3175 530 3205 quae
562 3164 761 3194 discutiendo
792 3165 847 3193 has
881 3165 1083 3203 quaestiones
1116 3163 1283 3200 dicuntur,
1315 3163 1432 3204 qualis,

371 3215 519 3249 quantus,
537 3215 608 3243 etc„
633 3214 679 3238 est
702 3217 759 3247 per
775 3217 807 3237 se
831 3208 936 3247 primo
953 3209 1107 3238 terminus
1123 3209 1358 3244 incarnationis,
1376 3208 1434 3238 sci-

370 3254 443 3283 licet
467 3262 603 3293 persona
626 3252 738 3282 Verbi:
764 3256 795 3281 et
819 3251 920 3291 qualis
945 3257 990 3281 est
1013 3252 1199 3282 huiusmodi
1222 3253 1300 3282 unio
1325 3262 1363 3282 ex
1386 3261 1434 3282 re-

370 3303 481 3336 spectu
510 3297 548 3327 ad
573 3296 647 3326 alias
670 3305 822 3335 personas
846 3300 876 3324 et
899 3301 1041 3330 naturas,
1073 3297 1172 3335 magis
1196 3306 1232 3326 ac
1254 3297 1355 3336 magis
1381 3306 1434 3326 ex·

371 3341 514 3380 plicatur.

426 3385 460 3415 In
485 3394 620 3424 corpore
644 3383 766 3414 articuli
789 3393 852 3413 una
870 3388 915 3412 est
939 3382 1105 3412 conclusio
1130 3384 1313 3423 responsiva
1337 3394 1434 3424 quae-

372 3429 431 3457 sito
456 3429 655 3458 affirmative:
686 3428 831 3457 Persona
855 3426 980 3462 divina,
1007 3431 1142 3466 praeter
1165 3432 1314 3457 naturam
1338 3437 1433 3468 quam

372 3473 550 3511 assumpsit,
570 3477 677 3512 potest
699 3472 798 3502 aliam
822 3480 955 3501 numero
981 3475 1131 3500 naturam
1155 3480 1326 3501 assumere.
1361 3471 1433 3507 Ubi,

372 3522 542 3555 antequam
573 3516 718 3546 afferatur
749 3515 911 3555 probatio,
941 3519 1017 3544 nota
1041 3513 1145 3553 quod,
1177 3515 1251 3553 quia
1275 3524 1434 3544 assumere

372 3560 564 3599 principium
590 3565 619 3590 et
643 3560 814 3590 terminum
834 3558 1058 3598 assumptionis
1083 3558 1242 3597 importat,
1267 3558 1340 3588 ideo
1357 3567 1434 3588 con-

1486 2986 1587 3016 clusio
1611 2986 1765 3026 probatur
1786 2986 1892 3026 primo
1917 2995 1954 3015 ex
1970 2990 2058 3025 parte
2074 2984 2232 3025 principii,
2256 2983 2375 3015 scilicet
2388 2982 2551 3024 potentiae

1486 3030 1612 3061 divinae
1635 3031 1669 3060 in
1692 3029 1799 3060 divina
1821 3039 1975 3070 persona;
1999 3028 2154 3065 secundo,
2179 3038 2218 3059 ex
2234 3033 2323 3068 parte
2337 3027 2474 3062 termini,
2491 3027 2551 3058 scif-

1485 3075 1560 3105 licet
1582 3075 1814 3114 personalitatis
1833 3073 1968 3104 divinae.
1993 3073 2086 3104 Unde
2103 3071 2212 3113 quoad
2225 3072 2375 3112 primum,
2397 3071 2552 3111 probatur

1487 3119 1540 3149 sic.
1566 3117 1666 3156 Quod
1688 3124 1795 3158 potest
1817 3119 1850 3148 in
1875 3127 1978 3148 unum
2002 3122 2033 3148 et
2055 3126 2124 3148 non
2145 3117 2181 3147 in
2202 3115 2350 3156 amplius,
2372 3115 2469 3146 habet
2490 3124 2550 3156 po-

1486 3163 1618 3193 tentiam
1641 3162 1807 3192 limitatam
1828 3161 1867 3192 ad
1882 3171 1995 3192 unum.
2020 3160 2083 3192 Sed
2098 3160 2242 3201 potentia
2255 3158 2380 3190 divinae
2394 3167 2551 3199 personae

1487 3212 1534 3237 est
1556 3205 1696 3242 infinita,
1728 3215 1788 3236 nec
1811 3206 1982 3236 limitabilis
2011 3204 2052 3235 ad
2079 3202 2199 3244 aliquid
2225 3207 2376 3233 creatum.
2408 3201 2504 3242 Ergo.
2527 3221 2551 3225 —

1487 3250 1606 3288 Quoad
1629 3250 1824 3286 secundum,
1848 3251 2001 3291 probatur
2023 3249 2078 3279 sic.
2114 3247 2146 3279 Si
2168 3256 2236 3278 non
2257 3250 2367 3287 posset
2388 3255 2550 3277 assumere

1487 3296 1580 3326 aliam
1603 3301 1766 3331 naturam,
1797 3299 1983 3334 sequeretur
2005 3291 2095 3333 quod
2116 3290 2323 3331 personalitas
2345 3289 2472 3321 divinae
2494 3299 2550 3320 na-

1487 3345 1575 3370 turae
1599 3345 1681 3370 esset
1703 3340 1746 3369 ita
1770 3338 2000 3379 comprehensa
2028 3345 2086 3376 per
2108 3344 2207 3366 unam
2228 3339 2375 3365 naturam
2397 3333 2488 3374 quod
2509 3333 2550 3364 ad

1487 3385 1555 3414 eius
1578 3383 1836 3423 personalitatem
1865 3382 1926 3412 alia
1948 3379 2066 3412 assumi
2087 3388 2156 3410 non
2178 3383 2296 3419 posset.
2331 3377 2394 3409 Sed
2416 3378 2480 3408 hoc
2503 3383 2550 3408 est

1487 3427 1700 3467 impossibile:
1733 3427 1809 3468 quia
1838 3427 2014 3456 increatum
2039 3433 2061 3463 *a
2084 3423 2190 3454 creato
2222 3420 2453 3463 comprehendi
2481 3431 2550 3452 non

1487 3476 1601 3511 potest.
1626 3470 1722 3510 Ergo„

1542 3514 1578 3544 11.
1603 3513 1696 3544 Circa
1719 3514 1806 3545 illam
1835 3512 2100 3554 propositionem,
2134 3509 2230 3547 Quod
2251 3515 2359 3550 potest
2388 3510 2420 3540 in
2450 3519 2549 3541 unum

1487 3563 1517 3587 ee
1541 3568 1604 3588 non
1630 3558 1661 3588 in
1686 3558 1838 3598 amplius,
1862 3557 1956 3588 habet
1970 3555 2151 3597 potentiam
2175 3553 2344 3585 limitatam
2366 3554 2409 3585 ad
2432 3563 2548 3590 unum,

2583 338 2658 386 gdAJ-t.
2680 337 2795 366 praeced,

2585 755 2593 764 ⁸
2606 754 2634 776 D.
2649 759 2699 782 9²7-

2582 1627 2611 1650 nd
2626 1635 2645 1651 ι.
