2872 3970
153 891 214 940 hg.
230 897 268 919 qu.
280 897 310 918 lv,
326 891 350 912 ln

172 3402 182 3412 ⁸
196 3401 231 3422 De
244 3400 301 3422 Fide
312 3400 379 3421 orm.

171 3427 209 3450 lib.
224 3427 262 3453 ΙΙΙ,
278 3432 328 3455 cap.
344 3434 379 3448 xv.

399 283 468 320 106

1058 281 1321 328 QUAESTIO
1350 282 1433 328 VII,
1463 281 1755 320 ARTICULUS
1783 283 1797 319 1

1074 506 1486 583 QUAESTIO
1524 508 1892 565 SEPTIMA

500 629 583 669 DE
618 629 848 669 GRATIA
883 627 1121 668 CHRISTI
1157 626 1495 668 SECUNDUM
1530 627 1703 679 QUOD
1738 628 1852 669 EST
1887 629 2250 671 SINGULARIS
2285 630 2462 670 HOMO

1178 742 1212 767 IN
1239 742 1419 767 TREDECIM
1447 741 1648 767 ARTICULOS
1675 743 1787 768 DIVISA

476 849 580 874 amon
615 834 940 873 considerandum
975 841 1031 870 est
1058 834 1105 870 de
1145 833 1399 882 coassumptis
1432 845 1455 870 a

354 903 364 907 ·
476 889 572 926 Filio
597 889 668 926 Dei
695 888 733 925 in
761 889 934 924 humana
960 894 1095 924 natura
1112 885 1142 923 ³¹².
1174 887 1221 922 Et
1246 885 1385 935 primo,
1406 885 1454 923 de

394 942 451 979 his
479 954 578 991 quae
606 941 794 991 pertinent
813 940 859 977 ad
880 939 1173 990 perfectionem3
1203 939 1386 985 secundo,
1407 938 1454 975 de

394 994 451 1031 his
472 1007 571 1043 quae
591 993 779 1044 pertinent
807 993 855 1030 ad
884 993 1075 1030 defectum
1093 992 1124 1028 ²¹⁶.
1156 991 1266 1029 Circa
1284 991 1456 1041 primum

393 1047 671 1084 consideranda
699 1054 787 1083 sunt
815 1045 901 1082 tria:
932 1045 1072 1095 primo,
1093 1045 1141 1082 de
1160 1044 1277 1093 gratia
1297 1043 1454 1090 Christi;

393 1100 584 1147 secundo,
614 1100 661 1136 de
691 1098 844 1136 scientia
873 1098 955 1136 eius
974 1098 1011 1145 *3
1048 1097 1177 1146 tertio,
1206 1097 1254 1134 de
1287 1097 1456 1147 potentia

394 1153 512 1202 ipsius
531 1153 561 1189 ²¹².

445 1206 503 1243 De
522 1205 639 1254 gratia
659 1212 788 1242 autem
809 1203 948 1242 Christi
968 1203 1294 1241 considerandum
1313 1211 1368 1241 est
1386 1203 1456 1240 du-

393 1258 553 1308 pliciter:
584 1258 710 1308 primo
735 1257 907 1307 quidem,
927 1257 975 1294 de
994 1256 1111 1305 gratia
1130 1256 1212 1293 eius
1240 1257 1456 1294 secundum

393 1312 500 1360 quod
529 1319 583 1348 est
612 1310 809 1359 singularis
830 1315 846 1332 α
875 1311 1015 1355 homo;
1045 1310 1235 1355 secundo,
1265 1309 1312 1346 de
1340 1308 1457 1357 gratia

394 1364 474 1401 eius
503 1364 719 1401 secundum
739 1363 846 1413 quod
875 1371 929 1400 est
948 1370 1063 1412 caput
1082 1362 1273 1400 Ecclesiae
1292 1362 1323 1400 ²⁸.
1353 1364 1457 1400 Nam

394 1418 441 1454 de
469 1417 586 1465 gratia
614 1416 768 1454 unionis
796 1416 873 1464 iam
891 1415 912 1438 ‘¹‘
940 1415 1085 1452 dictum
1114 1423 1179 1452 est.

396 1469 505 1506 Circa
533 1469 704 1519 primum
733 1477 973 1518 quaeruntur
999 1468 1194 1505 tredecim.

447 1522 596 1560 Primo:
618 1530 748 1559 utrum
769 1522 807 1558 in
828 1521 956 1559 anima
973 1520 1111 1558 Christi
1131 1521 1176 1557 sit
1195 1520 1323 1570 aliqua
1341 1520 1459 1568 gratia
1484 1545 1486 1553 ι

499 1575 714 1612 habitualis,

1563 833 1763 871 Secundo:
1794 841 1924 872 utrum
1945 834 1983 872 in
2004 835 2154 873 Christo
2174 836 2312 873 fuerint
2330 836 2497 874 virtutes.

1562 885 1716 923 Tertio:
1746 894 1878 923 utrum
1906 887 1945 924 in
1973 900 2020 925 eo
2047 888 2158 925 fuerit
2185 888 2293 926 fides.

1564 939 1733 986 Quarto:
1764 947 1895 976 utrum
1923 940 2034 978 fuerit
2061 940 2101 978 in
2129 953 2176 978 eo
2205 954 2303 991 spes,

1565 991 1732 1039 Quinto:
1763 999 1894 1030 utrum
1922 993 1961 1030 in
1991 993 2142 1031 Christo
2170 994 2309 1031 fuerint
2336 995 2450 1033 dona.

1566 1045 1699 1082 Sexto:
1725 1053 1855 1082 utrum
1876 1045 1915 1082 in
1935 1045 2086 1083 Christo
2107 1045 2218 1083 fuerit
2236 1046 2383 1085 timoris
2408 1049 2570 1086 donum.

1566 1097 1759 1147 Septimo:
1790 1106 1921 1135 utrum
1941 1098 1979 1135 in
2001 1098 2152 1136 Christo
2171 1099 2310 1137 suerint
2327 1100 2466 1149 gratiae
2491 1114 2572 1150 gra-

1617 1150 1663 1187 tis
1691 1151 1812 1188 datae.

1565 1203 1735 1241 Octavo:
1766 1212 1897 1241 utrum
1925 1203 1965 1241 in
1995 1204 2146 1242 Christo
2174 1204 2285 1242 fuerit
2305 1207 2518 1256 prophetia.

1564 1257 1704 1294 Nono:
1734 1265 1866 1294 utrum
1885 1256 1924 1294 in
1943 1270 1990 1295 eo
2009 1257 2120 1294 fuerit
2146 1258 2345 1307 plenitudo
2367 1259 2517 1308 gratiae.

1565 1309 1752 1347 Decimo:
1796 1317 1927 1347 utrum
1968 1309 2050 1348 talis
2091 1310 2289 1360 plenitudo
2332 1311 2378 1349 sit
2418 1312 2574 1363 propria

1620 1362 1770 1400 Christi.

1566 1415 1802 1453 Undecimo:
1833 1424 1963 1454 utrum
1993 1416 2131 1454 Christi
2160 1417 2278 1465 gratia
2297 1417 2342 1455 sit
2360 1417 2519 1456 infinita.

1566 1468 1830 1506 Duodecimo:
1860 1477 1991 1506 utrum
2020 1469 2185 1519 potuerit
2213 1470 2353 1519 augeri.

1565 1521 1873 1559 Tertiodecimo:
1913 1521 2074 1571 qualiter
2101 1523 2196 1560 haec
2223 1523 2340 1572 gratia
2368 1536 2408 1560 se
2437 1523 2575 1562 habeat

1620 1574 1669 1610 ad
1698 1573 1897 1612 unionem.

1208 1691 1526 1734 ARTICULUS
1558 1692 1763 1735 PRIMUS

726 1795 883 1826 UTRUM
908 1794 950 1824 IN
975 1794 1117 1824 ANIMA
1140 1793 1371 1824 AssuMPTA
1394 1793 1423 1823 A
1446 1793 1591 1824 VERBO
1616 1793 1775 1825 FUERIT
1800 1793 1964 1825 GRATIA
1988 1794 2250 1826 HABITUALIS

531 1884 560 1909 111
581 1884 663 1911 Sent„
684 1883 741 1908 dist.
760 1890 813 1914 x111,
833 1890 876 1915 qu.
895 1889 912 1910 ι,
932 1887 977 1907 art.
1000 1888 1026 1912 1;
1048 1881 1089 1906 De
1106 1881 1195 1910 verit..
1215 1889 1260 1914 qu.
1278 1888 1344 1911 xx1x,
1363 1885 1410 1906 art.
1430 1887 1441 1905 1
1452 1888 1459 1912 ;
1481 1880 1624 1912 compend.
1646 1880 1743 1909 Ytueol„
1763 1888 1817 1913 cap.
1837 1887 1925 1910 ccxm.
1943 1888 2033 1912 ecxtv;
2054 1881 2084 1906 In
2104 1881 2186 1911 toan„
2206 1889 2261 1914 cap.
2279 1889 2316 1913 111,
2334 1882 2392 1908 lect.
2409 1890 2443 1908 νι.

526 1995 566 2019 ‹2ae
607 1984 629 2008 D
658 1982 794 2007 Palmum
822 1982 873 2006 sm
902 1981 1138 2007 PROGEDITUR.
1169 1969 1330 2006 Videtur
1353 1967 1460 2018 quod

422 2016 471 2045 ’“””
514 2013 581 2076 Q}
609 2024 648 2060 in
667 2023 797 2060 anima
815 2030 1013 2071 assumpta
1041 2034 1063 2059 a
1081 2022 1211 2059 Verbo
1240 2033 1320 2058 non
1349 2020 1461 2058 fuerit

413 2058 526 2126 ,visam
543 2063 576 2126 ’ἢ
589 2076 597 2082 “
608 2076 725 2125 gratia
744 2075 956 2112 habitualis,
987 2074 1117 2112 Gratia
1136 2074 1241 2111 enirn
1269 2082 1325 2111 est
1343 2085 1460 2123 quae-

453 2106 542 2160 (233
564 2122 701 2167 Xdam
729 2128 965 2178 participatio
994 2127 1198 2165 divinitatis
1226 2126 1265 2164 in
1289 2134 1461 2164 creatura

399 2183 590 2221 rationali:
631 2182 847 2219 secundum
876 2181 967 2218 illud
996 2182 1025 2217 II
1054 2180 1219 2217 Pet.1*:
1250 2181 1325 2217 Per
1352 2191 1460 2230 quem

398 2248 540 2286 magna
569 2242 601 2272 et
623 2237 786 2285 pretiosa
815 2236 918 2271 nobis
940 2235 1128 2283 promissa
1156 2234 1317 2279 donavit,
1344 2239 1381 2269 ut
1408 2233 1460 2269 di-

397 2291 507 2327 vinae
541 2290 655 2325 simus
691 2293 877 2324 consortes
913 2293 1080 2324 naturae.
1125 2285 1298 2323 Christus
1330 2293 1461 2322 autem

399 2343 505 2379 Deus
533 2349 588 2378 est
616 2353 696 2378 non
724 2339 996 2389 participative,
1027 2339 1094 2376 sed
1123 2339 1338 2376 secundum
1363 2338 1461 2375 veri-

398 2403 527 2432 tatem.
558 2395 659 2442 Ergo
689 2393 728 2430 in
757 2405 803 2430 eo
833 2405 913 2430 non
940 2392 1008 2430 fuit
1035 2392 1152 2440 gratia
1180 2391 1393 2429 habitualis.

454 2459 488 2484 2.
519 2449 750 2492 PRAETEREA,
770 2446 887 2494 gratia
916 2446 964 2483 ad
984 2447 1059 2482 hoc
1087 2453 1143 2482 est
1161 2444 1374 2482 necessaria
1392 2445 1461 2481 ho-

400 2500 494 2537 mini
514 2509 555 2537 ut
574 2513 643 2550 per
661 2512 749 2536 eam
776 2499 875 2535 bene
905 2506 1095 2548 operetur,
1125 2498 1342 2534 secundum
1369 2497 1461 2534 illud

400 2555 412 2590 I
446 2555 532 2591 Cor.
554 2566 600 2590 xv
619 2553 651 2600 ²³⁴,
679 2552 937 2590 Abundantius
965 2553 1135 2588 omnibus
1163 2551 1335 2588 laboravi
1343 2564 1354 2586 .·
1386 2563 1460 2587 non

400 2613 522 2643 autem
550 2618 643 2656 ego,
671 2606 736 2642 sed
761 2606 886 2655 gratia
913 2606 988 2642 Dei
1013 2616 1180 2647 mecum;
1208 2611 1244 2640 et
1271 2603 1385 2639 etiam
1413 2603 1462 2639 ad

401 2661 476 2697 hoc
509 2659 616 2708 quod
654 2659 776 2695 homo
813 2664 1072 2706 consequatur
1098 2656 1217 2693 vitam
1254 2663 1461 2703 aeternam,

401 2712 617 2749 secundum
652 2711 745 2748 illud
773 2712 884 2747 Rom.
913 2722 948 2746 Vl
966 2709 1007 2757 ³¹²,
1041 2710 1172 2746 Gratia
1199 2710 1273 2746 Dei
1303 2711 1378 2747 vita
1405 2721 1462 2745 ae-

401 2772 518 2802 terna.
550 2765 625 2802 Sed
656 2763 826 2810 Christo,
857 2776 903 2800 ex
932 2764 1006 2799 hoc
1035 2764 1117 2799 solo
1147 2762 1254 2811 quod
1287 2769 1366 2798 erat
1397 2773 1463 2798 na-

401 2817 530 2855 turalis
567 2817 685 2854 Filius
722 2816 814 2863 Dei,
852 2816 1062 2852 debebatur
1089 2814 1104 2844 β
1140 2814 1329 2852 hereditas
1364 2814 1463 2851 vitae

402 2879 564 2908 aeterna.
595 2871 653 2907 Ex
686 2871 762 2906 hoc
789 2869 903 2906 etiam
932 2869 1039 2918 quod
1072 2876 1150 2905 erat
1177 2867 1366 2910 Verbum,
1396 2879 1465 2917 per

286 2936 311 2951 0⁸
359 2936 374 2955 ’ν
402 2924 509 2973 quod
527 2925 636 2972 sacta
654 2929 737 2960 sunt
756 2924 882 2960 omnia
896 2922 927 2970 ³¹²,
949 2922 1077 2958 aderat
1096 2920 1130 2958 ei
1153 2921 1309 2958 facultas
1333 2919 1465 2957 omnia

402 2977 506 3014 bona
531 2981 546 3004 Υ
575 2975 771 3026 operandi.
815 2976 907 3012 Non
936 2973 1047 3023 igitur
1081 2974 1297 3011 secundum
1330 2974 1464 3010 huma-

403 3042 494 3066 nam
523 3037 696 3066 naturam
735 3028 925 3076 indigebat
960 3027 1032 3065 alia
1064 3026 1181 3075 gratia
1216 3025 1287 3063 nisi
1319 3025 1464 3063 unione

404 3082 453 3119 ad
480 3082 664 3119 Verbum.

460 3135 493 3171 3.
524 3135 762 3179 ΡκΑΕτΕκΕΑ,
796 3133 888 3170 illud
922 3134 1029 3182 quod
1066 3141 1247 3182 operatur
1277 3144 1347 3182 per
1382 3143 1465 3169 mo-

405 3187 501 3224 dum
520 3186 772 3232 instrumenti,
793 3197 872 3222 non
893 3185 1032 3234 indiget
1061 3185 1194 3222 habitu
1222 3186 1270 3222 ad
1291 3183 1466 3234 proprias

406 3238 668 3289 operationes,
698 3238 765 3274 sed
793 3237 944 3274 habitus
982 3239 1162 3275 fundatur
1196 3238 1235 3275 in
1268 3236 1466 3288 principali

406 3299 550 3339 agente.
590 3291 774 3328 Humana
810 3298 939 3327 autem
975 3299 1109 3328 natura
1142 3291 1181 3328 in
1211 3290 1361 3328 Christo
1398 3289 1467 3327 fuit

408 3344 502 3381 sicut
530 3346 809 3381 instrumentum
838 3343 996 3379 deitatis:
1024 3350 1065 3379 ut
1085 3342 1172 3380 dicit
1190 3344 1465 3390 Damascenus,

409 3396 446 3432 in
475 3398 519 3433 ΙΙΙ
548 3396 644 3433 libro
663 3395 693 3432 *.
731 3396 832 3443 Ergo
862 3394 899 3431 in
930 3393 1080 3431 Christo
1110 3407 1189 3432 non
1227 3396 1358 3433 debuit
1385 3408 1466 3433 esse

409 3448 534 3497 aliqua
562 3448 678 3496 gratia
706 3447 918 3484 habitualis.

463 3562 490 3595 α)
510 3562 663 3595 singularis.
682 3575 701 3580 -
718 3561 826 3594 quidam
845 3560 991 3592 singularis
1010 3559 1091 3585 tertia.

464 3595 489 3631 β)
509 3597 659 3622 debebatur.
677 3610 697 3615 -
714 3597 738 3621 ei
757 3597 826 3621 addit
844 3597 915 3620 tertia
935 3600 1035 3628 praeter
1054 3595 1076 3624 1;
1096 3602 1143 3627 pro
1164 3595 1216 3623 Ex,
1241 3595 1274 3619 Et
1292 3602 1328 3620 ex
1347 3595 1427 3622 tertia.

1567 1968 1641 2005 Set>
1670 1980 1814 2005 CONTRA
1842 1980 1908 2005 EST
1935 1969 2044 2018 quod
2079 1969 2216 2006 dicitur
2250 1970 2366 2008 Isaiae
2384 1983 2419 2008 xl
2437 1970 2474 2008 *:
2503 1972 2575 2009 Re·
2601 1981 2611 1993 ·

1514 2022 1670 2071 quiescet
1694 2034 1806 2071 super
1833 2034 1917 2058 eum
1946 2023 2101 2071 Spiritus
2127 2023 2300 2060 Domini:
2327 2023 2394 2072 qui
2415 2023 2574 2073 quidem

1513 2085 1596 2110 esse
1625 2073 1665 2111 in
1693 2073 1852 2111 homine
1881 2073 2018 2112 dicitur
2044 2087 2114 2124 per
2139 2075 2299 2123 gratiam
2327 2076 2574 2126 habitualem,

1513 2133 1556 2163 ut
1583 2126 1622 2163 in
1641 2126 1772 2164 Prima
1790 2127 1899 2164 Parte
1918 2127 1939 2149 *
1965 2127 2111 2165 dictum
2139 2136 2205 2165 est.
2235 2129 2336 2176 Ergo
2363 2129 2402 2166 in
2422 2129 2574 2168 Christo

1513 2178 1583 2216 fuit
1609 2179 1726 2227 gratia
1753 2179 1967 2217 habitualis,

1567 2233 1792 2270 Responmzo
1819 2245 2000 2270 monimum
2029 2233 2135 2283 quod
2164 2245 2318 2271 necesse
2347 2242 2402 2271 est
2430 2247 2576 2284 ponere

1514 2284 1554 2321 in
1575 2285 1726 2322 Christo
1753 2285 1914 2334 gratiam
1939 2286 2186 2334 habitualem,
2205 2295 2364 2337 propter
2385 2287 2467 2325 tria.
2496 2287 2577 2326 Pri-

1515 2350 1581 2375 mo
1610 2338 1788 2387 quidem,
1816 2346 1974 2388 propter
2000 2339 2187 2377 unionem
2215 2339 2366 2377 animae
2400 2340 2499 2378 illius
2526 2341 2576 2379 ad

1514 2391 1688 2428 Verbum
1716 2391 1799 2429 Dei.
1832 2392 1989 2439 Quanto
2018 2391 2122 2430 enim
2149 2392 2307 2442 aliquod
2339 2393 2576 2443 receptivum

1514 2443 1771 2493 propinquius
1790 2452 1846 2481 est
1864 2457 2002 2482 causae
2021 2445 2208 2493 influenti,
2227 2453 2332 2482 tanto
2351 2445 2472 2494 magis
2489 2458 2576 2496 par-
2636 2443 2639 2445 ’

1515 2496 1643 2546 ticipat
1662 2498 1709 2534 de
1728 2497 1928 2535 influentia
1946 2498 2076 2548 ipsius.
2097 2498 2269 2536 Influxus
2288 2506 2419 2535 autem
2437 2499 2576 2547 gratiae

1516 2557 1571 2586 est
1598 2563 1620 2586 a
1648 2551 1750 2587 Deo:
1785 2551 2001 2588 secundum
2037 2551 2130 2588 illud
2167 2551 2309 2588 Psalmi
2326 2551 2363 2588 *ε
2407 2552 2577 2590 Gratiam
2605 2591 2614 2606 Ι

1516 2608 1549 2638 et
1575 2603 1739 2652 gloriam
1768 2604 1867 2640 dabit
1892 2605 2088 2641 Dominus.
2122 2605 2170 2641 Et
2197 2603 2285 2641 ideo
2313 2604 2481 2642 maxime
2508 2604 2578 2643 fuit
2630 2600 2637 2606 ’

1517 2655 1753 2692 conveniens
1780 2664 1822 2693 ut
1850 2655 1979 2694 anima
2006 2655 2068 2694 illa
2096 2656 2279 2706 reciperet
2307 2657 2499 2695 influxum
2523 2657 2578 2696 di-

1516 2707 1630 2745 vinae
1658 2708 1807 2756 gratiae.
1838 2728 1840 2730 v

1572 2762 1772 2808 Secundo,
1802 2769 1959 2810 propter
1994 2762 2231 2799 nobilitatem
2267 2762 2366 2800 illius
2402 2762 2576 2810 animae,

1517 2813 1627 2851 cuius
1655 2813 1896 2863 operationes
1933 2815 2133 2864 oportebat
2169 2815 2493 2866 propinquissime
2524 2823 2577 2854 at-

1517 2866 1659 2914 tingere
1688 2867 1736 2903 ad
1769 2867 1898 2904 Deum
1934 2879 2004 2917 per
2040 2867 2299 2915 cognitionem
2326 2877 2363 2906 et
2390 2880 2575 2906 amorem.

1518 2920 1577 2956 Ad
1597 2920 1704 2968 quod
1723 2931 1877 2956 necesse
1896 2928 1951 2957 est
1970 2921 2109 2958 elevari
2128 2922 2342 2959 humanam
2360 2919 2374 2944 δ
2401 2929 2577 2959 naturam

1517 2984 1586 3022 per
1612 2980 1783 3020 gratiam.

1571 3025 1715 3069 Tertio,
1744 3033 1901 3075 propter
1927 3026 2194 3064 habitudinem
2221 3026 2340 3077 ipsius
2363 3025 2501 3064 Christi
2528 3026 2578 3064 ad

1518 3090 1639 3126 genus
1667 3079 1898 3116 humanum.
1929 3079 2102 3117 Christus
2123 3079 2239 3126 enim,
2259 3079 2489 3129 inquantum
2507 3079 2577 3116 ho-

1519 3143 1604 3174 mo,
1634 3139 1689 3168 est
1717 3132 1898 3169 mediator
1931 3133 2004 3169 Dei
2029 3138 2062 3169 et
2088 3134 2300 3179 hominum,
2326 3138 2369 3168 ut
2400 3130 2537 3169 dicitur
2563 3132 2577 3169 Ι

1524 3186 1618 3222 Tim.
1639 3196 1660 3221 11
1678 3184 1709 3221 ²¹⁸.
1749 3185 1796 3221 Et
1824 3183 1911 3221 ideo
1940 3185 2140 3235 oportebat
2173 3184 2280 3234 quod
2307 3183 2463 3221 haberet
2495 3195 2577 3232 gra-
2603 3192 2615 3203 ·

1519 3236 1610 3274 tiarn
1637 3237 1750 3274 etiarn
1780 3236 1818 3274 in
1846 3236 1940 3274 alios
1967 3237 2264 3275 redundantem:
2293 3236 2509 3274 secundum
2537 3236 2577 3274 il-

1520 3291 1587 3328 lud
1614 3291 1716 3327 Ioan.
1738 3302 1747 3327 1
1766 3289 1805 3327 *ε
1844 3291 1902 3327 De
1923 3290 2150 3340 plenitudine
2175 3290 2252 3326 eius
2277 3300 2406 3326 omnes
2436 3290 2577 3339 accepi-

1519 3356 1612 3389 mus,
1641 3344 1805 3393 gratiam
1827 3355 1902 3392 pro
1928 3343 2064 3393 gratia.

1574 3398 1631 3433 Ao
1660 3408 1794 3433 PR1MUM
1822 3407 1919 3433 ERGO
1956 3405 2135 3432 memnon
2171 3394 2279 3443 quod
2317 3393 2489 3431 Christus
2523 3402 2578 3431 est

1520 3461 1636 3486 verus
1664 3449 1770 3485 Deus
1798 3447 2013 3485 secundum
2038 3457 2245 3496 personam
2264 3453 2300 3483 et
2318 3455 2495 3484 naturam
2523 3446 2578 3484 di-

1576 3562 1603 3594 γ)
1623 3562 1700 3587 bona.
1717 3575 1736 3580 -
1755 3561 1818 3587 bene
1837 3561 1885 3586 PF.

1575 3595 1600 3630 ὃ)
1620 3597 1773 3622 humanam.
1790 3610 1810 3615 —
1829 3595 1985 3621 rationalem
2004 3594 2084 3620 tertia.

2626 1980 2692 2003 ven,
2707 1987 2728 2004 2.

2602 2135 2815 2164 ’Quanam-14.

2629 3189 2697 3213 ven.
2711 3196 2732 3220 5.

2607 3296 2616 3306 ⁸
2631 3294 2698 3317 vm.
2714 3294 2752 3317 ¹⁶·
