2912 4030
0 53 12 96 ἓ

0 92 8 148 3

0 148 6 164 ί

326 343 413 351 .....
425 320 583 359 penitentia
603 319 768 348 mortalium
789 325 817 346 et
837 317 1003 346 venialium.
1363 313 1366 338 Ι

327 362 438 390 Deinde
459 361 703 390 considerandum
725 366 767 387 est
789 359 825 386 de
846 357 975 394 partibus
996 356 1164 393 penitentie.
1331 350 1341 365 ⁸

327 402 422 438 primo
443 403 480 430 de
501 399 685 431 contritione.

327 443 456 470 secundo
477 442 514 469 de
536 439 728 468 confessione.

326 481 411 510 tertio
424 482 470 509 de
490 479 693 509 satisfactione.
1092 511 1094 513 .

327 521 451 558 Explicit
479 526 574 551 totum
605 519 676 548 illud
702 520 783 556 quod
810 519 932 546 habetur
953 519 989 546 de
1010 517 1094 546 tertia
1122 522 1202 552 parte
1230 523 1342 543 summe

272 561 446 591 venerabilis
459 560 552 593 fratris
565 561 666 588 thome
680 560 717 588 de
730 558 840 596 aquino
854 558 966 586 ordinis
988 558 1105 585 fratrum
1126 556 1342 593 predicatorum

275 601 325 638 qui
345 608 501 638 preventus
521 606 614 629 morte
635 608 699 628 eam
721 599 859 636 perficere
879 607 941 627 non
962 597 1065 634 potuit.
1216 634 1221 639 -

328 643 404 670 Nota
425 642 506 678 quod
525 639 581 678 qo}
600 647 691 669 ·xxtt·
711 639 833 667 articulo
860 638 909 674 -ij-
929 637 1024 666 deficit
1045 636 1152 665 solutio
1180 635 1240 671 ·iiJ·
1258 644 1343 672 argu-

275 681 387 709 menti·
401 681 432 710 in
446 680 578 718 originali
599 680 681 709 istius
699 679 782 708 tertie
797 678 886 715 partis
900 677 993 707 fratris
1009 679 1108 706 thome
1121 683 1149 704 et
1163 676 1194 704 in
1208 675 1344 703 omnibus

2415 246 2462 270 XV

1454 314 1504 344 18.
1528 314 1601 344 Alia
1617 314 1762 353 quaestio
1780 319 1837 349 est,
1855 318 1964 344 utrum
1980 319 2109 344 notator
2131 323 2241 354 reapse
2256 313 2369 344 viderit
2388 313 2466 344 Ter-

1395 358 1456 388 tiae
1480 359 1579 388 Partis
1595 355 1852 398 autographum?
1876 357 1958 388 Nam
1976 357 2054 388 dum
2069 358 2209 388 locutio:
2238 359 2378 400 «frater
2398 358 2466 388 tho-

1396 411 1498 433 mas...
1522 412 1591 433 non
1606 402 1813 442 prosequitur
1836 402 2026 432 auctoritem
2050 402 2105 433 sed
2129 402 2257 433 dimittit
2279 403 2418 442 spatium
2433 403 2466 432 in

1397 447 1543 486 originali
1563 460 1590 483 »‚
1615 446 1742 477 alterius
1767 452 1872 477 sermo
1898 456 1966 476 esse
1988 456 2056 477 non
2079 452 2186 487 potest
2209 456 2307 487 quam
2327 447 2466 477 hominis

1398 491 1454 531 qui
1470 490 1510 521 de
1527 491 1728 531 autographo
1751 500 1877 521 narrare
1907 490 2060 527 intendit,
2086 491 2159 521 ideo
2183 491 2302 522 inutilis
2326 490 2467 522 redditur

1398 535 1544 575 quaestio
1569 544 1609 565 an
1632 534 1776 565 intendat
1797 544 1922 565 narrare
1945 534 1984 565 de
2009 535 2117 575 aliquo
2135 535 2246 566 codice
2269 536 2466 575 apographo,

1398 589 1436 609 ex
1453 588 1519 619 quo
1543 580 1611 619 ipse
1636 584 1740 609 certos
1757 579 1836 609 alios
1859 580 2064 619 transcriptos
2085 589 2152 610 esse
2176 580 2304 616 sciebat,
2321 585 2467 620 respectu

1399 632 1540 663 quorum
1563 623 1785 663 apographum
1809 623 1962 663 originale
1986 630 2132 660 vocaret;
2159 637 2173 650 «κ
2192 623 2286 654 frater
2308 625 2467 654 thomas...

1399 667 1528 698 dimittit
1547 681 1560 694 x·
1587 668 1671 697 hanc
1694 667 1940 707 explicationem
1971 668 2119 698 excludit.
2152 668 2228 698 Non
2250 676 2350 708 urgeo·
2373 669 2468 698 verba

275 721 339 749 aliis
364 721 432 759 quia
452 721 490 749 ab
511 720 560 749 illa
589 719 730 758 originem
762 725 956 755 sumpserunt.
996 719 1020 762 ⁸5
1042 718 1112 746 Item
1134 726 1152 753 q
1174 715 1251 752 dvij·
1276 715 1343 743 arti·
1369 714 1372 754 Ι
1402 725 1416 738 «
1436 711 1492 742 sed
1507 712 1559 742 hic
1576 712 1722 751 apposita
1741 717 1788 741 est
1807 711 1865 742 illa
1881 712 1932 742 vel
1950 712 2027 747 alia,
2045 712 2156 743 eadem
2177 713 2227 743 vel
2246 713 2422 743 consimilis
2441 726 2467 742 ».

276 761 342 790 culo
369 760 437 798 diij·
467 760 520 789 fuit
545 759 694 788 deletum¹
712 759 726 776 ¹’
754 760 789 787 de
811 758 944 795 originali
971 757 1020 794 ·i1·
1046 763 1247 794 argumentum
1277 755 1345 783 hic⁰

276 800 440 838 appositum
468 810 535 829 cum
563 810 616 829 sua
641 799 794 828 solutione.
817 805 845 827 et
866 799 931 827 loco
953 798 1015 826 eius
1035 796 1088 826 fuit
1107 796 1239 825 additum
1260 805 1344 832 argu-

277 847 408 869 mentum
430 850 495 869 cum
519 850 571 869 sua
585 840 730 868 solutione
752 839 833 876 quod
847 839 893 868 hic
903 843 914 855 ⁶
927 845 1007 867 tenet
1023 837 1136 866 tertium
1159 838 1256 865 locum
1266 835 1279 852 ¹²
1293 845 1345 863 nec

277 888 321 916 est
343 880 438 918 fratris
466 882 577 917 thome.
625 882 642 917 5
663 881 733 909 Item
761 889 779 917 q
807 878 884 908 dxii·
911 888 943 908 ar
969 878 1025 906 ·vi·
1054 877 1084 906 in
1105 876 1250 906 solutione
1271 875 1347 904 tertii

277 917 318 949 ar.
341 921 520 960 (—gumenn')
541 920 701 957 penultima
727 918 891 956 Responsio
913 918 981 947 hic⁶
1002 916 1136 954 apposita
1163 926 1220 954 que
1244 916 1347 952 incipit

283 968 327 996 ·et
347 961 414 990 ideo
438 961 539 990 melius
566 961 726 995 ,dicendum
742 975 750 982 ·
765 967 808 988 est
827 959 922 988 fratris
953 959 1053 987 thome
1075 966 1132 994 que
1156 956 1274 984 deletab
1295 956 1348 984 fuit

278 998 338 1029 ἀεὶ
359 1000 501 1038 originali.
523 1008 551 1029 et
571 1001 638 1029 loeo
660 999 722 1028 eius
747 1000 882 1036 apposita
906 998 1006 1027 ultima
1032 1007 1089 1035 que
1109 1006 1171 1025 non
1192 1003 1235 1024 est
1254 996 1347 1024 fratris

277 1042 378 1070 thome
393 1048 421 1070 et
434 1041 535 1078 incipit
553 1056 560 1064 ·
575 1041 621 1070 vel
635 1040 792 1069 dicendum
808 1055 816 1062 ·
844 1041 859 1075 ἓ
875 1040 946 1068 Item
961 1048 980 1076 q
996 1037 1103 1066 dxviii·
1123 1046 1155 1065 ar
1174 1036 1243 1073 ·iiij·
1263 1036 1349 1064 frater

278 1080 395 1110 thomas
410 1080 490 1110 factis
504 1080 682 1118 argumentis
696 1080 765 1109 dicit
781 1095 788 1102 ·
805 1081 856 1108 sed
871 1086 973 1108 contra
989 1085 1032 1107 est
1045 1077 1126 1116 quod
1140 1076 1210 1106 dicit
1223 1076 1350 1113 augusti—

279 1130 334 1150 nus
350 1137 357 1143 ·
374 1128 402 1150 et
416 1130 478 1150 non
491 1121 544 1150 fuit
557 1127 727 1158 prosecutus
747 1119 948 1149 auctoritatem
962 1119 1014 1147 sed
1029 1117 1138 1147 dimisit
1157 1116 1283 1154 spatium
1298 1116 1326 1144 in
1337 1115 1348 1133 ³

280 1161 413 1198 originali
441 1161 492 1189 ubi
515 1168 615 1198 posset
637 1170 654 1189 a
675 1159 755 1198 poni.
778 1161 828 1189 sed
857 1159 924 1188 hic*
955 1166 998 1187 est
1018 1157 1152 1195 apposita
1172 1157 1218 1186 vel
1238 1156 1285 1185 illa
1305 1157 1351 1184 vel

280 1199 336 1230 alia
361 1200 490 1229 eiusdem
513 1200 564 1238 ag¹
577 1199 587 1218 ⁴
610 1210 642 1228 su
678 1199 756 1228 ciens
781 1200 818 1227 ad
839 1197 1041 1236 arguendum⁵
1063 1197 1246 1234 propositum
1267 1203 1299 1224 ut
1320 1196 1350 1224 in

280 1241 347 1270 loco
368 1244 444 1268 suo⁶
466 1246 554 1277 patet.
594 1242 611 1276 g
627 1241 699 1269 Item
714 1249 733 1276 q
748 1240 850 1268 eadem
868 1254 876 1262 ·
892 1248 924 1267 ar
945 1238 1011 1267 ·xii·
1037 1238 1124 1266 frater
1144 1237 1261 1265 thomas
1282 1246 1349 1274 pro-

280 1279 382 1318 positis
402 1280 579 1318 argumentis
601 1278 670 1309 dicit
687 1295 694 1302 ·
711 1280 762 1308 sed
783 1286 885 1307 contra
906 1285 949 1307 est
969 1279 1051 1315 quod
1071 1276 1140 1306 dicit
1160 1277 1346 1314 augustinus·

281 1328 309 1350 et
323 1329 384 1350 non
397 1319 585 1357 prosequitur
604 1319 806 1349 auctoritatem
827 1319 880 1347 sed
897 1317 1014 1346 dimittit
1035 1316 1159 1355 spatium
1174 1317 1204 1346 in
1220 1316 1352 1354 originali

281 1361 331 1389 ubi
351 1359 444 1397 possit
471 1360 590 1397 apponi.
611 1361 663 1388 sed
685 1359 754 1388 hic‘*
775 1365 818 1387 est
843 1358 977 1395 apposita
1002 1359 1105 1386 eadem
1126 1358 1171 1385 vel
1192 1357 1351 1386 consimilis

281 1406 431 1438 assumpta
451 1401 488 1430 de
515 1399 567 1437 diij
583 1399 610 1423 “-
643 1397 760 1428 eiusd'⁶
788 1398 859 1436 ·iiij-
890 1408 909 1436 q
936 1397 996 1435 ·viij
1019 1413 1026 1420 ·
1053 1407 1085 1426 ar
1112 1397 1172 1435 ·iij·
1188 1396 1198 1413 ⁷
1243 1399 1260 1433 5
1282 1398 1351 1426 Item

282 1451 301 1478 q
322 1441 396 1469 dxx·
415 1449 448 1468 ar
467 1440 536 1478 diij·
557 1441 587 1468 in
601 1449 725 1477 corpore
742 1454 749 1462 ο
764 1438 816 1467 ubi
829 1438 916 1467 frater
933 1439 1048 1466 thomas
1070 1437 1139 1466 dicit
1155 1452 1163 1460 ·
1179 1437 1352 1474 inquantum

282 1487 326 1510 est
345 1480 569 1509 instrumentum
593 1480 737 1518 passionis
757 1478 806 1517 i‘pi
826 1479 884 1507 iam
905 1478 1030 1516 perfecte
1045 1493 1054 1500 ·
1069 1477 1122 1506 fuit
1142 1478 1270 1507 deletum
1283 1477 1296 1494 ¹¹
1317 1478 1353 1505 de

281 1520 417 1558 originali
430 1522 512 1558 quod
525 1519 572 1549 hic
583 1525 595 1537 ⁸*
605 1520 735 1558 sequitur
747 1519 856 1548 scilicet
872 1534 879 1542 ·
895 1519 926 1547 in
939 1518 1160 1547 circumcisione
1173 1525 1269 1546 autem
1284 1526 1354 1546 con-

284 1561 428 1590 ferebatur
447 1560 539 1599 gratia
559 1570 620 1589 non
641 1569 674 1589 ex
687 1560 791 1588 virtute
810 1558 1038 1588 circumcisionis
1051 1559 1102 1586 sed
1117 1567 1151 1586 ex
1166 1558 1273 1586 virtute
1287 1557 1354 1586 fidei

283 1601 427 1638 passionis
442 1600 490 1638 ῐρἰ
503 1601 585 1630 cuius
599 1601 714 1638 signum
729 1606 790 1629 erat
803 1598 984 1628 circumcisio
1001 1614 1009 1622 ·
1026 1605 1054 1627 et
1068 1599 1149 1635 qnod
1163 1598 1202 1626 ibi
1214 1602 1225 1614 ⁸
1239 1598 1355 1626 additur

284 1650 378 1679 usque
390 1642 428 1670 ad
443 1642 540 1670 locum
562 1641 640 1669 illum
656 1640 707 1669 ubi
721 1639 826 1668 dicitur
843 1654 850 1662 ·
866 1639 906 1668 ita
922 1639 1029 1668 scilicet
1042 1645 1087 1666 etc
1104 1653 1112 1661 ·
1129 1647 1190 1666 non
1204 1645 1248 1666 est
1261 1638 1355 1666 fratris

284 1683 394 1711 thome.
429 1682 530 1718 §Item
551 1680 716 1718 lio-lxxiii·
742 1689 774 1708 ar
794 1688 845 1708 ον·
871 1679 901 1707 in
922 1688 1043 1716 corpore
1064 1693 1071 1702 ·
1092 1679 1176 1706 frater
1196 1678 1311 1707 thomas
1325 1678 1355 1706 in

286 1721 420 1759 originali
442 1722 480 1750 ad
505 1720 757 1758 confirmationem
785 1720 912 1748 secunde
936 1718 1056 1748 rationis
1085 1718 1152 1747 dicit
1177 1733 1184 1740 ·
1204 1719 1282 1746 unde
1309 1718 1355 1746 leo

285 1771 362 1799 papa
376 1761 445 1790 dicit
461 1777 468 1784 ·
484 1768 513 1790 et
526 1770 587 1790 non
608 1760 793 1798 prosequitur
811 1758 1011 1788 auctoritatem
1026 1759 1076 1786 sed
1092 1757 1208 1786 dimittit
1230 1757 1355 1794 spatium

285 1801 336 1830 ubi
357 1808 418 1829 erat
438 1801 600 1829 scribenda.
621 1802 672 1829 sed
695 1799 763 1828 hic⁰
784 1806 826 1827 est
847 1798 981 1836 apposita
1001 1799 1103 1826 eadem
1126 1797 1171 1826 vel
1197 1797 1355 1826 consimilis

287 1841 417 1870 eiusdem
438 1841 531 1869 leonis
545 1849 629 1877 pape.
665 1841 767 1876 §Item
789 1849 807 1876 q
824 1837 936 1875 dxxxii·
962 1847 995 1866 ar
1015 1837 1092 1875 -viij·
1118 1844 1290 1875 argumento
1313 1837 1349 1875 -j·

286 1883 373 1910 frater
393 1882 509 1909 thomas
530 1879 648 1908 adducit
667 1879 868 1908 auctoritatem
889 1878 1010 1907 canonis
1025 1878 1091 1906 loeo
1105 1877 1226 1906 minoris
1248 1887 1356 1915 propo-

287 1919 423 1950 sitionis⁸
445 1927 474 1950 et
494 1929 555 1949 non
575 1919 703 1957 assignat
715 1920 745 1948 in
759 1929 818 1957 qua
839 1927 926 1948 causa
947 1918 1100 1956 questione
1114 1919 1159 1946 vel
1180 1918 1307 1955 capitulo
1322 1918 1359 1946 sit

287 1963 340 1991 sed
360 1961 478 1990 dimittit
498 1959 623 1997 spatium
645 1960 695 1988 ubi
716 1959 785 1988 hic⁹
807 1959 893 1988 scribi
914 1958 1034 1996 possint.
1056 1957 1125 1986 hice
1139 1965 1235 1986 autem
1258 1958 1359 1986 omnia

288 2003 342 2030 hec
362 2008 432 2031 sunt
451 2001 594 2038 apposita.

343 2041 487 2079 Incipiunt
507 2041 580 2070 tituli
594 2040 677 2070 tertie
691 2040 780 2077 partis
794 2048 908 2068 summe
922 2038 1093 2067 venerabilis
1105 2037 1129 2056 ¹⁰
1151 2038 1244 2067 statris
1258 2039 1358 2066 thome

290 2083 327 2112 de
346 2081 457 2120 aquino
471 2081 582 2111 ordinis
603 2081 722 2109 fratrum
737 2079 963 2117 predicatorum.
977 2078 1091 2116 questio
1107 2078 1200 2115 prima
1221 2085 1264 2107 est
1276 2078 1300 2096 ¹¹
1322 2079 1359 2106 de

290 2120 492 2152 convenientia
513 2120 720 2150 incarnationis
741 2119 792 2149 filii
812 2119 868 2148 dei.
889 2120 922 2148 R.
935 2117 960 2137 ¹2
981 2119 1127 2156 (-ubrica).

346 2233 355 2249 ¹
375 2234 424 2259 fuit
435 2234 549 2258 deletum
561 2247 581 2252 -
592 2232 754 2257 fundeletum
766 2240 792 2265 p.
805 2239 842 2257 m.
914 2231 925 2246 ¹
943 2232 991 2257 fuit
1003 2232 1035 2257 de
1044 2246 1064 2251 —
1077 2232 1165 2257 fuduz.
1237 2230 1248 2246 ⁸
1267 2232 1292 2256 in
1305 2246 1323 2250 -
1336 2237 1361 2256 et

292 2271 329 2296 in.
400 2267 412 2284 ⁸
431 2267 476 2302 ag¹
492 2268 580 2294 ambo.
653 2266 663 2282 ³
683 2267 981 2300 arguend'Q,arguendi
995 2268 1028 2293 R.
1099 2266 1110 2282 ⁸
1129 2267 1211 2292 eiusd'
1232 2266 1274 2301 (ut
1293 2267 1359 2292 iacet

292 2309 332 2331 est
350 2303 479 2338 eiusdem)
499 2319 518 2323 —
541 2303 633 2329 eius.d'
649 2301 729 2336 (idest
751 2304 821 2334 eius,
842 2303 1019 2335 distinctione3
1038 2303 1095 2332 hoc,
1116 2310 1168 2328 non
1188 2303 1314 2333 eiusdem.
1334 2303 1360 2328 in

294 2341 337 2366 vict
362 2340 504 2366 ordinaria
529 2339 671 2373 legendum
695 2339 754 2372 est).
833 2337 844 2353 ⁷
862 2342 954 2364 nostro
980 2339 1059 2364 modo
1084 2338 1118 2364 IV
1143 2339 1229 2369 Sent.,
1248 2340 1307 2364 dist.
1326 2346 1360 2369 iv,

293 2384 337 2410 qu.
351 2383 390 2408 m,
404 2381 450 2400 art.
467 2383 490 2407 ι,
504 2375 554 2408 qu*
568 2374 592 2400 3.
665 2373 676 2389 ⁸
695 2373 765 2407 p(ro)
778 2373 869 2407 posnis
885 2374 917 2405 Q,
933 2373 1004 2408 p(ro)
1020 2375 1060 2408 ρῑῖι
1072 2374 1103 2399 R.
1175 2373 1186 2388 ⁹
1205 2373 1246 2399 hic
1258 2375 1363 2399 ambo-

292 2412 342 2437 hec
359 2411 502 2445 legendum
522 2411 637 2436 videtur.
718 2409 740 2425 ¹⁰
758 2410 912 2435 venerabilis
931 2418 983 2436 om.
1063 2408 1084 2424 ¹¹
1104 2409 1229 2436 ordinis...
1249 2416 1289 2435 est
1308 2417 1360 2435 om.

295 2446 317 2462 ¹¹
337 2447 368 2473 R.
385 2462 405 2467 —
422 2447 526 2480 questio
545 2447 636 2479 prima.

347 2536 359 2546 ⁸
376 2533 415 2559 CR
432 2539 494 2558 xm.
514 2540 538 2559 2.
556 2532 580 2558 ὃ.
687 2531 698 2545 ”
717 2532 841 2560 deletum,
870 2532 966 2560 deleta,
993 2538 1048 2556 non
1076 2539 1176 2563 rasura,
1194 2533 1242 2557 sed
1261 2533 1363 2565 punctis

294 2569 337 2595 vel
355 2576 402 2602 per
423 2571 510 2598 vacat,
534 2569 594 2602 quia
620 2568 765 2593 secundum
793 2572 938 2592 notatorem
967 2575 1026 2600 post
1053 2568 1209 2592 deletionem
1237 2569 1364 2601 scriptura

296 2603 447 2638 autographi
465 2604 531 2629 lecta
547 2604 603 2629 fuit.
675 2606 683 2616 ‘⁵
702 2603 752 2628 Per
766 2603 816 2632 hic,
830 2603 874 2632 ibi,
887 2610 936 2628 suo
955 2603 1012 2628 loco
1026 2604 1058 2629 ad
1071 2611 1166 2636 corpus
1186 2603 1242 2628 libri
1262 2603 1301 2628 sui
1315 2612 1364 2629 nos

295 2639 375 2666 refert
391 2644 503 2666 notator.
531 2655 537 2660 -
573 2638 585 2652 ⁴¹
605 2638 644 2664 Cf.
658 2646 718 2664 mvn.
733 2646 760 2670 4.
775 2638 797 2671 β.
810 2638 833 2664 3.

356 2756 407 2788 17.
429 2747 535 2779 Prima
550 2748 695 2788 quaestio
719 2749 827 2788 surgit,
844 2757 884 2778 an
907 2748 1004 2779 altera
1019 2753 1088 2778 utra
1108 2748 1263 2788 scriptura
1278 2748 1366 2779 alteri

299 2791 473 2832 exemplari
486 2789 605 2823 fuerit?
628 2791 715 2823 Cum
737 2801 797 2832 pro
818 2797 906 2822 certo
936 2791 1159 2823 affirmandum
1182 2793 1222 2823 sit
1243 2798 1366 2824 textum

299 2837 330 2868 S.
348 2836 496 2867 Thomae
513 2845 612 2876 quem
633 2836 663 2866 R
686 2836 813 2867 exhibet
826 2846 895 2867 non
913 2837 1068 2877 scriptum
1093 2846 1161 2867 esse
1186 2847 1224 2867 ex
1247 2837 1288 2875 Q,
1306 2847 1366 2868 nec

298 2886 422 2912 textum
441 2879 473 2918 Q
489 2889 527 2910 ex
541 2879 580 2916 R,
596 2879 761 2920 probabile
779 2879 815 2910 fit
838 2886 874 2911 ut
890 2881 986 2911 etiam
1007 2881 1042 2911 in
1064 2886 1154 2912 textu
1168 2887 1265 2912 notae
1287 2891 1368 2912 neu-

299 2931 346 2956 ter
362 2925 400 2955 ab
417 2924 515 2955 altero
533 2922 720 2964 dependeat.
744 2923 909 2955 Praeterea
930 2925 1123 2955 variantibus
1147 2926 1242 2956 simul
1263 2926 1367 2956 consi-

301 2969 415 3001 deratis
431 2968 612 2999 credibilius
629 2973 675 2998 est
698 2968 810 2999 ambos
825 2970 994 3009 scriptores
1017 2979 1055 3000 ex
1071 2970 1239 3001 communi
1262 2979 1368 3000 exem-

299 3013 382 3054 plari
398 3013 657 3053 transumpsisse:
681 3010 756 3042 inde
779 3012 1030 3053 transcriptionis
1053 3023 1174 3044 errores
1197 3014 1226 3044 R
1245 3022 1271 3044 1.
1290 3023 1320 3045 2.
1338 3014 1367 3050 8,

302 3059 359 3098 qui
382 3067 421 3088 ex
443 3057 504 3088 alia
529 3057 684 3096 scriptura
715 3057 823 3096 potius
853 3066 952 3097 quam
979 3067 1018 3088 ex
1045 3058 1148 3088 littera
1170 3058 1202 3096 Q
1225 3059 1369 3089 occasio·

300 3111 378 3133 nem
399 3102 547 3132 habuisse
574 3100 729 3136 videntur,
745 3101 774 3131 R
788 3100 840 3131 vel
855 3100 888 3139 Q
904 3100 933 3132 3.
952 3101 982 3137 5,
998 3101 1030 3139 Q
1046 3101 1077 3138 6,
1101 3101 1162 3140 QR
1177 3111 1208 3140 4,
1226 3112 1246 3142 9
1271 3103 1369 3142 expli-

303 3147 463 3177 cationem
478 3146 640 3176 haberent.
656 3163 680 3167 -
702 3145 762 3175 Per
784 3142 847 3185 agi
869 3145 964 3175 ceteri
979 3144 1132 3176 idiotismi
1147 3145 1187 3176 ad
1202 3146 1370 3176 hominem

303 3189 419 3223 Italum
442 3189 674 3231 designandum
707 3188 908 3219 determinari
936 3188 1097 3225 videntur,
1122 3189 1183 3220 nisi
1205 3190 1270 3220 iam
1293 3195 1369 3220 tunc

304 3235 458 3276 temporis
472 3234 609 3275 Hispani
626 3234 763 3274 Agustin
783 3232 927 3263 dixerint.
942 3251 966 3254 —
989 3231 1263 3264 Commendabilis
1286 3239 1370 3264 aeta—

304 3279 344 3310 tis
367 3276 558 3320 opinionem
580 3283 612 3311 et
633 3277 738 3318 largae
762 3276 940 3308 diffusionis
970 3277 1111 3317 speciem
1140 3282 1219 3309 nota
1241 3287 1260 3307 a
1282 3277 1370 3308 codi-

307 3322 396 3354 cibus
418 3332 487 3353 non
510 3322 635 3363 accipit.
659 3322 689 3352 A
711 3331 793 3352 voce
820 3335 833 3348 α
853 3321 1003 3352 articulus
1022 3333 1050 3357 ιι,
1070 3330 1134 3361 qua
1157 3321 1280 3362 antiqui
1303 3331 1370 3352 non

306 3372 450 3404 utimtur,
466 3367 518 3397 vix
540 3367 628 3397 libris
651 3366 811 3406 antiquior
835 3375 902 3396 esse
925 3364 1058 3395 videtur.

361 3484 370 3501 ¹
389 3484 484 3510 Nescio
502 3481 534 3510 an
553 3485 604 3510 huc
623 3486 749 3518 pertineat
773 3485 848 3510 lectio
867 3485 890 3509 R
910 3484 934 3510 3.
959 3494 971 3507 α
988 3484 1034 3508 sed
1053 3483 1150 3509 dimisit
1168 3484 1279 3517 spatium
1298 3486 1326 3509 et
1343 3484 1369 3509 in

307 3520 425 3554 originali
439 3529 463 3547 ι.
486 3521 552 3546 lund
577 3524 603 3546 et
622 3521 648 3546 in
674 3525 762 3554 potest
785 3521 880 3553 duplex
905 3520 1010 3552 scriptio
1034 3526 1094 3544 esse
1111 3520 1239 3552 pro.solo
1263 3523 1306 3549 εἰς
1324 3520 1371 3544 sed

306 3556 387 3582 aliam
404 3556 599 3589 explicationem
625 3556 749 3588 admittit,
768 3556 816 3581 nisi
836 3556 917 3581 lector
940 3563 998 3580 eam
1024 3555 1100 3580 nimis
1127 3555 1250 3580 subtilem
1269 3555 1370 3581 iudicat.

1399 755 1512 787 Stricte
1539 755 1700 786 intellecta
1723 762 1913 795 supponunt
1940 756 1971 786 S.
1997 757 2159 787 Thomam
2175 757 2354 787 secundum
2376 763 2469 787 nota—

1399 806 1504 830 torem
1528 799 1678 830 definitos
1701 800 1793 830 locos
1817 800 1871 831 SS.
1887 800 2060 840 Augustini
2077 807 2108 831 et
2122 801 2242 831 Leonis
2262 807 2370 831 mente
2400 811 2470 841 ges-

1400 845 1476 875 sisse
1489 855 1497 881 ;
1529 844 1619 884 quod
1635 844 1692 884 qui
1715 845 1783 880 scit,
1800 845 1880 874 scire
1896 843 2056 875 debuisset
2078 855 2175 885 quare
2190 855 2259 875 non
2275 846 2380 875 statim
2396 847 2470 876 scri-

1400 889 1498 929 pserit
1516 889 1566 918 vel
1582 888 1753 920 dictaverit.
1779 889 1953 928 Benignius
1980 894 2088 919 tamen
2104 889 2237 929 intelligi
2256 895 2392 930 possunt
2407 891 2470 920 hoc

1401 942 1507 969 sensu,
1525 932 1614 973 quod
1634 938 1763 963 notator
1783 932 1949 963 crediderit
1965 943 1998 963 se
2021 933 2098 964 tales
2115 934 2317 964 auctoritates
2338 934 2375 964 ad
2403 944 2471 965 rem

1402 977 1619 1007 confacientes
1642 978 1840 1017 apposuisse,
1858 978 1974 1017 quibus
1999 984 2110 1008 auctor
2134 979 2159 1008 si
2182 984 2308 1018 praesto
2340 978 2472 1009 fuissent

1402 1031 1479 1052 usus
1503 1027 1594 1057 esset,
1618 1021 1668 1052 vel
1692 1030 1774 1061 quae
1798 1022 1910 1052 saltem
1933 1022 2050 1052 similes
2066 1023 2128 1052 sint
2152 1023 2345 1062 cuicumque
2362 1029 2472 1053 aucto-

1402 1066 1485 1095 ritati
1513 1066 1543 1095 ei
1571 1065 1778 1101 adhibendae,
1803 1066 1829 1096 si
1852 1075 1939 1096 mors
1964 1076 2039 1096 eum
2063 1067 2154 1106 operi
2177 1066 2374 1106 perficiendo
2404 1077 2472 1097 non

1403 1110 1637 1149 praeripuisset.
1672 1109 1840 1150 Quidquid
1863 1111 1912 1146 sit,
1929 1110 1968 1140 de
1985 1112 2184 1151 autographo
2208 1110 2309 1141 fratris
2325 1112 2472 1142 Thomae

1403 1154 1548 1193 loquitur
1570 1159 1709 1189 notator,
1727 1163 1763 1184 ac
1787 1154 1813 1183 si
1836 1155 1900 1184 suis
1932 1155 2034 1184 oculis
2058 1155 2136 1185 illud
2160 1161 2311 1185 cerneret.
2343 1156 2377 1185 In
2401 1157 2474 1196 ipso

1404 1198 1505 1238 spatia
1525 1207 1636 1234 vacua,
1653 1198 1886 1237 expunctiones
1909 1198 2121 1238 legitimarum
2145 1199 2321 1230 lectionum
2345 1205 2376 1229 et
2399 1210 2474 1240 sup—

1404 1242 1582 1282 positiones
1606 1241 1757 1272 falsarum
1787 1241 1926 1272 adfuisse
1950 1242 2035 1273 dicit.

1461 1286 1546 1316 Fieri
1568 1292 1677 1316 tamen
1692 1287 1799 1326 potuit
1815 1292 1850 1316 ut
1869 1291 1998 1316 notator
2014 1293 2138 1323 erraret,
2155 1288 2391 1327 autographum
2407 1298 2475 1318 esse

1406 1330 1539 1361 credens
1555 1330 1646 1371 quod
1661 1330 1740 1360 nihil
1757 1335 1822 1360 erat
1842 1340 1939 1370 quam
1955 1331 2092 1371 vulgaris
2116 1331 2218 1362 codex
2240 1332 2313 1371 plus
2329 1333 2475 1362 minusve

1406 1375 1568 1415 antiquus.
1593 1375 1691 1406 Certo
1715 1384 1783 1405 non
1807 1374 1867 1405 fuit
1890 1380 2082 1415 postremus,
2104 1377 2130 1406 si
2153 1375 2213 1406 fuit
2237 1376 2318 1406 forte
2342 1377 2474 1416 primuS,

1408 1420 1464 1459 qui
1499 1428 1710 1450 communem
1749 1418 1895 1449 codicem
1934 1429 1993 1459 pro
2029 1421 2229 1460 autographo
2265 1420 2296 1451 S.
2328 1421 2475 1451 Thomae

1407 1465 1552 1504 sumpsit.

1464 1508 1548 1538 Fieri
1571 1508 1666 1538 etiam
1686 1508 1803 1547 potuit,
1816 1513 1852 1538 ut
1868 1508 2021 1547 originale
2037 1509 2070 1538 in
2086 1514 2194 1539 mente
2210 1514 2335 1540 tantum
2350 1515 2478 1540 notato-

1408 1553 1449 1583 ris
1473 1552 1639 1587 exstiterit,
1664 1552 1724 1582 isto
1746 1551 1865 1582 scilicet
1887 1551 2006 1582 modo:
2031 1553 2178 1583 Pluribus
2200 1553 2364 1584 codicibus
2388 1563 2478 1584 com-

1408 1597 1534 1636 paratis,
1551 1596 1715 1626 intellectu
1740 1601 1770 1625 et
1793 1605 1850 1636 per
1869 1597 1954 1626 viam
1977 1598 2155 1636 argumenti
2175 1607 2212 1628 ex
2229 1599 2419 1638 apographis
2439 1598 2477 1628 ad

1409 1641 1645 1680 autographum
1663 1641 1853 1680 pervenerit,
1870 1640 1995 1675 deinde,
2013 1647 2202 1680 argumento
2218 1643 2355 1678 inverso,
2369 1653 2406 1673 ex
2423 1653 2478 1673 au-

1409 1685 1568 1724 tographo
1591 1685 1663 1714 crisi
1686 1689 1907 1714 reconstructo
1925 1684 1964 1714 ad
1987 1686 2170 1725 apographa
2195 1685 2401 1717 descenderit.
2426 1687 2478 1717 Sic

1410 1728 1492 1759 forte
1517 1729 1638 1768 arguit:
1664 1727 1790 1758 Solutio
1814 1729 1897 1758 tertii
1921 1731 2098 1768 argumenti
2122 1730 2184 1760 hoc
2214 1730 2288 1760 loco
2317 1731 2424 1761 deficit
2446 1732 2479 1760 in

1411 1773 1562 1803 omnibus
1586 1771 1768 1808 codicibus;
1794 1781 1869 1811 ergo
1896 1773 1959 1802 iam
1976 1772 2083 1803 deerat
2105 1774 2138 1803 in
2164 1775 2319 1814 originali.
2344 1775 2478 1810 Deinde,

1410 1817 1688 1857 propositionibus
1704 1817 1833 1846 mutatis
1847 1827 1853 1846 ς
1877 1817 1997 1847 solutio
2023 1818 2109 1848 tertii
2125 1819 2311 1860 argumenti
2326 1819 2432 1860 deficit
2448 1820 2480 1849 in

1412 1861 1571 1902 originali
1593 1861 1696 1891 littera
1711 1861 1762 1890 vel
1786 1861 1940 1900 scriptura
1946 1862 2072 1902 fratris
2089 1863 2194 1893 thome
2200 1870 2213 1899 ;
2236 1873 2311 1903 ergo
2330 1863 2436 1894 deficit
2452 1869 2482 1894 et

1411 1906 1444 1936 in
1462 1906 1609 1936 omnibus
1624 1905 1699 1936 aliis
1723 1904 1904 1941 codicibus;
1930 1911 1960 1935 et
1980 1907 2084 1946 probo
2102 1909 2380 1947 consequentiam:
2406 1909 2482 1948 quia

1411 1950 1451 1980 ab
1475 1950 1533 1980 illa
1558 1949 1719 1991 originem
1738 1955 1952 1989 sumpserunt.
1985 1950 2119 1981 Certum
2143 1957 2189 1982 est
2213 1961 2287 1982 eum
2315 1953 2368 1982 hic
2392 1962 2483 1992 argu-

1412 1995 1564 2031 mentari;
1589 1994 1778 2034 ceteroquin
1801 1994 1938 2034 simplici
1962 1994 2171 2026 affirmatione
2195 1997 2294 2026 utitur
2310 2001 2330 2027 ¹.

1469 2037 1531 2069 Sed
1548 2044 1579 2068 et
1594 2044 1730 2078 utraque
1754 2038 1849 2068 simul
1870 2039 1920 2068 via
1946 2044 2074 2070 notator
2097 2039 2229 2071 fortasse
2252 2041 2311 2070 sibi
2335 2051 2368 2071 se
2392 2047 2483 2071 auto-

1412 2083 1571 2123 graphum
1594 2088 1702 2113 tenere
1725 2083 1890 2122 persuasit.
1927 2083 2067 2114 Textum
2091 2085 2224 2115 alicuius
2252 2085 2371 2116 codicis
2395 2096 2484 2116 com-

1413 2126 1556 2167 parando
1579 2136 1655 2157 curn
1677 2132 1765 2157 textu
1789 2126 1926 2163 alterius,
1951 2128 2011 2163 vel,
2035 2134 2072 2158 ut
2094 2130 2227 2169 propius
2248 2129 2287 2159 ad
2302 2139 2370 2160 rem
2395 2139 2483 2160 acce-

1414 2171 1498 2208 dam,
1515 2177 1638 2202 textum
1661 2171 1771 2202 tertiae
1788 2171 1894 2202 classis
1918 2181 1994 2202 cum
2018 2178 2106 2203 textu
2130 2174 2264 2214 antiquo
2288 2174 2321 2204 in
2340 2174 2484 2214 pluribus

1414 2216 1467 2246 vel
1490 2216 1696 2256 paucioribus
1720 2215 1886 2246 codicibus
1910 2217 2002 2246 certis
2021 2217 2100 2248 locis
2123 2218 2352 2258 comparando,
2370 2228 2410 2249 eo
2426 2219 2485 2249 sci-

1414 2261 1489 2290 licet
1512 2259 1576 2290 fine
1600 2265 1636 2290 ut
1658 2260 1788 2290 haberet
1804 2259 1895 2299 quod
1918 2260 1986 2300 ipse
2010 2261 2044 2291 in
2066 2271 2126 2292 suo
2147 2262 2230 2292 libro
2253 2263 2412 2298 scriberet,
2429 2273 2485 2293 an-

1414 2305 1543 2344 tiquum
1566 2305 1660 2334 toties
1685 2313 1855 2334 erroneum
1878 2305 2047 2335 recentiori
2067 2305 2159 2336 facile
2182 2307 2412 2346 posthabuerit.
2436 2308 2484 2337 Ne

1415 2354 1504 2389 petas
1527 2349 1566 2379 ab
1591 2358 1641 2384 eo,
1662 2354 1698 2378 ut
1721 2349 1754 2378 in
1778 2348 1937 2378 erroribus
1959 2349 2148 2390 scripturam
2174 2361 2191 2380 a
2214 2351 2351 2381 lectione
2376 2351 2485 2381 distin-

1415 2402 1528 2433 guens,
1554 2392 1593 2423 ad
1616 2393 1789 2423 lectionem
1813 2393 2029 2424 authenticam
2053 2395 2112 2424 sub
2137 2394 2214 2424 falsa
2242 2395 2484 2435 transcriptione

1416 2438 1568 2468 latentem
1580 2438 1747 2477 pertingat.
1768 2437 1957 2467 Lectionem
1970 2437 2100 2469 lectioni
2117 2440 2357 2479 comparaverit,
2370 2445 2402 2469 et
2416 2440 2484 2470 iure

1417 2481 1561 2522 quodam
1584 2491 1644 2512 suo
1667 2486 1790 2512 textum
1814 2481 2035 2512 rationabilem
2052 2488 2083 2513 et
2098 2483 2258 2522 legibilem
2283 2482 2362 2513 falso
2380 2489 2411 2514 et
2431 2485 2486 2514 ab·

1417 2526 1514 2556 surdo
1539 2526 1639 2556 textui
1661 2525 1855 2566 praetulerit.
1876 2525 1942 2563 Qui
1959 2526 2060 2557 codex
2083 2528 2184 2567 magis
2208 2533 2238 2558 et
2261 2529 2372 2567 purius
2396 2528 2485 2558 Tho—

1417 2580 1505 2601 mam
1528 2579 1638 2610 sapere
1663 2570 1692 2600 ei
1715 2569 1889 2605 videbatur,
1906 2570 1997 2600 illum
2021 2572 2210 2612 autographi
2229 2572 2361 2602 nomine
2376 2581 2487 2612 prom-

1418 2621 1492 2655 ptus
1517 2620 1548 2645 et
1570 2614 1684 2645 lubens
1708 2615 1838 2644 auxerit.

1472 2659 1589 2689 Parum
1612 2659 1776 2699 probabile
1801 2664 1847 2689 est
1870 2668 2030 2690 summam
2045 2659 2292 2700 infrequentiam
2315 2661 2488 2690 attestatio-

1419 2704 1468 2734 nis
1491 2703 1684 2739 lectionum,
1713 2712 1850 2743 quarum
1874 2703 2146 2734 authenticitatem
2170 2704 2317 2740 adstruit,
2342 2705 2487 2735 assertori

1419 2748 1607 2778 innotuisse.
1642 2747 1676 2778 Si
1693 2748 1913 2787 ,cognovisset
1940 2757 2037 2787 quam
2060 2747 2312 2787 superexcedens
2343 2749 2488 2779 testimo-

1419 2793 1511 2822 nium
1534 2791 1726 2822 lectionibus
1749 2801 1828 2832 quas
1851 2791 1992 2822 falsitatis
2015 2793 2116 2831 arguit
2140 2791 2251 2827 faveat,
2273 2792 2405 2823 forsitan
2427 2803 2488 2823 no—

1420 2842 1486 2866 tam
1509 2845 1578 2866 non
1601 2837 1792 2875 scripsisset,
1818 2836 1867 2866 vel
1898 2836 2008 2866 saltem
2039 2835 2211 2867 dubitative
2243 2837 2371 2867 locutus
2395 2843 2486 2868 esset.

1480 2887 1530 2919 19.
1554 2880 1598 2911 Ut
1612 2886 1718 2920 pateat
1734 2879 1812 2920 quid
1828 2879 1867 2910 de
1883 2880 2037 2910 notatoris
2056 2881 2341 2911 asseverationibus
2357 2881 2489 2912 creden-

1422 2923 1501 2955 dum
1524 2925 1573 2960 sit,
1598 2925 1830 2963 interrogemus
1860 2923 2072 2954 traditionem.
2103 2924 2324 2965 Traditionem
2348 2926 2488 2966 appello,

1423 2969 1499 3008 quia
1515 2968 1593 2999 dum
1610 2978 1684 2999 eum
1701 2973 1736 2998 ut
1752 2967 1848 2998 fidem
1865 2967 1923 2998 sibi
1940 2968 2123 2998 conciliaret
2145 2969 2316 2999 mentitum
2336 2979 2404 3000 esse
2420 2980 2487 3000 non

1423 3013 1507 3048 dico,
1525 3013 1564 3043 ab
1581 3013 1676 3043 altera
1691 3018 1798 3042 tamen
1817 3017 1905 3051 parte
1922 3021 1979 3042 cur
2001 3017 2096 3043 notae
2121 3014 2243 3043 auctori
2266 3014 2373 3052 potius
2390 3023 2487 3054 quam

1423 3057 1520 3087 totius
1536 3057 1631 3096 primi
1651 3055 1769 3086 saeculi
1785 3056 1971 3086 testimonio
1989 3066 2082 3086 caeca
2098 3055 2161 3087 fide
2177 3057 2365 3093 crederetur,
2383 3059 2489 3088 omni—

1422 3111 1467 3131 no
1483 3110 1550 3131 non
1573 3101 1713 3130 invenio.
1747 3098 1920 3130 Videamus
1947 3110 1988 3130 an
2014 3100 2139 3131 traditio
2173 3100 2376 3138 documenta,
2405 3111 2489 3142 quae

1424 3146 1491 3175 eius
1522 3150 1636 3174 asserta
1666 3143 1832 3174 moderare
1859 3150 1890 3174 et
1916 3150 2091 3184 temperare
2122 3146 2256 3181 valeant,
2283 3155 2385 3185 eaque
2416 3147 2489 3176 satis

1423 3189 1593 3224 luminosa,
1611 3187 1801 3228 suppeditet.
1826 3188 1902 3218 Non
1917 3194 2042 3219 tantum
2062 3189 2134 3219 loca
2150 3199 2232 3229 quae
2256 3190 2368 3229 allegat
2384 3191 2489 3220 consi-

1425 3233 1621 3268 derabimus,
1645 3232 1701 3263 sed
1721 3238 1752 3263 et
1775 3233 1836 3263 alia
1859 3243 1953 3273 quae,
1978 3234 2123 3273 quamvis
2147 3235 2192 3269 ei,
2215 3235 2282 3264 veri
2300 3235 2489 3275 autographi

1424 3277 1540 3317 potit0‚
1564 3282 1782 3317 opportunam
1809 3277 1942 3308 notandi
1969 3278 2174 3308 occasionem
2196 3279 2424 3318 praebuissent,
2449 3280 2491 3308 si—

1424 3321 1524 3351 lentio
1547 3321 1673 3361 premit.

1480 3364 1587 3396 Credo
1610 3366 1739 3406 probari
1757 3375 1850 3406 posse
1874 3371 2056 3396 notatorem
2079 3376 2138 3406 pro
2162 3367 2360 3406 autographo
2375 3366 2490 3397 vidisse

1426 3485 1466 3509 An
1485 3483 1596 3516 notator,
1616 3493 1630 3510 a
1649 3485 1785 3518 posteriori
1806 3485 1947 3517 arguendo,
1967 3485 2095 3510 concludit
2114 3493 2212 3514 secum,
2230 3485 2311 3510 etiam
2330 3486 2355 3510 in
2374 3485 2491 3518 originali

1425 3521 1538 3552 spatium
1558 3519 1688 3545 adfuisse?
1706 3520 1782 3545 Istius
1802 3521 1921 3545 mentalis
1950 3520 2106 3553 operationis
2127 3529 2141 3543 «
2156 3523 2182 3545 et
2202 3521 2227 3546 t'n
2248 3521 2364 3554 originali
2381 3530 2393 3543 2
2413 3521 2492 3545 vesti-

1425 3556 1496 3588 gium
1515 3556 1556 3580 sit.
