2872 3970
85 1438 87 1441 ,
70 1210 88 1385 ,ἍΑιῢᾺμῧςμ
69 1089 90 1187 *Q

90 1905 264 1934 Praedicabil„

68 1933 266 1982 ·,‘?5cf?0²g¹,';1

71 2009 73 2011 .
99 1986 264 2010 .Cniet.ibid.

1004 290 1266 337 QUAESTIO
1295 289 1399 336 XVI,
1433 289 1724 328 ARTICULUS
1753 292 1766 328 Ι

294 369 357 398 hoc
380 373 436 404 est,
453 368 536 398 circa
559 377 626 398 esse
649 366 861 407 significatum
885 377 941 407 per
957 367 989 408 ly
1005 372 1060 403 est,
1081 368 1232 408 copulam
1247 367 1355 398 verba-

293 412 357 442 lem
373 411 474 442 dictae
489 412 728 452 propositionis.
749 411 790 441 Et
805 411 953 442 dividitur
967 412 1001 441 in
1017 410 1098 442 duos
1115 421 1248 442 errores:
1267 421 1355 442 com-

293 454 436 496 putando
460 455 532 486 illos
555 461 694 495 quatuor
716 454 850 491 modos,
878 456 997 486 scilicet
1019 454 1194 495 dignitatis,
1219 456 1355 486 auctori-

293 500 374 535 tatis,
398 498 573 529 affectionis
589 498 639 529 vel
654 499 900 535 inhabitationis,
917 508 976 539 pro
993 499 1105 535 unic03
1131 505 1162 529 et
1184 499 1353 539 reliquum,

293 542 429 574 duarum
451 543 670 583 hypostasum,
693 552 752 582 pro
776 543 884 573 altero.
910 543 955 573 Ita
974 542 1063 582 quod
1080 543 1219 574 universi
1235 552 1354 573 errores

293 587 327 617 hi
349 592 423 617 sunt
446 587 604 627 quinque:
630 586 686 626 qui
707 586 780 616 satis
804 586 886 617 clare
909 592 1018 626 patent
1040 587 1073 617 in
1089 587 1191 617 littera
1213 596 1251 617 ex
1267 587 1354 627 prius

293 629 394 661 dietis.

348 673 469 710 Tertio,
493 673 704 714 respondetur
727 675 871 714 quaesito
894 675 990 705 unica
1014 675 1237 705 conclusione:
1261 674 1355 705 Haec

286 718 480 758 propositio,
495 717 625 752 scilicet,
653 730 667 744 «ι
685 717 775 748 Deus
790 723 838 748 est
851 718 946 749 homo
962 732 989 754 »,
1010 724 1057 749 est
1071 728 1148 749 vera
1164 724 1195 749 et
1204 718 1352 759 propria,

290 762 455 802 supposito
471 761 706 792 incarnationis
721 762 876 802 mysterio
903 771 975 792 cum
987 763 1060 803 fide
1077 763 1254 793 Catholica.
1278 762 1354 792 Pro-

292 805 393 836 batur.
428 805 501 836 Hoc
531 814 652 836 nomen
679 805 785 841 Deus,
815 816 853 836 ex
875 806 976 837 modo
1000 816 1075 837 suae
1099 806 1353 846 significationis,

291 854 398 889 potest
419 858 602 889 supponere
625 859 684 889 pro
707 859 844 890 persona
867 850 939 880 Filii
959 851 1028 880 Dei.
1052 851 1138 890 Ergo
1159 856 1264 890 potest
1279 859 1354 890 sup-

292 902 414 933 ponere
444 902 504 933 pro
534 894 703 933 supposito
733 894 892 924 humanae
922 899 1062 925 naturae.
1097 895 1182 934 Ergo
1212 894 1252 924 de
1282 894 1353 924 Deo

292 942 398 976 potest
417 936 590 977 praedicari
604 937 711 968 homo.
734 955 758 960 —-
780 938 981 968 Antecedens
1004 939 1166 978 probatur.
1190 938 1275 976 Quia
1294 947 1354 968 no-

291 989 368 1011 men
398 980 578 1021 significans
601 987 746 1012 naturam
770 991 978 1012 communem
1000 983 1034 1012 in
1057 988 1226 1018 concreto,
1250 987 1355 1022 potest

292 1033 475 1065 supponere
490 1034 550 1064 pro
566 1025 711 1065 quolibet
727 1031 953 1056 contentorum
969 1027 1028 1057 sub
1043 1032 1155 1056 natura
1171 1026 1352 1056 communi:

290 1074 328 1098 ut
349 1074 438 1108 patet
459 1068 622 1100 inductive
645 1069 679 1099 in
701 1070 843 1106 homine,
860 1075 920 1100 etc.
943 1089 966 1092 —
989 1070 1228 1110 Consequentia
1247 1075 1354 1100 autem

291 1112 395 1152 prima
416 1112 578 1153 probatur.
602 1113 687 1151 Quia
707 1123 844 1153 persona
859 1114 930 1144 Filii
946 1115 1006 1144 Dei
1030 1119 1076 1145 est
1090 1124 1163 1144 vere
1181 1119 1211 1144 et
1226 1114 1354 1154 proprie

291 1157 496 1196 suppositum
511 1157 669 1188 humanae
685 1163 826 1188 naturae.
849 1176 872 1180 —
895 1158 1041 1188 Secunda
1065 1163 1172 1188 autern
1192 1158 1354 1198 probatur.

291 1199 377 1238 Quia
399 1200 438 1231 de
462 1201 607 1241 quolibet
634 1202 802 1241 supposito
833 1202 966 1232 alicuius
994 1208 1124 1232 naturae
1152 1207 1257 1242 potest
1281 1211 1354 1232 vere

292 1249 324 1274 et
346 1245 475 1284 proprie
498 1244 671 1285 praedicari
693 1255 814 1276 nomen
837 1245 1017 1286 significans
1041 1246 1127 1276 illam
1149 1251 1294 1276 naturam
1322 1247 1355 1275 in

292 1295 455 1319 concreto.

347 1332 384 1362 11.
409 1332 472 1363 Ubi
494 1338 572 1363 nota
594 1332 832 1373 diligentissime
862 1334 952 1374 quod
979 1335 1012 1364 in
1035 1335 1093 1364 ista
1116 1334 1354 1374 propositione,

290 1376 381 1407 Deus
398 1381 446 1407 est
462 1376 569 1413 homo,
591 1377 682 1408 Deus
697 1378 852 1418 supponit
874 1388 932 1419 pro
950 1388 1086 1418 persona
1101 1379 1254 1408 humana:
1280 1379 1355 1418 quia

290 1421 446 1461 supponit
467 1430 526 1460 pro
549 1431 686 1462 persona
709 1422 780 1452 Filii
803 1423 863 1452 Dei
886 1428 1043 1462 quatenus
1067 1428 1114 1452 est
1136 1431 1272 1462 persona
1294 1423 1354 1452 hu-

290 1473 395 1495 mana.
429 1465 515 1495 Hinc
538 1466 624 1496 enim
652 1466 754 1496 littera
776 1466 871 1496 infert
901 1466 989 1506 quod
1012 1467 1107 1497 homo
1129 1476 1203 1497 vere
1227 1471 1259 1496 et
1280 1476 1355 1506 pro-

289 1508 358 1548 prie
380 1508 580 1549 praedicatur
602 1509 641 1540 de
665 1510 746 1546 Deo,
771 1511 847 1550 quia
865 1520 986 1541 nomen
1001 1516 1131 1540 naturae
1147 1511 1305 1540 humanae
1320 1511 1354 1540 in

291 1558 442 1583 concreto
465 1563 539 1583 vere
563 1559 594 1583 et
615 1555 745 1594 proprie
768 1554 966 1594 praedicatur
989 1554 1027 1584 de
1044 1555 1188 1594 quolibet
1203 1555 1262 1584 'suo
1279 1564 1354 1594 sup-

290 1596 408 1636 posito.
434 1596 570 1637 Oportet
593 1598 679 1628 enim
702 1599 906 1629 subsumere:
931 1598 994 1629 Sed
1008 1599 1097 1629 Deus
1121 1598 1195 1639 (pro
1210 1608 1353 1638 persona

290 1640 402 1714 gerbi)
427 1646 474 1671 est
496 1651 570 1671 vere
592 1647 623 1672 et
644 1642 782 1683 proprie
803 1643 1000 1684 suppositum
1025 1648 1162 1673 naturae
1184 1643 1353 1673 humanae.

322 1694 395 1725 rgo.

347 1728 388 1758 Et
410 1729 489 1759 scito
510 1729 599 1769 quod
621 1730 680 1760 ista
702 1731 889 1770 propositio,
908 1732 997 1762 Deus
1013 1736 1060 1761 est
1073 1731 1178 1766 homo,
1199 1736 1246 1761 est
1264 1732 1355 1771 quasi

292 1781 356 1802 una
379 1772 552 1803 indefinita.
577 1774 618 1803 Et
640 1774 714 1804 ideo
731 1774 770 1805 ad
785 1775 949 1805 veritatem
966 1776 1033 1805 eius
1048 1774 1164 1805 sufficit
1183 1775 1272 1814 quod
1290 1785 1354 1805 una

291 1825 428 1855 persona
449 1816 555 1847 divina
578 1818 617 1848 sit
638 1818 749 1848 homo.
774 1819 815 1849 Et
830 1818 869 1849 ad
884 1819 1111 1859 proprietatem
1125 1819 1224 1858 ipsius
1240 1818 1355 1849 sufficit

291 1859 508 1899 praedicatum
532 1870 599 1891 esse
623 1863 756 1902 aequale
779 1868 834 1893 aut
855 1864 958 1893 maius
974 1863 1128 1897 subiecto,
1152 1867 1188 1892 ut
1210 1862 1355 1903 Porphy-

291 1904 356 1934 rius
379 1903 457 1934 dixit
467 1905 495 1942 ξ
512 1910 543 1935 et
566 1915 599 1935 se
621 1906 738 1936 habere
761 1906 800 1936 ad
823 1907 1002 1937 subiectum
1026 1907 1116 1946 quasi
1139 1916 1196 1946 per
1219 1906 1354 1936 modum

290 1947 507 1979 informantis:
531 1954 568 1980 ut
590 1950 748 1980 evitentur
769 1951 923 1990 implicita
946 1951 1097 1986 subiecta,
1122 1959 1204 1990 quae
1228 1956 1356 1990 oportet

290 1992 484 2032 subintelligi
505 1994 540 2023 in
562 1995 838 2034 propositionibus
860 1994 1031 2030 indirectis,
1055 1999 1143 2034 puta,
1162 1994 1294 2025 Risibile
1310 2000 1357 2025 est

290 2036 396 2072 homo,
415 2037 479 2067 hoc
503 2042 558 2072 est,
575 2037 638 2069 Ille
660 2038 716 2079 qui
738 2043 786 2069 est
800 2039 940 2075 risibilis,
958 2044 1005 2069 est
1022 2039 1127 2069 homo.
1153 2038 1256 2074 Unde,
1274 2039 1356 2069 sicut

290 2080 349 2110 ista
372 2085 419 2110 est
440 2090 515 2111 vera
538 2087 570 2112 et
591 2083 730 2122 propria,
753 2082 864 2113 Homo
888 2088 935 2113 est
957 2083 1090 2123 crispus,
1115 2083 1191 2122 quia
1211 2082 1355 2113 Socrates

292 2129 339 2154 est
360 2124 500 2164 crispus;
529 2126 572 2156 ita
593 2127 652 2156 ista
675 2131 721 2156 est
743 2136 816 2157 vera
839 2133 870 2157 et
893 2127 1037 2167 propria,
1061 2126 1150 2156 Deus
1173 2132 1220 2157 est
1240 2127 1353 2162 homo,

291 2168 368 2208 quia
390 2178 455 2199 una
475 2178 613 2209 persona
629 2169 734 2200 divina
757 2176 803 2201 est
826 2171 937 2201 homo.
962 2171 1067 2201 Habet
1090 2171 1176 2201 enim
1197 2180 1230 2201 se
1253 2171 1354 2201 homo

291 2211 332 2242 ad
353 2211 497 2243 Verbum
520 2218 556 2243 ut
579 2218 625 2244 est
647 2223 784 2254 persona
798 2215 948 2251 humana,
971 2221 1125 2254 tanquam
1147 2214 1294 2245 formale:
1320 2221 1356 2245 ut

291 2256 415 2286 Auctor
437 2256 548 2287 docuit
570 2258 604 2288 in
627 2257 671 2288 IV
696 2258 820 2289 Contra
845 2259 979 2295 Gentes,
1005 2268 1073 2299 cap.
1099 2269 1188 2295 xmx,
1212 2260 1245 2289 in
1268 2259 1355 2290 solu-

291 2299 380 2330 tione
402 2306 507 2331 sextae
530 2301 729 2332 obiectionis.

346 2343 398 2374 ΠΙ.
423 2344 459 2374 In
481 2346 690 2386 responsione
714 2346 753 2377 ad
768 2347 919 2387 primum,
937 2347 1052 2387 collige
1068 2347 1176 2387 copias
1192 2346 1354 2378 doctrinae

291 2387 335 2418 ibi
358 2393 537 2419 contentae.
562 2390 637 2420 Duo
661 2391 819 2430 siquidem
843 2391 882 2422 ad
904 2392 1164 2432 metaphysicam,
1189 2397 1220 2421 et
1242 2392 1300 2422 tria
1316 2391 1355 2423 ad

291 2431 430 2471 logicam
452 2435 635 2473 spectantia,
658 2435 702 2464 ibi
726 2435 888 2465 docemur.

346 2476 491 2507 Primum
509 2478 774 2519 metaphysicum,
798 2480 934 2510 mixtum
950 2479 1082 2519 logicae,
1107 2485 1153 2510 est
1176 2479 1265 2519 quod
1287 2490 1354 2510 non

292 2518 469 2551 formarum
483 2520 654 2562 diversitas,
671 2523 726 2553 sed
740 2524 1039 2563 incompossibilitas
1055 2523 1194 2554 coeundi
1210 2529 1256 2554 est
1272 2533 1354 2564 quae

292 2562 406 2594 fundat
427 2566 592 2596 materiam
614 2572 781 2597 remotam.

347 2607 503 2645 Alterum,
518 2610 654 2640 mixtum
669 2610 754 2647 fidei,
769 2617 815 2642 est
830 2611 920 2652 quod
935 2613 1102 2652 supposito
1119 2611 1227 2642 divino
1243 2618 1355 2643 neutra

292 2657 415 2688 natura,
439 2652 544 2684 divina
566 2654 686 2685 scilicet
709 2661 740 2686 et
762 2656 911 2692 humana,
935 2656 1017 2686 inest
1039 2665 1097 2696 per
1119 2655 1275 2693 accidens
1300 2656 1355 2687 sed

292 2704 350 2735 per
372 2705 415 2726 se.

347 2739 492 2771 Primum
506 2741 659 2781 logicum,
683 2744 850 2783 supposito
865 2744 1090 2775 incarnationis
1106 2745 1266 2784 mysterio,
1291 2750 1353 2775 est:

292 2783 386 2814 Haec
403 2785 596 2825 propositio,
624 2799 638 2813 α
655 2787 746 2817 Deus
768 2793 815 2818 est
836 2788 932 2818 homo
952 2802 979 2825 »‚
1004 2798 1068 2818 non
1093 2793 1140 2818 est
1163 2788 1194 2818 in
1219 2789 1355 2819 materia

293 2833 427 2864 remota,
445 2838 546 2869 neque
569 2830 602 2860 in
626 2831 836 2872 contingenti,
851 2832 908 2862 sed
931 2833 1085 2863 naturali.

348 2872 535 2904 Secundum
550 2879 613 2904 est:
642 2887 655 2901 α
670 2874 781 2906 Homo
797 2889 811 2903 ›
825 2876 1038 2916 praedicatur
1053 2876 1092 2907 de
1106 2877 1188 2911 Deo,
1214 2886 1279 2906 non
1294 2887 1357 2917 per

293 2916 451 2952 accidens,
474 2917 531 2948 sed
547 2927 610 2958 per
631 2928 674 2949 se.

348 2961 495 2991 Tertium
518 2967 564 2992 est
587 2962 676 3002 quod
703 2975 716 2989 α
735 2962 845 2993 Homo
865 2977 879 2990 »
900 2964 1113 3004 praedicatur
1127 2964 1166 2994 de
1181 2964 1251 2994 Deo
1275 2964 1358 2994 sicut

292 3005 412 3045 species
434 3005 473 3036 de
491 3015 551 3036 sua
573 3006 741 3047 hypostasi
755 3008 781 3037 ἦ.
807 3007 848 3037 Et
863 3007 1038 3038 declaratur
1054 3017 1118 3048 qua
1133 3009 1265 3044 ratione,
1282 3009 1356 3038 sub-

292 3049 474 3093 iungendo:
499 3050 574 3080 Non
591 3051 719 3081 ratione
724 3051 861 3092 formae
875 3051 1078 3092 significatae
1087 3061 1150 3092 per
1164 3052 1225 3082 hoc
1241 3061 1355 3082 nomen

297 3106 311 3120 ‹
329 3094 420 3125 Deus
438 3107 466 3130 »,
491 3094 580 3134 quod
603 3100 650 3125 est
672 3095 852 3125 subiectum
874 3096 1118 3135 propositionis,
1151 3095 1207 3126 sed
1230 3096 1357 3126 ratione

293 3138 458 3179 suppositi,
482 3138 568 3179 quod
590 3144 637 3169 est
658 3139 841 3179 hypostasis
864 3139 1024 3170 humanae
1047 3144 1193 3170 naturae.

349 3182 391 3212 Et
412 3183 515 3223 prima
538 3182 670 3222 quidem
694 3183 759 3213 duo
783 3183 822 3213 ab
847 3183 996 3213 omnibus
1020 3183 1176 3223 acceptari
1190 3183 1353 3219 videntur,

294 3227 449 3266 quoniam
472 3227 539 3257 sine
562 3227 610 3257 his
634 3227 857 3257 incarnationis
879 3226 1067 3267 mysterium
1093 3227 1203 3257 salvari
1225 3227 1352 3266 nequit:

262 3289 267 3293 -
294 3275 326 3301 et
348 3270 387 3301 de
410 3271 458 3302 his
481 3271 627 3311 superius
642 3272 659 3287 ᾗ
682 3271 782 3301 multa
805 3270 888 3301 dicta
903 3275 986 3300 sunt.
1010 3269 1073 3300 Sed
1087 3271 1145 3300 tria
1159 3271 1272 3300 ultima
1286 3280 1354 3301 non

295 3320 402 3346 carent
425 3316 621 3355 quaestione,
646 3321 677 3345 et
700 3315 823 3354 singula
846 3313 1043 3345 discutienda
1065 3319 1148 3344 sunt.

349 3358 402 3389 lv.
427 3359 520 3390 Circa
541 3360 682 3399 primum
705 3359 799 3399 igitur
821 3359 948 3394 horum,
971 3357 1100 3394 scilicet,
1123 3357 1217 3388 Haec
1231 3367 1353 3397 propo-

294 3402 380 3438 sitio,
407 3416 421 3430 ‹
439 3403 529 3434 Deus
548 3408 595 3434 est
611 3404 706 3434 homo
726 3416 753 3439 »‚
779 3408 825 3433 est
840 3403 872 3433 in
889 3402 1025 3432 materia
1041 3402 1195 3437 naturali,
1219 3401 1353 3432 dubium

296 3447 434 3478 occurrit
451 3448 484 3483 *,
516 3448 591 3487 quia
614 3448 718 3478 omnis
742 3447 919 3487 propositio
943 3447 977 3476 in
998 3445 1129 3476 materia
1151 3445 1284 3475 naturali
1308 3450 1354 3475 est

295 3491 485 3523 necessaria:
510 3491 664 3531 alioquin,
683 3501 751 3521 non
768 3491 1011 3530 distingueretur
1034 3495 1143 3520 contra
1159 3489 1353 3529 propositio-

296 3542 372 3565 nem
393 3535 428 3565 in
449 3536 579 3566 materia
602 3536 810 3575 contingenti.
839 3534 901 3565 Sed
924 3535 982 3564 ista
1004 3543 1071 3564 non
1095 3539 1142 3563 est
1163 3533 1351 3563 necessaria:

296 3585 364 3608 non
387 3579 473 3609 enim
495 3579 582 3610 Deus
614 3580 791 3610 necessario
824 3584 869 3609 est
899 3579 1009 3608 homo.
1044 3578 1128 3617 Ergo
1157 3587 1224 3607 non
1248 3582 1294 3607 est
1319 3577 1353 3607 in

296 3622 425 3652 materia
447 3623 590 3654 naturali.
837 3622 843 3628 ”

2397 303 2467 340 199

1464 368 1556 398 Circa
1571 368 1759 404 secundum,
1783 369 1901 399 scilicet
1922 369 2011 409 quod
2034 369 2118 399 dicta
2136 370 2317 410 propositio
2341 375 2388 400 est
2403 379 2467 410 per

1408 421 1450 447 se,
1468 421 1506 442 ex
1529 412 1627 443 Scoto
1644 418 1675 443 et
1698 413 1862 448 Durando,
1879 414 1912 443 in
1935 423 1978 443 vn
1996 413 2066 443 dist.
2087 414 2126 443 ΙΙΙ
2146 413 2242 449 Sent„
2260 413 2393 444 dubium
2410 423 2466 444 oc-

1409 456 1504 486 currit
1519 457 1545 487 *.
1571 457 1685 487 Scotus
1709 457 1839 496 quidem
1854 458 1889 474 *³*
1904 458 2018 497 probat
2041 457 2202 497 tripliciter
2221 458 2303 488 hanc
2319 458 2466 497 proposi-

1408 500 1530 530 tionem
1554 510 1621 530 esse
1644 510 1765 536 veram,
1788 510 1856 531 non
1878 511 1935 541 per
1957 510 2000 536 se,
2025 500 2080 531 sed
2104 510 2160 540 per
2183 501 2337 537 accidens,
2362 502 2465 541 logice

1408 543 1583 583 loquendo.
1619 545 1706 574 Turn
1733 545 1808 584 quia
1835 544 2051 584 praedicatum
2082 554 2149 574 non
2173 550 2218 575 est
2242 544 2280 575 de
2303 545 2466 576 intellectu

1407 588 1550 618 subiecti.
1566 606 1589 610 -
1604 588 1691 618 Tum
1708 589 1792 628 quia,
1809 589 1835 618 si
1854 589 1909 624 sic,
1926 588 2157 628 praedicaretur
2173 588 2212 619 de
2229 589 2372 628 quolibet
2388 598 2466 619 con-

1407 636 1496 661 tento
1519 633 1578 662 sub
1602 633 1756 662 subiecto.
1781 633 1821 662 Et
1844 633 1888 662 sic
1913 632 2045 672 Spiritus
2062 632 2194 662 Sanctus
2219 638 2250 662 et
2273 633 2363 663 Pater
2386 638 2467 663 esset

1407 674 1518 705 homo.
1542 693 1564 698 —
1587 676 1674 706 Tum
1697 677 1772 716 quia
1794 677 1827 706 in
1848 676 2135 715 praedicationibus
2158 685 2215 715 per
2230 686 2263 706 se
2287 677 2465 707 subiectum

1408 720 1561 758 supponit
1584 719 1806 750 determinate:
1831 721 1915 760 quia,
1940 721 1965 750 si
1988 719 2228 750 indeterminate
2251 726 2375 750 tantum
2391 730 2467 760 sup-

1407 768 1551 801 poneret,
1575 764 1653 794 haec
1677 769 1758 794 esset
1782 773 1838 803 per
1861 773 1904 799 se,
1928 764 2058 794 Animal
2073 769 2119 794 est
2133 764 2238 799 homo,
2264 765 2338 804 quia
2362 770 2467 804 potest

1407 806 1559 837 verificari
1587 817 1646 847 pro
1670 808 1763 838 Petro
1786 807 1836 838 vel
1861 808 1970 838 Paulo.
2004 807 2067 838 Sed
2090 809 2153 838 hoc
2176 809 2355 838 subiectum
2378 808 2466 839 Deus

1407 859 1474 880 non
1497 851 1630 881 includit
1653 851 1858 882 determinate
1882 852 1953 891 plus
1977 852 2094 881 Filium
2118 861 2214 891 quam
2238 852 2372 882 Patrem.

1463 894 1632 925 Durandus
1647 905 1723 926 vero
1736 896 1839 935 inquit
1851 897 1883 925 *ς
1901 896 1983 925 Puto
2000 895 2089 935 quod
2104 896 2203 935 magis
2219 896 2346 935 proprie
2362 901 2467 936 potest

1409 937 1470 967 dici
1493 948 1565 968 vera
1587 948 1645 978 per
1667 939 1812 970 accidens
1835 949 1932 979 quam
1954 949 2009 979 per
2036 949 2079 969 se.
2113 939 2197 977 Quia
2213 941 2317 970 omnis
2346 949 2466 980 propo-

1408 982 1479 1011 sitio
1495 992 1568 1012 vera
1584 992 1641 1022 per
1655 993 1688 1013 se
1712 989 1758 1014 est
1773 993 1846 1014 vera
1867 993 1942 1014 cum
1958 983 2207 1023 reduplicatione
2223 985 2348 1014 termini
2372 994 2467 1024 supra

1408 1035 1457 1055 se:
1482 1026 1582 1056 homo
1606 1028 1701 1063 enim,
1718 1027 1895 1057 secundum
1919 1027 2007 1067 quod
2030 1028 2141 1062 homo,
2158 1033 2204 1057 est
2227 1028 2342 1058 animal
2366 1033 2396 1058 et
2420 1034 2467 1058 est

1408 1070 1540 1100 risibilis.
1574 1070 1608 1100 In
1631 1072 1798 1111 proposito
1823 1077 1939 1106 autern,
1955 1071 2053 1107 Deus,
2070 1071 2242 1101 secundum
2266 1072 2352 1112 quod
2366 1072 2464 1108 Deus,

1409 1118 1456 1143 est
1476 1114 1586 1149 homo,
1612 1120 1658 1144 est
1682 1114 1773 1145 falsa:
1805 1116 1880 1154 quia
1901 1125 1968 1145 non
1992 1114 2094 1145 forma
2117 1114 2290 1154 significata
2313 1125 2370 1155 per
2392 1116 2486 1157 sub-·

1408 1158 1527 1187 iectum
1551 1163 1597 1188 est
1619 1159 1698 1188 ratio
1722 1159 1935 1189 inhaerentiae
1958 1159 2127 1198 praedicati
2150 1159 2189 1188 ad
2205 1160 2393 1195 subiectum,
2410 1159 2466 1190 sed

1409 1201 1475 1231 sola
1498 1203 1601 1231 unitas
1624 1203 1792 1242 suppositi.
1824 1203 1916 1240 Quae
1940 1203 2034 1232 etiam
2057 1203 2090 1232 in
2113 1203 2386 1242 propositionibus
2410 1213 2466 1243 per

1409 1245 1554 1275 accidens
1578 1252 1624 1275 est
1646 1251 1714 1276 tota
1729 1256 1823 1276 causa
1845 1246 2067 1276 verificationis
2087 1255 2205 1276 earum.
2229 1247 2269 1277 Et
2291 1246 2364 1277 ideo
2387 1248 2465 1278 haec

1408 1290 1587 1328 propositio
1618 1291 1717 1330 magis
1741 1295 1787 1320 est
1811 1290 1943 1320 dicenda
1971 1299 2028 1329 per
2051 1289 2196 1320 accidens
2225 1300 2321 1330 quam
2343 1300 2400 1330 per
2421 1301 2463 1322 se.

1464 1333 1558 1363 Circa
1579 1335 1718 1369 tertium,
1743 1334 1871 1369 scilicet,
1895 1334 2004 1364 Homo
2019 1334 2231 1373 praedicatur
2245 1334 2284 1364 de
2299 1335 2368 1364 Deo
2384 1335 2467 1365 sicut

1408 1378 1526 1417 species
1549 1377 1588 1407 de
1610 1387 1670 1408 sua
1687 1378 1861 1418 hypostasi,
1887 1378 2010 1413 Scotus,
2028 1379 2083 1408 ubi
2099 1387 2203 1417 supra,
2228 1379 2365 1408 occurrit
2379 1380 2396 1395 ᾗ
2419 1378 2465 1409 di-

1410 1431 1484 1451 cens
1508 1421 1606 1461 quod,
1632 1423 1706 1462 quia
1729 1423 1787 1452 ista
1802 1423 1880 1452 unio
1904 1432 1971 1452 non
1992 1422 2086 1451 habet
2109 1423 2254 1458 similem,
2278 1423 2403 1452 nullum
2420 1428 2466 1453 est

1409 1465 1625 1505 praedicatum
1648 1467 1729 1496 sicut
1751 1467 1784 1496 in
1807 1467 1991 1505 proposito:
2023 1465 2078 1495 sed
2107 1467 2185 1496 haec
2208 1466 2399 1506 praedicatio
2428 1476 2465 1497 ex

1408 1515 1495 1549 parte
1518 1510 1688 1549 praedicati
1715 1515 1761 1540 est
1784 1511 1921 1550 species;
1953 1520 1991 1540 ex
2019 1515 2105 1549 parte
2128 1520 2204 1540 vero
2232 1510 2321 1540 modi
2351 1520 2384 1540 se
2411 1511 2465 1540 ha-

1409 1553 1503 1584 bendi
1527 1554 1697 1593 praedicati
1719 1560 1864 1594 respectu
1883 1554 2026 1589 subiecti,
2052 1559 2098 1584 est
2114 1554 2195 1584 sicut
2211 1553 2355 1584 accidens
2372 1555 2465 1594 quin-

1407 1604 1477 1628 tum
1500 1598 1719 1637 praedicabile,
1745 1599 1819 1638 quia
1842 1607 1908 1628 non
1933 1603 1979 1628 est
2001 1597 2040 1627 de
2056 1599 2178 1628 ratione
2194 1599 2336 1634 subiecti,
2362 1604 2392 1628 et
2411 1598 2465 1628 ad-

1407 1642 1494 1672 venit
1516 1642 1732 1682 temporaliter
1754 1642 1897 1672 subiecto
1923 1643 2065 1671 existenti
2089 1642 2122 1671 in
2146 1647 2218 1672 actu
2235 1642 2396 1682 completo
2414 1652 2465 1672 ae-

1407 1686 1574 1722 ternaliter,
1599 1691 1630 1716 et
1652 1695 1709 1726 per
1732 1687 1794 1716 hoc
1814 1686 1939 1716 advenit
1961 1687 2004 1715 ita
2026 1691 2062 1715 ut
2084 1687 2184 1724 possit
2207 1687 2323 1716 abesse.

1463 1730 1501 1760 V.
1526 1730 1577 1760 Ad
1600 1730 1716 1760 horum
1740 1729 1940 1765 evidentiam,
1965 1735 2092 1769 oportet
2107 1730 2164 1759 tria
2180 1735 2375 1769 praenotare.
2400 1730 2465 1760 Pri-

1408 1783 1498 1804 mum
1523 1779 1569 1803 est
1597 1773 1686 1813 quod
1708 1774 1740 1813 ly
1762 1774 1851 1803 Deus
1874 1779 1995 1813 potest,
2024 1779 2179 1812 quantum
2203 1773 2241 1803 ad
2263 1774 2466 1813 propositum

1408 1823 1538 1857 spectat,
1563 1817 1730 1857 dupliciter
1754 1816 1959 1847 considerari:
1984 1817 2103 1857 prime,
2129 1817 2288 1853 absolute3
2313 1818 2464 1854 secundo,

1408 1867 1443 1891 ut
1467 1866 1667 1891 contractum
1690 1861 1740 1891 vel
1760 1860 2003 1891 determinatum
2026 1870 2083 1900 per
2098 1860 2324 1900 praedicatum,
2348 1862 2466 1892 scilicet

1408 1915 1474 1936 esse
1497 1905 1665 1935 hominem.
1690 1905 1798 1935 Potest
1821 1905 1906 1935 enim
1922 1914 2105 1944 supponere
2121 1905 2152 1945 ly
2167 1904 2264 1939 Deus,
2289 1905 2466 1935 secundum

1408 1959 1498 1980 suam
1517 1949 1692 1979 naturalem
1709 1949 1974 1989 suppositionem,
1991 1958 2050 1988 pro
2074 1949 2209 1978 habente
2229 1949 2377 1979 deitatem
2398 1950 2466 1979 abs-

1409 2003 1471 2033 que
1488 1993 1750 2024 determinatione
1766 1994 1861 2023 huius
1876 1993 1927 2023 vel
1942 1993 2025 2023 illius
2041 1993 2184 2023 habentis
2201 1993 2365 2023 deitatem:
2386 1994 2467 2023 sicut

1407 2039 1502 2068 homo
1525 2047 1584 2078 pro
1609 2038 1745 2067 habente
1768 2037 2008 2067 humanitatem.
2041 2037 2082 2066 Et
2105 2037 2150 2066 sic
2174 2036 2390 2067 consideratur
2413 2038 2466 2067 ab-

1408 2082 1527 2112 solute:
1552 2082 1632 2112 sicut
1645 2091 1719 2111 cum
1736 2081 1859 2117 dicitur,
1875 2081 1963 2111 Deus
1979 2081 2099 2111 caritas
2114 2086 2169 2111 est.
2183 2082 2199 2097 ᾗ
2215 2081 2322 2111 Potest
2334 2091 2465 2121 quoque

1407 2135 1590 2166 supponere
1613 2135 1672 2166 pro
1696 2131 1782 2156 certo
1807 2126 1974 2165 supposito
1998 2125 2122 2155 divinae
2141 2130 2287 2155 naturae:
2311 2126 2466 2165 quoniam

1407 2167 1480 2200 talia
1496 2175 1569 2200 sunt
1588 2169 1695 2210 quoad
1711 2170 1966 2209 suppositionem
1982 2169 2131 2204 subiecta,
2156 2169 2260 2208 qualia
2279 2170 2467 2208 permittunt

1408 2214 1604 2254 praedicata;
1625 2215 1715 2249 sicut,
1732 2223 1806 2243 cum
1822 2214 1855 2243 in
1872 2213 2026 2253 Symbolo
2038 2214 2055 2229 ᾖ
2071 2212 2194 2248 dicitur,
2210 2213 2314 2243 Deum
2330 2213 2369 2243 de
2384 2214 2464 2249 Deo,

1408 2259 1440 2299 ly
1463 2259 1567 2288 Deum
1591 2258 1745 2298 supponit
1768 2267 1826 2297 pro
1851 2257 1942 2292 Filio,
1969 2262 1999 2287 et
2021 2257 2054 2297 ly
2075 2257 2146 2287 Deo
2169 2266 2228 2296 pro
2252 2257 2351 2287 Patre.
2376 2258 2417 2287 Et
2439 2258 2465 2287 si

1407 2303 1440 2333 in
1463 2303 1522 2333 hac
1545 2302 1783 2342 propositione,
1807 2301 1896 2331 Deus
1919 2306 1965 2331 est
1987 2301 2098 2335 homo,
2129 2301 2300 2340 accipiatur
2323 2301 2355 2341 ly
2377 2302 2466 2332 Deus

1408 2347 1566 2382 absolute,
1591 2351 1714 2376 constat
1737 2346 1991 2386 propositionem
2006 2345 2098 2374 istam
2123 2354 2189 2374 esse
2212 2354 2319 2374 veram
2342 2354 2399 2384 per
2414 2355 2465 2375 ac-

1409 2390 1532 2421 cidens:
1557 2391 1639 2420 sicut
1662 2395 1784 2420 constat
1808 2390 1889 2419 hanc
1912 2398 1979 2419 esse
2002 2398 2059 2428 per
2082 2388 2243 2423 accidens,
2267 2388 2398 2419 Animal
2419 2394 2468 2419 est

1407 2435 1512 2465 homo.
1537 2434 1663 2465 Accidit
1686 2434 1781 2469 enim,
1805 2433 1907 2473 logice
1930 2432 2105 2472 loquendo,
2130 2437 2165 2462 ut
2188 2441 2275 2462 nunc
2290 2432 2463 2472 loquimur,

1407 2479 1535 2509 animali
1559 2488 1626 2509 esse
1650 2479 1825 2513 hominem,
1849 2478 1970 2507 ratione
1993 2477 2125 2507 alicuius
2144 2476 2286 2506 animalis
2310 2476 2399 2516 quod
2418 2482 2465 2506 est

1407 2524 1524 2553 homo:
1551 2528 1582 2553 et
1604 2522 1745 2552 similiter
1769 2521 1882 2551 accidit
1904 2522 1974 2551 Deo
1991 2530 2058 2551 esse
2073 2521 2248 2555 hominem,
2272 2521 2393 2550 ratione
2409 2520 2464 2550 ali-

1408 2568 1499 2598 cuius
1522 2567 1700 2607 hypostasis
1724 2566 1847 2596 divinae
1871 2575 1953 2605 quae
1977 2570 2023 2595 est
2045 2565 2155 2594 homo.
2191 2563 2223 2594 Si
2247 2569 2352 2594 autem
2382 2565 2464 2594 acci-

1407 2612 1511 2651 piatur
1538 2611 1571 2651 ly
1593 2611 1682 2641 Deus
1712 2615 1747 2640 ut
1770 2610 1889 2640 substat
1919 2609 2173 2639 determinationi
2202 2607 2387 2648 praedicati,
2419 2609 2464 2638 sic

1407 2656 1561 2695 supponit
1592 2664 1651 2694 pro
1675 2663 1811 2694 persona
1833 2654 1920 2689 Filii,
1954 2663 2035 2693 quae
2058 2653 2125 2682 sola
2149 2657 2194 2682 est
2217 2652 2333 2681 homo:
2364 2653 2462 2688 sicut,

1408 2709 1482 2730 cum
1506 2699 1620 2729 dicitur
1643 2698 1732 2738 quod
1754 2698 1849 2728 homo
1867 2697 2032 2738 peccando
2055 2696 2205 2736 spoliavit
2226 2705 2330 2736 genus
2352 2696 2464 2726 huma-

1409 2753 1484 2773 num
1506 2744 1591 2773 stola
1615 2742 1832 2776 innocentiae,
1862 2742 2014 2781 supponit
2043 2750 2102 2780 pro
2126 2749 2192 2770 uno
2216 2739 2380 2778 singulari,
2404 2740 2464 2770 sci-

1408 2788 1481 2818 licet
1504 2787 1617 2817 Adam.
1642 2786 1682 2816 Et.
1705 2787 1748 2816 sie
1768 2787 1851 2816 sumi
1874 2786 1906 2815 in
1922 2786 1981 2815 hac
1996 2784 2216 2824 propositione
2240 2783 2320 2822 clare
2341 2784 2464 2814 Auctor

1409 2831 1541 2861 affirmat
1564 2832 1597 2860 in
1621 2831 1731 2865 littera,
1755 2830 1788 2859 in
1812 2829 1896 2859 calce
1921 2829 2062 2868 corporis
2086 2827 2216 2857 articuli.

1464 2875 1526 2905 Sed
1550 2875 1624 2914 quia
1647 2875 1709 2904 hoc
1725 2883 1791 2903 non
1807 2872 1931 2908 sufficit,
1956 2871 2120 2902 sciendum
2137 2876 2183 2901 est
2198 2870 2350 2907 secundo,
2375 2871 2464 2911 quod

1409 2920 1441 2959 ly
1463 2919 1561 2953 Deus,
1587 2917 1800 2957 supponendo
1824 2926 1882 2956 pro
1906 2925 2042 2955 persona
2065 2915 2144 2950 Filii,
2170 2914 2336 2954 dupliciter
2359 2921 2464 2955 potest

1409 2962 1616 2993 considerari:
1640 2961 1690 2991 vel
1715 2960 1822 3000 quoad
1846 2959 1979 2990 formam
1996 2958 2212 2998 significatam,
2238 2968 2320 2998 quae
2336 2964 2383 2989 est
2398 2959 2464 2989 dei-

1408 3013 1469 3042 tas;
1496 3007 1543 3036 vel
1568 3004 1675 3045 quoad
1698 3005 1798 3044 ipsam
1822 3013 1990 3043 personam
2014 3003 2221 3042 suppositam.
2250 3003 2290 3032 Et
2313 3003 2388 3042 quia
2412 3012 2464 3033 ex-

1409 3057 1508 3080 trema
1519 3050 1680 3079 insinuant
1692 3047 1844 3083 medium,
1858 3048 1908 3077 hic
1921 3047 2148 3086 subintelligas:
2162 3046 2212 3076 vel
2223 3046 2330 3086 quoad
2341 3051 2464 3077 utrum-

1409 3104 1477 3135 que.
1495 3094 1536 3123 Et
1551 3094 1576 3123 si
1593 3092 1723 3132 quidem
1738 3093 1771 3122 in
1787 3092 1846 3121 hac
1862 3091 2081 3131 propositione
2098 3096 2274 3120 sumeretur
2285 3090 2373 3120 Deus
2389 3100 2464 3130 sup-

1408 3147 1533 3178 ponens
1549 3146 1607 3177 pro
1624 3136 1705 3166 Filio
1722 3135 1828 3175 quoad
1844 3134 1979 3165 formam
1996 3133 2212 3174 significatam,
2225 3134 2367 3164 similiter
2382 3135 2464 3165 clare

1410 3187 1533 3212 constat
1556 3179 1645 3220 quod
1667 3179 1845 3220 propositio
1871 3184 1951 3209 esset
1973 3188 2029 3219 per
2053 3177 2215 3208 accidens:
2243 3177 2355 3208 accidit
2378 3179 2464 3209 enim

1410 3225 1516 3255 deitati
1539 3225 1660 3254 ratione
1684 3223 1861 3263 hypostasis
1883 3223 1979 3253 Verbi
2010 3232 2076 3252 esse
2107 3223 2280 3252 hominem.
2316 3222 2356 3251 Et
2378 3222 2464 3252 idem

1410 3275 1456 3299 est
1478 3268 1633 3299 iudicium
1657 3268 1681 3297 si
1702 3273 1879 3297 sumeretur
1902 3266 2010 3307 quoad
2028 3271 2210 3306 utrumque.
2235 3266 2275 3295 Et
2298 3271 2464 3305 propterea

1409 3313 1442 3342 in
1465 3313 1632 3352 proposito
1662 3311 1797 3341 sumitur
1827 3311 1859 3351 ly
1881 3311 1970 3341 Deus
1999 3316 2035 3341 ut
2057 3311 2210 3350 supponit
2240 3319 2298 3349 pro
2329 3319 2464 3349 persona

1409 3356 1480 3386 Filii
1504 3355 1611 3396 quoad
1635 3355 1840 3396 hypostasim.
1868 3355 1909 3385 Et
1931 3355 1993 3385 hoc
2016 3355 2112 3384 habes
2136 3354 2229 3384 etiam
2253 3354 2334 3383 clare
2357 3354 2390 3384 in
2414 3354 2464 3384 lit-

1408 3406 1482 3435 tera,
1506 3401 1540 3430 in
1564 3396 1648 3430 calce
1672 3399 1886 3439 responsionis
1910 3398 1949 3429 ad
1972 3399 2120 3438 primurn.

1461 3444 1596 3480 Verum,
1626 3444 1700 3483 quia
1722 3452 1858 3483 persona
1880 3443 1951 3472 Filii
1975 3443 2034 3472 Dei
2057 3443 2150 3472 habet
2173 3442 2235 3471 hoc
2258 3441 2464 3481 singularissi-

1408 3497 1508 3524 mum,
1534 3487 1623 3528 quod
1646 3493 1692 3518 est
1715 3497 1851 3527 persona
1873 3487 2044 3517 subsistens
2067 3487 2100 3516 in
2120 3486 2241 3515 duabus
2265 3485 2392 3520 naturis,
2417 3485 2463 3515 di-

1408 3533 1480 3562 vina
1503 3532 1622 3562 scilicet
1645 3537 1676 3562 et
1691 3531 1846 3566 humana3
1871 3530 1954 3565 ideo,
1971 3531 2073 3566 tertio,
2090 3529 2296 3560 recolendum
2313 3535 2359 3559 est
2375 3529 2463 3569 quod

1407 3576 1585 3617 hypostasis
1609 3585 1668 3615 pro
1692 3585 1755 3615 qua
1778 3575 1930 3614 supponit
1953 3575 1985 3604 in
2005 3574 2063 3603 hac
2080 3574 2300 3613 propositione
2317 3573 2348 3613 ly
2363 3573 2461 3607 Deus,

1408 3620 1502 3650 habet
1526 3619 1725 3650 conditiones
1749 3625 1905 3654 aeternas,
1931 3624 1961 3648 et
1984 3618 2077 3648 habet
2100 3616 2298 3647 conditiones
2322 3626 2359 3647 ex
2383 3622 2463 3647 tem-

2497 461 2506 471 ·
2521 460 2554 482 Cf.
2572 467 2635 482 num.
2650 467 2688 483 vn.

2495 488 2515 498 ⁴·
2523 487 2578 508 Loe.
2587 487 2634 514 cit,
2643 494 2680 516 qu.
2690 494 2707 510 1.

2494 898 2504 908 ·
2515 897 2569 919 Loc.
2581 898 2628 924 cin,
2638 904 2676 926 qu.
2688 904 2704 924 1,

2495 924 2516 944 in
2531 930 2591 951 resp.
2610 924 2638 946 ad
2657 930 2703 952 arg.

2493 956 2505 971 2
2521 954 2582 972 cont.
2597 955 2638 972 an.
2653 957 2673 972 2.

2493 1376 2503 1385 ¹·
2517 1375 2552 1396 Cf.
2568 1381 2631 1397 num.
2642 1381 2689 1397 vm.

2493 2084 2503 2094 '⁴
2517 2083 2526 2104 1
2537 2083 2599 2106 Ioan.
2611 2089 2660 2110 cap.
2672 2089 2702 2111 iv,

2492 2116 2550 2131 vers.
2565 2110 2586 2132 8.

2492 2210 2503 2220 ¹·
2522 2209 2702 2231 Nicaeno-Con-

2493 2239 2562 2257 stant.
