2872 3970
49 2459 77 2499 {35

71 1419 81 1442 ,α

161 2327 182 2343 n.
189 2326 260 2348 xxvii,
266 2323 307 2342 art.
313 2326 333 2345 2,

122 2321 244 2370 Bamcf.
254 2353 294 2375 qu.
302 2352 333 2374 ιν,

123 2377 168 2397 nrt.
183 2381 202 2402 ι,
216 2379 237 2396 2.

221 2430 238 2448 C

223 2694 238 2727 β

223 2797 239 2823 Υ

1089 243 1353 289 QUAESTIO
1382 243 1413 288 Ι,
1443 243 1735 280 ARTICULUS
1763 244 1792 279 II
2510 255 2534 290 9

354 324 594 355 similitudinem
610 329 665 354 aut
680 323 804 354 donum
827 322 959 362 aliquod
975 328 1116 352 creatum
1136 322 1285 351 naturalis
1299 321 1350 351 vel
1366 330 1418 350 su·
1444 319 1447 358 Ι
1472 322 1556 352 xime
1573 322 1691 357 divino,
1703 323 1855 352 sumitur:
1874 332 1970 362 quam
1984 323 2142 353 Dominus
2159 323 2279 359 docuit,
2292 323 2378 354 Ioan.
2389 324 2463 352 111*:
2481 323 2535 352 Sic

355 368 562 409 pernaturalis
593 367 727 398 ordinis:
763 366 819 396 sed
842 367 1004 406 propriam
1027 375 1211 406 personam,
1240 364 1418 395 secundum
1444 363 1446 382 '¹
1471 366 1562 396 Deus
1583 366 1698 396 dilexit
1717 366 1870 396 mundum
1895 372 1930 396 ut
1951 367 2070 396 Filium
2090 377 2183 397 suum
2207 367 2407 408 unigenitum
2431 367 2533 397 daret.

355 421 446 443 suam
477 412 639 452 propriam
669 411 903 444 subsistentiam
927 419 1025 450 quam
1054 410 1087 439 in
1111 410 1280 449 semetipsa
1306 409 1417 444 habet,
1444 407 1446 438 ἶ
1528 410 1609 440 VIII.
1634 410 1669 439 In
1685 411 1894 450 responsione
1911 410 1950 440 ad
1970 411 2110 449 primum
2134 411 2276 441 eiusdem
2292 411 2413 441 articuli
2430 411 2533 450 primi,

356 456 573 487 communicat
589 460 764 490 creaturae,
788 455 899 494 sicque
922 454 980 483 sibi
997 453 1066 483 Deo
1092 459 1122 483 et
1146 459 1266 483 creatae
1289 458 1417 482 naturae
1444 443 1446 489 f
1472 459 1548 483 nota
1572 453 1734 494 duplicem
1757 453 1892 484 modum
1915 454 2070 494 loquendi
2094 454 2132 484 de
2156 455 2388 484 incarnatione:
2414 454 2463 484 vel
2488 454 2534 484 di-

356 508 564 531 communem
586 507 757 538 personam
781 498 855 528 facit
877 503 914 528 ut
929 503 1080 533 creatura,
1097 498 1160 527 hoc
1177 503 1222 527 est
1244 497 1355 532 homo,
1380 496 1419 526 sit
1444 495 1446 544 J
1473 497 1587 533 cendo,
1613 498 1702 528 Deus
1727 499 1830 528 univit
1852 507 1886 528 se
1911 503 2102 534 creaturae;
2123 498 2172 528 vel
2190 498 2335 533 dicendo,
2356 499 2444 528 Deus
2465 498 2535 528 uni-

355 543 534 575 secundum
557 550 625 572 rem
647 542 791 572 Verbum
814 542 884 577 Dei,
910 541 1000 581 quod
1023 547 1070 571 est
1092 541 1189 571 Deus.
1220 541 1282 570 Hie
1305 540 1419 580 procul
1444 546 1446 586 l
1472 541 1518 571 vit
1539 546 1722 571 creaturam
1745 542 1815 572 sibi.
1839 541 1982 582 Uterque
2006 552 2100 572 sanus
2125 548 2155 572 et
2179 542 2380 577 Catholicus,
2405 547 2436 572 et
2458 541 2532 572 ideo

356 588 455 618 dubio
480 593 527 617 est
542 595 688 617 summus
709 585 827 616 modus
851 595 917 625 quo
937 595 1100 615 summum
1125 586 1248 615 bonurn
1272 593 1418 614 commu·
1444 593 1445 598 ¹

354 632 462 663 nicare
477 641 510 662 se
526 636 632 671 potest
648 635 825 660 creaturae:
849 639 916 659 non
933 635 979 659 est
995 630 1081 660 enim
1101 629 1302 668 intelligibilis
1318 629 1419 658 maior
1444 661 1446 669 7

355 675 472 707 modus
496 684 562 715 quo
586 675 687 714 possit
710 674 942 704 communicari
965 673 1052 703 Deus
1076 679 1245 703 creaturae.

410 719 485 749 Hoc
508 724 615 749 autem
638 716 738 748 modo
763 717 870 747 Deum
901 717 1156 747 communicasse
1184 727 1216 746 se
1241 722 1418 752 creaturae,
1444 717 1446 750 j

356 769 388 794 et
409 772 477 793 non
493 762 600 792 solum
624 767 783 792 creaturae
805 760 877 796 tali,
902 770 940 791 ex
963 762 1028 791 hoe
1044 760 1134 801 quod
1155 761 1335 790 incarnatus
1357 765 1418 795 est,

355 816 395 838 ex
417 815 458 837 eo
486 812 572 846 patet
595 805 685 846 quod
711 805 886 835 incarnatio
917 810 963 835 est
986 805 1120 835 elevatio
1151 805 1248 834 totius
1280 803 1420 833 universi
1445 806 1446 818 ³

355 851 390 881 in
411 851 552 881 divinam
574 858 756 889 personam.
787 849 870 879 Nam
893 850 920 879 si
942 858 1022 889 pure
1045 849 1212 888 spiritualis
1239 853 1361 882 natura,
1384 853 1421 877 ut
1446 866 1447 875 1

357 900 404 926 est
426 895 584 934 angelica,
607 899 770 933 assumpta
801 893 927 927 fuisset,
952 898 1094 923 creatura
1123 901 1278 932 corporea
1301 892 1421 921 elevata

356 948 423 973 non
440 938 560 969 fuisset.
576 938 617 968 Et
633 938 784 972 similiter,
796 938 823 967 si
839 937 980 967 caelestis
996 942 1108 967 natura
1123 935 1233 966 fuisset
1248 941 1420 975 assumpta,
1446 933 1447 943 ³

356 982 504 1012 sensitiva
519 982 760 1022 vegetativaque
783 987 925 1011 creatura
947 990 1016 1011 non
1031 980 1142 1011 fuisset
1159 980 1254 1010 huius
1271 979 1421 1009 elevatio-
1446 1012 1448 1024 *y

355 1026 404 1056 nis
427 1027 595 1067 particeps,
618 1025 660 1056 Et
683 1025 835 1060 similiter,
859 1026 885 1055 si
908 1025 1010 1055 solam
1026 1033 1214 1064 corpoream
1231 1032 1421 1063 quamcum-

357 1078 421 1110 que
436 1072 592 1105 naturam,
610 1074 664 1099 aut
679 1070 898 1109 vegetativam,
916 1074 970 1098 aut
989 1069 1171 1098 sensitivam
1191 1068 1420 1107 assumpsisset,
1447 1071 1448 1082 ³

356 1114 577 1145 intellectualis
599 1119 711 1144 natura
727 1113 846 1143 elevata
861 1122 928 1142 non
949 1113 1068 1142 fuisset.
1092 1111 1296 1142 Assumendo
1313 1116 1421 1141 autem

356 1164 502 1189 naturam
529 1159 719 1192 humanam,
744 1156 834 1197 quod
857 1156 1051 1196 significatur
1080 1166 1136 1195 per
1158 1156 1421 1190 incarnationem,

356 1203 455 1234 totius
485 1202 623 1232 universi
653 1207 764 1232 natura
788 1201 908 1232 elevata
938 1206 985 1230 est
1008 1200 1047 1230 ad
1070 1200 1210 1230 divinam
1240 1208 1421 1239 personam.
1448 1201 1449 1240 ξ

357 1243 402 1276 Ita
425 1245 516 1286 quod
545 1245 633 1275 Deus
656 1254 730 1274 vere
753 1249 913 1274 creaturae
937 1243 1082 1274 absolute
1112 1253 1145 1274 se
1169 1253 1298 1273 summo
1321 1242 1422 1272 modo
1448 1255 1450 1286 Ι

357 1289 624 1324 communicavit,
649 1289 724 1328 quia
746 1288 811 1318 toti»
829 1288 978 1318 universo
1003 1296 1036 1317 se
1059 1296 1188 1317 summo
1208 1287 1308 1317 modo
1333 1295 1422 1316 corn-

356 1333 540 1368 municavit,
565 1331 643 1363 dum
667 1333 847 1362 incarnatus
871 1335 934 1361 est:
959 1332 1044 1371 quia,
1069 1337 1104 1361 ut
1127 1332 1161 1360 in
1177 1331 1278 1361 littera
1302 1341 1340 1361 ex
1354 1331 1422 1360 Au-

357 1378 486 1418 gustino
502 1376 627 1411 dicitur,
643 1377 688 1406 sic
705 1376 814 1406 omnia
834 1381 955 1405 coeunt
969 1376 1002 1405 in
1018 1384 1116 1405 unam
1140 1384 1320 1415 personam,
1338 1383 1422 1409 caro,

1472 591 1607 625 uterque
1630 586 1663 615 in
1684 586 1785 616 littera
1809 587 1956 625 ponitur:
1982 586 2036 616 sed
2059 586 2219 616 secundus
2241 586 2364 621 melior,
2382 587 2457 625 quia
2471 586 2536 616 for-

1472 629 1572 660 malis.
1612 630 1652 659 Et
1675 629 1748 660 ideo
1771 631 1804 659 in
1828 630 1929 660 littera
1959 631 2080 670 primus
2104 631 2270 669 corrigitur
2294 629 2560 669 quodammodo(

1472 683 1529 713 per
1551 673 1739 703 secundum.
1765 674 1806 703 Et
1829 675 1907 704 ratio
1925 680 1971 704 est
2001 675 2075 714 quia
2099 674 2258 704 secundus
2279 674 2395 704 modus
2411 673 2537 704 dicendi

1471 717 1715 748 mutabilitatem
1738 717 1893 757 significat
1916 718 1948 747 in
1969 724 2120 754 creatura,
2146 724 2298 758 tanquam
2321 727 2388 748 rem
2412 717 2537 747 allatam

1445 794 1446 799 ¹
1473 760 1512 792 ad
1541 761 1665 797 Deum,
1690 767 1720 791 et
1744 759 1851 791 Deum
1874 761 2030 801 significat
2062 768 2097 791 ut
2119 763 2306 797 terminum,
2331 771 2367 791 ac
2395 771 2451 801 per
2473 762 2538 791 hoc

1474 805 1560 835 Deus
1583 805 1778 844 significatur
1798 811 1833 835 ut
1848 806 2044 840 immutatus,
2067 806 2221 835 terminus
2245 806 2329 836 enim
2353 806 2472 845 absque
2488 806 2537 835 sui

1473 850 1650 879 mutatione
1672 850 1839 879 terminare
1863 855 1984 889 potest:
2013 850 2046 879 in
2062 851 2166 889 primo
2191 856 2297 880 autem
2319 849 2418 879 modo
2443 850 2538 888 signi—

1473 892 1585 922 ficatur
1609 903 1626 923 e
1650 899 1770 928 contra,
1788 899 1946 933 quantum
1969 898 2015 923 est
2037 903 2075 923 ex
2090 893 2192 924 modo
2208 893 2335 924 dicendi
2359 894 2439 933 (non
2456 903 2538 932 quo-

1474 936 1513 966 ad
1536 946 1603 967 rem
1627 936 1768 976 dictam).
1808 938 1924 967 Melius
1953 943 2000 967 est
2023 947 2098 976 ergo
2122 938 2168 967 uti
2192 937 2335 968 secundo
2366 937 2465 967 modo
2490 938 2539 967 lo-

1475 980 1605 1020 quendi,
1630 986 1660 1010 et
1684 981 1806 1011 dicere:
1830 982 1920 1011 Deus
1944 981 2047 1011 univit
2068 986 2251 1012 creaturam
2274 981 2343 1011 sibi.

1530 1024 1582 1054 lX.
1607 1024 1642 1054 In
1665 1025 1875 1064 responsione
1891 1025 1930 1055 ad
1946 1025 2125 1055 secundum
2142 1025 2284 1055 eiusdem
2309 1025 2440 1060 articuli,
2462 1031 2539 1054 nota

1474 1068 1507 1097 in
1531 1068 1633 1098 littera
1647 1069 1755 1098 haberi
1777 1069 1965 1108 negativam,
1983 1069 2111 1103 scilicet,
2139 1069 2233 1098 Uniri
2256 1070 2325 1099 Deo
2351 1069 2383 1098 in
2395 1078 2539 1108 persona

1475 1112 1622 1152 nonfuit
1640 1113 1832 1142 conveniens
1847 1113 1940 1142 carni
1955 1113 2115 1143 humanae
2135 1113 2308 1143 secundum
2325 1113 2539 1143 conditionem

1447 1155 1449 1181 Ξ
1474 1165 1554 1186 suae
1578 1161 1724 1191 naturae,
1750 1161 1780 1186 et
1810 1166 1877 1186 non
1909 1157 2042 1186 habetur
2065 1156 2249 1186 affirmativa
2279 1157 2538 1191 inconvenientis.

1476 1199 1518 1229 Et
1532 1200 1656 1229 merito.
1682 1200 1767 1236 Quia
1783 1210 1855 1230 vere
1872 1206 2004 1239 negatur
2021 1200 2059 1230 de
2076 1210 2281 1239 quacumque
2299 1206 2440 1230 creatura
2462 1210 2541 1230 con-

1474 1243 1648 1278 venientia,
1674 1249 1704 1273 et
1728 1253 1954 1283 quaecumque
1977 1244 2126 1273 naturalis
2150 1245 2292 1283 potentia
2316 1244 2354 1274 ad
2385 1245 2539 1274 unionem

1448 1287 1450 1319 ἶ
1475 1287 1676 1327 personalem
1694 1297 1769 1317 cum
1786 1287 1873 1317 Deo:
1892 1287 1971 1317 falso
1987 1293 2095 1317 tamen
2112 1287 2318 1317 affirmaretur
2333 1288 2541 1327 repugnantia

1476 1336 1531 1360 aut
1546 1331 1806 1361 inconvenientia
1821 1330 1860 1360 ad
1883 1330 2068 1361 huiusmodi
2091 1331 2258 1361 unionem.
2282 1331 2446 1368 Quoniam
2462 1341 2540 1361 neu-

1449 1380 1451 1409 }
1475 1381 1556 1404 tram
1579 1381 1702 1415 partem
1725 1375 1784 1404 sibi
1801 1380 1942 1404 creatura
1957 1374 2104 1405 vindicat.
2130 1375 2283 1405 Creatura
2306 1376 2402 1410 enim,
2427 1385 2541 1405 secun-

357 1422 464 1452 anima
486 1421 677 1452 intellectiva
693 1425 724 1450 et
739 1420 883 1450 Verbum
899 1420 970 1450 Dei.
993 1420 1084 1450 Haec
1107 1420 1193 1450 enim
1210 1419 1283 1449 ideo
1299 1419 1424 1448 Auctor
1449 1420 1451 1450 1
1477 1418 1555 1449 dum
1579 1425 1709 1449 naturae
1725 1428 1801 1449 suae
1818 1419 2049 1454 conditionem,
2073 1429 2140 1448 non
2164 1420 2259 1448 habet
2280 1419 2367 1449 unde
2391 1420 2450 1449 sibi
2471 1420 2541 1449 vin—

357 1465 462 1496 attulit
490 1464 531 1496 ad
553 1464 753 1506 probandam
783 1464 928 1494 ultimam
957 1463 1136 1503 sequelam,
1162 1464 1238 1503 quia
1265 1473 1322 1504 per
1345 1463 1423 1493 haec
1450 1455 1452 1497 l
1477 1463 1562 1494 dicet
1585 1463 1842 1493 convenientiam
1866 1462 1904 1492 ad
1927 1463 2022 1492 talem
2046 1463 2217 1498 unionem,
2242 1472 2307 1493 nec·
2332 1464 2428 1493 habet
2454 1463 2540 1493 unde

356 1509 551 1549 significatur
573 1514 679 1539 totum
702 1509 898 1543 universum,
922 1517 959 1538 ac
983 1517 1040 1547 per
1063 1508 1126 1538 hoc
1150 1507 1340 1537 communio
1364 1507 1425 1536 Dei
1477 1508 1535 1537 sibi
1559 1506 1697 1537 vindicet
1719 1507 2010 1536 inconvenientiam
2035 1506 2074 1536 ad
2097 1507 2249 1536 eandem:
2274 1507 2329 1537 sed
2352 1513 2439 1537 totus
2460 1507 2539 1537 ordo

358 1552 397 1584 ad
411 1558 587 1584 creaturam
611 1552 767 1583 absolute.
791 1552 899 1582 Habes
919 1559 994 1591 ergo
1018 1551 1092 1582 hinc
1116 1551 1314 1591 potissimam
1330 1551 1426 1580 ratio·
1450 1553 1452 1586 ξ
1478 1556 1639 1581 creaturae
1655 1550 1694 1580 ad
1714 1550 1900 1580 huiusmodi
1923 1551 2078 1580 unionem
2095 1550 2134 1580 ad
2151 1551 2367 1580 excellentiam
2391 1551 2541 1582 bonitatis

357 1607 433 1628 nem
447 1596 674 1628 incarnationis
690 1606 728 1626 ex
743 1595 886 1626 bonitate
901 1595 1008 1625 divina
1026 1605 1099 1635 erga
1114 1596 1311 1630 universum,
1325 1595 1350 1624 si
1365 1604 1424 1634 po·
1450 1616 1452 1632 Ι
1478 1600 1510 1624 et
1525 1595 1689 1634 potestatis
1706 1594 1830 1624 divinae
1853 1600 1990 1633 spectat;
2015 1594 2083 1624 sola
2098 1595 2202 1634 logica
2219 1601 2250 1624 et
2265 1594 2464 1625 obedientiae
2481 1605 2541 1635 po-

356 1642 477 1672 tissima
499 1641 580 1671 ratio
597 1646 643 1670 est
659 1649 742 1680 quae
759 1648 797 1670 ex
817 1640 1084 1669 communissimo
1104 1640 1203 1674 bono,
1221 1644 1334 1679 utpote
1357 1648 1424 1668 ma-
1451 1639 1453 1667 1

1479 1639 1577 1668 tentia
1599 1639 1632 1668 in
1656 1644 1798 1668 creatura
1821 1638 1966 1668 salvatur.

1314 1716 1578 1725 Qfflxmvfflwx

1127 1774 1339 1815 ARTICU
1347 1774 1444 1815 LUS

1475 1773 1773 1814 SECUNDUS

689 1867 845 1898 UTRUM
870 1867 1030 1898 FUERIT
1053 1866 1357 1897 NECESSARIUM
1380 1867 1439 1896 AD
1463 1866 1806 1896 REPARATIONEM
1830 1867 2003 1897 HUMANI
2029 1867 2212 1899 GENERIS

872 1913 877 1918 “
1183 1911 1363 1942 VERBUM
1387 1910 1459 1940 DEI
1482 1911 1719 1941 INCARNARI

447 1992 479 2016 111
498 1992 582 2020 sent„
602 1990 661 2016 dist.
679 1998 715 2021 ιν,
734 1997 778 2022 qu.
797 1997 834 2021 m,
854 1995 900 2015 art.
922 1996 945 2018 ι,
963 1990 995 2014 ad
1016 1989 1045 2019 3;
1064 1989 1106 2018 1v,
1126 1990 1185 2015 dist.
1204 1997 1227 2018 x,
1247 1995 1292 2014 art.
1314 1996 1338 2019 1,
1356 1990 1388 2013 ad
1409 1989 1437 2019 3;
1461 1989 1494 2013 IV
1517 1990 1591 2014 Cont.
1614 1990 1704 2018 cent,
1723 1997 1779 2020 cap.
1798 1997 1848 2019 ων,
1868 1997 1913 2020 r.v;
1936 1991 2010 2016 Cont.
2032 1992 2126 2016 Graec.
2145 1993 2254 2016 Armen.
2273 1997 2330 2023 etc„
2350 2000 2405 2024 cap.
2424 2000 2455 2022 v;

1081 2025 1225 2057 Compend.
1247 2025 1344 2054 Theol.,
1364 2032 1418 2056 cap.
1439 2031 1479 2053 cc.
1494 2030 1551 2054 cci;
1571 2025 1601 2048 In
1622 2025 1720 2050 Psalm.
1739 2025 1818 2050 XLV.

395 2121 462 2161 >ae3¹(
477 2123 485 2149 ς
498 2128 549 2165 0«
573 2116 595 2140 D
609 2114 799 2140 SECUNDUM
813 2114 866 2139 Sic
885 2113 1120 2139 PROCEDITUR.
1138 2101 1299 2138 Videtur
1316 2101 1423 2150 quod

396 2151 545 2215 ἦγμαι
573 2167 653 2192 non
671 2154 783 2191 suerit
801 2154 1060 2200 necessarium
1075 2155 1125 2191 ad
1143 2154 1425 2203 reparationem

380 2213 417 2244 v
431 2227 493 2257 ρ»
512 2196 543 2250 ἕξ,
558 2207 736 2245 humani
763 2207 910 2255 generis
929 2207 1104 2244 Verbum
1123 2206 1195 2244 Dei
1223 2207 1422 2243 incarnari.

383 2257 391 2267 '
420 2241 508 2290 &33⁶
532 2255 703 2298 Verbo
731 2260 837 2297 enim
864 2260 948 2305 Dei,
977 2271 1068 2296 cum
1097 2259 1142 2296 sit
1171 2261 1276 2296 Deus
1304 2260 1424 2308 perfe-

362 2322 456 2361 ctus,
476 2321 518 2350 ut
537 2314 576 2350 in
595 2313 726 2350 Primo
745 2312 766 2334 ’³‘
784 2312 960 2350 habiturn
983 2320 1049 2360 est,
1070 2312 1339 2349 nihilvirtutis
1357 2323 1427 2361 per

361 2379 518 2404 carnem
537 2373 776 2414 assumptam
795 2365 970 2402 accrevit.
997 2365 1038 2402 Si
1056 2377 1146 2413 ergo
1161 2365 1335 2402 Verbum
1354 2364 1426 2402 Dei

362 2419 603 2457 incarnatum
637 2426 815 2455 naturam
845 2424 861 2439 ‘²
889 2417 1096 2466 reparavit,
1130 2418 1245 2455 etiam
1280 2418 1425 2466 absque

362 2472 487 2510 carnis
514 2471 778 2520 assumptione
807 2483 894 2507 eam
921 2471 1046 2520 potuit
1073 2482 1261 2519 reparare.

417 2535 453 2561 2.
482 2525 721 2571 PRAETER-EA,
751 2524 800 2560 ad
828 2523 1110 2572 reparationem
1138 2524 1333 2560 humanae
1361 2535 1427 2560 na-

363 2585 481 2623 turae,
497 2588 597 2626 quae
615 2588 686 2625 per
703 2584 907 2625 peccatum
926 2577 1094 2625 collapsa
1109 2584 1198 2623 erat,
1214 2576 1309 2613 nihil
1323 2576 1427 2613 aliud

363 2629 506 2679 requiri
532 2628 735 2666 videbatur
768 2641 888 2678 quam
916 2630 1024 2678 quod
1052 2629 1173 2666 homo
1202 2628 1428 2666 satisfaceret

363 2694 435 2732 pro
463 2689 621 2730 peccato
640 2680 666 2718 β.
695 2682 788 2718 Non
823 2681 928 2718 enirn
960 2683 1066 2718 Deus
1094 2682 1143 2718 ab
1178 2681 1337 2718 homine
1370 2694 1427 2718 re-

365 2735 516 2784 quirere
535 2735 622 2783 plus
641 2734 755 2770 debet
773 2746 892 2783 quam
911 2734 1050 2783 possit:
1080 2742 1126 2779 et,
1153 2747 1244 2771 cum
1268 2734 1429 2783 pronior

365 2787 412 2825 sit
439 2787 487 2824 ad
515 2786 779 2823 miserendum
806 2787 926 2835 quam
945 2787 994 2824 ad
1021 2787 1277 2836 puniendum,
1299 2787 1395 2824 sicut
1413 2793 1428 2815 Ὺ

365 2838 515 2877 homini
543 2839 707 2888 imputat
725 2846 854 2876 actum
881 2840 1038 2888 peccati,
1058 2840 1109 2877 ita
1134 2839 1249 2876 etiam
1276 2839 1429 2877 videtur

365 2892 473 2942 quod
501 2891 535 2928 ei
570 2891 732 2940 imputet
765 2891 814 2928 ad
850 2891 1082 2929 deletionem
1118 2892 1263 2941 peccati
1299 2900 1427 2929 actum

365 2944 612 2982 contrarium.
642 2945 734 2980 Non
753 2956 843 2992 ergo
870 2944 940 2981 fuit
961 2945 1220 2982 necessarium
1243 2946 1292 2982 ad
1321 2957 1428 2994 repa-

366 2997 555 3035 rationem
571 2998 764 3034 humanae
780 3003 937 3033 naturae
952 2998 1126 3034 Verbum
1141 2997 1212 3034 Dei
1227 2997 1426 3034 incarnari.

371 3077 394 3085 ⁴.
420 3050 456 3086 3.
486 3051 724 3095 PRAETEREA‚
754 3049 803 3086 ad
832 3050 992 3086 salutem
1021 3050 1189 3087 hominis
1223 3050 1428 3100 praecipue

366 3102 530 3152 pertinet
555 3110 597 3139 ut
625 3103 754 3138 Deum
782 3109 1020 3138 revereatur:
1050 3102 1153 3139 unde
1182 3102 1320 3140 dicitur
1346 3105 1429 3140 Ma-

367 3155 464 3193 lach.
485 3154 553 3192 1³³:
583 3157 625 3192 Si
660 3166 732 3204 ego
761 3156 963 3200 Dominus,
991 3156 1056 3192 ubi
1089 3157 1200 3192 timor
1230 3156 1364 3192 meus?
1391 3157 1431 3193 Si

367 3209 499 3254 Pata,
524 3209 591 3245 uhi
615 3209 737 3244 honor
763 3207 896 3244 meus?
925 3207 1000 3244 Sed
1028 3205 1042 3228 ὃ
1070 3219 1116 3243 ex
1145 3207 1232 3244 hoc·
1248 3208 1332 3256 ipso
1360 3209 1429 3245 ho-

423 3337 451 3369 α)
470 3341 605 3364 naturam.
617 3353 637 3357 -
654 3339 797 3363 humanam
818 3342 943 3363 naturam
963 3338 1004 3362 PF
1006 3338 1093 3369 GlsH;
1113 3339 1144 3362 ad
1164 3337 1213 3362 α-δ
1233 3338 1316 3364 deficit
1334 3346 1356 3364 c.

372 3372 583 3407 ²¹³¹'sffi‘p'eecuem
595 3386 615 3392 -—
632 3373 687 3399 Sed
703 3374 781 3399 homo
801 3377 831 3398 ut
849 3373 955 3398 vicietur·
973 3374 1128 3406 satisfacere
1146 3374 1238 3405 potuit
1251 3381 1305 3406 pro
1319 3378 1431 3406 peccato

370 3408 684 3476 tdd2321352222u'm11
693 3457 712 3463 -
720 3443 836 3475 PstH3
849 3451 935 3469 cum...
945 3443 992 3468 sed
1003 3444 1072 3468 sicut
1085 3443 1154 3473 DsG,
1165 3451 1250 3469 cum...
1260 3444 1328 3469 sicut
1341 3448 1428 3469 autem
1455 3451 1457 3459 ³

370 3478 413 3508 ⁸C.
426 3485 513 3505 eum...
524 3479 592 3504 sicut
604 3477 671 3512 ergo
683 3479 713 3510 E,
726 3486 784 3504 cum
799 3481 914 3504 tamen...
926 3479 995 3503 sicut
1008 3479 1037 3510 F,
1050 3486 1136 3504 cum...
1149 3479 1217 3504 sicut
1230 3479 1306 3504 ceteri
1320 3485 1344 3504 et
1357 3480 1398 3505 ab.
1411 3495 1430 3499 -
1455 3476 1457 3506 ἶ

511 3527 623 3555 suum
640 3529 741 3556 Tanton.
761 3530 919 3556 &Tamus
938 3530 969 3556 Τ.
989 3530 1052 3556 VIII.

1477 2101 1601 2138 mines
1629 2103 1758 2138 Deum
1787 2103 1908 2150 magis
1937 2113 2160 2141 reverentur
2197 2106 2303 2153 quod
2333 2117 2424 2142 eum
2453 2119 2543 2143 con-

1477 2154 1643 2190 siderant
1671 2167 1787 2203 super
1806 2156 1938 2192 omnia
1966 2158 2168 2196 elevatum.
2197 2166 2232 2194 et
2260 2158 2308 2194 ab
2337 2159 2542 2196 hominum

1478 2207 1653 2243 sensibus
1689 2214 1904 2244 remotum:
1940 2210 2044 2245 unde
2081 2209 2119 2246 in
2155 2211 2308 2247 Psalmo
2337 2211 2356 2232 ²⁸
2385 2212 2541 2248 dicitur:

1458 2261 1656 2297 ¹Excelsus
1682 2272 1793 2309 super
1825 2273 1952 2297 omnes
1985 2268 2113 2310 gentes
2139 2264 2343 2309 Dominus,
2374 2270 2407 2300 et
2433 2277 2545 2314 super

1478 2313 1600 2349 caelos
1627 2313 1752 2362 gloria
1781 2315 1879 2357 eius,·
1907 2321 1943 2350 et
1970 2321 2104 2363 postea
2122 2315 2142 2337 ²¹⁴
2161 2315 2356 2353 subditur:
2392 2318 2482 2359 Quis
2499 2320 2543 2354 si-

1479 2371 1539 2402 cut
1565 2367 1749 2402 Dominus
1776 2367 1877 2402 Deus
1906 2367 2058 2403 noster?
2086 2369 2193 2415 quod
2213 2368 2261 2404 ad
2290 2369 2543 2407 reverentiam

1479 2418 1652 2466 pertinet.
1683 2419 1784 2466 Ergo
1813 2418 1964 2455 videtur
1997 2431 2078 2456 non
2106 2421 2313 2457 convenire
2348 2422 2542 2459 humanae

1480 2470 1591 2507 saluti
1618 2471 1725 2519 quod
1754 2471 1860 2507 Deus
1888 2471 1999 2508 nobis
2027 2472 2158 2509 similis
2186 2473 2294 2509 fieret
2324 2486 2393 2522 per
2420 2475 2543 2511 carnis

1481 2524 1799 2572 assumptionem.
2183 2524 2187 2528 “

1535 2577 1609 2613 SED
1638 2588 1793 2621 CONTRA,
1824 2577 1916 2614 illud
1944 2589 2014 2626 per
2040 2579 2147 2626 quod
2176 2579 2393 2616 humanum
2421 2592 2542 2627 genus

1482 2629 1663 2666 liberatur
1681 2642 1703 2665 a
1731 2629 1955 2677 perditione,
1977 2638 2031 2667 est
2050 2631 2308 2668 necessarium
2335 2633 2384 2668 ad
2406 2633 2542 2669 huma-

1481 2694 1573 2718 nam
1593 2683 1765 2718 salutem.
1797 2681 1873 2719 Sed
1893 2683 2118 2732 mysterium
2137 2684 2288 2720 divinae
2317 2684 2542 2722 incarnatio-

1481 2734 1540 2771 nis
1569 2742 1624 2770 est
1661 2734 1905 2771 huiusmodi:
1944 2737 2159 2773 secundum
2188 2737 2279 2773 illud
2308 2738 2410 2774 Ioan.
2441 2749 2473 2774 111
2501 2738 2540 2775 *ε

1481 2789 1542 2824 Sic
1568 2789 1670 2823 Deus
1697 2788 1822 2824 dilexit
1849 2789 2028 2824 mundum
2057 2795 2095 2825 ut
2115 2790 2251 2825 Filium
2278 2802 2386 2826 suum
2414 2791 2542 2840 unige-

1482 2842 1598 2877 nitum
1634 2841 1748 2886 daret,
1782 2846 1819 2876 ut
1852 2842 1970 2877 omnis
2005 2843 2068 2889 qm·
2101 2842 2215 2878 credit
2242 2843 2278 2878 in
2312 2844 2431 2891 ipsum
2467 2856 2540 2880 non

1476 2899 1618 2942 pereat,
1636 2893 1701 2929 sed
1726 2894 1859 2929 habeat
1884 2895 1998 2930 vitam
2026 2899 2226 2930 aeternam.
2257 2895 2358 2942 Ergo
2386 2907 2541 2933 necesse

1481 2946 1550 2982 fuit
1577 2946 1626 2982 ad
1652 2947 1869 2981 >humanam
1897 2947 2058 2982 salutern
2086 2947 2214 2983 Deum
2243 2947 2442 2984 incarnari.

1536 3000 1758 3035 Rrssponnsso
1786 3009 1966 3034 DlCENDUM
2002 2999 2107 3046 quod
2136 3000 2184 3036 ad
2219 2999 2338 3037 finem
2373 3001 2540 3050 aliquem

1482 3050 1619 3087 dicitur
1646 3050 1788 3098 aliquid
1817 3061 1898 3086 esse
1926 3051 2183 3088 necessarium
2212 3052 2429 3101 dupliciter:
2459 3066 2540 3091 uno

1483 3103 1623 3148 modo,
1653 3102 1734 3139 sine
1763 3114 1841 3150 quo
1871 3102 2014 3152 aliquid
2049 3115 2130 3140 esse
2165 3116 2244 3141 non
2273 3113 2415 3154 potest,
2445 3106 2542 3143 sicut

1484 3155 1591 3192 cibus
1619 3163 1674 3191 est
1701 3154 1936 3192 necessarius
1963 3156 2011 3192 ad
2039 3157 2371 3194 conservationem
2404 3160 2540 3196 huma-

1484 3221 1556 3245 nae
1584 3207 1703 3253 vitae;
1733 3207 1806 3244 alio
1835 3208 1966 3255 modo,
1991 3221 2060 3257 per
2087 3210 2193 3258 quod
2221 3211 2358 3247 melius
2386 3219 2422 3247 et
2449 3223 2541 3248 con-

1484 3340 1534 3363 Pro
1547 3340 1687 3371 imputat...
1697 3341 1871 3370 contrarium,
1887 3341 2000 3373 imputat
2013 3342 2050 3366 ad
2059 3349 2173 3374 poenam
2187 3346 2274 3368 actum
2285 3344 2390 3375 peccati
2403 3344 2441 3369 ita
2455 3345 2539 3376 impu-

1484 3378 1542 3399 rare
1565 3375 1641 3400 deber
1663 3375 1700 3399 ad
1723 3376 1846 3400 meritum
1872 3379 1959 3402 actum
1985 3377 2149 3402 contrarium
2170 3377 2205 3408 1>;
2230 3373 2403 3410 imputar'bd
2422 3386 2538 3412 poenam

1456 3408 1457 3417 ¹
1484 3410 1559 3434 etiam
1579 3410 1653 3434 GIsH
1673 3415 1698 3435 et
1716 3411 1739 3435 b.

1536 3444 1561 3479 ὃ)
1581 3445 1642 3471 Sed.
1655 3460 1675 3464 —
1694 3446 1778 3477 PGsI;
1798 3446 1875 3472 unde.

2563 326 2570 334 “
2588 325 2652 346 Vers.
2670 325 2705 346 16»

2571 2215 2579 2224 ‘
2587 2214 2624 2236 Ps.
2631 2220 2687 2241 exn,
2694 2220 2752 2236 vers.
2759 2220 2784 2241 4.

2571 2327 2579 2334 ·
2595 2324 2662 2346 Vei-s.
2677 2331 2697 2352 5.

2571 2741 2579 2749 ”
2596 2739 2663 2761 Vers.
2681 2739 2714 2761 ιδ.
