2872 3970
108 542 119 551 ”
131 541 198 562 Vers.
213 546 249 566 24.

111 2017 119 2025 ⁸
136 2015 192 2036 Vcrs
215 2021 234 2042 5.

115 2806 123 2813 ¹
143 2804 177 2825 Cf.
198 2804 235 2825 fin.
256 2804 323 2825 huin-1

115 2831 245 2852 comment.

341 253 390 290 70

1043 243 1307 290 QUAESTIO
1337 244 1400 286 111,
1431 243 1723 282 ARTICULUS
1751 245 1832 282 VIII

344 330 395 362 est
422 327 600 374 sapientia
629 331 662 362 et
688 327 802 363 virtus
829 325 921 361 Dei:
947 326 1126 374 sapientia
1146 323 1303 373 quidem,
1325 324 1410 371 quia
1467 335 1513 359 ex
1541 323 1619 360 fine
1647 323 1813 370 unionis,
1843 324 1910 374 qui
1939 333 1994 362 est
2022 325 2191 374 impletio
2219 326 2530 375 praedestinatio—

346 380 482 416 invenit
510 378 720 427 difficillimi
744 378 962 415 solutionem
978 378 1092 426 pretii
1111 382 1127 397 ‘²‘
1151 376 1258 413 valde
1285 375 1411 411 decen-

1467 375 1544 412 nis:
1576 387 1713 413 eorum
1741 377 1879 414 scilicet
1907 377 1974 427 qui
1995 378 2253 427 praeordinati
2281 387 2370 416 sunt
2397 380 2529 417 adhe-

345 433 545 474 tissimam;
572 432 686 468 virtus
713 436 854 476 autem,
883 431 968 478 quia
995 430 1130 467 victum
1154 429 1250 476 fecit
1285 439 1412 464 rursus
1467 427 1666 465 reditatem
1694 430 1908 476 caelestem,
1929 443 2029 480 quae
2049 443 2129 468 non
2153 431 2314 468 debetur
2332 431 2404 468 nisi
2430 431 2528 478 filiis,

345 485 533 522 victorem.
574 483 650 520 Sed
678 483 798 519 virtus
827 490 862 519 et
895 481 1078 530 sapientia
1115 479 1413 529 appropriantur

346 535 464 572 Filio:
495 536 712 572 secundum
740 535 832 572 illud
861 536 874 571 1
907 535 993 571 Cor.
1015 533 1083 570 1³¹²:
1124 534 1310 570 Christum
1341 533 1415 569 Dei

346 590 515 626 virtutem
544 594 577 624 et
603 589 677 624 Dei
692 589 921 637 sapientiam.
952 587 1054 634 Ergo
1081 585 1317 622 conveniens
1344 585 1413 622 fuit

345 652 555 690 personam
583 640 667 677 Filii
696 639 896 676 incarnari.

400 695 624 730 Respormsso
652 704 833 729 D1CENDUM
861 691 968 740 quod
1003 689 1412 728 convenientissimum

346 745 415 783 fuit
443 757 650 794 personam
679 744 762 781 Filii
782 743 982 781 incarnari.
1012 743 1144 780 Primo
1174 743 1345 792 quidem,
1367 756 1413 780 ex

346 806 452 847 parte
481 797 646 834 unionis.
679 796 964 834 Convenienter
989 796 1093 832 enim
1122 809 1167 833 ea
1197 808 1296 845 quae
1325 803 1414 832 sunt

347 850 494 896 similia,
514 850 713 886 uniuntur.
744 849 865 898 Ipsius
894 857 1024 886 autem
1051 861 1240 898 personae
1266 848 1280 878 β
1308 848 1413 895 Filii,

347 903 413 952 qui
452 910 506 939 est
534 902 708 939 Verbum
745 901 837 947 Dei,
872 901 1096 947 attenditur,
1134 913 1215 938 uno
1253 901 1413 951 quidem

346 955 479 1001 modo,
500 954 721 991 communis
749 953 1017 991 convenientia
1045 954 1094 991 ad
1121 962 1241 991 totam
1268 962 1413 991 creatu—

346 1020 441 1044 ram.
473 1007 576 1054 Quia
603 1007 769 1044 verbum
789 1006 954 1053 artificis,
975 1006 1071 1044 idest
1090 1015 1299 1056 conceptus
1319 1007 1412 1052 eius,

346 1068 401 1096 est
430 1059 638 1096 similitudo
659 1059 886 1108 exemplaris
915 1072 1053 1097 eorum
1072 1072 1172 1109 quae
1201 1060 1250 1097 ab
1270 1060 1413 1097 artifice

345 1113 455 1149 fiunt.
486 1113 597 1150 Unde
617 1113 792 1149 Verbum
820 1112 904 1160 Dei,
925 1113 1032 1162 quod
1052 1121 1107 1149 est
1126 1121 1304 1150 aeternus
1322 1125 1413 1149 con-

346 1173 479 1214 ceptus
499 1165 592 1210 eius,
614 1173 669 1202 est
697 1165 905 1202 similitudo
926 1165 1153 1215 exemplaris
1172 1165 1287 1202 totius
1311 1177 1413 1202 crea-

345 1225 465 1255 turae.
496 1219 543 1255 Et
572 1218 678 1265 ideo,
708 1218 804 1254 sicut
831 1230 901 1267 per
935 1218 1265 1267 participationem
1298 1217 1414 1255 huius

346 1270 603 1308 similitudinis
622 1279 817 1308 creaturae
846 1279 935 1308 sunt
963 1271 1001 1308 in
1020 1271 1185 1320 propriis
1213 1271 1414 1320 speciebus

346 1323 550 1367 institutae,
572 1324 639 1360 sed
667 1323 878 1369 mobiliter;
916 1323 965 1360 ita
993 1336 1063 1372 per
1090 1324 1279 1361 unionem
1298 1323 1414 1361 Verbi

346 1377 395 1413 ad
429 1384 645 1413 creaturam
680 1389 760 1413 non
795 1375 1100 1425 participativam
1137 1377 1203 1413 sed
1232 1389 1414 1426 persona-

346 1431 441 1475 lem,
472 1429 708 1465 conveniens
736 1429 804 1465 suit
832 1428 1000 1477 reparari
1035 1437 1250 1466 creaturam
1282 1429 1321 1466 in
1354 1441 1414 1466 or-

347 1481 435 1518 dine
465 1482 513 1518 ad
551 1489 746 1518 aeternam
775 1489 811 1518 et
839 1481 1081 1517 immobilem
1118 1481 1412 1530 perfectionem:

347 1547 439 1571 nam
467 1542 503 1571 et
522 1533 652 1571 artifex
671 1546 741 1583 per
767 1534 935 1570 formam
959 1533 1047 1571 artis
1080 1542 1308 1583 conceptam
1337 1547 1415 1583 qua

347 1587 590 1624 artificiatum
618 1586 800 1631 condidit,
821 1586 962 1636 ipsum,
990 1586 1021 1623 si
1049 1588 1263 1635 collapsum
1291 1587 1414 1632 fuerit,

347 1648 543 1677 restaurat.
560 1662 584 1666 —
604 1639 690 1676 Alio
711 1640 843 1686 modo,
866 1640 981 1676 habet
999 1639 1311 1676 convenientiam
1331 1652 1415 1689 spe-

348 1692 491 1730 cialiter
509 1705 599 1729 cum
620 1694 793 1729 humana
812 1700 964 1729 natura:
986 1704 1032 1728 ex
1057 1704 1103 1728 eo
1119 1693 1225 1741 quod
1240 1692 1414 1729 Verbum

348 1753 403 1782 est
431 1753 641 1794 conceptus
669 1753 845 1781 aeternae
874 1744 1100 1794 sapientiae,
1131 1757 1153 1781 a
1182 1757 1260 1794 qua
1288 1745 1415 1782 omnis

348 1797 534 1847 sapientia
552 1797 761 1834 hominum
789 1797 994 1834 derivatur.
1025 1798 1072 1834 Et
1094 1797 1181 1834 ideo
1205 1799 1326 1834 homo
1347 1810 1416 1847 per

347 1853 424 1888 hoc
452 1851 491 1887 in
519 1850 702 1899 sapientia
730 1850 882 1899 proficit
900 1856 927 1896 Υ,
948 1862 1048 1899 quae
1077 1858 1132 1886 est
1150 1850 1306 1899 propria
1334 1850 1415 1887 eius

348 1903 528 1952 perfectio
548 1911 663 1952 prout
682 1911 737 1939 est
756 1903 960 1949 rationalis,
981 1903 1087 1951 quod
1109 1903 1308 1952 participat
1322 1905 1415 1940 Ver-

349 1957 445 1993 bum
466 1956 554 1993 Dei:
576 1956 672 1992 sicut
691 1956 900 2005 discipulus
920 1956 1116 1992 instruitur
1130 1968 1200 2004 per
1219 1957 1293 1993 hoc
1308 1957 1415 2005 quod

350 2009 482 2058 recipit
508 2009 674 2046 verbum
703 2008 881 2057 magistri.
918 2009 1030 2046 Unde
1059 2016 1095 2045 et
1114 2009 1227 2045 Eccli.
1249 2021 1259 2045 1
1278 2009 1298 2030 ’¹‘
1325 2009 1415 2046 dici-

349 2070 429 2099 tur:
460 2064 562 2099 Fons
588 2063 790 2111 sapientiae
823 2063 981 2099 Verbum
1008 2062 1083 2098 Dei
1109 2063 1146 2098 in
1175 2062 1338 2098 excelsis.
1368 2063 1417 2098 Et

349 2115 458 2162 ideo,
489 2115 538 2151 ad
575 2122 887 2152 consummatam
924 2113 1093 2151 hominis
1128 2114 1414 2162 perfectionem,

350 2168 585 2205 conveniens
613 2167 681 2204 fuit
709 2175 750 2204 ut
769 2167 898 2216 ipsum
926 2167 1100 2204 Verbum
1120 2166 1191 2204 Dei
1220 2168 1416 2204 humanae

350 2229 508 2258 naturae
537 2220 786 2269 personaliter
813 2220 996 2256 uniretur.

405 2274 585 2311 Secundo
605 2281 729 2322 potest
748 2273 869 2322 accipi
888 2272 982 2310 ratio
1003 2272 1119 2310 huius
1145 2273 1416 2321 congruentiae

404 2405 431 2438 α)
446 2405 538 2438 pretii.
550 2420 569 2423 —
588 2405 649 2431 Om.
669 2405 736 2434 G1b;
754 2412 802 2437 pro
821 2405 906 2434 valde,
926 2412 1005 2437 quam
1026 2406 1060 2436 1>;
1079 2413 1128 2438 pro
1147 2405 1245 2430 victum
1266 2405 1336 2438 quod
1356 2405 1418 2434 PEI,

350 2442 434 2466 victus
453 2442 535 2473 prima
554 2447 579 2465 et
597 2441 626 2471 F,
648 2441 734 2466 virtus
753 2440 803 2473 pG.
818 2441 864 2473 qui
875 2441 934 2474 suit
952 2441 1037 2466 victus
1052 2441 1099 2472 sG,
1114 2441 1160 2473 qui
1178 2441 1263 2466 victus
1274 2441 1334 2474 suit
1348 2441 1417 2470 Hbc;

350 2485 398 2509 pro
409 2477 487 2510 fecit,
500 2477 571 2509 ferit
590 2477 621 2502 Ι),

1467 481 1685 518 secundum
1704 481 1796 518 illud
1816 483 1927 519 Rom.
1948 495 2005 520 vm
2024 482 2065 520 *ε
2094 484 2183 520 Filii
2199 481 2213 505 ὅ
2241 490 2275 521 et
2292 483 2453 521 heredes.
2483 485 2531 522 Et

1468 532 1555 569 ideo
1590 546 1805 581 congruum
1841 534 1909 572 fuit
1936 543 1979 572 ut
2005 548 2075 584 per
2107 548 2199 573 eum
2227 536 2295 585 qui
2321 545 2378 573 est
2414 536 2532 574 Filius
2582 578 2584 583 ,

1468 586 1660 632 naturalis,
1678 586 1856 624 homines
1871 587 2139 637 participarent
2158 589 2446 626 similitudinem
2460 590 2531 626 hu-

1468 637 1527 675 ius
1559 638 1753 676 filiationis
1771 640 1988 678 secundum
2014 641 2284 690 adoptionem:
2314 641 2411 679 sicut
2428 643 2531 691 Apo-

1469 692 1587 727 stolus
1615 691 1759 728 ibidem
1778 691 1798 714 *
1823 691 1931 730 dicit:
1974 694 2075 736 Quos
2097 696 2295 744 praescivit
2323 700 2356 732 et
2377 695 2532 744 praede-

1466 745 1611 781 stinavit
1646 745 1858 792 conformes
1880 747 1976 793 fieri
2007 747 2168 796 imagini
2191 748 2280 785 Filii
2305 749 2392 784 eius.

1521 796 1653 833 Tertio
1682 805 1806 845 potest
1833 797 1953 847 accipi
1981 798 2076 835 ratio
2112 799 2228 836 huius
2261 798 2533 848 congruentiae

1468 861 1515 886 ex
1533 857 1691 898 peccato
1710 849 1826 898 primi
1853 850 2030 899 parentis,
2051 851 2114 888 cui
2132 864 2202 901 per
2229 851 2534 890 incarnationem

1468 902 1686 939 remedium
1701 902 1915 940 adhibetur.
1938 903 2115 940 Peccavit
2129 904 2231 941 enim
2247 905 2397 954 primus
2411 906 2533 943 homo

1468 955 1686 1004 appetendo
1715 954 1932 992 scientiam:
1962 963 2004 992 ut
2022 963 2126 1005 patet
2153 969 2199 994 ex
2224 957 2351 994 verbis
2379 969 2534 1008 serpen-

1467 1007 1513 1044 tis
1540 1006 1796 1056 promittentis
1823 1007 1974 1045 homini
2000 1011 2191 1046 scientiam
2219 1011 2308 1047 boni
2333 1016 2367 1048 et
2393 1011 2486 1048 mali
2501 1009 2532 1048 *.

1468 1061 1579 1098 Unde
1608 1060 1844 1097 conveniens
1872 1061 1940 1098 fuit
1967 1069 2010 1098 ut
2036 1073 2106 1110 per
2133 1062 2308 1099 Verbum
2335 1075 2449 1100 verae
2478 1075 2535 1100 sa-

1467 1113 1632 1162 pientiae
1652 1114 1773 1150 homo
1794 1114 2042 1151 reduceretur
2069 1114 2107 1151 in
2136 1115 2277 1163 Deum,
2298 1115 2365 1164 qui
2391 1127 2462 1165 per
2479 1115 2535 1153 in-

1468 1166 1690 1203 ordinatum
1709 1166 1923 1215 appetitum
1951 1166 2129 1204 scientiae
2153 1175 2359 1205 recesserat
2386 1180 2409 1205 a
2435 1169 2533 1206 Deo.

1522 1220 1579 1256 At>
1608 1231 1743 1256 PR1MUM
1771 1231 1869 1256 ERGO
1897 1231 2079 1257 mcENDUM
2107 1221 2215 1269 quod
2250 1220 2345 1258 nihil
2372 1229 2428 1258 est
2455 1233 2534 1271 quo

1468 1273 1642 1309 humana
1660 1271 1802 1309 malitia
1822 1284 1902 1309 non
1929 1280 2059 1321 posset
2077 1273 2202 1310 abuti:
2233 1273 2390 1323 quando
2420 1273 2535 1312 etiam

1468 1325 1550 1374 ipsa
1570 1324 1642 1362 Dei
1669 1325 1838 1362 bonitate
1857 1325 2036 1372 abutitur,
2057 1326 2271 1363 secundum
2301 1326 2397 1364 illud
2421 1328 2532 1365 Rom.

1468 1378 1547 1414 11*:
1584 1378 1645 1414 Αη
1674 1378 1817 1415 divitias
1851 1380 2021 1415 bonitatis
2047 1381 2124 1416 eius
2156 1380 2390 1417 contemnis?
2422 1380 2534 1417 Unde

1469 1438 1522 1476 et,
1552 1430 1583 1466 si
1611 1442 1776 1479 persona
1805 1430 1925 1467 Patris
1952 1430 2082 1468 fuisset
2109 1431 2321 1479 incarnata,
2350 1432 2536 1482 potuisset

1469 1495 1515 1519 ex
1544 1483 1620 1519 hoc
1648 1484 1769 1520 homo
1798 1483 1958 1520 alicuius
1987 1483 2125 1521 erroris
2158 1484 2402 1522 occasionem
2431 1498 2535 1523 assu-

1469 1547 1588 1582 mere,
1609 1535 1719 1584 quasi
1748 1535 1866 1572 Filius
1885 1536 2061 1573 sufficere
2089 1549 2171 1574 non
2189 1537 2375 1586 potuisset
2395 1538 2444 1575 ad
2463 1539 2535 1576 hu-

1469 1600 1628 1625 manam
1656 1595 1836 1625 naturam
1864 1590 2131 1637 reparandam.

1522 1642 1580 1677 An
1600 1653 1789 1689 sncUNDUM
1808 1653 1991 1679 DICENDUM
2011 1642 2118 1691 quod
2137 1642 2263 1691 prima
2283 1655 2414 1680 rerum
2433 1655 2536 1681 crea-

1469 1693 1521 1730 tio
1550 1694 1645 1730 facta
1674 1701 1729 1730 est
1757 1706 1779 1730 a
1806 1694 1977 1743 potentia
2005 1694 2077 1732 Dei
2105 1695 2225 1732 Patris
2253 1707 2323 1745 per
2348 1696 2535 1735 Verbum.

1470 1746 1581 1783 Unde
1602 1754 1638 1783 et
1666 1746 1848 1784 recreatio
1874 1759 1944 1796 per
1962 1748 2136 1784 Vei-bum
2155 1747 2239 1785 fieri
2265 1748 2398 1786 debuit
2423 1761 2446 1786 a
2468 1761 2537 1801 po-

1469 1798 1585 1835 tentia
1613 1798 1685 1835 Dei
1714 1799 1853 1846 Patris,
1881 1807 1923 1836 ut
1950 1799 2133 1838 recreatio
2162 1801 2344 1839 creationi
2379 1814 2537 1852 respon-

1470 1852 1595 1888 deret:
1626 1852 1843 1889 secundum
1871 1851 1963 1889 illud
1992 1854 2021 1889 II
2051 1854 2138 1891 Cor.
2159 1866 2182 1891 v
2201 1853 2240 1890 *ε
2270 1855 2372 1892 Deus
2399 1861 2480 1892 erat
2497 1857 2535 1893 in

1473 1906 1617 1942 Christo
1645 1905 1825 1941 mundum
1855 1906 2099 1943 reconcilians
2124 1908 2203 1944 sibi.

1523 1958 1580 1993 An
1607 1969 1766 1995 TERTmM
1786 1970 1967 1995 mcENDUM
1987 1959 2094 2008 quod
2115 1959 2278 2008 Spiritus
2302 1960 2430 1998 Sancti
2447 1972 2536 2014 pro·

1470 2010 1599 2059 prium
1628 2018 1683 2046 est
1720 2011 1827 2059 quod
1855 2010 1902 2047 sit
1929 2011 2079 2048 donum
2117 2012 2237 2049 Patris
2265 2020 2301 2050 et
2337 2012 2432 2050 Filii.
2462 2014 2537 2052 Re-

1470 2062 1602 2099 missio
1631 2071 1761 2100 autem
1788 2071 2037 2112 peccatorum
2064 2064 2108 2101 fit
2134 2077 2204 2114 per
2232 2065 2415 2114 Spiritum
2442 2067 2536 2105 San-

1470 2123 1576 2152 ctum
1605 2123 1792 2164 tanquam
1819 2128 1889 2165 per
1915 2117 2066 2154 donum
2094 2117 2178 2155 Dei.
2208 2119 2256 2155 Et
2279 2118 2367 2155 ideo
2396 2131 2537 2158 conve-

1455 2167 1636 2204 'nientius
1670 2168 1739 2205 fuit
1766 2169 1815 2206 ad
1844 2169 2154 2207 iustificationem
2188 2170 2394 2208 hominum
2430 2172 2538 2221 quod

1471 2221 1731 2311 icpcarnaretur
1765 2221 1902 2270 Filius,
1938 2222 2049 2259 cuius
2087 2223 2250 2272 Spiritus
2287 2225 2450 2262 Sanctus
2484 2231 2539 2264 est

1500 2286 1634 2310 onum.

1526 2405 1552 2447 β)
1568 2413 1709 2438 personae.
1722 2421 1741 2425 -
1755 2407 1774 2431 P
1783 2415 1790 2438 ς
1810 2414 1863 2433 om.
1877 2407 1938 2440 IpG,
1953 2407 2002 2439 (In
2024 2407 2106 2440 ipsius
2125 2409 2231 2440 autem)
2248 2415 2366 2440 persona
2378 2409 2408 2440 E,
2419 2417 2538 2443 perrona

1472 2446 1558 2467 ceteri.

1523 2478 1550 2510 γ)
1565 2477 1684 2509 proficit.
1696 2492 1715 2496 —
1730 2478 1873 2510 perficitur·
1891 2478 2025 2503 editiones.

1523 2511 1548 2546 ὃ)
1569 2513 1640 2538 Filii.
1652 2527 1672 2531 —
1690 2513 1722 2537 Si
1731 2513 1788 2545 filii
1806 2513 1880 2538 tertia
1899 2519 2000 2546 praeter
2019 2514 2069 2546 pG.

1025 2589 1363 2622 Commentariis
1385 2590 1639 2623 Cardinalis
1660 2591 1862 2624 Caietani

411 2680 518 2700 nunus
548 2670 651 2700 octavi
676 2669 798 2699 articuli
823 2669 924 2699 clarus
949 2674 1039 2699 est.—
1062 2669 1097 2699 In
1121 2679 1257 2709 corpore
1282 2679 1347 2699 una
1370 2675 1416 2699 est

353 2682 578 2745 Tconclusio
608 2714 791 2753 responsiva
822 2714 966 2753 quaesito
989 2713 1189 2743 affirmative:
1217 2714 1416 2744 Convenien-

352 2759 506 2789 tissimum
521 2758 595 2799 suit
611 2767 787 2797 personam
803 2758 881 2787 Filii
907 2758 1084 2788 incarnari.
1108 2758 1264 2788 Probatur
1286 2757 1416 2797 triplici-

351 2809 398 2833 ter
414 2804 439 2833 ὓ.
464 2803 582 2838 Primo,
597 2812 634 2831 ex
650 2807 738 2841 parte
754 2802 893 2832 unionis.
918 2801 1039 2832 Similia
1055 2802 1283 2832 convenienter
1298 2802 1416 2831 uniun-

351 2853 412 2877 tur.
436 2847 575 2877 Persona
598 2846 669 2876 Filii
693 2851 724 2876 et
740 2847 880 2876 humana
902 2851 1024 2882 natura,
1041 2851 1107 2876 tam
1131 2845 1310 2876 secundum
1327 2855 1416 2875 com-

352 2900 485 2921 munem
502 2896 662 2920 creaturae
685 2891 842 2920 rationem
862 2900 959 2930 quam
983 2889 1161 2920 secundum
1183 2890 1346 2930 propriam
1370 2899 1417 2919 ra-

352 2936 485 2970 tionem,
510 2940 583 2964 sunt
607 2935 734 2964 similes.
759 2935 855 2974 Ergo.

409 2979 524 3014 Minor,
549 2978 658 3018 quoad
680 2979 816 3018 primam
840 2984 972 3018 partem,
990 2983 1021 3008 et
1044 2979 1196 3018 probatur
1215 2978 1416 3018 simpliciter:

354 3024 428 3063 quia
451 3023 594 3053 Verbum
617 3023 677 3052 Dei
709 3028 755 3052 est
778 3023 965 3062 exemplaris
993 3022 1168 3053 similitudo
1199 3023 1304 3052 omnis
1333 3032 1417 3053 crea-

353 3073 451 3102 turae,
476 3068 551 3106 quia
573 3067 707 3096 verbum
731 3066 857 3096 artificis
882 3072 927 3097 est
951 3067 1138 3107 exemplaris
1160 3066 1335 3097 similitudo
1363 3076 1418 3097 eo-

354 3121 425 3141 rum
442 3120 524 3150 quae
541 3110 622 3140 fiunt
639 3111 677 3140 ab
694 3110 822 3140 artifice.
835 3129 858 3132 —
873 3111 913 3140 Et
931 3112 1085 3151 probatur
1100 3111 1292 3151 applicando
1309 3110 1348 3141 ad
1364 3110 1418 3142 de·

354 3154 533 3185 ducendam
566 3153 640 3183 inde
673 3155 929 3184 convenientiam
959 3155 1194 3185 incarnationis.
1229 3155 1354 3191 Primo,
1385 3155 1418 3185 in

355 3199 536 3229 communi:
570 3198 645 3237 quia
668 3197 777 3227 artifex
801 3207 857 3237 per
880 3204 1069 3238 conceptam
1094 3199 1230 3229 formam
1254 3209 1318 3239 qua
1341 3208 1419 3229 con-

356 3243 442 3278 didit,
468 3247 620 3272 testaurat
642 3241 830 3280 collapsum.
856 3241 1015 3278 Secundo,
1039 3243 1071 3272 in
1095 3243 1234 3283 speciali,
1259 3253 1296 3274 ex
1319 3243 1418 3273 tribus

355 3287 491 3316 inventis
515 3287 547 3316 in
571 3284 784 3325 dependentia
805 3290 1019 3315 creaturarum
1036 3296 1053 3315 a
1069 3287 1186 3317 Verbo.
1211 3288 1355 3318 Primum
1372 3293 1418 3318 est

356 3330 554 3370 participatio
578 3329 791 3359 similitudinis
816 3329 1019 3368 exemplaris3
1050 3331 1243 3367 secundum,
1269 3332 1419 3362 constitui

357 3375 389 3404 in
413 3374 549 3413 propriis
571 3374 706 3409 naturis;
731 3373 870 3407 tertium,
893 3372 1020 3407 moduS‚
1045 3374 1134 3412 quod
1157 3375 1317 3405 mobiliter
1341 3385 1418 3406 con—

357 3423 448 3447 stant.
479 3418 605 3455 Quibus
635 3417 862 3447 convenienter
892 3416 1107 3456 adiunguntur
1133 3418 1190 3447 tria
1213 3418 1416 3457 perfectiora:

358 3462 485 3495 scilicet,
510 3471 604 3501 super
628 3462 912 3501 participationem,
937 3461 1015 3490 unio
1039 3470 1106 3490 non
1122 3462 1346 3501 participativa‚
1364 3462 1418 3493 sed

357 3505 546 3545 personalis;
572 3514 666 3545 super
690 3505 951 3535 constitutionem
974 3505 1007 3534 in
1031 3505 1182 3544 propriis,
1207 3507 1362 3545 reparatio
1385 3507 1418 3536 in

1471 2669 1598 2706 divinis,
1623 2670 1743 2700 scilicet
1765 2670 1873 2710 gratia,
1896 2671 1997 2711 gloria
2021 2677 2052 2702 et
2074 2673 2138 2702 vita
2162 2673 2320 2711 caelestis;
2348 2682 2444 2716 super
2465 2683 2537 2706 mo-

1470 2714 1642 2750 bilitatem,
1674 2720 1801 2745 aeterne
1831 2720 1862 2744 et
1891 2716 2130 2746 immutabiliter
2160 2717 2258 2747 vitam
2288 2716 2537 2760 felicitatemque

1471 2759 1596 2788 habere.
2172 2769 2177 2773 ·

1525 2802 1644 2840 Quoad
1667 2802 1840 2833 secundam
1855 2813 1932 2834 vero
1948 2810 2081 2844 partem,
2101 2805 2256 2844 probatur
2270 2805 2413 2840 similiter
2430 2806 2536 2846 primo

1471 2846 1645 2876 similitudo
1669 2847 1863 2886 simpliciter,
1885 2848 1993 2887 quoad
2017 2848 2083 2879 duo
2102 2858 2136 2879 se
2158 2849 2307 2881 habentia
2329 2855 2365 2882 ut
2387 2858 2482 2881 causa
2502 2855 2537 2882 et

1472 2890 1613 2920 effectus.
1636 2890 1756 2926 Primo,
1781 2892 1857 2931 quia
1879 2892 2023 2923 Verbum
2046 2898 2093 2923 est
2121 2899 2298 2934 conceptus
2320 2899 2538 2926 aeternae-sa·

1471 2935 1620 2974 pientiae,
1641 2940 1671 2964 et
1695 2935 1800 2965 omnis
1816 2936 1970 2975 sapientia
1991 2937 2163 2968 hominum
2178 2938 2217 2968 ab
2233 2942 2360 2972 aeterna
2381 2937 2535 2979 sapientia

1472 2978 1639 3008 derivatur.
1664 2978 1824 3015 Secundo,
1849 2989 1887 3010 ex
1910 2981 1974 3011 hoc
1997 2982 2073 3021 quia
2101 2982 2231 3022 propria
2251 2980 2407 3023 perfectio
2429 2981 2536 3012 homi-

1471 3023 1520 3052 nis
1543 3028 1579 3053 ut
1601 3023 1778 3059 rationalis,
1804 3033 1887 3064 quae
1911 3030 1958 3055 est
1988 3026 2159 3065 sapientia,
2183 3025 2328 3057 consistit
2352 3025 2387 3056 in
2407 3026 2536 3066 partici-

1472 3066 1579 3106 pando
1603 3067 1746 3097 Verbum
1774 3068 1843 3098 Dei.
1869 3068 1968 3106 Quod
1994 3070 2149 3109 probatur
2171 3069 2336 3111 exemplo,
2358 3069 2445 3100 sicut
2462 3078 2535 3110 per-

1472 3110 1568 3140 fectio
1593 3110 1740 3151 discipuli
1756 3112 1789 3142 in
1804 3113 2026 3153 participando
2041 3114 2176 3144 verbum
2297 3113 2352 3143 tri:
2377 3118 2409 3145 et
2423 3119 2536 3145 aucto-

1472 3155 1572 3190 ritate,
1588 3155 1677 3185 Fons
1694 3156 1880 3196 sapientiae,
1903 3162 1962 3188 etc.
1978 3175 2002 3180 —
2019 3157 2175 3190 Probatur
2189 3155 2303 3189 deinde
2323 3157 2535 3198 applicando:

1473 3198 1572 3239 quod,
1596 3208 1690 3239 supra
1713 3201 1990 3240 participationem
2013 3201 2112 3232 divini
2133 3199 2239 3237 Verbi,
2262 3201 2296 3232 in
2319 3209 2384 3241 qua
2405 3202 2535 3242 propria

1472 3243 1626 3283 perfectio
1642 3244 1782 3274 hominis
1805 3245 1982 3275 secundum
2005 3250 2147 3275 mentem
2169 3245 2323 3281 consistit,
2339 3245 2536 3276 convenien-

1472 3288 1591 3317 tissime
1607 3288 1780 3328 apponitur
1803 3294 1839 3318 ut
1857 3289 1963 3329 ipsum
1983 3288 2204 3319 Verbum‘Dei
2219 3289 2427 3328 personaliter
2442 3290 2535 3321 unia-

1472 3337 1523 3362 tur
1551 3337 1682 3362 naturae
1713 3333 1882 3369 humanae,
1905 3338 1941 3363 ut
1963 3337 2183 3364 consummata
2207 3332 2248 3363 sit
2267 3333 2408 3366 hominis
2430 3333 2534 3373 perfe-

1473 3377 1556 3412 ctio;
1584 3381 1619 3406 ut
1642 3376 1762 3407 scilicet
1784 3385 1867 3416 quae
1901 3376 2070 3407 inchoatur
2095 3376 2129 3407 in
2159 3376 2403 3417 participatione
2434 3377 2534 3418 ipsius

1472 3419 1569 3450 Verbi
1592 3419 1732 3450 humana
1754 3419 1927 3460 perfectio,
1951 3425 2192 3451 consummetur
2220 3429 2288 3453 non
2310 3420 2344 3452 in
2366 3421 2535 3463 participa-

1472 3463 1577 3498 tione,
1609 3463 1664 3494 sed
1692 3463 1725 3494 in
1748 3462 1908 3503 personali
1931 3462 2100 3503 adeptione
2123 3464 2222 3504 ipsius
2245 3462 2351 3496 Verbi.

1527 3507 1681 3546 Reliquae
1705 3507 1842 3538 rationes
1865 3507 1947 3538 clare
1968 3511 2078 3547 patent
2100 3507 2134 3538 in
2156 3507 2267 3538 littera.

2557 496 2567 506 ⁸
2582 495 2648 517 Vern.
2664 502 2697 523 ¹7.

2559 704 2570 715 ·
2584 704 2649 727 Vero.
2664 710 2700 737 ²9·

2562 1018 2571 1027 ⁸
2587 1016 2644 1039 Gen.
2666 1022 2716 1047 cap.
2736 1022 2776 1045 ιιι,

2635 1049 2659 1072 ες
2674 1045 2704 1065 ct.
2721 1049 2776 1072 etp.

2561 1048 2620 1066 ven.

2561 1075 2586 1096 n,
2596 1075 2654 1092 vura.
2669 1075 2693 1097 9,
2710 1076 2743 1098 ⁸7·

2563 1385 2572 1395 ”
2586 1382 2652 1405 Vera.
2668 1389 2693 1411 4.

2563 1860 2573 1871 “
2588 1858 2654 1882 Van.
2671 1864 2712 1887 ις-
