2872 3970
63 786 68 790 ,
89 774 108 778 v·
133 763 176 784 eet.

54 794 176 826 ,we-pan-

51 1165 59 1171 ”
101 1181 180 1208 xcv,

88 3135 101 3147 ,ι
114 3115 196 3137 vers.6.

885 309 1148 356 QUAESTIO
1175 309 1293 356 LVII,
1323 308 1614 346 ARTICULUS
1642 310 1672 346 ΙΙ

254 390 312 425 An
350 399 508 426 TER‘rmM
543 398 725 424 monimum
762 387 890 435 quod,
926 386 1009 423 licet
1048 386 1260 435 praesentia

201 440 409 490 corporalis
437 439 576 477 Christi
603 439 714 476 fuerit
731 444 743 460 ²
771 439 960 476 subtracta
986 439 1165 476 fidelibus
1192 451 1262 488 per

202 493 485 538 ascensionem,
513 492 727 541 praesentia
753 499 883 528 tamen
911 491 1115 528 divinitatis
1143 492 1261 541 ipsius

202 557 355 595 semper
373 545 479 583 adest
504 544 702 582 fidelibus:
733 544 948 581 secundum
966 545 1075 593 quod
1098 545 1178 594 ipse
1207 544 1261 581 di-

203 598 412 646 dthatth.
432 599 499 635 ult.
518 597 559 634 *ε
587 598 696 644 Ecce,
723 609 794 647 ego
821 598 1009 634 vobiscum
1035 603 1118 634 sunt
1145 600 1261 635 omni-

203 653 270 689 bus
303 651 430 688 diebus
451 649 464 675 ζ
495 660 609 699 usque
640 650 690 687 ad
722 651 1076 686 consummationem
1113 651 1260 687 saeculi.

209 705 285 747 Qui
308 702 415 740 enim
441 702 603 740 ascendit
630 705 667 739 in
696 703 828 749 caelos,
851 714 926 739 non
955 703 1085 739 deserit
1112 703 1263 752 adopta-

203 762 270 803 tos,
298 763 342 793 ut
367 756 450 792 Leo
478 756 584 804 Papa
611 754 700 792 dicit
718 755 748 791 ²¹⁶.

258 808 336 846 Sed
363 807 446 857 ipsa
473 807 645 845 ascensio
665 807 803 845 Christi
831 807 871 844 in
899 809 1061 855 caelum,
1082 819 1159 856 qua
1183 819 1264 844 cor-

204 862 378 911 poralem
406 869 518 897 suam
545 860 799 909 praesentiam
827 859 938 896 nobis
966 860 1159 907 subtraxit,
1187 873 1264 897 ma-

205 913 260 962 gis
286 913 356 950 fuit
383 913 482 950 utilis
517 913 628 950 nobis
665 925 784 962 quam
811 913 1024 962 praesentia
1059 913 1265 962 corporalis

205 966 346 1003 fuisset.
375 965 507 1002 Primo
526 966 697 1015 quidem,
717 973 875 1015 propter
891 965 983 1002 fidei
1002 974 1264 1014 augmentum,

207 1030 306 1068 quae
326 1025 382 1055 est
400 1019 448 1055 de
467 1028 548 1055 non
566 1018 667 1055 visis.
687 1018 799 1056 Unde
819 1018 900 1066 ipse
919 1018 1112 1055 Dominus
1131 1018 1220 1055 dicit
1235 1024 1266 1064 η,

206 1073 310 1109 Ioan.
338 1082 397 1108 xvi
424 1071 460 1116 ³¹⁶,
502 1071 610 1120 quod
648 1070 809 1120 Spiritus
851 1071 1012 1108 Sanctus
1058 1070 1266 1108 adveniens

206 1130 340 1174 arguet
367 1124 546 1160 mundum
566 1124 612 1161 de
629 1125 772 1168 iustitia,
793 1122 933 1160 scilicet
951 1136 1080 1161 eorum
1101 1126 1164 1174 qui
1189 1135 1266 1160 cre-

207 1177 317 1223 dunt,
350 1184 392 1213 ut
420 1177 655 1224 Augustinus
692 1176 801 1222 dicit,
838 1188 950 1226 super
984 1179 1092 1214 Ioan.
1111 1177 1150 1213 *z
1188 1179 1267 1226 ipsa

207 1231 341 1280 quippe
358 1227 371 1251 θ
379 1229 555 1277 fidelium
574 1231 804 1279 comparatio
831 1229 1034 1275 infidelium
1058 1235 1109 1266 est
1131 1232 1268 1278 uitupe-

175 1287 177 1289 '
209 1282 314 1320 ratio.
344 1281 456 1319 Unde
481 1282 608 1318 subdit
626 1282 656 1328 *,
689 1297 708 1316 «
735 1283 832 1324 Quia
858 1282 909 1318 ad
929 1284 1078 1319 Patrem
1105 1282 1214 1328 vado,
1235 1288 1268 1318 et

208 1337 284 1372 iam
303 1347 379 1371 non
398 1334 560 1372 videbitis
577 1343 638 1371 me
654 1350 672 1368 ›>
685 1348 698 1371 .·
723 1337 820 1372 beati
837 1336 935 1372 enim
956 1337 1019 1384 qui
1040 1347 1114 1371 non
1134 1335 1267 1380 uident,

208 1387 260 1424 et'
277 1387 440 1424 credunt.
488 1389 570 1425 Erit
606 1389 756 1437 itaque‘
786 1391 911 1425 nostra
948 1389 1080 1424 iustitia
1117 1387 1162 1424 de
1198 1400 1269 1437 qua

208 1440 368 1478 mundus
402 1444 595 1490 arguitur:
631 1454 651 1474 α
673 1442 848 1490 quoniam
883 1443 919 1477 in
954 1452 1024 1486 me,
1054 1453 1161 1490 quem
1195 1453 1268 1477 non

209 1493 384 1539 videbitis,
413 1494 564 1530 credetis
585 1506 618 1529 ».

265 1545 463 1592 Secundo,
493 1545 543 1583 ad
577 1546 658 1595 spei
686 1546 1003 1584 sublevationem.
1042 1546 1154 1583 Unde
1189 1545 1270 1595 ipse

210 1597 310 1646 dicit,
331 1600 434 1635 Ioan.
455 1611 514 1636 xiv
531 1599 571 1635 ²¹²:
602 1600 643 1636 Si
658 1601 787 1637 abiero
815 1605 848 1636 et
860 1611 1142 1649 praeparavero
1169 1600 1272 1636 vobis

210 1644 353 1698 locum,
383 1653 514 1688 iterum
542 1654 707 1698 veniam,
737 1657 771 1689 et
797 1652 978 1702 accipiam
1005 1664 1070 1690 vos
1105 1652 1155 1689 ad
1181 1653 1269 1699 mei-

205 1716 329 1754 psum,
350 1710 388 1741 ut
414 1704 479 1742 ubi
504 1716 575 1755 ego
602 1716 695 1751 sum,
717 1710 750 1741 et
767 1717 832 1743 uos
858 1707 943 1742 sitis.
973 1706 1046 1742 Per
1074 1706 1156 1742 hoc‘
1168 1704 1271 1742 enim

211 1757 318 1806 quod
347 1757 520 1794 Christus
539 1758 753 1795 humanam
772 1766 949 1795 naturam
975 1764 1213 1806 assumptam
1232 1757 1271 1794 in

212 1811 318 1847 caelo
353 1810 570 1856 collocavit,
601 1810 704 1847 dedit
735 1810 846 1848 nobis
883 1823 992 1860 spem
1024 1810 1112 1847 illuc
1139 1822 1272 1859 perve-

212 1862 363 1900 niendi:
401 1862 492 1912 quia
527 1865 591 1900 ubi
605 1864 726 1911 fuerit
761 1875 913 1913 corpus,
943 1863 1028 1900 illuc
1065 1874 1272 1912 congrega-

212 1917 349 1953 buntur
374 1921 408 1952 et
435 1916 592 1965 aquilae,
613 1923 655 1952 ut
681 1915 819 1952 dicitur
843 1916 977 1952 Matth.
998 1927 1082 1952 xxw
1100 1915 1130 1951 ²².
1160 1914 1272 1952 Unde

212 1975 250 2005 et
266 1967 448 2005 Mich.11*
466 1967 617 2005 dicitur:
636 1968 810 2005 Ascendit
822 1968 992 2018 pandens
1011 1969 1079 2004 iter
1096 1973 1182 2005 ante
1199 1979 1271 2004 eos.

267 2087 290 2120 ι)
301 2089 399 2122 fuerit.
417 2103 436 2108 —
454 2089 489 2120 P;
501 2089 608 2123 suisset.

266 2124 293 2158 ζ)
312 2125 432 2150 omnibus
452 2125 550 2150 dtebus.
567 2139 588 2143 -
606 2125 667 2150 Om.
685 2125 767 2150 teriia.

266 2163 294 2191 η)
314 2160 388 2185 dicit.
404 2173 424 2191 7-
441 2160 577 2191 discipulis
596 2161 652 2185 suis
670 2160 766 2184 addunt
784 2160 822 2186 ΡΙ.

267 2193 292 2228 θ)
311 2195 414 2228 quippe.
432 2209 452 2214 ·-
470 2195 560 2220 EGi-ta
579 2201 604 2220 et
622 2195 760 2225 editiones;
786 2195 891 2228 quidem
910 2195 928 2226 1,
947 2196 1052 2227 quidem
1074 2195 1171 2228 quippe
1189 2196 1275 2220 ceteri.

269 2231 288 2265 ι)
308 2231 436 2262 itaqua-
448 2230 533 2264 igitur
546 2230 612 2263 HpG
626 2235 651 2255 et
663 2230 796 2256 editiones.
817 2231 866 2255 Pro
886 2233 986 2260 nostra,
1006 2233 1095 2256 uestra
1115 2231 1206 2256 PAsG.
1226 2231 1274 2255 Pro

212 2266 348 2299 arguitur,
367 2269 499 2299 arguetur
512 2265 564 2292 PG.
576 2265 730 2291 —·uidebitis
747 2265 861 2291 credetis
881 2266 944 2296 Pla;
960 2266 1082 2291 videbitis
1094 2266 1204 2291 creditis
1217 2266 1274 2297 GH,

213 2301 312 2327 uidetis
329 2301 438 2326 creditis
458 2301 543 2326 ceteri.

268 2335 294 2371 κ)
313 2337 479 2370 erigendum.
496 2350 516 2355 -
533 2336 704 2370 dirigendum
727 2336 815 2362 GHbc.

2297 310 2369 356 529

1367 386 1518 433 Tertio,
1548 387 1597 423 ad
1633 386 1858 434 erigendum
1878 393 1893 407 κ
1922 386 2082 424 caritatis
2119 387 2299 424 affectum
2333 386 2373 423 in

1315 439 1498 476 caelestia.
1515 439 1626 476 Unde
1646 439 1734 475 dicit
1753 441 1971 488 Apostolus,
1996 441 2132 477 Coloss.
2150 452 2182 476 111
2198 440 2234 476 ²¹⁶:
2271 440 2374 482 Quae
2403 450 2410 458 ·
2449 454 2472 469 er

1314 504 1460 529 sursum
1487 498 1571 529 sunt
1599 494 1771 541 quaerite,
1797 494 1860 529 ubi
1889 493 2052 529 Christus
2080 499 2129 529 est
2156 494 2193 529 in
2223 493 2374 529 dextera

1303 546 1389 581 ‘Dei
1413 545 1562 581 sedens.-
1590 557 1684 594 quae
1709 557 1855 582 sursum
1882 551 1965 581 sunt
1984 543 1998 566 λ
2024 548 2149 594 sapite,
2180 557 2254 582 non
2282 557 2375 594 quae

1315 609 1427 647 super
1457 603 1607 634 terram.
1642 598 1693 637 Ut
1728 597 1831 634 enirn
1859 597 1996 634 dicitur
2022 599 2158 635 Matth.
2187 610 2222 634 Vl
2245 597 2285 645 ²¹²,
2314 599 2378 634 uhi

1317 657 1367 687 est
1393 652 1583 687 thesaurus
1611 656 1709 696 tuus,
1739 652 1790 687 ibi
1815 655 1865 686 est
1893 656 1925 687 et
1953 663 2019 687 cor
2055 657 2168 687 tuum.
2206 651 2253 686 Et
2286 649 2375 699 quia

1319 702 1480 751 Spiritus
1517 703 1678 740 Sanctus
1714 711 1769 739 est
1797 715 1907 739 amor
1943 715 2013 740 nos
2042 703 2080 740 in
2109 702 2281 740 caelestia
2318 715 2375 739 ra-

1318 755 1436 804 piens,
1458 755 1546 792 ideo
1575 755 1767 792 Dominus
1795 755 1883 792 dicit
1910 755 2115 805 discipulis,
2145 757 2248 793 Ioan.
2268 755 2374 792 xvst‘:
2405 761 2413 770 ·

1318 808 1477 858 Expedit
1503 810 1605 846 vobis
1624 814 1661 844 ut
1680 820 1750 858 ego
1778 809 1924 846 vadam.
1955 810 1994 845 Si
2020 811 2118 845 enim
2144 821 2217 846 non
2238 809 2375 854 abiero,

1318 861 1525 898 Paraclitus
1560 873 1633 897 non
1669 862 1787 898 veniet
1818 861 1868 897 ad
1893 873 1978 898 uos:
2014 863 2047 898 si
2071 868 2192 898 autem
2230 862 2375 906 abiero,

1319 915 1459 950 mittam
1488 925 1572 950 eum
1594 914 1644 950 ad
1660 926 1735 950 vos.
1766 913 1884 960 Quod
1913 926 2110 962 exponens
2129 914 2376 962 Augustinus,

1319 979 1430 1015 super
1456 968 1564 1003 Ioan.
1591 966 1627 1013 ³⁶,
1657 966 1764 1002 dicit:
1801 967 1890 1003 Non
1914 969 2061 1016 potestis
2095 979 2228 1016 capere
2265 968 2378 1016 Spiri-

1319 1025 1396 1055 tum
1433 1019 1595 1068 quandiu
1631 1019 1832 1055 secundum
1869 1031 2021 1056 carnem
2059 1033 2164 1057 nosse
2190 1021 2379 1069 persistitis

1324 1072 1519 1108 Christum.
1566 1073 1708 1108 Christo
1744 1077 1865 1108 autem
1903 1072 2105 1109 discedente
2130 1079 2146 1101 μ
2175 1072 2378 1121 corporali-

1320 1130 1393 1169 ter,
1423 1136 1497 1160 non
1525 1125 1643 1161 solum
1677 1125 1831 1173 Spiritus
1863 1126 2029 1171 Sanctus,
2058 1126 2122 1162 sed
2148 1131 2180 1161 et
2207 1127 2320 1162 Pater
2348 1131 2380 1161 et

1321 1177 1436 1213 Filius
1464 1177 1532 1212 illis
1560 1176 1666 1224 affuit
1692 1177 1936 1225 spiritualiter.
2014 1214 2018 1218 ,

1374 1230 1431 1265 AD
1452 1241 1623 1271 QUARTUM
1642 1241 1822 1266 DtOENDUM
1842 1230 1960 1278 quod,
1981 1230 2064 1266 licet
2085 1230 2234 1266 Christo
2258 1242 2379 1266 resur-

1322 1281 1422 1329 genti
1442 1281 1481 1318 in
1499 1281 1618 1318 vitam
1638 1281 1894 1318 immortalem
1923 1291 2147 1330 congrueret
2173 1284 2279 1319 locus
2299 1295 2380 1319 cae-

1323 1334 1433 1380 lestis,
1462 1341 1592 1370 tamen
1620 1334 1884 1371 ascensionem
1913 1335 2064 1382 distulit,
2092 1343 2133 1372 ut
2160 1335 2297 1372 veritas
2325 1348 2380 1372 re-

1323 1386 1565 1424 surrectionis
1585 1388 1910 1436 comprobaretur.
1939 1388 2051 1425 Unde
2072 1388 2208 1426 dicitur
2225 1389 2305 1425 Act.
2322 1388 2380 1435 1³¹⁶,

1295 1473 1297 1478 .
1324 1440 1431 1489 quod
1444 1446 1528 1489 post
1541 1442 1752 1489 passionem
1771 1453 1877 1477 suam
1891 1443 2063 1490 praebuit
2080 1444 2239 1491 seipsum
2257 1443 2381 1478 uiuum

1324 1493 1506 1542 discipulis
1539 1495 1575 1529 in
1609 1493 1729 1529 multis
1761 1496 1990 1543 argumentis
2019 1507 2087 1543 per
2117 1495 2193 1531 dies
2225 1495 2382 1543 quadra-

1323 1547 1439 1595 ginta.
1470 1545 1544 1583 Ubi
1564 1545 1652 1582 dicit
1670 1547 1794 1594 glossa
1813 1547 2005 1595 quaedam
2019 1546 2039 1568 ’¹‘
2053 1547 2171 1596 quod,
2192 1549 2277 1596 quia
2297 1560 2382 1596 qua-

1324 1599 1500 1648 draginta
1514 1604 1526 1620 V
1541 1599 1651 1635 horas
1666 1605 1832 1636 mortuus
1840 1600 1982 1647 suerat,
1996 1601 2242 1650 quadraginta
2258 1600 2382 1637 diebus

1324 1664 1363 1688 se
1393 1653 1518 1689 vivere
1558 1654 1763 1700 confirmat.
1815 1653 1879 1689 Vel
1913 1664 1985 1700 per
2025 1653 2272 1703 quadraginta
2309 1653 2383 1690 dies

1325 1710 1466 1754 tempus
1485 1703 1496 1728 Ε
1509 1707 1715 1754 praesentis
1731 1706 1878 1750 saeculi,
1896 1717 1966 1754 quo
1985 1707 2148 1742 Christus
2167 1708 2203 1742 in
2218 1706 2383 1743 Ecclesia

1327 1763 1577 1803 conversatur,
1588 1763 1705 1806 potest
1723 1758 1898 1807 intelligi:
1915 1759 2115 1795 secundum
2136 1759 2233 1808 quod
2245 1765 2258 1780 ⁰
2272 1760 2382 1796 homo

1327 1816 1466 1847 constat
1502 1822 1551 1846 ex
1578 1815 1735 1858 quatuor
1771 1810 1973 1857 elementis,
2004 1817 2036 1848 et
2064 1811 2228 1848 eruditur
2255 1817 2384 1848 contra

1327 1864 1659 1912 transgressionem
1687 1863 1866 1912 decalogi.

1379 2088 1407 2122 λ)
1427 2090 1573 2121 quaerite...
1591 2096 1697 2113 sursum
1717 2092 1787 2114 sunt.
1806 2103 1826 2107 -
1844 2089 1864 2113 E
1885 2094 1910 2113 et
1928 2089 2014 2118 tertia;
2034 2096 2087 2113 om.

1327 2160 1371 2184 ΡΟ
1375 2125 1587 2184 11:¹2baiiscoedente.
1605 2139 1624 2143 -
1644 2124 1700 2154 ΡΑ;
1719 2124 1893 2149 descendente
1907 2124 1990 2153 BCEl.
2005 2124 2174 2149 discendente
2186 2124 2216 2153 D,
2230 2124 2388 2149 ascendente

1380 2195 1403 2228 v)
1423 2195 1612 2228 quadraginta.
1625 2209 1644 2213 -
1657 2202 1709 2226 per
1727 2195 1911 2227 quadraginta
1930 2195 2003 2219 tertia
2023 2199 2125 2227 praeter
2138 2195 2154 2223 Ι,
2169 2195 2212 2226 qui
2232 2202 2279 2227 pro
2298 2195 2386 2223 horas,

1327 2231 1408 2300 hor-15³)-
1425 2269 1536 2298 tempus.
1554 2279 1572 2284 —
1591 2269 1671 2299 typus
1691 2265 1732 2297 p1;
1751 2265 1819 2290 alias
1839 2269 1919 2298 typus
1938 2272 2028 2297 margo
2049 2265 2076 2289 Ρ.

1381 2301 1406 2336 ο)
1425 2301 1569 2326 secundum
1589 2301 1666 2333 quod.
1682 2314 1701 2319 -
1714 2301 1773 2330 FH;
1794 2301 1834 2325 vel
1851 2300 1914 2332 quia
1934 2300 1979 2330 sD.
1997 2300 2052 2324 sive
2069 2300 2115 2332 qui
2132 2300 2162 2329 Ε,
2176 2300 2276 2325 scilicet
2294 2301 2356 2332 quia
2370 2301 2387 2329 l.

1329 2337 1392 2369 quia
1411 2337 1544 2367 editiones,
1564 2337 1662 2361 scilicet
1680 2336 1751 2368 quod
1769 2336 1854 2361 ceteri.

888 2416 1222 2450 Commentaria
1243 2416 1496 2449 Cardinalis
1517 2415 1718 2448 Caietani

276 2508 383 2528 rrums
399 2497 509 2528 clarus.
529 2516 552 2520 -
568 2497 603 2528 111
625 2507 759 2538 corpore
779 2508 843 2528 una
863 2498 1046 2529 conclusio:
1073 2497 1274 2528 Conveniens

218 2509 342 2584 Tsuit
366 2541 527 2573 Chrismm
555 2551 620 2572 non
648 2551 816 2573 remanere
839 2542 871 2572 in
896 2542 1000 2577 terris,
1025 2541 1080 2573 sed
1102 2540 1274 2572 ascendere

1329 2497 1361 2527 in
1386 2497 1520 2527 caelum.
1544 2497 1707 2526 Probatur.
1732 2496 1838 2526 Locus
1858 2495 1951 2526 debet
1975 2505 2041 2526 esse
2064 2496 2324 2536 proportionatus
2340 2495 2388 2526 lo-

1329 2546 1410 2577 cato,
1428 2546 1487 2571 etc.
1513 2540 1604 2571 Clare
1627 2546 1713 2580 patet
1736 2541 1769 2570 in
1792 2540 1902 2570 littera.

980 2696 1297 2738 ARTICULUS
1327 2695 1627 2738 SECUNDUS

351 2789 508 2821 UTRUM
530 2789 788 2820 ASCENDERE
811 2789 855 2820 IN
879 2789 1060 2820 CAELUM
1085 2788 1339 2820 CONVENIAT
1364 2789 1552 2820 cnmsro
1577 2788 1815 2820 SECUNDUM
1838 2788 2053 2818 NATURAM
2074 2788 2256 2826 DlvtNAM
2285 2797 2287 2800 ⁴

766 2868 797 2893 111
817 2868 899 2897 Sent„
919 2868 977 2894 dist.
995 2875 1055 2898 xxn,
1074 2876 1119 2901 qu.
1137 2876 1175 2900 ιιι,
1193 2874 1240 2894 art.
1262 2875 1285 2899 1,
1305 2869 1336 2893 ad
1358 2876 1388 2898 η
1410 2868 1553 2900 Compend.
1576 2867 1677 2896 Theon,
1698 2874 1751 2898 cap.
1771 2874 1844 2891 ‹3ch.

224 3165 457 3210 iubilatione;
484 3172 521 3202 et
547 3166 654 3203 Deut.
681 3177 786 3203 xxxnx
805 3166 845 3203 *ε
880 3167 1066 3205 Ascensor
1097 3167 1191 3204 caeli
1217 3179 1282 3204 au-

223 3218 376 3257 xiliator
410 3223 502 3255 tuus.
542 3218 619 3255 Sed
649 3217 720 3255 ista
753 3218 932 3256 dicuntur
967 3220 1015 3257 de
1050 3220 1134 3257 Deo
1169 3219 1283 3256 etiarn

226 3277 312 3309 ante
341 3270 481 3308 Christi
516 3269 830 3308 incarnationem.
868 3273 969 3320 Ergo
1003 3272 1153 3310 Christo
1192 3283 1282 3308 con-

225 3322 331 3362 venit
347 3323 552 3360 ascendere
571 3323 611 3360 in
629 3324 779 3361 caelum
798 3325 1013 3362 secundum
1039 3325 1145 3374 quod
1164 3325 1281 3361 Deus.

282 3387 316 3412 2.
336 3376 568 3422 PRAETEREA,
590 3375 763 3413 eiusdem
782 3385 838 3414 est
851 3377 1055 3414 ascendere
1074 3377 1113 3414 in
1133 3377 1283 3414 caelum

228 3427 337 3467 cuius
365 3436 419 3465 est
446 3429 677 3466 descendere
705 3429 752 3466 de
780 3432 905 3467 caelo:
940 3430 1155 3467 secundum
1192 3428 1284 3465 illud

227 3481 332 3519 toan.
351 3481 442 3519 u1*-:
468 3482 597 3518 Nemo
623 3482 786 3519 ascendit
812 3484 850 3519 in
879 3483 1022 3520 caelum
1051 3483 1122 3518 nisi
1144 3482 1212 3530 qui
1242 3480 1286 3516 de

1332 2956 1434 2993 caelo
1454 2955 1655 2998 descendit,·
1682 2961 1718 2990 et
1735 2955 1866 3003 Ephes.
1884 2966 1917 2990 ιν
1935 2953 1971 2989 *ῑ
2007 2955 2081 2995 Qui
2098 2954 2289 2999 descendit,
2311 2955 2388 3003 ipse

1334 3015 1383 3045 est
1411 3014 1444 3044 et
1475 3009 1543 3056 qui
1578 3007 1747 3044 ascendit.
1792 3006 1867 3043 Sed
1903 3005 2074 3042 Christus
2112 3005 2305 3042 descendit
2342 3007 2388 3043 de

1334 3062 1457 3106 caelo,
1488 3072 1567 3096 non
1600 3059 1814 3095 secundum
1847 3059 1952 3107 quod
1986 3059 2126 3105 homo,
2157 3059 2223 3095 sed
2256 3071 2389 3096 secun-

1336 3114 1428 3150 dum
1450 3112 1556 3161 quod
1575 3111 1697 3148 Deus:
1727 3123 1806 3148 non
1826 3110 1930 3147 enim
1950 3111 2120 3147 humana
2144 3111 2226 3148 eius
2254 3119 2389 3150 natura

1335 3173 1420 3202 ante
1449 3164 1488 3201 in
1516 3165 1620 3200 caelo
1657 3165 1797 3209 fuerat,-
1827 3163 1893 3200 sed
1921 3163 2062 3200 divina.
2102 3164 2203 3212 Ergo
2239 3163 2391 3201 videtur

1336 3217 1443 3267 quod
1463 3216 1634 3254 Christus
1650 3216 1817 3253 ascendit
1836 3215 1875 3252 in
1890 3217 2039 3252 caelum
2054 3217 2269 3254 secundum
2283 3217 2389 3266 quod

1336 3272 1453 3307 Deus

1392 3322 1425 3358 3.
1455 3323 1684 3368 PRAETEREA,
1715 3321 1887 3357 Christus
1915 3333 1984 3358 sua
2012 3321 2233 3359 ascensione
2261 3334 2390 3359 ascen-

1337 3375 1391 3411 dit
1419 3374 1467 3410 ad
1494 3375 1656 3410 Patrem.
1688 3374 1763 3410 Sed
1792 3374 1840 3410 ad
1868 3374 1986 3410 Patris
2015 3374 2279 3423 aequalitatem
2311 3384 2391 3412 non

1337 3426 1510 3475 pervenit
1537 3426 1751 3462 secundum
1780 3426 1886 3474 quod
1914 3427 2054 3463 homo:
2085 3426 2137 3464 sie
2159 3427 2263 3464 enim
2291 3427 2390 3476 dicit,

1337 3481 1460 3516 maior
1475 3484 1491 3499 ‘²
1519 3490 1579 3515 me
1605 3484 1670 3524 est,
1696 3486 1738 3515 ut
1765 3479 1928 3515 habetur
1954 3480 2057 3516 Ioan.
2079 3491 2136 3517 xxv
2155 3479 2185 3516 ²⁸.
2216 3481 2318 3529 Ergo
2336 3481 2391 3518 vi-

270 3609 312 3645 ·tz)
329 3611 402 3642 dreia*
420 3612 515 3638 maior:
527 3627 546 3632 -
558 3613 632 3639 Deus
645 3613 731 3638 maior
743 3614 761 3644 1,
774 3614 839 3639 dicit
852 3613 933 3638 Pater
946 3613 1032 3637 maior
1045 3613 1090 3637 EG
1103 3617 1128 3636 et
1142 3611 1264 3636 editiones
1275 3618 1282 3640 ;
1302 3601 1341 3635 me
1360 3619 1412 3635 om.
1431 3611 1462 3636 Α.

370 3665 480 3689 Sanum:
497 3663 598 3690 Tuam..
617 3665 649 3691 D.
663 3666 777 3690 Tnount
795 3666 828 3690 Τ.
841 3665 905 3690 VIII.

2403 608 2411 617 '
2427 606 2493 627 Vers.
2510 612 2544 627 21.

2428 760 2495 781 Vers.
2512 765 2532 786 7.

2407 974 2415 983 ⁸
2435 972 2512 994 Tract.
2535 971 2619 998 xciv,

2406 1005 2469 1020 num.
2484 1006 2508 1025 4,
2523 1004 2542 1026 5.

2504 1079 2521 1104 μ

2410 1391 2418 1399 ·
2433 1389 2501 1412 Vers.
2515 1395 2535 1417 3.

2411 1552 2420 1561 ⁸
2435 1550 2492 1572 Ord.

2417 2959 2427 2969 ⁸
2441 2957 2506 2979 Vei-s.
2523 2963 2558 2979 ιο.

2515 3465 2531 3480 α

2420 3491 2429 3501 ’
2445 3491 2509 3511 Vers.
2525 3490 2560 3511 28.
