2872 3970
99 2587 117 2603 Q·

376 259 427 296 40
1086 243 1349 291 QUAESTIO
1379 243 1433 289 11,

378 326 590 361 instrumenth
613 334 677 355 lam
700 334 767 354 non
789 328 869 354 esset
891 323 970 353 unio
987 332 1020 352 ln
1036 331 1172 362 persona
1188 330 1248 351 nec
1263 319 1469 351 Secundum

378 379 559 411 personam,
576 370 686 399 necin
701 367 846 403 essendo,
870 367 926 397 sed
949 368 982 397 in
998 365 1176 396 causando:
1201 365 1290 405 quod
1313 364 1443 394 maximi
1469 387 1471 396 .

380 415 492 445 erroris
509 419 564 444 est.
590 414 673 443 Inter
688 412 830 442 Verbum
854 411 1012 451 siquidem
1036 411 1095 440 Dei
1117 415 1148 440 et
1162 415 1308 439 naturam
1330 409 1443 438 huma-

379 468 455 489 nam
477 459 555 488 unio
581 463 627 487 est
649 456 864 497 hypostatica,
889 464 955 485 non
979 453 1157 484 secundum
1185 452 1316 493 aliquod
1343 461 1444 492 genus

379 503 430 532 vel
453 501 588 532 modum
605 510 728 536 causae,
753 499 807 530 sed
831 498 1008 529 secundum
1025 497 1155 537 aliquod
1178 506 1278 536 genus
1302 506 1358 526 seu
1374 505 1445 526 mo-

381 546 458 576 dum
482 546 562 576 entis
585 554 643 585 per
662 554 706 580 se,
723 543 813 583 quod
836 549 883 573 est
898 542 1088 573 substantia:
1113 542 1188 581 quia
1204 546 1251 571 est
1266 539 1445 570 secundum

380 590 625 625 subsistentiam,
643 597 726 629 quae
749 597 816 618 non
832 587 908 617 dicit
931 595 1059 616 causam
1075 595 1132 615 seu
1148 584 1374 619 causalitatem,
1391 582 1447 613 sed

381 635 599 665 substantiam.
634 633 742 663 Pateat
757 637 865 662 autem
881 631 944 661 hoc
966 630 1096 660 novitiis
1113 639 1151 659 ex
1167 629 1230 659 hoc
1254 627 1344 668 quod
1366 627 1446 658 unio

382 678 457 709 Filii.
477 678 537 708 Dei
561 687 635 708 cum
658 683 770 707 natura
793 676 932 705 humana
956 674 1085 714 propria
1109 678 1155 703 est
1177 673 1271 707 Filio,
1294 673 1337 702 ita
1358 670 1447 712 quod

382 732 444 753 nec
466 722 548 752 Patri
563 731 624 751 nec
640 721 770 760 Spiritui
787 719 904 750 Sancto
928 718 1094 748 convenit:
1120 717 1225 747 omnis
1248 722 1355 746 autem
1372 725 1447 746 cau-

383 766 486 796 salitas
509 766 581 796 Filii
603 765 663 795 Dei
685 769 832 804 respectu
855 768 986 793 naturae
1002 767 1182 801 assumptae
1203 760 1385 790 communis
1401 764 1449 789 est

382 811 442 841 toti
466 810 628 844 Trinitati,
658 809 813 848 quoniam
835 806 973 837 indivisa
994 811 1071 836 sunt
1091 805 1259 835 Trinitatis
1283 813 1383 844 opera
1406 803 1449 833 ad

141 858 195 880 Ἦ
203 859 239 879 An
227 864 263 885 ¹¹-ss
272 857 307 878 En
310 857 355 878 chi
383 859 478 885 extra
493 855 519 884 *.
554 853 629 883 Non
658 858 704 883 est
727 861 802 891 ergo
830 849 1010 881 definienda
1034 850 1112 880 unio
1136 855 1266 879 naturae
1289 849 1448 878 humanae

139 885 187 907 '¹¹²'
200 890 250 912 ⁰³⁹*
264 890 309 905 ¹¹¹
311 889 357 905 '¹¹'
383 898 423 929 ad
445 877 587 928 Verbum
610 906 667 936 per
689 896 845 926 unionem
867 894 1078 925 instrumenti.

438 942 471 972 Si
494 947 601 971 tamen
623 950 691 970 non
714 939 857 970 firmetur
883 938 1038 968 sententia
1061 947 1158 977 super
1183 937 1305 967 ratione
1331 937 1448 967 instru-

382 986 482 1016 menti
505 991 540 1015 ut
563 986 617 1020 sic,
642 983 698 1014 sed
721 993 817 1023 super
839 983 961 1012 ratione
984 982 1186 1012 instrumenti
1201 981 1281 1017 talis,
1304 981 1368 1012 hoc
1391 986 1448 1015 est,

382 1029 563 1065 coniuncti,
583 1029 646 1059 hoc
670 1033 716 1058 est
738 1027 909 1067 spectantis
933 1026 973 1056 ad
995 1027 1213 1067 hypostasim:
1246 1026 1310 1055 iam
1333 1026 1372 1055 ab
1396 1035 1448 1055 or-

382 1074 456 1104 dine
480 1072 631 1104 causandi
653 1072 693 1102 ad
716 1071 863 1102 ordinem
887 1070 1029 1106 essendi,
1054 1076 1086 1100 et
1108 1070 1146 1100 ab
1170 1070 1293 1100 unione
1316 1070 1350 1100 in
1373 1079 1448 1100 cau-

381 1117 482 1148 sando
506 1117 544 1147 ad
567 1118 723 1147 unionem
746 1117 779 1146 in
804 1114 938 1146 essendo
961 1115 1102 1151 venitur;
1127 1120 1159 1145 et
1181 1113 1221 1144 ad
1243 1115 1308 1144 iam
1331 1113 1448 1144 dictam

381 1163 538 1192 unionem
560 1160 739 1191 secundum
762 1160 968 1190 substantiam
995 1168 1141 1189 recursus
1164 1164 1196 1188 et
1218 1158 1371 1188 resolutio
1395 1157 1447 1194 fit;

383 1212 414 1237 et
437 1211 524 1246 patet
546 1204 636 1246 quod
658 1205 760 1245 prima
777 1210 808 1234 et
822 1205 959 1234 maxima
983 1204 1062 1233 ratio
1084 1203 1214 1233 unionis
1233 1212 1301 1232 non
1316 1203 1448 1242 ponitur

382 1251 417 1281 in
439 1251 561 1281 unione
590 1249 808 1284 instrumenti,
832 1247 887 1278 sed
909 1248 944 1278 in
966 1248 1088 1278 unione
1116 1247 1354 1278 coniunctionis
1384 1256 1448 1286 qua

1462 241 1756 279 AR-TICULUS
1784 243 1849 279 VII

1496 321 1744 350 instrumentum
1767 325 1888 360 spectat
1910 319 1950 350 ad
1973 321 2180 362 hypostasim.
2205 322 2376 360 Quocirca,
2400 323 2474 354 licet
2493 333 2567 355 sen-

1497 364 1595 394 tenu'a
1624 364 1684 393 ista
1711 363 1750 394 de
1774 364 1896 394 unione
1926 373 1984 404 per
2005 364 2142 395 modum
2169 367 2371 397 instrumenti
2400 368 2565 399 coniuncti

1477 414 1479 417 ⁴
1498 409 1538 438 sit
1560 417 1651 443 vera,
1674 408 1782 438 minus
1805 413 1912 438 tamen
1935 408 2077 439 formalis
2101 415 2162 440 est:
2199 411 2275 450 quia
2303 420 2372 441 11011
2395 411 2566 443 attenditur

1499 452 1578 482 ratio
1601 452 1806 482 instrumenti
1827 457 1864 482 ut
1886 452 1947 488 sic,
1972 452 2028 483 sed
2051 454 2288 484 coniunctionis
2315 455 2513 495 personalis,
2531 456 2567 486 in

1499 505 1565 536 qua
1580 495 1725 535 pendent
1742 495 1812 525 Lex
1834 501 1867 526 et
1886 496 2074 536 Prophetae.
2095 514 2117 520 -
2146 497 2237 528 Haec
2260 498 2370 538 quoad
2391 499 2565 530 veritatem.

1555 539 1608 570 XI.
1633 540 1669 569 ln
1691 548 1845 579 processu
1867 549 1944 570 vero
1967 541 2128 577 Auctoris,
2143 541 2239 572 video
2262 542 2370 582 ipsum
2393 544 2500 583 seipso
2522 543 2567 574 al-

1500 584 1624 614 tiorem.
1649 583 1733 613 Nam
1756 583 1790 613 in
1806 583 1848 614 IV
1866 583 1991 614 Contra
2008 585 2111 621 Gent„
2128 595 2198 625 cap.
2214 596 2275 622 xm,
2299 587 2455 617 unionem
2471 587 2568 619 Verbi

1500 628 1653 658 incarnati
1665 627 1836 658 declaravit
1849 628 2029 659 secundum
2044 631 2201 660 unionem
2216 631 2418 662 instrumenti
2430 632 2570 662 coniun-

1502 672 1553 702 cti.
1578 672 1619 702 Et
1641 672 1705 701 hoc
1720 670 1796 701 feeit
1811 673 1902 711 quasi
1924 681 1942 702 a
1965 674 2195 712 posterioribus
2218 680 2250 704 et
2270 675 2451 706 notioribus
2473 676 2571 706 nobis

1501 715 1722 746 manuducens
1737 715 1778 746 ad
1792 721 1858 746 tam
1874 716 2030 747 excelsam
2045 718 2212 749 unionem.
2228 718 2264 749 ln
2279 719 2344 749 hoc
2358 724 2466 750 autem
2481 719 2569 756 loco,

1502 760 1594 790 altius
1619 759 1854 799 contemplatus
1877 761 2079 791 instrumenti
2102 767 2138 792 ut
2160 763 2206 793 sic
2233 763 2390 794 rationem
2414 769 2446 794 et
2473 764 2568 794 unio-

1501 813 1578 834 nem
1600 804 1844 844 hypostaticam,
1868 805 1973 835 statim
1995 805 2028 835 in
2044 806 2203 846 principio
2218 808 2437 847 responsionis
2451 808 2570 838 instru-

1502 848 1603 878 menti
1626 849 1783 878 unionem
1812 848 1852 878 ab
1875 849 1997 879 unione
2026 849 2227 890 hypostatica
2248 852 2420 892 separavit,
2445 851 2571 888 dicem,

1502 893 1578 923 Non
1610 902 1704 922 omne
1726 892 1814 933 quod
1842 893 2018 923 assumitur
2041 899 2076 924 ut
2098 894 2344 926 instrumentum
2368 901 2445 933 etc.‚
2469 902 2502 927 et
2529 896 2569 927 ad

1502 937 1658 967 unionem
1674 936 1875 976 personalem
1891 936 2106 968 reducendam
2123 937 2218 975 dixin
2243 944 2275 969 et
2293 939 2478 971 Nestorium
2494 940 2570 971 inde

1503 980 1682 1016 confundit,
1698 986 1795 1020 atque
1815 981 2052 1012 Damascenum
2068 983 2209 1021 exponit.
2233 983 2391 1014 Processit
2409 984 2568 1025 siquidem

1502 1026 1559 1055 hic‘
1577 1035 1645 1055 non
1668 1035 1686 1055 a
1708 1025 1948 1065 posterioribus,
1968 1025 2024 1056 sed
2046 1035 2064 1056 a
2086 1027 2195 1066 priori,
2212 1036 2251 1057 ex
2273 1028 2396 1059 unione
2418 1029 2569 1069 hyposta-

1502 1070 1564 1100 tica
1579 1069 1702 1099 salvans
1725 1069 1882 1099 unionem
1897 1070 2099 1100 instrumenti
2119 1070 2205 1101 talis:
2230 1070 2319 1107 dum,
2343 1081 2384 1102 ex
2401 1072 2465 1103 hoc
2480 1072 2571 1112 quod

1501 1114 1751 1144 instrumentum
1774 1113 1906 1153 aliquod
1932 1114 2070 1153 pertinet
2092 1114 2132 1145 ad
2155 1124 2224 1145 esse
2253 1116 2448 1156 hypostasis,
2473 1116 2571 1147 salvat

1502 1163 1648 1188 naturam
1677 1158 1853 1188 humanam
1882 1167 1979 1198 posse
2007 1157 2069 1189 dici
2097 1159 2222 1189 unitam
2250 1159 2359 1190 Verbo
2389 1166 2426 1191 ut
2454 1161 2573 1191 instru—

1502 1208 1649 1232 mentum
1672 1202 1893 1232 coniunctum.
1918 1202 1971 1232 Tu
1995 1211 2070 1242 ergo
2093 1203 2246 1244 utrinque
2268 1203 2406 1244 profice:
2431 1205 2573 1238 11111010-

1474 1265 1476 1278 1
1500 1246 1709 1281 solutionem,
1731 1245 1809 1276 inde
1830 1246 2121 1278 manuductionem
2140 1257 2282 1278 sumens.

1168 1391 1488 1434 ARTICULUS
1518 1391 1786 1434 SEPTIMUS

687 1485 844 1516 UTRUM
868 1483 973 1514 UNIO
999 1483 1176 1514 DIVINAE
1200 1458 1259 1513 Er
1281 1483 1500 1515 HUMANAE
1524 1484 1734 1515 NATURAE
1757 1485 1824 1516 511-
1848 1485 2028 1523 ALIQUID
2052 1485 2266 1518 CREATUM

719 1563 751 1588 lll
771 1564 854 1592 Sent„
876 1562 934 1588 dist.
953 1570 981 1593 u,
1001 1569 1046 1595 qu.
1065 1569 1093 1591 11,
1111 1566 1158 1587 art.
1179 1569 1203 1592 2,
1222 1561 1273 1594 qu⁸
1294 1561 1317 1592 3,
1337 1561 1369 1586 ad
1389 1569 1421 1593 ας
1441 1562 1500 1587 dist.
1519 1570 1544 1594 v,
1564 1570 1610 1595 qu.
1629 1570 1646 1592 1,
1666 1568 1713 1588 art.
1734 1570 1757 1588 1.
1777 1563 1827 1596 qu·
1849 1570 1876 1593 1,
1896 1563 1955 1589 dist.
1973 1571 2019 1595 vn,
2037 1571 2081 1597 qu.
2100 1572 2127 1594 11,
2146 1570 2193 1591 art.
2215 1572 2238 1591 1.

430 1659 433 1664 ·
501 1665 534 1695 3,
520 1670 571 1711 κ(
595 1658 617 1682 1)
637 1655 817 1681 5ΕΡτ1ΜυΜ
835 1655 886 1680 510
907 1653 1142 1679 9300001103.
1164 1640 1323 1678 Videtur
1342 1641 1448 1691 quod

418 1698 460 1719 '²'
510 1689 573 1760 ‘533
595 1697 689 1735 unio
718 1695 870 1733 divinae
899 1702 934 1732 et
962 1696 1156 1732 humanae
1184 1703 1342 1731 naturae
1368 1706 1449 1731 non

1503 1643 1767 1680 consideratur
1801 1643 1898 1681 inter
1931 1644 2061 1681 Deum
2095 1652 2131 1681 et
2162 1653 2394 1694 creaturam,
2423 1646 2573 1685 realiter

1504 1695 1664 1745 quidem
1693 1704 1748 1733 est
1773 1696 1811 1733 in
1831 1704 2004 1734 creatura
2022 1697 2052 1744 ⁵¹³,
2082 1709 2152 1747 per
2178 1698 2289 1735 cuius
2316 1699 2571 1738 mutationem

403 1756 416 1811 ’ί
448 1793 462 1804 ,-
487 1769 523 1803 »ς
538 1750 641 1795 (7511
660 1749 802 1799 aliquid
831 1755 1013 1786 creatum.
1043 1747 1150 1785 Nihil
1178 1748 1283 1785 enim
1305 1747 1343 1784 in
1364 1747 1449 1785 Deo
1476 1753 1478 1807 5
1504 1748 1586 1786 talis
1613 1749 1744 1787 relatio
1773 1749 1998 1787 innascitur.
2027 1762 2109 1788 11011
2136 1759 2278 1789 autem
2286 1759 2342 1789 est
2366 1751 2542 1791 realiter'
2531 1765 2571 1791 m

442 1821 453 1833 1
467 1800 532 1841 ‘'5³ss
554 1799 585 1839 k
597 1810 766 1841 creatum
791 1809 916 1851 potest
935 1814 1034 1838 esse:
1065 1800 1156 1850 quia
1184 1801 1374 1850 quidquid
1395 1808 1478 1838 051

385 1859 425 1896 111
452 1860 548 1904 Deo,
578 1858 683 1894 Deus
719 1863 783 1893 est.
822 1855 898 1892 Sed
934 1854 1028 1891 unio
1064 1861 1119 1891 est
1150 1854 1189 1891 in
1218 1855 1321 1892 Deo:
1359 1853 1450 1903 quia
1477 1864 1478 1870 ¹

386 1912 466 1961 ipse
503 1913 609 1948 Deus
646 1917 700 1947 est
737 1910 933 1945 humanae
968 1915 1126 1944 naturae
1163 1907 1304 1944 unitus.
1348 1908 1479 1971 Ergo5

386 1965 539 2002 videtur
566 1963 672 2013 quod
700 1961 793 1999 unio
822 1973 902 1997 non
931 1960 976 1997 sit
1003 1960 1147 2021 aliquid
1176 1968 1358 1998 creatum.

149 2079 203 2100 ‘et
211 2078 258 2099 Ari.
255 2081 309 2099 ς.101
314 2078 361 2098 'l'o-

145 2111 198 2157 prii,
204 2105 244 2152 nub.
251 2104 292 2152 ‘XI
308 2110 358 2131 cap

386 2083 507 2121 que.
476 2070 496 2092 ’⁵‘
537 2070 613 2107 Sed
631 2067 718 2105 finis
739 2066 892 2104 unionis
911 2074 965 2103 est
988 2066 1118 2103 divina
1137 2066 1351 2116 hypostasis
1371 2066 1451 2103 sive

386 2135 570 2174 persona,
607 2122 656 2158 ad
697 2133 818 2170 quam
857 2119 1057 2157 terminata
1098 2127 1153 2157 est
1194 2119 1301 2157 unio.
1348 2120 1451 2167 Ergo

386 2229 545 2267 iudicari
584 2227 799 2264 secundum
841 2225 1102 2263 conditionem
1139 2225 1291 2263 divinae
1328 2226 1452 2276 hypo-

387 2282 504 2320 stasis.
535 2282 646 2328 Quae
675 2292 755 2317 non
785 2287 839 2316 est
867 2278 1010 2328 aliquid
1038 2286 1221 2316 creatum.
1252 2279 1354 2327 Ergo
1381 2290 1453 2315 nec

387 2336 469 2385 ipsa
496 2334 590 2372 unio
620 2341 676 2371 est
703 2332 847 2382 aliquid
875 2340 1057 2370 creatum.

150 2474 215 2495 mx.
219 2449 272 2495 ιζ
291 2474 325 2495 Α
328 2475 359 2495 l
387 2442 477 2479 illud
503 2442 626 2490 magis
650 2445 667 2461 ‘²
686 2439 716 2476 ²³⁶.
757 2440 833 2477 Sed
862 2439 983 2476 homo
1012 2437 1150 2475 dicitur
1182 2450 1265 2475 esse
1295 2438 1454 2475 Creator

150 2501 240 2549 5831111
269 2500 308 2522 111)
337 2501 359 2526 1
386 2501 543 2545 propter
576 2493 775 2530 unionem.
812 2493 914 2539 Ergo
942 2493 1065 2528 multo
1100 2490 1221 2539 magis
1248 2490 1331 2540 ipsa
1358 2490 1452 2528 unio

150 2533 359 2576 59Τ11Η1ἆ151-
387 2560 467 2585 non
496 2554 550 2584 est
577 2546 720 2595 aliquid
749 2552 931 2591 creatum,
962 2545 1028 2581 sed
1059 2543 1227 2581 Creator.

441 2601 514 2638 SED
535 2611 678 2637 CONTRA
698 2611 779 2636 EST:
808 2598 927 2657 Quod
946 2597 1077 2647 incipit
1100 2609 1182 2635 esse
1201 2609 1247 2634 ex
1266 2604 1452 2647 tempore,

388 2662 444 2691 est
470 2660 652 2691 creatum.
688 2652 764 2689 Sed
792 2651 886 2688 unio
914 2650 976 2687 illa
1003 2663 1083 2687 non
1110 2650 1180 2687 fuit
1207 2650 1255 2687 ab
1284 2658 1451 2697 aeterno,

388 2707 454 2744 sed
491 2705 658 2754 incoepit
694 2717 776 2742 0550
814 2717 860 2742 ex
896 2712 1082 2753 ternpore.
1126 2705 1233 2751 Ergo
1268 2703 1362 2740 unio
1399 2711 1454 2741 est

388 2759 531 2808 aliquid
560 2766 743 2795 creatum.

441 2813 665 2849 RESPONDEO
694 2823 875 2848 mOENDUM
905 2810 1011 2859 quod
1040 2809 1134 2847 01110
1157 2810 1206 2847 de
1224 2822 1303 2859 qua
1330 2809 1453 2859 loqui-

389 2877 478 2902 mur
503 2873 558 2902 est
583 2864 712 2901 relatio
738 2863 929 2913 quaedam
958 2875 1058 2912 quae
1077 2862 1340 2900 consideratur
1357 2862 1455 2900 inter

390 2917 560 2954 divinam
588 2925 762 2954 naturam
793 2924 829 2953 et
854 2917 1080 2963 humanam,
1101 2916 1317 2953 secundum
1346 2916 1453 2965 quod

389 2970 624 3007 conveniunt
643 2970 681 3007 in
700 2982 779 3007 una
799 2981 964 3018 persona
983 2969 1066 3006 Filii
1085 2968 1168 3006 Dei.
1199 2969 1305 3006 Sicut
1323 2977 1453 3006 autem

151 3026 361 3052 ’ῥυ-’11111111
389 3023 429 3060 in·
448 3023 575 3060 Prima
603 3024 713 3060 Parte
731 3023 752 3044 ³¹⁸
779 3023 927 3059 dictum·
953 3030 1018 3070 est,
1039 3022 1166 3059 omnis
1194 3021 1326 3059 relatio
1353 3034 1453 3071 quae

444 3180 458 3214 β
490 3181 617 3206 nascitur.
629 3194 649 3199 -·
666 3181 815 3205 innascitur
834 3181 907 3205 tertia
925 3186 1026 3213 praeter
1044 3182 1094 3215 pG.

443 3224 459 3249 γ
490 3216 615 3241 solum.—
634 3215 694 3241 Om.
715 3215 749 3245 Ρ;
770 3218 874 3240 tantum
893 3223 945 3241 om.
966 3216 1008 3241 Gl.

443 3146 471 3250 αξ
490 3145 584 3178 magis.
596 3159 615 3163 —
634 3149 663 3170 ut
681 3145 747 3170 dicit
765 3145 938 3177 Philosophus
957 3147 1026 3171 addit
1044 3148 1073 3172 P.

444 3250 469 3286 ὂ)
489 3251 565 3276 unita
583 3254 648 3276 est...
664 3250 819 3276 mutatione.
831 3265 851 3269 —
868 3254 907 3275 est
920 3251 996 3276 unita
1010 3251 1067 3276 Deo
1085 3253 1185 3284 absque
1195 3253 1252 3278 eius
1265 3253 1412 3278 mutatione
1425 3252 1453 3278 P.

1477 1802 1601 1852 Deo,
1630 1802 1698 1839 sed
1726 1803 1943 1840 secundum
1971 1802 2160 1842 rationem
2186 1811 2347 1852 tantum,
2377 1805 2467 1855 quia
2489 1818 2571 1845 non

1504 1854 1704 1892 nascitur!³
1732 1856 1948 1893 secundum
1976 1856 2231 1894 mutationem
2258 1857 2343 1896 Dei.
2373 1858 2436 1896 Sic
2462 1858 2574 1907 igitur

1505 1907 1715 1945 dicendum
1743 1917 1799 1946 est
1826 1909 1933 1958 quod
1962 1910 2058 1947 haec
2084 1909 2178 1947 unio
2197 1910 2248 1947 de
2266 1922 2343 1960 qua
2362 1911 2570 1971 loquimur,

1478 1942 1479 1998 i
1506 1972 1588 1998 norr
1610 1969 1666 1998 est
1684 1961 1724 1998 in
1743 1962 1828 1999 Deo
1857 1961 2014 2009 realiter,
2043 1963 2110 2000 sed
2139 1964 2355 2001 secundum
2383 1963 2571 2003 rationem

442 2029 475 2054 2.
506 2018 736 2061 PRAETEREA,
757 2014 844 2051 finis
874 2021 928 2051 est
948 2013 1193 2063 potissimum
1213 2013 1252 2050 in
1271 2025 1451 2072 unoquo·
1478 2010 1479 2031 1

1505 2021 1672 2051 tantum:
1703 2014 1742 2051 in
1762 2015 1935 2052 humana
1962 2023 2092 2053 autem
2113 2023 2260 2064 natura,
2281 2029 2380 2066 quae
2400 2025 2572 2059 creatura

1478 2093 1480 2120 5
1506 2067 1700 2116 quaedam
1729 2075 1794 2114 est,
1815 2075 1870 2105 est
1897 2068 2054 2106 realiter.
2084 2069 2132 2106 Et
2152 2068 2240 2106 ideo
2268 2077 2419 2119 oportet
2445 2070 2571 2110 dicere

1479 2144 1480 2155 t
1506 2120 1613 2169 quod
1642 2120 1688 2157 sit
1715 2121 1916 2170 quoddam
1944 2129 2116 2158 creatum
2135 2121 2165 2158 *.

386 2176 538 2214 videtur
574 2174 680 2224 quod
718 2173 943 2210 huiusmodi
978 2172 1073 2209 unio
1110 2172 1279 2210 maxime
1316 2172 1453 2210 debeat
1559 2175 1616 2210 AD
1646 2186 1781 2211 ramum
1809 2186 1908 2211 ERGO
1935 2186 2117 2212 meENDUM
2137 2175 2244 2224 quod
2263 2176 2360 2213 haee
2377 2176 2477 2214 unio
2491 2187 2579 2215 11011·

1478 2227 1480 2276 5
1507 2233 1562 2263 051
1589 2226 1628 2264 111
1661 2227 1746 2264 Deo
1782 2227 1946 2272 realiter,
1976 2227 2044 2265 sed
2079 2229 2207 2265 solum
2226 2233 2241 2256 'f
2269 2229 2487 2267 secundum
2514 2241 2572 2274 ra-

1479 2277 1481 2330 }
1506 2279 1653 2317 tionem
1681 2287 1851 2317 tantum:
1880 2279 2018 2318 dicitur
2045 2280 2150 2318 enim
2176 2281 2283 2318 Deus
2315 2281 2445 2320 unitus
2472 2283 2572 2322 0103-

1506 2340 1615 2370 turae
1641 2345 1687 2370 ex
1714 2333 1791 2370 hoc
1809 2333 1918 2382 quod
1945 2341 2117 2371 creatura
2144 2333 2251 2371 unita
2277 2342 2334 2372 est
2359 2334 2411 2383 01,
2425 2334 2574 2386 absque

442 2389 743 2434 3131051550,
768 2391 923 2436 propter
957 2385 1056 2435 quod
1088 2384 1390 2434 unumquodque,
1420 2390 1453 2422 et
1479 2387 1481 2394 ²

1508 2385 1581 2423 Dei
1608 2385 1821 2423 mutatione
1840 2385 1864 2423 δ.

1560 2440 1618 2475 Ao
1646 2451 1837 2477 SECUNDUM
1872 2450 2054 2477 0103011011
2091 2440 2202 2489 quod
2226 2439 2326 2477 ratio·
2358 2441 2570 2490 relationis,

1507 2491 1604 2528 sicut
1632 2499 1667 2529 et
1694 2500 1844 2539 motus,
1874 2492 2066 2542 dependet
2102 2505 2148 2530 ex
2175 2490 2254 2530 fine
2286 2495 2349 2531 vel
2384 2494 2570 2533 termino:

1507 2545 1575 2581 sed
1594 2557 1676 2582 esse
1696 2545 1778 2582 eius
1805 2545 1996 2594 dependet
2014 2557 2062 2582 ex
2089 2545 2271 2583 subiecto.
2302 2547 2350 2584 Et
2368 2547 2461 2597 quia
2478 2547 2573 2587 unio

1507 2597 1590 2634 talis
1618 2610 1699 2635 non
1726 2598 1842 2635 habet
1869 2610 1951 2636 esse
1979 2599 2080 2635 reale
2104 2598 2178 2636 nisi
2204 2598 2244 2636 111
2272 2607 2409 2638 natura
2435 2608 2585 2649 0110311,-

1508 2658 1551 2687 ut
1577 2650 1725 2688 dictum
1743 2658 1800 2688 est
1816 2650 1847 2698 ³⁸²,
1867 2663 2113 2701 consequens
2129 2659 2185 2688 est
2206 2652 2314 2701 quod
2332 2653 2471 2691 habeat
2490 2666 2573 2692 esse

1508 2711 1691 2741 creatum.

1561 2758 1618 2794 An
1646 2768 1805 2794 ’rr-:mmm
1840 2769 2021 2794 memnon
2056 2756 2164 2807 quod
2192 2759 2316 2796 1101110,
2342 2759 2479 2798 dicitur
2495 2765 2509 2783 ⁸
2536 2767 2573 2799 et

1480 2851 1482 2856 ,
1509 2817 1563 2847 051
1590 2810 1696 2846 Deus
1732 2817 1890 2859 propter
1917 2810 2104 2848 unionem
2132 2811 2363 2861 inquantum
2396 2811 2572 2852 termina-

1507 2870 1569 2900 tur
1595 2863 1645 2899 ad
1673 2862 1916 2922 hypostasim
1949 2862 2134 2901 divinam.
2171 2864 2266 2902 Non
2292 2872 2426 2903 tamen
2449 2865 2572 2915 sequi-

1507 2924 1569 2953 tur
1596 2916 1704 2964 quod
1731 2915 1814 2964 ipsa
1841 2915 1941 2953 unio
1964 2916 2010 2953 sit
2043 2917 2202 2955 Creator
2228 2918 2293 2955 vel·
2317 2918 2571 2968 Βο115.01313

1508 2969 1616 3018 quod
1635 2968 1779 3018 aliquid
1798 2968 1947 3006 dicatur
1971 2978 2153 3018 creatum,
2174 2971 2256 3008 hoc
2274 2970 2396 3019 magis
2421 2970 2572 3022 respicit

1508 3034 1590 3059 esse
1618 3021 1737 3071 ipsius
1765 3033 1885 3071 quarn
1913 3022 2137 3060 relationem
2156 3022 2180 3060 ἶ.

1561 3143 1585 3178 ε)
1603 3145 1711 3171 dicitur.
1722 3159 1743 3165 -
1763 3147 1877 3171 Creator
1894 3146 1969 3172 addit·
1982 3146 2018 3172 P..

1508 3222 1546 3241 art
1559 3179 1586 3241 ζζ
1604 3181 1772 3248 νέἑαὲοηεηι.
1782 3195 1803 3200 -
1821 3182 1952 3207 rationem
1966 3189 2068 3207 omnes.
2087 3181 2126 3207 Cf.
2139 3187 2273 3215 01103391)-
2280 3185 2334 3206 nrt..
2343 3179 2367 3211 5,
2380 3188 2406 3212 α,
2418 3186 2450 3206 etv
2463 3188 2509 3214 qu.
2520 3189 2572 3212 ενι,

1067 3322 1402 3356 commentam-ia
1421 3323 1674 3356 Cardine-lis
1696 3323 1898 3356 Caieta&

397 3411 560 3473 ν-Γπυιυς
594 3402 715 3432 articuli
748 3401 876 3441 septimi
906 3400 1048 3431 eiusdem
1076 3401 1235 3432 secundae
1259 3404 1462 3443 quaestionis>

454 3446 487 3475 in
512 3455 646 3485 corpore
670 3445 792 3476 articuli
815 3445 920 3475 statim
943 3444 1127 3475 declaratur.

451 3488 485 3518 ln
509 3499 644 3529 corpore
667 3489 790 3519 articuli
813 3488 878 3519 duo
902 3488 992 3519 facit:
1016 3489 1132 3528 primo,
1157 3488 1292 3520 declarat
1316 3490 1394 3530 quid
1416 3491 1456 3520 sit

395 3532 474 3562 unio
506 3532 545 3562 de
569 3542 631 3572 qua
655 3539 701 3563 est
724 3533 886 3572 quaestio3
918 3531 1078 3567 secunde,
1108 3532 1281 3571 respondet
1310 3534 1461 3573 quaesitov

1508 3403 1718 3434 conclusione
1733 3402 1917 3434 affirmativa
1932 3403 1958 3432 “.
1982 3400 2100 3440 Quoad
2122 3401 2274 3442 primum,
2290 3400 2366 3432 dicit
2386 3400 2475 3441 quod
2490 3402 2570 3432 unio

1509 3446 1550 3477 de
1565 3456 1628 3486 qua
1651 3453 1698 3477 est
1714 3447 1858 3487 quaestio
1883 3451 1936 3478 est.
1951 3445 2062 3476 relatio
2078 3444 2242 3485 quaedam:
2252 3445 2335 3476 inter
2349 3444 2429 3476 duas
2443 3450 2576 3476 naturas

1509 3491 1696 3527 coniunctas
1711 3492 1746 3522 in
1757 3501 1821 3522 una
1833 3499 1969 3531 peaeona
1983 3488 2058 3520 Filii
2071 3489 2142 3519 Dei.
2158 3489 2205 3520 Ita
2219 3488 2309 3529 quod
2323 3489 2381 3520 tria
2397 3489 2436 3520 de
2448 3490 2570 3521 unione

1509 3533 1600 3564 dicit:
1622 3535 1739 3574 primo,
1755 3534 1842 3576 quod
1856 3533 1934 3575 quid
1947 3537 2004 3568 est,
2020 3532 2157 3564 dicendo
2174 3532 2263 3573 quod
2279 3538 2331 3564 est.
2341 3533 2457 3565 relatio
2473 3544 2570 3575 quae·

2599 1703 2651 1726 ⁸1).
2669 1705 2741 1733 ¹⁰⁸9·-

2599 2122 2611 2134 ⁸
2623 2122 2652 2145 D.
2670 2128 2739 2152 ¹²9⁰-

2601 2659 2612 2670 ·
2622 2658 2650 2681 Iu
2663 2663 2773 2687 corpore.

2599 3402 2608 3412 ⁸
2622 3401 2659 3424 Cf.
2678 3407 2743 3424 num.
2759 3406 2812 3430 uq-
