2872 3970
157 1421 166 1430 ⁸
182 1420 232 1441 Art.
248 1426 270 1446 4.

163 1629 370 1651 ·Cf.deFid.0rth.

161 1656 201 1703 :in
218 1656 257 1682 ΙΙΙ,
273 1662 322 1684 cap.
338 1663 371 1683 ιιι,

161 1689 220 1730 ‘vCfl
237 1714 286 1736 cap.
302 1715 350 1730 ιιιιι.

167 2738 176 2746 ’
192 2736 238 2763 Qu.
255 2742 280 2762 ιι,
298 2741 338 2758 art.
354 2743 374 2764 5,

166 2763 194 2783 ad
212 2770 229 2784 ι,

1107 233 1370 279 QUAESTIO
1399 233 1462 280 ΙΙΙ,
1492 232 1783 270 ARTICULUS
1811 233 1861 269 VI

1202 375 1520 418 ARTICULUS
1551 374 1759 417 SEXTUS

438 467 597 499 UTRUM
620 468 740 499 DUAE
762 468 989 499 PERSONAE
1012 468 1190 499 DIVINAE
1212 467 1390 499 possmr
1413 467 1642 498 ASSUMERE
1665 468 1792 499 UNAM
1814 469 1873 499 ET
1896 469 2080 500 EANDEM
2103 467 2288 499 NUMERO
2311 468 2528 501 NATURAM

1250 544 1283 569 111
1303 544 1386 574 Sent„
1405 544 1464 569 dist.
1484 551 1502 575 ι,
1521 552 1565 577 qu.
1584 552 1612 574 ιι,
1631 549 1678 570 art.
1696 552 1724 576 4.

436 658 460 670 ν
519 667 521 673 ,

426 662 590 739 ᾈέὲῇρῑ·
611 678 710 715 duae
729 689 917 726 personae
945 677 1097 715 divinae
1117 690 1197 714 non
1224 686 1387 727 possunt
1405 689 1460 714 as-

417 730 454 778 'y'
476 722 763 767 νβευῐῃεῑθ
791 742 909 767 unam
940 738 976 766 et
1004 730 1168 768 eandem
1203 742 1368 767 numero
1397 742 1460 767 na-

456 759 553 818 §⁴453
567 775 599 819 K
610 791 748 820 turam.
765 783 852 819 Hoc
871 781 975 819 enim
995 783 1207 832 supposito,
1224 790 1289 819 aut
1304 791 1429 819 essent
1444 787 1461 804 α

396 847 499 872 unus
527 836 669 881 homo,
698 836 760 871 vel
787 836 927 883 plures.
959 835 1035 872 Sed
1072 847 1152 872 non
1187 837 1335 884 plures:
1366 835 1462 872 sicut

397 887 501 924 enim
520 899 598 924 una
616 895 752 924 natura
779 887 910 924 divina
928 887 968 924 in
995 887 1170 936 pluribus
1189 887 1362 937 personis
1381 900 1460 925 non

395 939 537 989 patitur
555 951 637 976 esse
655 941 784 989 plures
807 940 913 983 deos,
934 940 984 977 ita
1002 951 1082 977 una
1101 939 1115 969 β
1135 941 1309 978 humana
1327 948 1462 978 natura

395 992 436 1030 in
463 993 638 1041 pluribus
665 992 839 1041 personis
859 1004 939 1029 non
966 993 1108 1042 patitur
1127 1005 1210 1031 esse
1238 994 1368 1042 plures
1395 995 1462 1030 ho-

396 1043 532 1082 mines.
570 1044 749 1082 Similiter
781 1045 896 1082 etiam
924 1057 1004 1082 non
1032 1054 1188 1094 possent
1206 1051 1221 1074 Υ
1250 1058 1332 1083 esse
1360 1059 1463 1084 unus

397 1098 536 1134 homo:
567 1097 657 1147 quia
685 1108 788 1134 unus
822 1098 943 1135 homo
973 1106 1028 1135 est
1056 1101 1120 1136 iste
1146 1100 1276 1146 homo,
1305 1099 1373 1148 qui
1401 1100 1463 1136 de-

397 1157 583 1187 monstrat
601 1162 721 1187 unam
740 1162 967 1199 personam;
997 1159 1033 1188 et
1052 1151 1105 1188 sic
1123 1152 1318 1189 tolleretur
1336 1151 1463 1189 distin-

398 1202 472 1240 ctio
499 1202 616 1240 trium
644 1215 900 1252 personarum
928 1203 1160 1251 divinarum,
1191 1205 1299 1253 quod
1327 1212 1383 1242 est
1410 1204 1463 1242 in-

397 1255 644 1293 conveniens.
682 1257 775 1293 Non
804 1268 893 1304 ergo
929 1257 1028 1294 duae
1066 1264 1132 1294 aut
1165 1265 1240 1294 tres
1275 1269 1463 1306 personae

397 1316 560 1357 possunt
587 1308 758 1357 accipere
787 1320 907 1345 unam
935 1317 1113 1346 naturam
1141 1310 1369 1347 humanam.

453 1372 487 1398 2.
518 1362 750 1407 Pmnrsam,
776 1361 988 1410 assumptio
1016 1362 1241 1400 terminatur
1267 1363 1316 1400 ad
1344 1363 1464 1400 unita-

397 1421 476 1450 tem
504 1426 704 1462 personae,
725 1421 767 1450 ut
785 1413 931 1450 dictum
960 1422 1015 1450 est
1034 1414 1064 1451 *.
1095 1415 1171 1452 Sed
1193 1427 1274 1452 non
1303 1423 1359 1453 est
1386 1428 1465 1452 una

397 1478 564 1515 persona
600 1466 719 1503 Patris
748 1474 784 1502 et
811 1465 895 1503 Filii
924 1474 959 1503 et
995 1467 1157 1515 Spiritus
1186 1467 1326 1505 Sancti.
1362 1468 1464 1516 Ergo

398 1530 478 1555 non
506 1527 668 1568 possunt
702 1526 777 1555 tres
805 1531 994 1568 personae
1028 1531 1224 1557 assumere
1252 1532 1374 1557 unam
1402 1533 1466 1557 na-

398 1580 523 1609 turam
554 1572 781 1608 humanam.

455 1625 488 1661 3.
520 1625 752 1670 PRAETEREA‚
773 1625 1038 1662 Damascenus
1066 1624 1166 1671 dicit,
1188 1625 1227 1662 in
1252 1626 1297 1662 111
1317 1625 1414 1662 libro
1433 1625 1464 1671 ²¹²,

399 1686 435 1715 et
463 1677 712 1724 Augustinus,
733 1677 772 1714 in
800 1678 814 1713 I
842 1678 887 1714 de
910 1679 945 1714 T
943 1679 1014 1714 rin.
1034 1677 1065 1724 ἧς,
1086 1678 1193 1726 quod
1223 1690 1267 1714 ex
1296 1678 1465 1716 incarna-

398 1730 502 1767 tione
531 1729 615 1766 Filii
643 1729 715 1767 Dei
743 1730 991 1778 consequitur
1025 1727 1132 1779 quod
1161 1730 1350 1779 quidquid
1378 1731 1466 1768 dici-

399 1791 461 1820 tur
489 1783 537 1819 de
566 1782 662 1819 Filio
691 1782 774 1829 Dei,
803 1782 940 1819 dicitur
967 1783 1014 1819 de
1045 1783 1140 1820 Filio
1169 1783 1360 1829 Hominis,
1381 1792 1418 1821 et
1445 1797 1466 1820 e

400 1847 601 1872 converso.
624 1834 664 1872 Si
683 1846 773 1882 ergo
793 1843 867 1871 tres
882 1847 1068 1884 personae
1088 1844 1327 1873 assumerent
1345 1849 1465 1873 unam

401 1896 577 1925 naturam
607 1888 834 1932 humanam,
862 1888 1034 1937 sequitur
1061 1889 1167 1937 quod
1196 1888 1385 1938 quidquid
1414 1889 1465 1926 di-

401 1941 498 1978 citur
526 1941 573 1976 de
594 1940 761 1989 qualibet
788 1940 905 1977 trium
924 1953 1191 1990 personarum,
1211 1941 1400 1979 diceretur
1418 1943 1466 1979 de

400 1993 464 2030 illo
493 1992 672 2030 homine:
704 2001 739 2029 et
768 2005 787 2029 e
817 2005 1005 2030 converso
1041 2006 1086 2031 ea
1114 2006 1213 2043 quae
1251 1994 1468 2032 dicerentur

401 2047 448 2083 de
477 2046 540 2082 illo
570 2046 749 2091 homine,
779 2054 936 2094 possent
963 2046 1037 2083 dici
1065 2047 1113 2083 de
1151 2046 1319 2095 qualibet
1351 2047 1467 2084 trium

399 2111 666 2148 personarum.
698 2098 760 2135 Sic
788 2111 877 2146 ergo
899 2099 937 2135 id
966 2099 1072 2148 quod
1097 2106 1151 2135 est
1168 2099 1371 2148 proprium
1399 2100 1467 2136 Pa-

400 2151 476 2195 tris,
498 2151 636 2188 scilicet
654 2163 834 2199 generare
863 2151 1004 2188 Filium
1023 2151 1071 2188 ab
1091 2159 1259 2198 aeterno,
1279 2152 1468 2190 diceretur

401 2205 449 2242 de
478 2204 541 2241 illo
570 2204 749 2244 homine.
779 2212 815 2241 et
842 2216 911 2253 per
939 2217 1181 2253 consequens
1201 2204 1391 2242 diceretur
1418 2206 1467 2242 de

401 2257 498 2294 Filio
526 2257 615 2293 Dei:
646 2258 752 2306 quod
775 2265 830 2293 est
849 2257 1136 2294 inconveniens.
1174 2258 1267 2294 Non
1296 2269 1386 2306 ergo
1414 2266 1470 2295 est

400 2310 580 2360 possibile
610 2310 717 2359 quod
753 2317 827 2346 tres
854 2322 1043 2359 personae
1080 2310 1233 2348 divinae
1270 2319 1468 2348 assumant

400 2375 522 2400 unam
550 2370 728 2400 naturam
758 2364 984 2400 humanam.

455 2417 528 2453 SED
549 2428 705 2462 CONTRA,
726 2428 891 2464 persona
910 2415 1104 2453 incarnata
1128 2415 1294 2453 subsistit
1317 2416 1357 2454 in
1377 2417 1467 2454 dua-

400 2469 473 2506 bus
501 2469 657 2515 naturis,
677 2468 809 2506 divina
836 2469 974 2506 scilicet
1002 2477 1037 2506 et
1065 2470 1248 2507 humana.
1289 2469 1366 2507 Sed
1394 2477 1468 2506 tres

400 2533 588 2571 personae
617 2529 779 2570 possunt
815 2521 1018 2559 subsistere
1055 2522 1094 2558 in
1127 2535 1206 2559 una
1242 2530 1379 2559 natura
1415 2522 1468 2559 di-

400 2574 501 2611 vina.
532 2575 634 2622 Ergo
663 2574 778 2611 etiarn
805 2582 967 2623 possunt
999 2574 1201 2612 subsistere
1230 2575 1270 2612 in
1298 2588 1376 2612 una
1403 2587 1467 2612 na-

401 2635 486 2664 tura
514 2627 706 2664 humana:
746 2627 796 2663 ita
829 2627 966 2664 scilicet
1002 2628 1109 2676 quod
1144 2627 1190 2664 sit
1217 2641 1296 2665 una
1333 2636 1468 2665 natura

402 2681 575 2717 humana
603 2692 624 2716 a
651 2679 773 2716 tribus
800 2680 975 2728 personis
1003 2689 1210 2730 assumpta.

454 2735 679 2770 RESPONDEO
698 2744 879 2770 DICENDUM
899 2733 1018 2782 quod,
1039 2733 1135 2770 sicut
1154 2746 1270 2782 supra
1283 2734 1303 2756 ‘¹‘
1322 2734 1468 2771 dictum

403 2793 469 2832 est,
491 2798 536 2822 ex
556 2785 700 2822 unione
721 2785 872 2822 animae
900 2793 936 2822 et
955 2786 1127 2835 corporis
1155 2786 1194 2823 in
1216 2786 1367 2824 Christo
1387 2799 1468 2823 non

403 2838 445 2875 fit
473 2850 599 2886 neque
628 2850 732 2875 nova
759 2851 925 2887 persona
953 2851 1079 2888 neque
1108 2839 1323 2888 hypostasis
1346 2838 1371 2886 ὃ,
1402 2840 1467 2876 sed

404 2891 446 2927 fit
466 2903 544 2927 una
572 2899 708 2928 natura
731 2899 928 2940 assumpta
955 2891 995 2928 in
1023 2903 1230 2940 personam
1258 2893 1320 2928 vel
1347 2893 1468 2941 hypo-

405 2943 534 2980 stasim
562 2943 745 2980 divinam.
784 2945 902 2990 Quod
931 2944 1088 2993 quidem
1119 2957 1199 2982 non
1232 2944 1275 2981 fit
1303 2957 1372 2993 per
1399 2957 1468 2994 po-

405 2996 561 3033 tentiam
581 3004 738 3033 naturae
758 2998 965 3043 humanae,
981 2998 1048 3034 sed
1067 3009 1136 3046 per
1154 2997 1365 3046 potentiam
1385 3010 1468 3046 per-

406 3062 523 3085 sonae
552 3048 715 3086 divinae.
746 3051 812 3086 Est
831 3057 958 3086 autem
989 3050 1070 3086 talis
1095 3050 1314 3087 divinarum
1342 3062 1469 3099 perso-

461 3170 488 3204 α)
507 3174 600 3196 essent.
613 3185 632 3190 »-
650 3171 683 3200 Ρ;
702 3175 778 3197 esset.

461 3206 486 3239 β)
507 3214 567 3231 una.
580 3221 598 3225 —
617 3207 722 3230 PEsDG
742 3212 766 3230 et
785 3214 813 3235 c;
832 3215 885 3232 om.

460 3242 487 3275 γ)
504 3245 621 3273 possent.
634 3256 652 3260 —-
671 3242 705 3271 P;
722 3245 820 3272 posset.

462 3276 487 3309 ὃ)
506 3277 666 3310 hypostasis.
678 3290 698 3294 -
716 3284 785 3300 nova
804 3277 957 3309 hypostasis
976 3278 1057 3303 tertia.

462 3313 484 3345 ε)
506 3313 546 3336 De
569 3313 699 3343 Conceptu
724 3311 863 3344 virginali.
876 3326 895 3330 -
916 3312 970 3336 Cur
990 3313 1062 3337 Deus
1082 3314 1169 3338 Homo
1189 3315 1216 3339 Ρ.

461 3347 487 3380 ζ)
506 3347 645 3371 hominem.
658 3361 677 3365 —
695 3347 794 3372 scilicet
814 3347 839 3371 in
860 3347 988 3371 unitatem
1004 3355 1137 3378 personae
1156 3350 1224 3373 addit
1245 3350 1271 3374 P.

462 3389 488 3413 η)
513 3383 583 3414 quod
595 3383 720 3407 scilicet...
732 3385 866 3407 naturam.
875 3396 894 3400 -
908 3382 970 3411 1sH3
984 3383 1054 3414 quod
1066 3383 1165 3407 scilicet
1178 3387 1232 3408 tres
1240 3392 1374 3415 personae
1386 3389 1472 3410 essent

412 3425 478 3442 unus
497 3418 574 3442 homo
597 3421 709 3449 propter
728 3425 807 3441 unam
831 3417 974 3442 humanam
994 3421 1128 3445 naturam,
1148 3419 1216 3443 sicut
1235 3427 1304 3444 nunc
1323 3428 1413 3445 verum
1433 3424 1473 3444 est

411 3452 498 3476 dicere
518 3453 587 3483 quod
609 3457 671 3477 sunt
691 3460 758 3477 unus
780 3453 851 3476 Deus
872 3455 985 3484 propter
1010 3459 1089 3477 unam
1110 3453 1227 3477 divinam
1249 3458 1382 3484 naturam,
1403 3455 1471 3479 sicut

411 3486 459 3519 (sic
473 3488 503 3519 F)
517 3495 606 3511 verum
621 3491 687 3512 esset
701 3487 788 3512 dicere
801 3488 871 3519 quod
884 3491 938 3512 tres
948 3495 1079 3518 personae
1091 3491 1177 3512 essent
1191 3496 1258 3512 unus
1270 3489 1346 3513 homo
1358 3492 1471 3521 propter

412 3530 490 3547 unam
515 3523 657 3547 humanam
684 3526 808 3547 naturam
833 3523 914 3555 prima
933 3528 958 3547 et
977 3523 1004 3551 F.
1023 3523 1166 3547 omittendo
1186 3528 1210 3547 et
1230 3525 1377 3555 repetendo.
1397 3525 1470 3548 Hanc

548 648 585 689 5<
610 637 632 662 n
658 637 798 663 suxroM
825 637 878 662 Slc
906 637 1139 663 enocemrua.
1167 625 1328 662 Videtur
1352 625 1459 674 quod
1514 637 1654 663 narum
1689 625 1857 664 conditio
1891 626 2000 676 quod
2027 638 2106 664 una
2133 637 2268 663 earum
2295 638 2376 663 non
2413 625 2577 666 excludit

434 642 440 653 ¹
469 645 497 668 a(
514 644 557 666 a„

538 678 555 698 ³.-

1514 677 1628 716 aliam
1656 690 1679 715 a
1705 678 1984 716 communione
2012 679 2186 716 eiusdem
2213 686 2392 726 naturae,
2421 678 2494 716 sed*
2516 690 2576 717 so-

1515 732 1597 768 lum
1616 743 1638 767 a
1657 730 1935 769 communione
1954 731 2128 768 eiusdem
2155 743 2354 780 personae.
2385 730 2488 778 Quia
2514 730 2578 780 igi-

1514 791 1577 820 tur
1604 782 1643 820 in
1671 783 1853 833 mysterio
1881 783 2151 821 incarnationis
2186 789 2261 822 tota
2289 786 2384 822 ratio
2401 785 2503 832 facti
2528 789 2579 822 est

1509 837 1675 886 potentia
1692 837 1881 884 jacientis,
1902 844 1944 873 ut
1962 836 2197 885 Augustinus
2224 836 2325 883 dicit,
2345 836 2386 874 in
2409 836 2580 886 Epistola

1516 889 1566 926 ad
1598 890 1838 926 Volusianum
1862 888 1898 935 *ς
1933 889 2054 938 magis
2089 897 2144 926 est
2177 888 2276 926 circa
2302 890 2379 926 hoc
2411 889 2579 927 iudican-

1516 941 1613 978 dum
1641 941 1858 978 secundum
1884 941 2147 979 conditionem
2169 953 2357 990 personae
2385 952 2579 981 assumen-

1516 994 1562 1031 tis
1590 1005 1709 1043 quam
1729 994 1946 1031 secundum
1973 993 2236 1031 conditionem
2259 1001 2418 1031 naturae
2445 995 2580 1032 huma-

1517 1059 1589 1084 nae
1609 1054 1839 1095 assumptae.
1871 1046 1934 1083 Sic
1960 1046 2072 1095 igitur
2090 1058 2171 1083 non
2199 1053 2255 1083 est
2272 1045 2507 1095 impossibile
2525 1046 2580 1085 di-

1516 1099 1616 1136 vinis
1643 1099 1818 1148 personis
1846 1107 1888 1136 ut
1915 1099 2015 1136 duae
2043 1100 2106 1136 vel
2133 1106 2207 1137 tres
2237 1106 2434 1136 assumant
2460 1109 2581 1136 unam

1518 1160 1696 1189 naturam
1723 1153 1950 1190 humanam.

1570 1206 1681 1242 Esset
1707 1213 1836 1242 tamen
1863 1203 2103 1254 impossibile
2126 1212 2170 1243 ut
2196 1210 2435 1243 assumerent
2461 1215 2582 1244 unam

1518 1257 1754 1308 hypostasim
1776 1258 1838 1294 vel
1855 1269 1977 1294 unam
1995 1267 2202 1306 personam
2230 1258 2465 1298 humanam:
2486 1256 2584 1295 sicut

1518 1312 1725 1348 Anselmus
1743 1310 1844 1357 dicit,
1865 1309 1904 1347 in
1922 1309 2020 1347 libro
2038 1311 2098 1348 De
2116 1311 2303 1360 Conceptu
2325 1310 2511 1360 Virginali
2523 1314 2537 1331 ⁸
2549 1309 2581 1356 *,

1518 1363 1625 1412 quod
1648 1364 1777 1413 plures
1789 1375 1977 1412 personae
1995 1375 2070 1400 non
2084 1369 2240 1413 possunt
2259 1374 2448 1400 assumere
2462 1372 2582 1401 unum

1520 1418 1750 1465 eundemque
1775 1417 1966 1453 hominem
1985 1415 2008 1452 ζ.
2397 1433 2400 1435 ·

1571 1470 1629 1506 An
1658 1480 1794 1506 ramum
1821 1480 1920 1506 ERGO
1947 1479 2130 1506 ῡιεΕΝῡυΜ
2152 1468 2271 1517 quod,
2292 1468 2365 1504 hac
2392 1466 2583 1516 positione

1518 1522 1626 1567 facta,
1642 1521 1748 1570 quod
1768 1520 1907 1558 scilicet
1919 1528 1994 1558 tres
2008 1532 2196 1569 personae
2210 1527 2449 1557 assumerent
2461 1531 2583 1558 unam

1520 1574 1733 1610 humanam
1755 1581 1944 1619 naturam,
1964 1585 2101 1610 verum
2123 1580 2220 1610 esset
2237 1573 2364 1610 dicere
2380 1572 2490 1621 quod
2509 1579 2584 1611 tres

1519 1638 1707 1675 personae
1736 1634 1861 1662 essent
1888 1637 1991 1663 unus
2019 1626 2154 1671 homo,
2182 1633 2339 1674 propter
2365 1637 2486 1662 unam
2513 1625 2584 1665 hu.—

1520 1691 1678 1716 manam
1706 1685 1902 1716 naturam:
1940 1677 2035 1716 sicut
2069 1690 2175 1716 nunc
2200 1689 2339 1716 verum
2367 1685 2423 1714 est
2458 1677 2584 1717 dicere

1520 1732 1627 1781 quod
1646 1739 1736 1769 sunt
1754 1743 1856 1768 unus
1876 1731 1994 1774 Deus,
2014 1738 2171 1780 propter
2189 1742 2308 1768 unam
2328 1730 2500 1768 divinam
2519 1736 2585 1770 ntis·

1519 1792 1646 1821 turam
1666 1790 1696 1821 η.
1726 1785 1810 1821 Nec
1828 1785 1866 1833 ly
1894 1796 1989 1821 unus
2007 1783 2187 1832 importat
2204 1782 2217 1805 θ
2242 1783 2428 1821 unitatem
2455 1788 2586 1832 perse·

1520 1849 1612 1874 nae:
1642 1837 1710 1873 sed
1728 1836 1914 1874 unitatem
1934 1836 1973 1873 in
2000 1843 2136 1874 natura
2154 1837 2338 1874 humana.
2367 1837 2460 1873 Non
2479 1835 2584 1875 enim

1520 1897 1648 1939 posset
1685 1889 1791 1938 argui
1820 1902 1866 1926 ex
1904 1889 1980 1925 hoc
2016 1889 2123 1938 quod
2159 1895 2234 1925 tres
2270 1900 2457 1937 personae
2496 1896 2584 1926 sunt

1520 1955 1623 1979 unus
1642 1943 1776 1987 homo,
1797 1941 1904 1990 quod
1924 1949 2048 1978 essent
2067 1947 2074 1963 ‘
2094 1953 2196 1979 unus
2222 1940 2459 1990 simpliciter:
2489 1940 2584 1981 nihil

1521 1995 1625 2032 enim
1645 1994 1822 2044 prohibet
1840 1994 1966 2032 dicere
1986 1994 2094 2043 quod
2112 1993 2292 2031 homines
2310 1993 2377 2043 qui
2397 2001 2485 2031 sunt
2502 1995 2584 2043 plu-

1522 2060 1581 2084 res
1609 2047 1847 2096 simpliciter,
1877 2046 1950 2083 sint
1986 2059 2088 2083 unus
2127 2054 2315 2096 quantum
2351 2047 2399 2083 ad
2427 2046 2583 2095 aliquid,

1522 2107 1618 2149 puta,
1641 2112 1744 2137 unus
1771 2101 1961 2149 populus3
1991 2099 2088 2136 sicut
2105 2105 2122 2121 2
2150 2099 2386 2148 Augustinus
2413 2099 2514 2143 dicit,
2533 2100 2584 2136 VI

1521 2154 1566 2190 de
1588 2155 1623 2191 T
1621 2154 1691 2190 rin.
1711 2153 1745 2190 *ε
1767 2154 1964 2191 Diversum
1989 2158 2039 2189 est
2058 2158 2192 2190 natura
2211 2153 2357 2202 spiritus
2375 2153 2535 2193 hominis

1519 2207 1666 2256 spiritus
1692 2206 1774 2252 Dei,
1802 2205 1868 2242 sed
1893 2205 2119 2242 inhaerendo
2135 2206 2187 2253 fit
2214 2217 2309 2242 unus
2334 2206 2502 2254 spiritus,
2526 2224 2529 2243 z
2573 2226 2586 2232 -

1521 2259 1695 2296 cundum
1714 2258 1807 2295 illud
1826 2259 1841 2294 I
1864 2259 1951 2296 Cor.
1971 2270 2007 2294 vl
2025 2257 2065 2294 *ε
2093 2258 2167 2300 Qui
2183 2257 2360 2295 adhaeret
2375 2258 2470 2304 Deo,
2491 2264 2588 2296 unus

1519 2314 1668 2362 spiritus
1695 2317 1756 2348 est.
2347 2321 2349 2323 ’
2375 2324 2433 2357 ,ῥ

1574 2365 1631 2402 Αι)
1660 2376 1850 2402 SECUNDUM
1877 2375 2059 2401 ntcannum
2087 2362 2205 2413 quod,
2229 2362 2292 2400 illa
2317 2361 2508 2411 positione
2535 2357 2587 2406 fa'i

1522 2425 1599 2463 cta,
1631 2418 1803 2454 humana
1839 2424 1975 2453 natura
2010 2423 2107 2452 esset
2142 2422 2339 2464 assumpta
2365 2413 2406 2452 in
2439 2414 2584 2453 unitate

1500 2482 1602 2507 ·non
1630 2469 1746 2506 unius
1773 2481 1979 2519 personae,
2007 2469 2075 2506 sed
2101 2467 2143 2505 in
2169 2467 2312 2504 unitate
2347 2467 2586 2516 singularum

1522 2534 1798 2572 personarum:
1819 2522 1870 2558 ita
1888 2520 2026 2558 scilicet
2047 2521 2166 2570 quod,
2187 2520 2282 2557 sicut
2301 2518 2432 2558 divina
2449 2528 2587 2559 natum

1522 2575 1638 2612 habet
1665 2576 1878 2612 naturalem
1906 2574 2092 2611 unitatem
2110 2571 2125 2595 λ
2153 2585 2244 2610 cum
2272 2573 2428 2622 singulis
2454 2572 2585 2623 perso·

1523 2628 1601 2675 nis,
1632 2628 1682 2664 ita
1718 2635 1854 2665 natura
1887 2627 2060 2672 humana
2086 2626 2244 2663 haberet
2280 2626 2466 2664 unitatem
2493 2626 2587 2666 cum

1523 2681 1678 2729 singulis
1705 2693 1775 2729 per
1801 2679 2118 2728 assumptionem.

1575 2736 1633 2770 An
1660 2745 1818 2770 TERTmM
1837 2744 2018 2770 memnon
2037 2732 2144 2781 quod
2164 2731 2263 2769 circa
2285 2730 2585 2782 mysterimn‘in·

1522 2785 1751 2824 carnationis
1770 2785 1838 2822 fuit
1852 2791 1869 2814 μ
1889 2784 2188 2822 communicatio
2207 2785 2484 2834 proprietatum
2501 2782 2585 2833 per-

1522 2839 1726 2876 tinentium
1761 2839 1809 2875 ad
1837 2845 2031 2875 naturam:
2068 2837 2159 2887 quia
2194 2834 2461 2888 quaecumque
2495 2836 2584 2886 con-

1522 2891 1683 2929 veniunt
1710 2898 1889 2937 naturae,
1918 2897 2080 2940 possunt
2107 2889 2317 2940 praedicari
2341 2890 2392 2928 de
2419 2900 2585 2939 persona

1523 2944 1749 2982 subsistente
1778 2943 1816 2980 in
1845 2951 1980 2980 natura
2007 2943 2069 2980 illa
2082 2973 2090 2989 ‚
2120 2943 2399 2992 cuiuscumque
2425 2949 2584 2980 naturae

1522 2997 1681 3034 nomine
1710 2996 1952 3045 significetur.
1982 2995 2179 3033 Praedicta
2201 3007 2290 3044 ergo
2317 2994 2508 3044 positione
2534 2995 2585 3032 fa-

1524 3058 1593 3097 cta,
1614 3050 1662 3087 de
1690 3062 1855 3099 persona
1884 3049 2002 3086 Patris
2034 3056 2213 3098 poterunt
2239 3046 2448 3097 praedicari
2475 3054 2512 3084 et
2539 3059 2584 3085 ea

1521 3173 1658 3197 lectionem
1679 3180 1738 3197 cum
1759 3178 1847 3198 nostra
1866 3172 1977 3197 conflant
1990 3173 2036 3197 ΕΗ
2050 3177 2076 3197 et
2088 3171 2213 3196 editiones
2231 3169 2374 3195 inserentes
2392 3173 2585 3195 assumerent...

1523 3213 1577 3233 tres
1593 3215 1726 3240 personae
1733 3215 1741 3237 ‚·
1760 3209 1782 3232 H
1804 3214 1828 3232 et
1847 3208 1972 3232 editiones
1992 3213 2050 3232 ante
2069 3214 2138 3232 nune
2155 3207 2271 3231 inserunt
2294 3205 2363 3230 enim
2383 3210 2408 3229 et
2426 3203 2540 3238 (praeter
2557 3205 2585 3239 b)

1523 3251 1571 3276 pro
1589 3244 1657 3268 sicut
1677 3244 1756 3267 altero
1777 3243 1837 3268 loco
1857 3244 1945 3276 legunt
1963 3243 2002 3268 sic
2019 3246 2162 3267 structurae
2180 3248 2242 3274 ergo
2248 3248 2256 3271 ;
2275 3239 2400 3264 editiones
2419 3239 2526 3272 insuper
2538 3248 2584 3273 po—

1523 3284 1587 3303 nunt
1605 3281 1659 3303 tres
1681 3285 1813 3310 personae
1832 3277 1924 3311 (altem
1941 3277 2011 3311 loco)
2030 3282 2089 3303 ante
2105 3278 2168 3302 sunt
2189 3282 2257 3300 unus
2277 3275 2358 3300 Deus.
2377 3274 2401 3299 G
2419 3282 2473 3301 om.
2492 3281 2583 3300 verum

1523 3317 1617 3339 esset...
1632 3317 1758 3338 naturam
1778 3319 1836 3339 ante
1855 3314 1923 3339 sicut
1942 3320 2019 3339 nune.

1577 3348 1601 3382 Θ)
1621 3349 1757 3381 importat.
1770 3363 1789 3367 -
1807 3349 1967 3381 importaret
1985 3348 2005 3373 E
2025 3352 2050 3372 et
2068 3346 2141 3372 tertia
2159 3350 2260 3378 praeter
2279 3345 2312 3370 Η.

1577 3384 1596 3417 ι)
1616 3388 1709 3410 essent.
1722 3398 1741 3402 -—
1756 3383 1826 3414 PG1;
1845 3391 1898 3408 mm
1917 3385 1984 3409 esset
2002 3383 2085 3415 prim·
2097 3386 2123 3406 et
2135 3381 2164 3411 F.
2177 3383 2263 3406 essent
2275 3387 2344 3406 unus
2355 3380 2419 3413 quia
2432 3387 2484 3405 non
2498 3383 2585 3405 essent

1523 3420 1554 3448 E,
1573 3423 1641 3444 esset
1659 3420 1722 3445 Hbc.

1579 3453 1604 3487 κ)
1622 3455 1698 3479 st'cut.
1711 3469 1730 3473 —
1748 3457 1774 3479 et
1791 3454 1859 3479 sicut
1878 3454 1898 3478 F
1917 3458 1942 3478 et
1961 3453 2042 3478 tertia.

1576 3487 1604 3521 λ)
1625 3490 1763 3514 unitatem.
1775 3503 1794 3508 -
1813 3489 1833 3513 E
1853 3494 1878 3514 et
1895 3488 1968 3513 tertia
1975 3496 1983 3520 ;
2002 3487 2129 3512 unitatem
2145 3493 2332 3519 personarum.

1577 3523 1605 3557 μ)
1618 3525 1684 3557 suit.
1697 3525 1764 3557 —fit
1783 3524 1803 3548 E
1822 3529 1847 3548 et
1867 3524 1948 3549 tertia.

2606 892 2821 948 {fiiff'ssss‘ff'

2609 1339 2619 1350 ⁸
2634 1338 2684 1362 Cur
2694 1314 2759 1361 lgm
2767 1338 2825 1362 Ho—

2609 1371 2655 1414 τε,
2670 1365 2710 1387 lib.
2724 1365 2754 1393 u,
2767 1371 2827 1394 etp.

2706 1419 2720 1449 ζ

2706 1792 2723 1843 0³

2710 2110 2726 2127 κ

2612 2158 2623 2170 ⁸
2637 2157 2695 2186 cap.
2709 2163 2746 2180 ιιι,

2613 2263 2624 2275 ·
2638 2261 2704 2284 Vm.
2721 2267 2760 2290 ¹7—
