2872 3970
920 275 1181 322 QUAESTIO
1210 277 1328 324 XXV,
1357 278 1648 318 ART1CULUS
1676 282 1721 318 111

233 353 339 402 gines
373 360 415 390 ut
442 365 501 390 res
529 353 738 402 quasdam,
774 353 970 390 credentes
1002 353 1042 390 in
1069 354 1123 391 eis
1151 354 1293 403 aliquid

233 404 403 444 numinis
422 410 434 426 ⁸
463 417 556 452 esse,
585 413 742 454 propter
760 417 943 454 responsa
964 418 1063 455 quae
1083 407 1292 444 daemones

234 458 274 496 in
301 457 355 494 eis
382 457 533 504 dabant,
562 465 599 494 et
625 458 719 495 alios
746 457 938 494 mirabiles
959 458 1183 496 huiusmodi
1202 460 1292 496 effe-

233 517 328 549 ctus.
367 510 567 557 Secundo,
595 517 753 559 propter
779 522 839 547 res
871 522 1038 559 quarum
1065 519 1172 548 erant
1199 511 1292 549 ima—

232 562 352 612 gines:
382 562 596 600 statuebant
614 562 718 599 enim
737 562 921 610 imagines
940 562 952 588 t
980 563 1171 612 aliquibus
1190 576 1292 601 crea-

233 614 336 662 turis,
365 626 462 664 quas
488 614 528 651 in
547 614 600 652 eis
627 615 873 652 veneratione
901 616 1029 653 latriae
1057 617 1292 653 veneraban-

231 675 304 705 tur.
333 667 417 704 Nos
436 674 566 704 autem
585 667 792 704 adoramus
811 668 1032 705 adoratione
1052 668 1179 706 latriae
1198 669 1291 706 ima-

110 707 123 744 ³1
232 719 361 768 ginem
389 719 539 766 Christi,
569 719 635 769 qui
663 727 718 756 est
745 732 860 757 verus
882 721 998 768 Deus,
1028 732 1108 758 non
1135 729 1293 780 propter

163 772 177 802 K
232 771 356 823 ipsam
383 771 587 820 imaginem
601 801 610 819 ,
639 773 707 810 sed
733 781 891 822 propter
917 785 997 810 rem
1028 773 1137 811 cuius
1164 786 1290 822 imago

163 840 180 887 ¹*
206 843 211 848 ·
232 832 298 871 est,
326 832 369 862 ut
395 824 542 862 dictum
568 832 624 861 est
641 824 672 862 ²¹⁸.

283 878 341 914 An
367 888 526 915 Tam-mm
553 889 734 916 monimum
762 878 869 927 quod
897 886 1091 916 creaturae
1119 878 1292 916 rationali

231 929 392 967 debetur
418 929 630 966 reverentia
657 938 815 979 propter
842 931 1018 980 seipsam.
1058 933 1106 968 Et
1132 931 1231 977 ideo,
1261 931 1292 967 si

231 989 423 1020 creaturae
452 982 643 1030 rationali,
673 983 712 1020 in
740 995 818 1032 qua
845 991 901 1020 est
927 983 1055 1031 imago
1075 989 1108 1031 η,
1138 983 1291 1020 exhibe-

230 1042 334 1073 retur
352 1034 524 1072 adoratio
544 1035 684 1082 latriae,
713 1043 842 1085 posset
861 1048 942 1073 esse
962 1036 1100 1074 erroris
1120 1035 1289 1073 occasio:

230 1094 273 1127 ut
299 1086 438 1125 scilicet
464 1095 594 1124 motus
612 1088 805 1125 adorantis
832 1088 872 1126 in
891 1089 1049 1126 homine
1069 1089 1213 1126 sisteret
1236 1088 1291 1125 in-

247 1208 306 1270 B‘eg
322 1209 445 1235 numinis.
457 1223 477 1228 -
494 1209 590 1240 EsDF;
609 1210 731 1234 veritatis
752 1210 869 1235 numinis
888 1211 959 1244 ApC,
973 1212 1091 1237 numeris
1109 1212 1156 1245 pF.
1170 1212 1291 1237 veritatis

228 1252 246 1278 p
307 1262 314 1275 ,
333 1244 442 1269 deitati's
458 1245 488 1276 B,
498 1244 624 1270 veritatis
641 1248 689 1269 aut
708 1246 824 1270 numinis
843 1246 883 1271 ed.
897 1253 930 1275 a‚·
948 1247 1022 1272 tertia
1040 1247 1114 1280 legit:
1134 1249 1160 1272 in
1180 1249 1218 1273 eis
1235 1255 1291 1273 esse

227 1279 463 1348 αὴἔῖῗηιῖἒπιῖ.
479 1328 500 1334 ·-
517 1315 578 1341 Om.
598 1315 615 1344 1.
634 1315 787 1340 huiusmodi
804 1316 934 1349 imagines
953 1317 972 1341 F
991 1323 1017 1343 et
1035 1324 1119 1343 cetera
1137 1321 1218 1345 tertia.

241 1385 243 1393 γ
280 1350 308 1386 η)
327 1350 426 1384 imago.
442 1364 462 1369 —
480 1350 533 1375 Dei
550 1350 619 1375 addit
637 1351 710 1375 tertia
729 1355 831 1383 praeter
850 1351 882 1377 G.

2329 296 2404 332 279

1348 365 1536 404 quantum
1571 366 1626 395 est
1657 371 1716 395 res
1751 361 1962 408 quaedam,
2002 370 2038 398 et
2065 375 2144 399 non
2171 363 2329 400 serretur
2363 363 2403 400 in

1347 409 1486 456 Deum,
1516 410 1625 447 cuius
1654 419 1708 448 est
1735 411 1873 460 imago.
1909 414 2027 460 Quod
2055 427 2134 451 non
2162 423 2285 464 potest
2311 428 2401 453 con-

1346 460 1487 508 tingere
1515 463 1562 499 de
1591 463 1753 511 imagine
1782 466 1927 514 sculpta
1950 468 2010 503 vel
2029 467 2127 516 picta
2147 466 2159 488 ⁰
2187 468 2226 504 in
2245 469 2402 506 materia

1347 513 1564 552 insensibili.

1399 567 1456 603 An
1485 579 1655 609 QUARTUM
1682 581 1863 608 monimum
1891 572 1997 619 quod
2025 572 2207 620 Apostoli,
2228 573 2400 610 familiari

1346 617 1524 656 instinctu
1544 620 1705 669 Spiritus
1725 623 1863 669 Sancti,
1884 624 2076 672 quaedam
2104 625 2268 661 ecclesiis
2287 626 2398 662 tradi-

1346 671 1483 708 derunt
1502 675 1688 710 servanda
1708 686 1806 723 quae
1826 687 1905 712 non
1925 676 2158 725 reliquerunt
2179 677 2217 713 in
2242 677 2396 726 scriptis,

1346 723 1413 760 sed
1441 724 1479 760 in
1509 725 1775 763 observatione
1804 727 1994 765 Ecclesiae
2022 741 2091 778 per
2118 729 2398 767 successionem

1345 775 1519 813 fidelium
1539 786 1627 814 sunt
1646 778 1819 816 ordinata
1833 786 1852 816 ι.
1882 781 1993 818 Unde
2013 781 2092 830 ipse
2112 781 2210 829 dicit,
2226 783 2256 819 II
2274 784 2395 820 Thess.

1345 840 1365 864 11
1380 828 1416 864 *ε
1447 831 1554 876 State,
1575 837 1608 867 et
1634 837 1749 868 tenete
1774 833 1985 870 traditiones
2008 847 2097 883 quas
2124 835 2303 881 didicistis,
2323 837 2399 872 sive

1343 892 1411 928 per
1428 893 1649 929 sermonem,
1670 883 1808 921 scilicet
1826 885 1874 921 ab
1894 898 1959 922 ore
1979 892 1995 908 ²
2015 888 2218 935 prolatum,
2237 889 2313 925 sive
2325 900 2397 937 per

1345 934 1554 981 epistolam,
1588 934 1725 973 scilicet
1752 936 1889 986 scripto
1917 939 2187 976 transmissam.
2227 940 2274 976 Et
2301 940 2397 977 inter

1345 984 1569 1023 huiusmodi
1587 988 1805 1026 traditiones
1828 998 1883 1026 est
1901 989 2109 1038 imaginum
2140 991 2277 1028 Christi
2305 993 2395 1029 ado-

1346 1037 1451 1074 ratio.
1494 1039 1605 1076 Unde
1642 1048 1678 1077 et
1705 1041 1837 1078 beatus
1869 1044 1994 1080 Lucas
2021 1044 2157 1081 dicitur
2181 1044 2394 1093 depinxisse

1345 1089 1551 1137 imaginem
1581 1092 1718 1129 Christi
1737 1093 1766 1140 ²¹²,
1796 1107 1894 1143 quae
1923 1097 2070 1133 Romae
2099 1097 2270 1134 habetur.
2357 1091 2360 1094 Δ

1397 1210 1421 1245 θ)
1441 1216 1482 1239 vel
1498 1214 1577 1245 picta.
1591 1229 1610 1233 —
1628 1215 1697 1239 PIsG
1716 1222 1740 1240 et
1758 1223 1787 1246 c,·
1801 1220 1871 1248 puta
1890 1218 1928 1249 pB
1947 1222 1972 1242 et
1989 1225 2014 1247 a,
2035 1222 2063 1242 ut
2077 1221 2146 1250 puta
2164 1219 2248 1243 ceteri.
2260 1233 2279 1237 —-
2297 1219 2395 1249 Proin,

1344 1247 1376 1292 de
1389 1248 1422 1279 F;
1441 1258 1489 1292 pro
1500 1250 1659 1309 ‘irffsensibt‘lh
1672 1251 1789 1276 sensibili
1800 1252 1902 1276 PACsD
1916 1257 1941 1277 et
1952 1259 1992 1281 ac,
2004 1253 2075 1285 quod
2094 1260 2145 1277 non
2161 1257 2250 1285 potest
2266 1254 2398 1287 configere

1343 1295 1370 1312 m
1389 1287 1504 1356 ³5:3¹2?
1515 1304 1651 1346 ordinata.
1667 1322 1813 1354 -fuerunt
1830 1322 1957 1347 ordinata
1975 1322 2004 1353 F,
2023 1330 2075 1347 om.
2093 1323 2175 1348 tertia.

1396 1359 1422 1392 κ)
1441 1358 1473 1382 ab
1492 1364 1547 1382 ore.
1565 1371 1584 1375 -
1601 1363 1647 1380 ore
1664 1358 1746 1382 tertia.

900 1448 1234 1484 Commentarius
1255 1453 1507 1486 cardinalis
1528 1454 1728 1486 Caietani

289 1555 395 1576 rrimus
431 1545 533 1576 clarus
565 1549 620 1574 est.
648 1562 671 1566 -
699 1544 735 1574 In
770 1553 904 1584 corpore
938 1546 1060 1576 articuli
1091 1546 1156 1577 duo
1186 1547 1287 1579 fiunt:

288 1590 410 1630 primo,
433 1589 468 1619 in
497 1588 664 1619 communi
686 1587 913 1618 determinatur
935 1589 975 1619 de
999 1589 1118 1630 duplici
1141 1597 1234 1622 motu
1255 1593 1289 1623 in

227 1634 416 1674 maginem
439 1631 592 1674 secundo,
616 1633 650 1662 in
673 1631 801 1672 speciali
824 1633 1035 1672 respondetur
1058 1636 1201 1674 quaesito
1224 1646 1288 1667 una

228 1677 447 1709 conclusione.

284 1721 403 1760 Quoad
423 1721 579 1761 primum,
611 1729 648 1750 ex
670 1720 849 1750 Aristotelis
872 1722 1058 1752 auctoritate
1088 1722 1290 1764 distinguitur

227 1771 334 1796 motus
350 1765 474 1796 animae
489 1765 523 1795 in
538 1765 710 1804 imaginem
727 1764 860 1804 duplex:
882 1774 976 1801 unus,
993 1772 1029 1796 ut
1044 1767 1077 1796 in
1092 1777 1160 1797 rem
1169 1777 1176 1804 ;
1201 1768 1287 1804 alter,

227 1809 319 1840 ut—in
341 1809 524 1850 imaginem.
546 1808 671 1838 Primus
694 1813 741 1838 est
763 1808 843 1839 alius
866 1818 884 1838 a
907 1815 999 1839 motu
1022 1811 1055 1840 in
1074 1820 1142 1841 rem
1165 1821 1289 1852 reprae-

226 1859 391 1885 sentatam.
423 1851 590 1883 Secundus
613 1857 660 1882 est
681 1861 766 1882 unus
790 1858 821 1882 et
844 1852 930 1883 idem
953 1863 1028 1884 cum
1050 1860 1142 1885 motu
1164 1856 1198 1885 in
1221 1866 1288 1886 rem

226 1902 502 1939 repraesentatam.

269 1941 398 1980 Quoad
413 1940 601 1977 secundum,
614 1941 779 1971 conclusio
792 1942 976 1981 responsiva
986 1947 1046 1972 est:
1064 1942 1180 1984 Imago
1196 1944 1288 1974 Chri-

224 1986 268 2017 sti
280 1991 328 2017 est
341 1985 512 2016 adoranda
523 1985 716 2016 adoratione
727 1985 854 2015 latriae.
870 1985 1035 2016 Probatur.
1052 1986 1185 2027 Imagini
1197 1988 1288 2018 Chri-

227 2031 267 2062 sti
289 2030 455 2061 exhibetur
477 2030 669 2060 reverentia:
694 2034 726 2059 et
740 2039 807 2059 non
830 2034 867 2060 ut
883 2035 930 2060 est
944 2039 993 2060 res
1010 2030 1177 2070 quaedam.
1202 2032 1287 2072 Ergo

225 2071 264 2105 ut
283 2074 423 2114 imagini.
461 2073 547 2114 Ergo
571 2072 683 2104 eadem
705 2074 880 2104 reverentia
903 2083 985 2113 quae
1009 2074 1135 2105 Christo
1160 2076 1288 2106 exhibe-

225 2123 286 2150 tur.
310 2118 395 2159 Ergo
419 2123 466 2148 est
488 2116 647 2148 adoranda
669 2117 854 2148 adoratione
876 2117 993 2148 latriae.

235 2175 238 2178 ·
269 2161 485 2198 Antecedens,
509 2171 568 2202 pro
591 2162 695 2201 prima
716 2166 815 2201 parte,
840 2162 1033 2201 experientia
1055 2167 1194 2193 testatur.
1225 2163 1286 2194 Pro

226 2206 375 2242 secunda,
399 2207 513 2247 probat
536 2205 652 2235 littera:
678 2206 753 2245 quia
775 2206 950 2235 reverentia
972 2215 1039 2236 non
1062 2207 1123 2236 nisi
1142 2208 1306 2238 rationali-

225 2255 356 2282 naturae
378 2249 521 2280 debetur.
543 2267 568 2271 —
589 2249 694 2279 Prima
713 2250 943 2289 consequentia
964 2250 1117 2289 probatur
1140 2260 1178 2280 ex
1201 2251 1286 2282 suffi-

226 2294 322 2326 cienti
344 2294 546 2325 distinctione
568 2298 676 2324 motus
704 2294 828 2323 animae
851 2294 884 2323 in
906 2294 1093 2333 imaginem:
1125 2294 1286 2326 destructo

226 2338 312 2370 enim
326 2338 425 2369 altero
440 2338 596 2373 membro,
612 2338 772 2377 reliquum
793 2337 914 2377 optime
929 2337 1071 2368 infertur.
1094 2356 1116 2360 -—
1140 2338 1287 2370 Secunda

226 2387 332 2414 autem
348 2382 577 2422 consequentia
592 2382 745 2422 probatur
761 2391 798 2412 ex
814 2381 925 2411 eadem
937 2382 1113 2412 Aristotelis
1126 2382 1284 2414 doctrina:

175 2462 177 2465 ¹
226 2427 302 2468 quia
322 2432 431 2457 motus
453 2427 487 2456 in
510 2426 682 2466 imaginem
705 2430 742 2456 ut
764 2426 825 2462 sie,
855 2430 901 2456 est
922 2435 1006 2456 unus
1037 2435 1112 2456 cum
1134 2432 1226 2457 motu
1252 2428 1286 2458 in

224 2480 294 2502 rem
315 2475 591 2511 repraesentatam.
613 2488 637 2492 -
659 2470 767 2500 Tertia
794 2469 925 2500 demum
956 2471 1186 2510 consequentia
1210 2481 1285 2511 pro-

225 2515 331 2546 batur:
355 2515 431 2555 quia
453 2514 597 2552 Christus
620 2513 768 2544 adoratur
790 2513 974 2544 adoratione
996 2514 1112 2544 latriae.

280 2558 318 2589 11.
343 2558 436 2589 Cioea
458 2557 596 2589 radicem
619 2567 804 2598 processus,
828 2558 1083 2598 propositionem
1107 2559 1227 2590 scilicet
1249 2559 1285 2590 il-

226 2603 290 2634 lam
313 2612 352 2633 ex
373 2602 553 2638 Aristotele,
578 2603 689 2633 Motus
705 2602 737 2632 in
755 2602 928 2643 imaginem
952 2602 1141 2643 inquantum
1164 2603 1284 2644 imago,

227 2651 274 2678 est
295 2646 378 2678 idem
399 2656 472 2677 cum
495 2651 584 2676 motu
607 2646 640 2676 in
666 2656 749 2682 rem,
773 2646 908 2677 dubium
931 2655 969 2676 ex
991 2646 1160 2687 multiplici
1183 2648 1285 2688 capite

227 2691 364 2722 occurrit
378 2691 413 2721 ἐ
437 2691 541 2731 primo
558 2691 644 2720 enim
660 2691 808 2721 obiicitur
824 2700 861 2721 ex
876 2696 964 2730 parte
984 2696 1108 2727 motus;
1133 2691 1285 2728 secundo,

227 2744 267 2766 ex
286 2740 376 2776 parte
397 2734 559 2774 imaginis3
582 2735 686 2770 tertio,
711 2743 750 2764 ex
771 2740 859 2775 parte
882 2735 1021 2765 unitatis.

280 2779 328 2810 Ex
350 2783 438 2820 parte
461 2777 620 2818 siquidem
642 2784 765 2814 motus,
790 2778 904 2808 dicitur
927 2778 1016 2818 quod
1038 2779 1216 2825 propositio
1240 2785 1286 2810 est

226 2833 299 2854 vera
321 2822 360 2854 de
383 2828 475 2854 motu
498 2823 740 2862 apprehensivo,
763 2823 797 2852 in
813 2831 879 2862 quo
902 2822 955 2853 illa
977 2823 1076 2853 utitur
1090 2823 1284 2859 Aristoteles,

226 2872 264 2898 ut
285 2872 332 2898 est
353 2872 461 2897 motus
483 2866 662 2897 intellectus
686 2872 717 2896 et
731 2867 921 2896 memoriae:
945 2876 1013 2896 non
1029 2872 1075 2896 est
1090 2872 1197 2897 autem
1212 2876 1286 2897 vera

227 2910 267 2942 de
281 2916 374 2942 motu
389 2911 574 2951 appefifivo,
591 2911 624 2940 in
641 2919 707 2950 quo
730 2910 830 2940 utitur
843 2910 897 2940 illa
912 2910 964 2940 hic
979 2911 1118 2946 Auctor;
1143 2910 1284 2941 adoratio

227 2955 313 2986 enim
340 2960 429 2986 actus
459 2960 505 2985 est
531 2954 660 2984 moralis
681 2954 821 2990 virtutis,
852 2963 889 2984 ac
915 2963 973 2993 per
995 2954 1072 2990 hoc,
1096 2955 1286 2994 appetitivae

225 2999 332 3039 partis.
361 2997 483 3029 Eadem
506 2998 627 3038 quippe
653 2997 870 3028 intellectione
896 2998 1099 3037 cognoscitur
1121 2998 1227 3038 imago
1255 3003 1286 3028 et

167 3046 179 3082 s
226 3043 448 3083 imaginatum:
474 3042 549 3082 quia
570 3050 674 3071 unum
697 3041 901 3071 relativorum
924 3040 1034 3071 definit
1053 3042 1223 3081 reliquum,
1243 3048 1285 3078 et,

226 3085 255 3117 si
275 3087 348 3128 quis
375 3086 503 3128 definite
532 3085 622 3115 novit
644 3094 743 3115 unum
770 3085 1012 3120 correlativum,
1042 3085 1170 3126 definite
1197 3086 1287 3116 novit

194 3143 202 3152 ·
228 3130 395 3172 reliquum,
418 3135 455 3160 ut
477 3129 591 3160 dicitur
617 3129 650 3158 in
665 3128 937 3159 Praedicamentis
951 3129 978 3158 *.
1002 3128 1209 3169 Quicumque
1229 3139 1285 3160 au-

226 3178 293 3205 tem
314 3179 399 3205 amat
420 3179 553 3214 patrem,
576 3181 644 3202 non
666 3177 835 3212 propterea
857 3177 941 3202 amat
962 3171 1076 3203 filium.

281 3217 330 3248 Ex
350 3223 440 3258 parte
461 3226 538 3248 vero
561 3215 717 3256 imaginis,
741 3216 816 3255 quia
838 3216 954 3255 imago,
971 3221 1007 3245 ut
1025 3216 1143 3256 imago,
1168 3222 1215 3246 est
1237 3227 1285 3247 re-

178 3294 181 3295 .
227 3261 368 3292 lativum.
398 3261 495 3292 Nulla
522 3265 629 3291 autem
659 3259 769 3290 relatio
799 3259 889 3290 realis
917 3265 1036 3295 creata,
1061 3265 1115 3289 aut
1137 3260 1283 3296 rationis,

228 3304 387 3336 adoranda
409 3310 456 3336 est
477 3304 660 3335 adoratione
683 3303 799 3333 latriae.

282 3349 331 3380 Ex
351 3354 440 3390 parte
462 3354 570 3379 autem
592 3348 731 3383 unitatis,
756 3348 831 3387 quia
852 3347 903 3377 vel
926 3347 1111 3386 intelligitur
1133 3346 1172 3376 de
1191 3352 1284 3377 motu

228 3400 295 3423 uno
317 3393 517 3433 simpliciter:
540 3392 592 3422 vel
614 3390 791 3422 secundum
820 3396 942 3431 partem
965 3400 1021 3421 seu
1048 3389 1177 3430 aliquid.
1209 3390 1284 3420 Non

229 3435 269 3467 de
290 3442 382 3467 motu
399 3446 466 3468 uno
490 3436 682 3477 simpliciter,
707 3436 781 3475 quia
796 3434 911 3465 falsum
927 3434 1099 3464 diceretur:
1124 3443 1198 3464 nam
1213 3443 1284 3464 mo-

229 3484 280 3510 tus
301 3479 336 3510 in
357 3489 425 3511 rem
447 3479 625 3511 secundum
648 3489 681 3510 se
703 3478 884 3509 immediate
897 3502 904 3514 ,
930 3483 961 3508 et
983 3479 1016 3508 in
1039 3478 1191 3508 illammet
1217 3487 1283 3508 me-

230 3521 335 3554 diante
357 3533 414 3555 sua
435 3525 592 3564 imagine,
622 3533 690 3554 non
713 3528 760 3553 est
787 3523 920 3553 omnino
943 3522 1038 3558 idem,
1062 3527 1098 3551 ut
1120 3527 1215 3562 patet.
1251 3521 1284 3552 Si

229 3566 406 3598 secundum
428 3567 557 3608 aliquid,
580 3573 658 3598 tunc
681 3577 722 3598 ex
740 3568 800 3597 hae
821 3567 1041 3607 propositione
1063 3574 1131 3596 non
1153 3565 1285 3596 infertur

1312 1546 1316 1613 Ι

1340 1551 1559 1590 propositum:
1584 1551 1659 1590 quia
1682 1556 1849 1589 exvmotus
1877 1552 1996 1582 unitate
2027 1552 2203 1583 secundum
2230 1553 2307 1593 quid
2329 1564 2397 1585 non

1341 1595 1484 1634 sequitur
1506 1595 1609 1624 unitas
1633 1594 1780 1634 specifica
1804 1595 1994 1625 adorationis
2017 1596 2160 1636 imaginis
2184 1602 2215 1627 et
2237 1599 2395 1638 exempla-

1340 1638 1398 1673 ris;
1431 1647 1513 1677 quae
1535 1644 1642 1668 tamen
1670 1639 1702 1668 in
1726 1639 1827 1669 littera
1850 1639 1996 1676 infertur,
2028 1641 2102 1679 quia
2129 1640 2217 1671 latria
2239 1641 2396 1672 adoranda

1340 1682 1446 1721 imago
1471 1682 1588 1712 Christi
1610 1682 1724 1712 dicitur
1748 1692 1811 1722 qua
1834 1682 1977 1713 Christus
2001 1683 2156 1714 adoratur.

1395 1725 1446 1755 111.
1471 1726 1615 1756 Dubium
1644 1736 1751 1756 rursus
1782 1727 1864 1756 circa
1887 1736 2071 1767 processum
2099 1728 2237 1758 eundem
2267 1738 2304 1759 ex
2327 1730 2395 1759 Du-

1340 1768 1449 1805 rando,
1474 1770 1507 1799 in
1531 1769 1571 1799 III
1588 1770 1684 1805 Sent„
1709 1770 1779 1800 dist.
1796 1780 1836 1806 ix,
1854 1780 1908 1810 qu.
1924 1781 1956 1806 11,
1981 1773 2118 1801 occurrit
2133 1773 2159 1802 ’ἢ
2182 1772 2265 1802 Nam
2280 1773 2394 1812 primo,

1340 1813 1507 1852 impugnat
1529 1823 1715 1852 processum
1737 1814 1823 1844 hunc
1851 1823 1889 1844 ex
1912 1823 1951 1844 eo
1975 1815 2063 1853 quod
2091 1815 2176 1845 aliud
2199 1821 2245 1846 est
2270 1821 2395 1847 motum

1340 1856 1373 1885 in
1389 1857 1561 1896 imaginem
1578 1862 1608 1887 et
1623 1867 1691 1887 rem
1714 1867 1781 1887 esse
1805 1867 1921 1888 unum:
1939 1863 1970 1888 et
1985 1858 2080 1894 aliud,
2097 1859 2267 1898 imaginem
2283 1865 2314 1890 et
2328 1870 2395 1890 rem

1341 1909 1409 1930 esse
1428 1910 1545 1931 unum.
1569 1901 1712 1931 Primum
1733 1902 1819 1931 enim
1842 1907 1888 1932 est
1910 1911 2031 1932 verum.
2056 1902 2240 1933 Secundum
2263 1903 2392 1934 falsum:

1340 1953 1415 1974 nam
1439 1950 1513 1974 sunt
1535 1945 1734 1981 correlativa3
1765 1955 1862 1985 quae,
1891 1946 1965 1976 licet
1987 1947 2081 1976 simul
2104 1947 2395 1986 apprehendantur,

1341 1986 1490 2018 dicuntur
1507 1993 1614 2019 tamen
1638 1994 1669 2019 et
1691 1994 1764 2019 sunt
1783 1989 1919 2026 diversa3
1944 1990 2063 2020 relativi
2087 1992 2172 2020 enim
2195 2000 2262 2021 esse
2285 1997 2332 2021 est
2354 1992 2397 2022 ad

1340 2032 1432 2062 aliud
1445 2042 1480 2062 se
1498 2032 1615 2063 habere
1629 2034 1655 2062 *.
1679 2032 1731 2063 Ad
1750 2034 1952 2073 propositum
1974 2039 2081 2064 autem
2103 2040 2264 2074 oporteret
2286 2036 2397 2075 imagi-

1339 2084 1415 2106 nem
1438 2081 1469 2106 et
1491 2085 1559 2106 rem
1582 2086 1650 2106 esse
1673 2086 1785 2113 unum,
1803 2087 1859 2107 seu
1882 2078 1976 2107 unius
1991 2078 2130 2114 rationis,
2148 2079 2172 2108 si
2191 2078 2332 2109 adoratio
2350 2080 2396 2110 rei

1340 2118 1435 2149 debet
1457 2120 1597 2150 exhiberi
1619 2121 1758 2160 imagini.

1395 2160 1518 2193 Deinde
1548 2163 1623 2194 dicit
1652 2164 1741 2203 quod
1767 2165 1874 2204 imago
1905 2164 2021 2195 Christi
2049 2175 2109 2196 nec
2137 2171 2172 2195 ut
2200 2176 2249 2196 res
2278 2175 2338 2197 nec
2361 2172 2397 2197 ut

1339 2207 1455 2246 imago,
1480 2208 1608 2247 proprie
1631 2207 1806 2247 loquendo,
1831 2208 1990 2239 adoranda
2013 2214 2059 2239 est
2080 2210 2177 2239 latria.
2202 2210 2286 2247 Quia
2308 2210 2396 2240 latn'a

1339 2251 1399 2280 soli
1422 2251 1492 2281 Deo
1516 2251 1648 2281 debetur
1670 2261 1726 2291 per
1749 2261 1800 2287 se;
1825 2257 1856 2282 et
1872 2253 2049 2282 coniunctis
2065 2253 2132 2289 sibi,
2153 2258 2189 2283 ut
2208 2254 2395 2284 humanitati

1340 2294 1472 2331 Christi,
1496 2305 1553 2335 per
1576 2294 1730 2326 accidens.
1762 2296 1869 2336 Imago
1894 2301 2000 2326 autem
2024 2301 2087 2332 est,
2112 2302 2147 2326 ut
2170 2297 2285 2337 imago,
2309 2307 2394 2327 crea-

1338 2343 1426 2368 tura:
1451 2344 1498 2369 est
1521 2340 1692 2369 extrinseca
1715 2349 1733 2369 a
1755 2339 1836 2369 Deo.
1868 2339 1908 2369 Et
1930 2339 2003 2370 ideo
2026 2349 2086 2370 nec
2113 2349 2171 2380 per
2193 2350 2226 2370 se
2254 2350 2314 2371 nec
2337 2350 2395 2380 per

1339 2382 1485 2412 accidens
1510 2383 1663 2413 terminus
1687 2389 1732 2413 est
1755 2383 1946 2413 adorationis
1969 2383 2084 2413 latriae.

1394 2426 1520 2462 Tertio,
1551 2426 1626 2457 dicit
1648 2426 1737 2467 quod
1760 2436 1932 2457 commune
1955 2427 2075 2457 dictum
2101 2427 2190 2467 quod
2215 2427 2337 2458 Auctor
2358 2429 2392 2458 in

1338 2469 1440 2500 littera
1462 2470 1564 2506 tradit,
1589 2476 1635 2500 est
1657 2471 1829 2511 improprie
1860 2471 1995 2501 dictum:
2027 2476 2058 2501 et
2080 2471 2306 2510 exponendum
2329 2477 2390 2507 est,

1339 2515 1414 2553 quia
1436 2523 1484 2544 res
1508 2515 1634 2554 cognita
1657 2524 1714 2545 seu
1736 2520 1944 2545 rememorata
1966 2524 2023 2554 per
2038 2515 2217 2554 imaginem,
2242 2514 2280 2544 ad
2302 2525 2391 2555 prae-

1338 2559 1472 2588 sentiam
1495 2559 1639 2598 imaginis
1663 2558 1809 2588 adoratur
1832 2568 1867 2588 ac
1890 2559 1916 2588 si
1940 2563 2020 2588 esset
2042 2559 2075 2588 in
2090 2568 2123 2588 se
2138 2568 2300 2598 praesens;
2324 2568 2391 2589 non

1339 2601 1428 2642 quod
1450 2601 1592 2632 adoratio
1616 2601 1655 2632 ad
1677 2603 1848 2642 imaginem
1871 2602 1978 2642 aliquo
2001 2602 2100 2632 modo
2123 2603 2316 2632 terminetur.

1394 2646 1446 2676 IV.
1470 2646 1521 2676 Ad
1543 2646 1659 2676 horum
1683 2646 1889 2682 evidentiam,
1917 2646 2081 2676 sciendum
2105 2652 2151 2676 est
2173 2645 2261 2686 quod
2283 2646 2391 2676 distin-

1339 2690 1402 2720 ctio
1426 2690 1459 2720 in
1482 2690 1583 2720 littera
1605 2691 1709 2730 posita
1739 2699 1776 2720 ex
1799 2690 1967 2720 Aristotele
1997 2689 2035 2720 de
2057 2690 2194 2729 imagine
2217 2695 2252 2720 ut
2275 2695 2320 2719 est
2342 2699 2391 2720 res

1339 2733 1505 2773 quaedam,
1519 2739 1551 2764 et
1561 2739 1598 2764 ut
1609 2739 1655 2764 est
1666 2735 1782 2774 imago,
1795 2739 1900 2774 potest
1915 2733 2081 2773 dupliciter
2092 2733 2221 2773 intelligi
2231 2735 2256 2763 ’ἦ
2273 2733 2390 2769 Primo,

1338 2783 1374 2807 ut
1397 2777 1605 2817 distinguatur
1627 2779 1732 2817 imago
1763 2779 1796 2808 in
1819 2778 1989 2817 imaginem
2011 2777 2227 2813 materialiter,
2251 2777 2300 2806 vel
2327 2776 2391 2806 for-

1338 2821 1473 2851 maliter:
1498 2827 1575 2861 puta
1597 2822 1630 2851 in
1654 2831 1776 2857 aurum,
1800 2821 1849 2851 vel
1877 2820 2010 2860 figuram
2037 2830 2093 2850 seu
2123 2816 2317 2850 relationem.
2351 2821 2392 2851 Et

1338 2871 1570 2904 consequenter
1593 2865 1681 2904 quod
1704 2864 1845 2895 dicamus
1861 2864 1981 2894 adorari
1996 2865 2166 2903 imaginem
2182 2864 2308 2900 Christi,
2323 2873 2391 2894 non

1338 2909 1515 2939 secundum
1537 2909 1710 2944 materiam,
1734 2908 1789 2938 sed
1811 2907 1987 2938 secundum
2010 2907 2160 2943 formam,
2184 2908 2247 2938 hoc
2270 2913 2330 2943 est,
2354 2907 2390 2938 fi-

1337 2962 1448 2992 guram
1472 2952 1588 2983 Christi
1610 2952 1660 2982 vel
1683 2952 1867 2982 relationem
1891 2951 1930 2981 ad
1953 2951 2124 2981 Christum.
2148 2951 2188 2981 Et
2210 2951 2262 2981 hic
2281 2961 2391 2982 sensus

1338 3002 1486 3036 acceptus
1508 2995 1631 3026 videtur
1654 2996 1874 3030 communiter,
1899 3000 2054 3035 quantum
2076 2995 2217 3025 memini.
2246 2995 2287 3025 Et
2309 3004 2391 3035 quo-

1337 3041 1423 3070 niam
1446 3045 1510 3070 tam
1526 3039 1626 3078 figura
1649 3048 1746 3078 quam
1762 3039 1870 3069 relatio
1891 3039 1986 3078 longe
2002 3044 2048 3069 est
2063 3048 2080 3068 a
2096 3038 2254 3068 Creatoris
2268 3044 2389 3075 natura,

1337 3083 1411 3113 ideo
1435 3088 1489 3113 aut
1511 3082 1590 3112 falso
1614 3088 1668 3112 aut
1690 3083 1863 3122 improprie
1879 3082 2000 3112 dictum
2023 3079 2151 3122 putatur
2173 3081 2262 3122 quod
2283 3083 2390 3122 imago

1339 3127 1454 3157 Christi
1477 3127 1516 3156 sit
1538 3125 1698 3156 adoranda
1720 3125 1904 3156 adoratione
1926 3126 2042 3156 latriae.

1392 3169 1454 3201 Sed
1476 3170 1562 3200 hunc
1585 3179 1712 3200 sensum
1739 3170 1834 3209 longe
1858 3179 1925 3200 esse
1955 3179 1973 3199 a
1994 3179 2070 3200 vero
2094 3179 2188 3200 sensu
2214 3170 2390 3200 Aristotelis

1339 3219 1369 3244 et
1391 3214 1558 3249 Auctoris,
1582 3219 1668 3254 patet
1691 3223 1727 3243 ex
1751 3213 1886 3244 duobus.
1910 3213 2034 3250 Primo,
2059 3214 2133 3253 quia
2155 3214 2260 3253 imago
2284 3219 2319 3244 ut
2341 3223 2390 3244 res

1338 3257 1504 3297 quaedam,
1528 3257 1769 3297 comprehendit
1783 3258 1953 3297 imaginem
1977 3263 2008 3287 et
2023 3257 2198 3287 secundum
2217 3258 2389 3294 materiam,

1338 3307 1369 3332 et
1395 3301 1572 3331 secundum
1602 3300 1737 3331 formam
1767 3307 1803 3331 ut
1832 3301 1988 3341 quaedam
2011 3311 2059 3332 res
2083 3307 2138 3331 est.
2173 3301 2280 3341 Imago
2305 3301 2390 3332 enirn

1338 3345 1479 3375 Caesaris
1509 3346 1644 3375 sumitur
1673 3350 1708 3375 ut
1730 3354 1779 3375 res
1807 3345 1963 3385 quaedam
1994 3355 2031 3375 ex
2058 3350 2144 3385 parte
2173 3346 2339 3381 materiae,
2364 3346 2390 3375 si

1337 3394 1479 3419 sumatur
1501 3394 1537 3419 ut
1558 3398 1736 3419 marmorea
1758 3395 1812 3419 aut
1834 3399 1946 3420 aurea:
1979 3394 2010 3419 et
2032 3389 2172 3419 similiter
2198 3389 2332 3419 sumitur
2354 3394 2391 3419 ut

1336 3442 1384 3463 res
1408 3432 1564 3473 quaedam
1594 3442 1631 3463 ex
1654 3438 1742 3473 parte
1770 3433 1907 3469 formae,
1939 3434 1964 3463 si
1986 3438 2127 3463 sumatur
2152 3437 2188 3462 ut
2213 3432 2390 3463 secundum

1336 3477 1409 3507 talia
1431 3477 1630 3513 lineamenta,
1655 3477 1788 3513 colores,
1805 3483 1882 3513 etc.;
1906 3477 1955 3507 vel
1978 3482 2014 3507 ut
2029 3482 2074 3507 est
2096 3476 2205 3506 relatio
2222 3475 2388 3516 quaedam,

1336 3522 1402 3551 sive
1424 3521 1514 3551 realis
1537 3521 1602 3551 sive
1625 3521 1763 3551 rationis.
1787 3521 1875 3551 Haec
1898 3521 1983 3551 enirn
2002 3521 2109 3550 omnia
2132 3520 2190 3550 sub
2205 3529 2272 3550 uno
2288 3529 2389 3551 mem-

1337 3566 1394 3596 bro
1418 3565 1626 3596 distinctionis
1650 3565 1971 3606 comprehenduntur,
1995 3564 2113 3595 scilicet
2128 3564 2186 3594 sub
2202 3565 2338 3604 imagine
2354 3569 2390 3594 ut

2425 837 2434 847 ⁸
2449 836 2514 859 Vers.
2531 843 2564 863 ι4.

2520 874 2534 890 κ

2424 902 2497 923 'Nice
2516 902 2636 926 nonant.

2423 928 2485 950 Htst.
2505 929 2572 955 ib.11,
2583 935 2633 957 cap.

2422 960 2478 976 κιιιι
2500 955 2576 979 (Ruit.
2596 961 2633 978 an.

2425 982 2489 1008 2559).
2499 981 2572 1011 -‚Vid.
2585 981 2635 1003 Μι-

2423 1012 2461 1028 ran
2480 1013 2527 1032 oni,
2544 1007 2631 1029 latoria

2422 1032 2460 1054 del
2491 1033 2540 1061 Cap
2556 1034 2637 1055 elladi

2421 1059 2509 1080 Sancta
2552 1062 2634 1081 ancto-

2422 1091 2487 1111 rum,
2517 1091 2567 1114 cap.
2595 1092 2633 1108 xvi

2424 1111 2520 1139 (Romae
2536 1114 2611 1140 ¹747).

2422 1781 2432 1792 ’
2447 1780 2482 1802 Cf.
2501 1787 2563 1802 num.
2578 1787 2619 1804 vn.

2423 2039 2433 2050 ⁸
2438 2039 2533 2060 Aristot.
2542 2039 2632 2067 Categ„

2423 2071 2473 2093 cap.
2488 2072 2509 2092 v,
2527 2072 2549 2087 n.
2566 2073 2584 2093 i,
2598 2072 2618 2087 2.

2417 2739 2428 2750 ⁸
2442 2739 2476 2761 Cf.
2492 2745 2556 2761 num.
2566 2745 2616 2768 seq.
