2872 3970
118 3213 144 3250 Γ
202 3232 250 3262 nr,

887 277 1148 324 QUAESTIO
1178 279 1310 325 XLIII,

1341 277 1630 316 ARTICULUS
1659 279 1688 314 11
2295 291 2320 326 4
2329 291 2341 315 1
2350 291 2372 327 7

873 406 1206 439 Commentariis
1228 407 1479 440 Cardinalis
1500 408 1702 440 Caietani

208 495 338 571 va
335 506 371 527 σε
397 496 551 528 dm·-
572 496 608 527 In
627 505 761 536 corpore
777 505 841 526 una
857 496 1036 526 conclusio:
1065 496 1263 527 Convenien-

263 540 419 572 tisst‘rnum
443 540 517 583 fuit
550 540 712 570 Christum
746 539 906 570 miracula
930 540 1058 582 facere.
1097 540 1261 570 Probatur.

123 577 135 585 ¹
174 622 178 624 .
205 581 357 616 miracula
379 582 462 614 fiunt
484 589 515 614 et
537 582 577 614 ad
596 582 873 614 confirmationem
896 583 1059 614 doctrinae
1075 589 1262 624 supernatu-

965 734 1281 776 ARTICULUS

1317 497 1404 533 ralis;
1430 502 1461 527 et
1476 497 1516 527 ad
1531 497 1764 528 testificandum
1788 498 1893 528 Deum
1917 499 1950 528 in
1974 498 2107 528 faciente
2130 496 2291 529 miracula?
2312 498 2375 530 Sed

1316 541 1395 570 haec
1418 541 1588 581 praecipue
1607 541 1724 572 habent
1739 541 1848 572 locum
1863 542 1897 572 in
1914 541 2051 572 Christo.
2076 542 2172 581 Ergo.
2195 560 2217 564 —
2241 543 2281 572 Et
2297 552 2374 572 con-

1317 583 1459 614 firmatur
1482 585 1667 615 auctoritate
1690 585 1776 615 Ioan.
1794 595 1813 614 v
1830 591 1860 615 et
1876 596 1904 615 x.
1927 604 1950 607 -
1974 585 2091 615 Omnia
2114 586 2195 615 clara
2218 592 2300 616 sunt.

1311 734 1612 777 SECUNDUS

666 826 823 857 UTRUM
847 826 1060 858 CHRISTUS
1082 826 1270 857 FECERIT
1294 827 1522 858 MIRACULA
1544 827 1739 859 VIRTUTE
1762 828 1912 858 DIVINA

317 905 407 938 Supra.
426 912 470 937 qu.
488 911 543 935 xm,
562 909 608 930 art.
629 911 658 936 ²³
677 905 708 929 111
728 904 811 934 Sent„
831 905 889 930 dist.
908 912 958 935 xvr,
978 911 1022 937 qu.
1040 911 1058 936 1,
1078 909 1126 964 ar}-
1145 903 1174 964 313
1194 904 1236 934 lv,
1255 904 1313 929 dist.
1331 912 1356 933 v,
1375 912 1419 964 3111.
1437 912 1454 935 1,
1474 910 1519 930 art.
1541 911 1564 936 1,
1584 905 1616 929 ad
1637 905 1664 936 33
1683 905 1763 937 Resp.
1781 906 1818 930 ad
1836 906 1940 931 Lector.
1964 906 2059 936 Venet.,
2079 906 2111 931 ad
2130 911 2176 931 art.
2193 914 2259 937 xv11;

1115 947 1131 964 n
1166 946 1235 968 oan„
1255 946 1310 971 cap.
1330 947 1357 970 11,
1385 945 1434 965 eet.
1451 947 1470 964 1.

411 1031 434 1056 D
449 1030 637 1056 SECUNDUM
652 1030 703 1055 S1c
718 1030 952 1056 moeson-un.
973 1017 1134 1055 Videtur
1153 1017 1260 1066 quod

339 1071 375 1116 ἔτ’
413 1071 586 1108 Christus
622 1083 703 1108 non
739 1070 866 1107 fecerit
901 1070 1086 1107 miracula
1121 1069 1259 1106 virtute

281 1141 298 1154 ν
394 1122 554 1160 divina.
596 1123 725 1160 Virtus
753 1123 858 1160 enim
885 1123 1016 1160 divina
1049 1130 1105 1160 est
1136 1121 1260 1159 omni-

212 1223 214 1225 ·
301 1180 305 1188 ’
334 1192 353 1204 ν
370 1173 559 1226 potens.
590 1175 668 1213 Sed
685 1175 838 1212 videtur
862 1174 969 1224 quod
989 1174 1161 1212 Christus
1180 1185 1260 1210 non

206 1223 312 1279 'erit
339 1227 584 1279 omnipotens
611 1227 651 1265 in
678 1227 870 1264 miraculis
897 1227 1095 1264 faciendis:
1124 1226 1262 1263 dicitur

203 1277 308 1320 ‘enim
333 1280 455 1318 Marci
472 1292 507 1318 VI
525 1280 556 1328 ¹¹¹,
585 1280 692 1330 quod
720 1292 795 1317 non
809 1285 956 1340 poterat
974 1281 1036 1325 ibi,
1055 1278 1194 1316 scilicet
1220 1277 1260 1314 in

201 1332 322 1384 patna
348 1345 434 1379 sua,
463 1333 578 1370 ullam
605 1334 774 1371 virtutem
791 1333 937 1381 jacere.
980 1333 1082 1380 Ergo
1109 1331 1262 1368 videtur

123 1385 162 1429 ζ”ῑ
202 1386 311 1438 quod
337 1397 418 1424 non
444 1385 572 1423 fecerit
598 1384 783 1422 miracula
809 1384 947 1421 virtute
975 1384 1116 1421 divina.

161 1471 167 1479 .
207 1442 216 1447 ’
257 1449 292 1477 2.
319 1438 561 1482 PRAETER-m,
589 1437 662 1475 Dei
689 1449 770 1474 non
798 1444 853 1474 est
881 1449 1001 1474 orare.
1045 1436 1122 1474 Sed
1151 1435 1259 1473 Chri-

202 1494 282 1550 stus
309 1490 516 1551 aliquando
544 1489 584 1526 in
611 1489 804 1528 miraculis
829 1489 1010 1527 faciendis
1039 1489 1188 1527 orabat:
1218 1495 1261 1525 ut

120 1571 121 1574 η
150 1540 226 1593 ]Ῐ“
267 1550 304 1581 et
321 1542 362 1581 in
380 1542 623 1580 suscitatione
640 1542 787 1587 Lazari,
806 1543 909 1579 Ioan.
925 1554 960 1578 xi
977 1541 1016 1587 *ς
1045 1549 1082 1578 et
1101 1540 1141 1578 in
1161 1541 1261 1578 mul-

200 1594 430 1687 ffircatione
457 1607 626 1645 panum,
655 1602 698 1632 ut
724 1602 826 1644 patet
851 1595 986 1631 Matth.
1007 1606 1066 1631 X1v
1083 1593 1114 1630 ³⁹.
1158 1594 1260 1641 Ergo

126 1656 153 1697 ᾖ,
268 1656 354 1686 etur
379 1648 487 1697 quod
514 1659 595 1684 non
612 1647 740 1684 fecerit
757 1647 942 1684 miracula
959 1646 1097 1683 virtute
1117 1645 1258 1683 divina.

128 1696 158 1713 ’“’
211 1707 214 1716 ²
257 1699 291 1738 3.
312 1701 543 1748 Pmmmm,
563 1712 609 1737 ea
627 1712 726 1749 quae
745 1699 883 1736 virtute
902 1698 1033 1736 divina
1050 1698 1160 1745 fiunt,
1179 1709 1261 1735 non

126 1783 149 1789 .,
199 1756 363 1814 possunt
387 1753 526 1790 virtute
561 1752 720 1790 alicuius
747 1759 941 1790 creaturae
973 1750 1067 1788 fieri
1111 1750 1188 1788 Sed
1215 1762 1260 1787 ea

201 1809 301 1857 quae
330 1805 503 1843 Christus
529 1805 700 1850 faciebat,
728 1812 904 1855 poterant
935 1803 1049 1840 etiarn
1075 1802 1159 1840 fieri
1185 1802 1259 1839 vir-

199 1862 279 1895 tute
307 1857 466 1895 alicuius
494 1864 703 1894 creaturae:
742 1857 846 1894 unde
875 1864 911 1893 et
938 1855 1132 1893 Pharisaei
1160 1855 1259 1892 dice-

199 1909 292 1950 bant
319 1910 426 1961 quod
454 1912 491 1947 in
518 1910 740 1958 Beelzebub,
764 1911 936 1959 principe
963 1909 1257 1953 daemoniorum,

200 1958 365 2001 efficiebat
389 1962 587 2000 daemonia
605 1962 635 1998 ³¹¹.
665 1962 767 2011 Ergo
786 1961 938 1998 videtur
960 1960 1065 2010 quod
1086 1959 1259 1997 Christus

125 2013 157 2060 z„
200 2019 281 2053 non
307 2013 435 2052 fecerit
461 2014 646 2052 miracula
672 2014 810 2051 virtute
839 2013 979 2052 divina.

126 2096 151 2119 ..5
242 2068 328 2106 sm
347 2079 491 2106 CONTRA
510 2079 576 2105 EST
595 2067 701 2117 quod
719 2066 912 2104 Dominus
931 2065 1030 2113 dicit,
1046 2067 1148 2102 Ioan
1158 2065 1256 2102 xiv*:

199 2115 322 2167 Pater,
351 2122 388 2157 in
416 2132 478 2158 me
503 2131 671 2166 manens,
700 2121 776 2169 ipse
792 2120 894 2167 facit
919 2130 1044 2168 opera.

133 2169 136 2172 ’
156 2170 158 2172 ’
207 2177 212 2179 ’
251 2173 475 2211 ΚΕεΡοΝοΕο
489 2184 670 2210 mCENDUM
684 2171 803 2220 quod,
819 2171 914 2208 sicut
928 2169 967 2207 in
981 2170 1110 2207 Prima
1123 2169 1261 2207 Parte*

198 2225 376 2264 habitum
412 2232 479 2265 est.
512 2237 604 2262 vera
637 2224 821 2261 miracula
854 2224 935 2260 sola
960 2222 1098 2259 virtute
1130 2221 1260 2259 divina

199 2277 284 2316 fieri
309 2285 490 2328 possunt:
520 2277 611 2327 quia
628 2278 733 2314 solus
752 2277 858 2314 Deus
875 2283 1000 2326 potest
1026 2282 1174 2312 mutare
1193 2286 1259 2311 na—

199 2337 307 2374 turae
335 2330 523 2376 ordinem,
543 2330 650 2379 quod
677 2329 838 2378 pertinet
863 2329 912 2365 ad
931 2327 1119 2366 rationem
1147 2327 1259 2364 mira-

170 2422 175 2428 ἦ
200 2379 286 2423 culi.
319 2383 431 2421 Unde
458 2383 541 2420 Leo
569 2383 675 2432 Papa
702 2382 802 2426 dicit,
831 2381 871 2418 in
898 2380 1069 2440 Epistola
1096 2380 1147 2417 ad
1172 2380 1259 2417 Fla—

135 2433 176 2486 ζ
199 2435 392 2479 vicanum*
393 2464 403 2481 ‚
423 2435 541 2485 quod,
562 2446 650 2472 curn
679 2434 720 2472 in
748 2433 899 2471 Christo
927 2433 1001 2470 sint
1020 2438 1037 2455 ²
1065 2433 1165 2470 duae
1193 2445 1259 2470 na—

201 2493 319 2535 turae,
339 2500 415 2526 una
443 2499 578 2525 earum
605 2495 672 2534 est,
692 2487 831 2524 scilicet
857 2486 1000 2533 divina,
1021 2498 1115 2536 quae
1132 2485 1260 2536 fulget

130 2535 182 2576 '‘⁴5'ss
199 2540 412 2585 miraculis,·
437 2540 567 2587 altera,
581 2539 725 2578 'scilicet
743 2540 926 2586 humana,
947 2551 1042 2589 quae
1058 2539 1260 2575 succumbit

138 2594 363 2638 sciatur-iix
394 2600 431 2630 et
456 2600 586 2630 tamen
613 2605 689 2630 una
719 2604 849 2630 earum
877 2593 956 2642 agit
983 2603 1068 2628 cum
1094 2602 1259 2628 commu-

202 2647 386 2684 nicatione
424 2645 598 2682 atterius:

201 2705 337 2737 natura
350 2705 406 2735 est
423 2697 721 2735 instrumentum
740 2697 892 2735 divinae
914 2696 1083 2741 actionis,
1106 2703 1142 2732 et
1161 2695 1258 2733 actio

202 2750 374 2789 humana
395 2749 576 2788 virtutem
603 2749 747 2800 accepit
765 2749 781 2780 β
808 2762 831 2787 a
848 2756 983 2786 natura
1001 2748 1143 2795 divina,
1164 2748 1259 2785 sicut

637 2645 869 2695 inquantum
910 2644 1047 2681 scilicet
1087 2643 1260 2681 humana

128 2799 154 2843 {j
169 2821 178 2831 ·
202 2812 319 2853 supra
335 2802 357 2825 '⁸'
383 2803 559 2840 habitum
587 2811 653 2840 est.

136 2856 142 2864 ⁹
253 2857 312 2893 An
340 2867 474 2894 ramum
502 2867 600 2893 ERGO
621 2867 803 2893 memnon
830 2854 938 2904 quod
964 2855 1040 2891 hoc
1068 2854 1175 2903 quod
1204 2853 1258 2891 di-

201 2907 308 2955 citur,
335 2920 409 2945 non
433 2913 579 2957 poterat
606 2909 658 2945 ibi
682 2908 797 2945 ullam
815 2909 984 2945 virtutem
1001 2908 1149 2955 facere,
1178 2918 1258 2943 non

115 2970 147 3009 ,ζμ
202 2967 258 2998 est
283 2960 527 2999 referendum
554 2961 603 2997 ad
629 2959 841 3009 potentiam
864 2959 1090 3004 absolutam,
1115 2959 1181 2996 sed
1209 2959 1258 2995 ad

125 3008 152 3050 Ϋ
165 3020 175 3034 ”“
202 3011 242 3050 id
268 3013 375 3062 quod
401 3019 525 3062 potest
542 3012 626 3050 fieri
645 3019 914 3060 congruenter:
944 3023 1025 3048 non
1043 3011 1148 3048 enim
1166 3023 1257 3048 con-

126 3067 144 3103 .⁴
201 3075 341 3114 gruum
369 3073 447 3102 erat
474 3072 516 3101 ut
542 3064 639 3102 inter
657 3064 873 3101 incredulos
901 3071 1124 3113 operaretur
1145 3063 1256 3100 mira-

254 3194 289 3230 α)
301 3202 360 3221 cum
373 3195 400 3220 in
415 3195 521 3221 Gir-isto
531 3195 596 3220 sint.
607 3208 627 3213 -
638 3195 664 3219 in
680 3195 786 3220 Chr-[seo
798 3198 862 3220 sunt
873 3194 946 3220 tertia
959 3199 1059 3228 praeter
1072 3194 1089 3220 1.
1103 3194 1153 3219 Pro
1166 3201 1258 3219 earum

286 3237 382 3256 aarum
401 3233 443 3255 est
459 3230 492 3259 G,
510 3237 602 3255 earum
621 3229 640 3259 l,
658 3237 711 3254 om.
730 3230 759 3254 P.

299 3265 409 3298 aceepit.
425 3279 446 3285 -
461 3265 559 3297 accipie
577 3264 609 3290 G.

245 3307 274 3334 ’γ
299 3300 370 3327 Nom
386 3315 407 3320 —
423 3300 495 3326 Num
514 3300 534 3325 F
553 3305 579 3325 et
596 3299 729 3330 editiones,
755 3299 829 3324 Unde
847 3299 906 3325 GH.
1284 3293 1287 3322 Ι

343 3613 453 3639 Smnun
464 3614 565 3640 Tum„
584 3614 616 3640 D.
630 3614 744 3639 Tironi:
762 3614 793 3639 T.
807 3614 871 3639 vm.

1314 1019 1410 1054 cula.
1439 1019 1551 1055 Unde
1580 1019 1755 1056 subditur
1773 1019 1807 1056 ²¹⁶:
1837 1022 1884 1056 Et
1911 1022 2118 1057 mirabatur
2138 1028 2294 1070 propter
2321 1023 2373 1058 in-
2401 1027 2411 1038 ⁸
2427 1027 2491 1048 Vers.
2506 1028 2529 1049 6·

1313 1071 1562 1107 credulitatem
1601 1083 1741 1108 eorum.
1791 1073 2016 1109 Secundum
2053 1085 2172 1121 quern
2208 1074 2372 1110 modurn

1315 1122 1451 1159 dicitur
1473 1123 1564 1159 Gen.
1585 1133 1666 1160 xvn1
1685 1123 1721 1160 *ε
1751 1125 1841 1161 Νοη
1861 1130 1876 1152 Υ
1895 1125 2018 1161 celare
2029 1131 2161 1174 potero
2180 1128 2372 1163 Abraham

1316 1187 1410 1224 quae
1434 1181 1605 1224 gesturus
1630 1188 1735 1220 sum;
1763 1184 1799 1212 et
1826 1189 1883 1213 X1x
1902 1176 1939 1213 *ε
1969 1178 2059 1214 Νοη
2083 1184 2215 1226 potero
2238 1180 2374 1226 facere
2400 1191 2411 1202 ¹·

1314 1227 1512 1276 quidquam
1541 1228 1657 1264 donec
1684 1229 1910 1278 ingrediaris
1938 1229 2034 1266 illuc.

1367 1281 1424 1316 An
1452 1291 1640 1317 SECUNDUM
1668 1292 1849 1318 DICENDUM
1877 1282 1994 1329 quod,
2024 1281 2119 1318 sicut
2149 1282 2373 1344 Chrysosto-

1315 1343 1402 1368 mus
1421 1331 1520 1379 dicit,
1541 1344 1657 1382 super
1683 1333 1774 1370 illud
1793 1334 1927 1370 Matth.
1947 1346 2006 1370 X1v
2023 1334 2044 1355 ‘¹‘
2045 1335 2246 1395 ‚Acceptis
2274 1338 2374 1385 quin-

1315 1396 1385 1434 que
1403 1386 1565 1434 panibus
1583 1391 1617 1421 et
1635 1386 1775 1423 duobus
1788 1387 1949 1435 piscibus
1967 1389 2146 1436 aspiciens
2165 1390 2201 1424 in
2230 1389 2373 1425 caelum

1314 1438 1499 1474 benedixit
1530 1444 1563 1474 et
1587 1438 1733 1487 fregit:
1768 1460 1792 1464 —
1824 1439 2033 1487 Oportebat,
2071 1439 2193 1488 inquit
2212 1438 2236 1486 Β,
2274 1441 2377 1477 credi

1315 1489 1360 1526 de
1390 1491 1534 1527 Christo
1569 1492 1744 1539 quoniam
1779 1503 1802 1527 a
1829 1492 1942 1527 Patre
1975 1497 2043 1537 est,
2072 1498 2106 1528 et
2138 1494 2312 1541 quoniam
2341 1495 2377 1529 ei

1315 1542 1478 1591 aequalis
1505 1548 1565 1579 est.
1594 1544 1642 1580 Et
1669 1543 1762 1589 ideo,
1791 1549 1828 1579 ut
1855 1549 2050 1593 utrumque
2076 1545 2250 1591 ostendat,
2276 1558 2375 1582 nunc

1314 1594 1460 1643 quidem
1483 1607 1567 1631 cum
1590 1601 1778 1644 potestate,
1800 1608 1898 1632 nunc
1917 1602 2038 1633 autem
2059 1609 2171 1634 orans
2190 1598 2373 1635 miracula

1303 1648 1412 1695 facit.
1441 1649 1489 1684 Et
1516 1649 1552 1684 in
1581 1649 1786 1685 minoribus
1814 1649 1958 1697 quidem
1987 1651 2132 1698 respicit
2160 1663 2196 1686 m
2217 1651 2371 1696 caelum,

1309 1706 1402 1749 puta
1429 1701 1467 1736 in
1496 1700 1796 1749 multiplicatione
1817 1713 1982 1750 panum.-
2013 1703 2050 1737 in
2079 1704 2281 1740 maioribus
2308 1716 2373 1740 au-

1313 1757 1397 1798 tem,
1419 1764 1514 1801 quae
1539 1759 1623 1789 sunt
1648 1753 1760 1790 solius
1777 1753 1861 1799 Dei,
1881 1766 1965 1790 cum
1981 1759 2159 1802 potestate
2177 1757 2265 1804 agit,
2280 1761 2373 1804 puta

1315 1805 1462 1853 quando
1485 1811 1640 1854 peccata
1668 1806 1812 1850 dimisit,
1841 1812 2006 1842 mortuos
2031 1808 2224 1843 suscitavit.

1368 1857 1487 1903 Quod
1515 1865 1644 1894 autem
1673 1857 1810 1894 dicitur
1837 1859 2006 1903 Ioan.X1,
2027 1859 2133 1906 quod
2152 1858 2192 1895 in
2220 1859 2373 1896 suscita-

1313 1909 1415 1946 tione
1442 1909 1577 1946 Lazari
1605 1910 1735 1947 oculos,
1760 1922 1907 1946 sursum
1940 1911 2082 1956 levavit,
2111 1922 2191 1947 non
2217 1919 2374 1961 propter

1313 1961 1576 1999 necessitatem
1600 1961 1778 2010 suffragii,
1798 1962 1866 1999 sed
1884 1970 2040 2011 propter
2059 1965 2279 2012 exemplum
2298 1965 2374 2001 hoc

1312 2014 1407 2051 fecit.
1438 2014 1548 2051 Unde
1568 2014 1675 2051 dicit:
1704 2016 1861 2064 Propter
1887 2016 2064 2065 populum
2084 2018 2147 2065 qui
2163 2018 2374 2054 circumstat

1314 2067 1414 2104 dixi:
1441 2073 1479 2103 ut
1505 2067 1658 2104 credant
1685 2069 1771 2116 quia
1798 2073 1836 2104 tu
1863 2080 1924 2104 me
1950 2069 2088 2105 misisti.

1367 2120 1424 2156 An
1443 2131 1601 2156 TERTIUM
1619 2120 1799 2156 menmium
1827 2120 1934 2169 quod
1963 2120 2135 2157 Christus
2158 2121 2231 2158 alio
2251 2122 2371 2158 modo

1314 2172 1524 2220 expellebat
1560 2171 1769 2208 daemones
1804 2184 1922 2221 quam
1960 2172 2097 2209 virtute
2134 2173 2372 2210 daemonum

1314 2225 1561 2273 expellantur.
1591 2225 1695 2260 Nam
1713 2224 1850 2261 virtute
1870 2225 2114 2274 superiorum
2134 2226 2373 2263 daemonum

1314 2276 1369 2313 ita·
1391 2276 1600 2313 daemones
1624 2289 1647 2313 a
1665 2277 1890 2326 corporibus
1918 2278 2159 2326 expelluntur
2185 2279 2291 2327 quod
2318 2286 2372 2315 ta-

1314 2341 1406 2366 men
1425 2336 1596 2366 remanet
1614 2329 1834 2366 dominium
1853 2341 1990 2366 eorum
2013 2338 2203 2378 quantum
2226 2331 2275 2368 ad
2294 2331 2372 2368 ani-

1314 2393 1438 2418 mam:
1468 2393 1569 2419 non
1577 2381 1681 2418 enim
1709 2389 1840 2418 contra
1867 2393 2028 2429 regnum
2057 2395 2173 2419 suum
2196 2383 2372 2420 diabolus

1314 2433 1398 2482 agit.
1430 2434 1508 2472 Sed
1535 2434 1707 2470 Christus
1735 2434 1944 2471 daemones
1973 2435 2182 2483 expellebat
2209 2447 2288 2472 non
2311 2448 2372 2472 so-

1314 2488 1396 2524 lum
1424 2499 1447 2524 a
1474 2498 1645 2535 corpore,
1675 2482 1741 2523 sed
1769 2488 1890 2523 multo
1923 2487 2043 2535 magis
2075 2487 2123 2524 ab
2156 2487 2294 2524 anima.
2324 2489 2373 2525 Et

1313 2539 1401 2576 ideo
1430 2539 1622 2576 Dominus
1650 2539 1929 2589 blasphemiam
1952 2540 2214 2576 Iudaeorum⁸
2243 2540 2370 2577 dicen-

1314 2591 1411 2628 tium
1430 2604 1522 2629 eum
1541 2591 1580 2628 in
1594 2591 1731 2628 virtute
1749 2592 1986 2629 daemonum
2001 2591 2205 2629 daemonia
2223 2592 2368 2639 eiicere,

1315 2644 1532 2694 reprobavit
1550 2644 1586 2681 *z
1617 2644 1743 2693 primo
1763 2644 1933 2693 quidem,
1953 2657 2022 2694 per
2040 2645 2114 2681 hoc
2135 2645 2241 2694 quod
2266 2645 2370 2682 Sata-

1314 2709 1382 2734 nas
1397 2704 1530 2734 contra
1543 2696 1713 2746 seipsum
1727 2709 1807 2734 non
1822 2696 2011 2734 dividitur.
2034 2697 2224 2743 Secundo,
2246 2709 2370 2734 exem-

1313 2750 1378 2798 plo
1407 2749 1581 2794 aliorum,
1607 2749 1674 2798 qui
1708 2749 1911 2786 daemonia
1937 2749 2133 2786 eiiciebant
2159 2762 2228 2798 per
2253 2749 2369 2798 Spiri-

1313 2810 1397 2839 tum
1415 2802 1499 2838 Dei.
1529 2802 1671 2848 Tertio,
1693 2801 1783 2851 quia
1808 2801 2058 2838 daemonium
2085 2803 2270 2850 expellere
2289 2814 2370 2838 non

1312 2861 1441 2903 posset
1459 2854 1531 2891 nisi
1551 2854 1679 2908 ipsum
1697 2853 1847 2890 vicisset
1870 2854 2007 2890 virtute
2035 2854 2174 2891 divina.
2206 2855 2366 2901 Quarto,

1314 2906 1403 2956 quia
1431 2908 1535 2943 nulla
1554 2905 1819 2943 convenientia
1842 2905 1881 2942 in
1905 2906 2085 2954 operibus
2113 2918 2184 2943 nec
2211 2906 2250 2943 in
2279 2907 2368 2943 effe-

1313 2967 1376 2996 ctu
1396 2967 1474 2995 erat
1493 2958 1563 2995 sibi
1583 2966 1619 2995 et
1645 2959 1825 2996 Satanae·
1819 2969 1951 2994 .Tum
1970 2959 2128 2996 Satanas
2154 2958 2368 3008 dispergere

1313 3018 1469 3061 cuperet
1496 3023 1595 3059 quos
1624 3010 1797 3047 Christus
1824 3010 2030 3058 colligebat.

2400 1130 2410 1141 ⁸
2425 1130 2490 1151 Vei-s.
2508 1136 2542 1157 ¹7.

2495 1166 2511 1191 γ
2544 1169 2554 1182 x

2425 1190 2490 1212 Vers.
2505 1197 2538 1213 22.

2545 1352 2554 1356 -
2564 1340 2615 1362 Ho-

2535 1382 2541 1394 ,
2550 1366 2615 1394 nLL,

2403 1339 2509 1362 'Versa
2530 1356 2534 1361 .

2402 1372 2433 1387 mi
2427 1366 2451 1387 il.
2459 1366 2510 1387 XLI

2402 1393 2425 1414 in
2440 1392 2525 1417 Matth.

2497 1440 2512 1465 δ

2495 2549 2506 2565 Ε

2399 2650 2495 2672 ·.Matth
2506 2656 2556 2678 cap.
2566 2657 2609 2678 xu,

2396 2683 2466 2724 1534.
2484 2683 2521 2724 ’ἐι
2539 2683 2609 2730 ῗἻῐιζ

2397 2735 2456 2777 {2²25
2484 2709 2607 2782 {zim-

2397 2787 2455 2803 vers.
2472 2787 2495 2810 ¹5
2510 2787 2561 2809 sqq.

2570 2761 2610 2782 ¹¹·

1366 3192 1390 3225 ὃ)
1411 3193 1504 3226 inquit.
1522 3207 1541 3211 -
1559 3193 1620 3217 Om.
1640 3193 1668 3217 Ρ.
1685 3206 1705 3211 -
1714 3192 1788 3226 facit
1806 3192 1878 3217 tertia
1885 3200 1892 3224 3
1903 3192 1982 3226 fecit.
2002 3193 2052 3217 Pro
2071 3193 2186 3226 respicit,
2206 3193 2326 3226 respexit
2339 3193 2369 3224 F.

1366 3228 1389 3262 ε)
1410 3228 1578 3253 Iudaeorum.
1591 3241 1610 3246 —
1624 3227 1829 3253 Pharisaeorum
1847 3228 1886 3258 ΡΙ,
1904 3235 1957 3252 om.
1971 3235 1996 3252 a.
2017 3227 2056 3253 Cf.
2069 3236 2114 3261 qu.
2126 3235 2176 3253 xm
2195 3233 2241 3253 art.
2257 3235 2269 3252 2
2291 3235 2369 3261 corp.¹

1314 3263 1372 3289 Scis
1391 3263 1453 3295 quia
1475 3263 1573 3288 Iudaei.
1585 3277 1605 3282 -
1617 3262 1667 3287 Pro
1687 3263 1852 3293 daemonum,
1873 3262 2040 3288 daemonium
2056 3263 2078 3294 b,
2094 3263 2294 3288 daemoniorum
2307 3263 2369 3288 Pac.

2194 3613 2225 3638 53
