2872 3970
416 292 488 330 552

408 377 573 400 Aa‘rxcums
583 376 603 396 v
653 369 756 396 Utrum
768 369 856 396 Beata
869 365 959 404 Virgo
970 374 1021 403 per
1035 363 1293 394 sanctificationem

690 407 720 435 in
741 413 825 435 utero
853 405 1010 435 obtinuerit
1036 404 1144 442 gratiae
1172 403 1295 440 plenitu-

689 447 788 475 dinem
803 463 1291 475 .................

490 499 506 515 2
589 495 619 516 v1
659 487 764 515 Utrum
786 484 956 514 sanctificari
977 484 1007 513 in
1025 490 1118 518 utero,
1132 489 1199 520 post
1213 481 1296 511 Chri-

689 532 775 561 stum,
783 524 935 563 proprium
949 523 1034 553 fuerit
1047 525 1153 552 Beatae
1160 521 1295 559 Virginis.

1330 450 1402 480 1²⁶8-
1418 447 1475 477 297

1378 529 1394 546 2
1418 526 1476 556 299

665 603 860 641 QUAESTIO
881 601 1227 631 VIGESIMAOCTAVA

690 667 740 697 De
761 665 962 702 virginitate
983 664 1108 695 Matris
1129 662 1202 693 nei.

411 746 578 769 ARthULus
591 747 602 766 1
663 738 766 766 Utrum
788 736 880 764 Mater
893 733 947 762 Dei
963 733 1048 762 fuerit
1062 733 1142 770 virgo
1157 731 1187 761 in
1202 731 1299 761 conci-

692 776 800 813 piendo
823 773 970 803 Christum
989 793 1298 802 ...........
1381 780 1396 797 2
1423 770 1478 799 302

494 829 510 845 s
592 825 613 846 ιι
662 817 765 845 Utrum
774 813 976 843 materChristi
986 812 1158 850 fueritvirgo
1166 811 1196 840 in
1205 818 1299 849 partu.
1383 821 1398 837 »
1423 810 1480 846 304

494 869 510 884 ι
592 865 624 886 m
667 857 768 884 Utrum
787 861 878 883 mater
895 853 1001 882 Christi
1015 851 1206 891 permanserit
1219 851 1300 889 virgo

693 902 760 932 post
781 900 895 931 partum
928 911 1298 923 .............
1383 901 1398 917 2
1423 889 1480 918 306

495 947 511 963 s
594 945 623 965 tv
664 937 767 964 Utrum
789 935 881 963 Mater
900 933 954 962 Dei
967 932 1160 971 virginitatem
1181 930 1398 960 voverit.»
1424 929 1479 958 308

698 1013 892 1050 QUAESTIO
914 1011 1205 1040 VIGESIMANONA

653 1087 704 1116 De
726 1084 1001 1122 desponsatione
1023 1083 1150 1113 Hatris
1170 1082 1243 1112 Dei.

415 1174 580 1196 »mucimus
594 1174 606 1194 1
665 1165 768 1193 Utrum
801 1162 932 1192 Christus
965 1161 1097 1191 debuerit
1127 1161 1165 1189 de
1194 1159 1304 1197 virgine

697 1205 874 1249 desponsata
893 1202 973 1231 nasci
995 1221 1303 1231 ...........
1387 1210 1402 1226 »
1427 1199 1484 1226 310

499 1257 514 1274 ιι
597 1254 619 1277 11
669 1245 773 1274 Utrum
799 1243 876 1272 inter
902 1242 1023 1271 Mariam
1045 1248 1073 1270 et
1093 1241 1198 1278 ioseph
1221 1239 1305 1270 fuerit

697 1293 798 1313 verum
820 1282 1040 1312 matrimonium
1056 1301 1304 1310 .........
1386 1288 1403 1305 2
1427 1278 1484 1306 312

740 1363 935 1399 QUAESTIO
959 1362 1166 1391 TRiGESIMA

619 1429 668 1458 De
690 1426 953 1458 annuntiatione
973 1425 1107 1455 Beatae
1127 1424 1292 1461 Virginis.

421 1507 585 1530 naucuws
599 1507 609 1527 1
669 1499 772 1526 Utrum
787 1495 869 1524 fuerit
880 1494 1073 1523 necessarium
1085 1495 1189 1522 Beatae
1196 1493 1307 1531 Virgini

702 1536 867 1565 annuntiari
882 1535 963 1573 quod
979 1535 1008 1563 in
1029 1543 1064 1563 ea
1083 1533 1213 1562 fiendum
1235 1540 1305 1562 erat.
1390 1544 1405 1559 2
1431 1533 1486 1561 315

502 1592 518 1607 2
600 1587 621 1607 11
671 1579 774 1606 Utrum
790 1578 895 1604 Beatae
911 1574 1021 1613 Virgini
1041 1574 1174 1603 debuerit
1193 1583 1308 1602 annun-

701 1616 783 1646 tiatio
804 1616 866 1645 fieri
885 1624 938 1652 per
958 1614 1093 1660 angelum
1121 1635 1307 1643 .......
1391 1623 1406 1639 s
1432 1612 1488 1641 316

503 1672 519 1688 2
601 1668 633 1688 111
674 1659 775 1686 Utrum
813 1656 931 1694 angelus
966 1654 1143 1684 annuntians
1177 1653 1310 1682 debuerit

701 1697 812 1735 Virgini
847 1705 986 1733 apparere
1006 1694 1118 1723 visione
1152 1693 1406 1731 corporali.»
1431 1691 1487 1720 318

503 1752 518 1767 D
602 1748 632 1768 1v
674 1739 775 1766 Utrum
804 1735 986 1766 annuntiatio
1015 1734 1100 1763 fuerit
1127 1733 1310 1763 convenienti

703 1778 805 1807 ordine
827 1777 952 1814 perfecta
973 1795 1308 1804 ............
1392 1783 1408 1799 2
1433 1772 1489 1809 3¹9

684 1857 880 1893 QUAESTIO
901 1854 1230 1884 TRIGESIMAPRIMA

444 1934 494 1962 De
507 1931 656 1961 materia
670 1928 711 1958 de
726 1935 794 1964 qua
814 1934 944 1968 corpus
958 1925 1160 1955 Salvator-ts
1181 1925 1385 1961 conceptum
1403 1925 1471 1953 est.

426 2008 590 2031 sanemus
604 2008 615 2027 1
675 1998 779 2026 Utrum
808 2004 876 2024 caro
897 1994 1004 2023 Christi
1030 1994 1114 2024 fuerit
1143 2000 1258 2031 sumpta
1279 2003 1312 2023 ex

707 2037 801 2065 Adam
824 2055 1310 2064 .................
1395 2044 1410 2060 s
1435 2034 1487 2062 321

508 2093 523 2108 »
605 2089 627 2108 11
676 2078 779 2105 Utrum
802 2075 934 2104 Christus
962 2074 1117 2111 sumpserit
1140 2083 1256 2102 carnem
1277 2074 1314 2103 de

706 2115 817 2145 semine
839 2114 932 2144 David
945 2135 1311 2143 .............
1394 2123 1409 2140 s
1436 2113 1493 2142 322

506 2173 522 2189 ι
605 2168 637 2187 111
678 2158 781 2186 Utrum
802 2155 972 2193 genealogia
985 2153 1092 2183 Christi
1108 2153 1314 2183 convenienter

706 2198 742 2226 ab
764 2195 953 2234 Evangelistis
974 2201 1086 2223 texatur
1098 2215 1313 2223 ........
1396 2203 1412 2220 2
1438 2193 1492 2222 323

508 2255 524 2270 s
605 2248 635 2268 tv
675 2239 779 2266 Utrum
792 2236 912 2265 materia
922 2235 1053 2272 corporis
1064 2234 1170 2263 Christi
1183 2234 1315 2263 debuerit

708 2286 770 2307 esse
791 2282 940 2313 assumpta
960 2276 997 2304 de
1018 2274 1126 2303 femina
1129 2295 1316 2304 .......
1397 2283 1413 2299 2
1439 2273 1495 2301 326

510 2334 525 2350 »
608 2329 627 2348 v
677 2319 781 2346 Utrum
803 2326 871 2346 caro
893 2315 998 2344 Christi
1020 2314 1104 2344 fixerit
1124 2321 1266 2352 concepta
1281 2323 1315 2343 ex

708 2357 868 2395 purissimis
889 2355 1079 2393 sanguinibus
1100 2354 1226 2392 Virginis
1248 2376 1255 2383 .
1278 2376 1284 2383 .
1399 2364 1414 2380 »
1440 2352 1495 2389 327

512 2415 526 2430 >v
609 2409 639 2428 vx
680 2386 784 2427 Utrum
804 2406 909 2442 corpus
924 2395 1030 2425 Christi
1051 2394 1136 2424 fuerit
1156 2395 1317 2424 secundum

709 2437 818 2475 aliquid
839 2437 983 2475 signatum
1004 2435 1034 2465 in
1048 2436 1144 2464 Adam
1163 2441 1192 2463 et
1205 2435 1235 2463 in
1255 2433 1318 2463 aliis

709 2477 838 2516 patribus
861 2499 888 2512 .,
890 2495 1315 2506 ...............
1399 2484 1415 2500 ›
1440 2472 1496 2509 329

510 2534 525 2549 s
609 2528 650 2548 vn
681 2519 784 2547 Utrum
800 2527 868 2546 caro
883 2515 1011 2545 Christi
1003 2525 1032 2544 ιιι
1047 2514 1174 2553 antiquis
1189 2514 1318 2552 patribus

710 2565 829 2596 peccato
851 2557 955 2586 infecta
976 2555 1061 2585 fuerit
1071 2576 1317 2584 .........
1401 2563 1417 2581 2
1442 2552 1498 2581 330

512 2614 527 2629 ι»
610 2607 663 2628 vm
682 2600 786 2628 Utrum
795 2597 925 2626 Christus
937 2595 1020 2625 fuerit
1031 2596 1061 2624 in
1070 2595 1177 2624 lumbis
1185 2595 1319 2623 Abrahae

712 2639 871 2667 decimatus
888 2659 895 2666 .
924 2655 1318 2665 ..............
1402 2644 1418 2661 2
1442 2634 1494 2662 331

663 2718 856 2755 QUAEsrto
878 2704 1265 2745 TmGE'stMAsizcuNDA

546 2795 595 2823 De
616 2791 783 2829 principio
805 2790 922 2819 activo
943 2788 978 2817 in
999 2787 1223 2823 conceptione
1245 2785 1385 2816 Christi.

435 2879 599 2902 ARTICULUS
614 2879 624 2898 1
684 2869 788 2897 Utrum
820 2865 934 2896 efficere
963 2864 1186 2901 conceptionem
1213 2863 1319 2892 Christi

716 2909 818 2936 debeat
839 2905 956 2935 attribui
977 2904 1095 2942 Spiritui
1117 2905 1224 2932 Sancto
1253 2925 1259 2932 .
1283 2926 1289 2932 .
1312 2925 1319 2932 .
1402 2915 1418 2931 2
1443 2904 1497 2932 333

516 2963 531 2978 ι
614 2958 636 2978 11
686 2950 789 2978 Utrum
812 2946 942 2975 Christus
963 2946 1066 2974 debeat
1086 2944 1142 2972 dici
1163 2950 1320 2980 conceptus

715 2988 750 3016 de
777 2986 883 3024 Spiritu
905 2986 1012 3014 Sancto
1015 3005 1320 3013 ...........
1402 2994 1418 3010 s
1444 2984 1501 3019 334

518 3043 532 3058 2
615 3038 647 3058 111
687 3029 791 3057 Utrum
822 3026 944 3063 Spiritus
975 3026 1098 3054 Sanctus
1132 3024 1236 3052 debeat
1266 3023 1322 3052 dici

718 3074 797 3104 pater
812 3066 916 3095 Christi
931 3065 1091 3094 secundum
1103 3063 1419 3092 humanitatem.»
1445 3063 1498 3092 335

519 3121 534 3136 2
618 3117 647 3137 ιν
687 3109 789 3136 Utrum
806 3109 894 3135 Beata
903 3106 992 3143 Virgo
1007 3104 1115 3142 aliquid
1131 3103 1220 3132 active
1235 3102 1323 3140 egerit

718 3148 747 3176 in
768 3146 959 3183 conceptione
980 3144 1111 3181 corporis
1133 3143 1292 3172 Christi..
1315 3164 1322 3171 .
1404 3153 1419 3169 2
1446 3143 1501 3180 337

690 3232 884 3269 QUAESTlO
905 3229 1253 3259 TRIGESIMATERTlA

579 3307 628 3336 De
648 3305 752 3336 modo
773 3306 809 3334 et
831 3303 949 3334 ordine
970 3303 1207 3340 conceptionis
1228 3302 1368 3336 Christi.

443 3392 607 3414 ART1CULUS
623 3392 633 3411 1
692 3383 794 3411 Utrum
815 3390 921 3417 corpus
939 3380 1044 3409 Christi
1065 3379 1149 3408 fuerit
1171 3380 1326 3408 formatum

721 3421 749 3449 in
773 3421 865 3458 primo
894 3419 1011 3448 instanti
1039 3418 1237 3455 conceptionis
1259 3440 1265 3447 .
1288 3440 1295 3447 .
1318 3440 1325 3447 .
1409 3429 1423 3445 »
1449 3417 1505 3452 340

525 3474 539 3489 2
623 3470 643 3490 ιι
694 3462 794 3490 Utrum
818 3469 923 3497 corpus
938 3458 1043 3488 Christi
1061 3458 1144 3487 fuerit
1164 3458 1325 3487 animatum

725 3500 754 3528 in
775 3500 869 3536 primo
895 3498 1011 3527 instanti
1041 3497 1238 3542 conceptionis
1260 3519 1267 3525 .
1289 3518 1296 3526 .
1318 3519 1325 3525 .
1409 3508 1424 3524 2
1450 3497 1505 3532 342

527 3552 540 3567 2
624 3549 655 3570 ιιι
695 3541 796 3568 Utrum
821 3548 888 3568 caro
914 3537 1019 3567 Christi
1048 3537 1126 3573 prius
1151 3537 1233 3566 fuerit
1257 3546 1326 3565 con-

724 3586 815 3615 cepta,
835 3585 862 3606 et
884 3578 1071 3622 postmodum
1093 3582 1239 3612 assumpta
1261 3596 1267 3603 .
1291 3597 1297 3603 .
1320 3596 1327 3603 .
1410 3585 1425 3601 2
1450 3575 1504 3610 343

527 3632 542 3648 s
626 3628 654 3648 tv
696 3619 796 3646 Utrum
809 3615 960 3653 conceptio
971 3615 1171 3644 Christifuerit
1182 3614 1327 3643 naturalis.
1411 3625 1426 3640 2
1451 3614 1508 3649 344

1423 281 1588 320 INDEX

1773 359 1967 395 QUAESTIO
1987 358 2355 394 TRIGESIMAQUARTA

1751 422 1803 452 De
1821 421 2033 459 pes-tectione
2052 421 2162 458 protis
2182 421 2383 458 conceptae.

1531 505 1696 527 ARthums
1709 505 1722 525 1
1752 508 1754 510 v
1781 497 1885 526 Utrum
1906 497 2037 526 Christus
2063 497 2148 525 fuerit
2174 496 2367 526 sanctificatus
2387 497 2417 526 in

1812 535 1909 574 primo
1928 536 2046 565 instanti
2065 545 2135 565 suae
2155 535 2358 574 conceptionis·
2377 557 2385 566 .

1613 587 1630 603 s
1713 585 1735 606 n
1784 577 1888 606 Utrum
1908 575 2048 612 Christus,
2069 577 2230 606 secundum
2257 575 2417 612 hominem,

1810 615 1945 645 habuerit
1957 625 2043 644 usum
2057 616 2140 645 liberi
2153 615 2263 645 arbitrii
2277 616 2308 645 in
2321 616 2418 654 primo

1768 675 1770 677 -
1813 655 1931 684 instanti
1950 664 2020 684 suae
2040 655 2241 694 conceptionis
2262 677 2417 686 ......

1785 696 1889 724 Utrum
1910 694 2043 724 Christus
2055 695 2086 724 in
2099 696 2194 733 primo
2211 695 2329 725 instanti
2349 705 2419 725 suae

1814 734 2014 772 conceptionis
2034 735 2139 765 mereri
2159 736 2294 772 potuerit.
2321 757 2330 765 .
2353 757 2360 765 .
2381 757 2389 765 .
2412 757 2418 764 .

1786 776 1889 804 Utrum
1910 774 2042 804 Christus
2066 774 2152 804 fuerit
2177 776 2319 813 perfectus
2339 784 2420 805 com·

1815 815 1976 860 prehensor
2005 814 2036 843 in
2069 814 2166 852 primo
2200 814 2318 844 instanti
2350 824 2420 844 suae

1815 853 2025 892 conceptionis.

1616 708 1632 724 2
1713 705 1747 726 m

1616 787 1632 803 2
1644 784 1648 791 ’
1714 784 1746 805 lv

1784 943 1980 979 QUAESTio
1999 944 2357 980 TRIGESIMAQUINTA

1863 1015 1913 1045 De
1933 1015 2120 1046 nativitate
2141 1015 2281 1046 Christi.

1537 1101 1702 1123 Amicums
1715 1102 1727 1122 1
1786 1093 1890 1122 Utrum
1911 1092 2045 1123 nativitas
2061 1099 2182 1122 naturae
2195 1094 2349 1123 conveniat
2362 1102 2423 1124 ma-

1816 1133 1860 1171 gis
1881 1141 1969 1170 quam
1990 1141 2133 1170 personae
2148 1154 2423 1164 ..........

1790 1173 1894 1202 Utrum
1914 1172 2031 1202 Chr'ssto
2055 1172 2093 1202 sit
2117 1173 2301 1202 attribuenda
2326 1173 2425 1212 aliqua

1818 1212 1952 1242 nativitas
1971 1213 2149 1249 temporalis.
2177 1233 2424 1243 .........

1792 1252 1896 1282 Utrum
1923 1253 2085 1282 secundum
2111 1253 2301 1291 temporalem
2321 1253 2424 1282 nativi-

1821 1299 1910 1322 tatem
1925 1291 2032 1322 Christi
2045 1293 2135 1323 Beata
2147 1293 2237 1331 Virgo
2257 1293 2351 1331 possit
2370 1293 2427 1324 dici

1821 1338 1914 1361 mater
1934 1332 1996 1361 eius
1998 1354 2424 1363 ...............

1719 1380 1751 1401 ιν
1790 1372 1895 1401 Utrum
1901 1371 2078 1410 Batava-go
2089 1373 2193 1402 debeat
2201 1372 2258 1402 dici
2267 1380 2359 1403 mater
2363 1373 2426 1404 Dei.

1720 1420 1740 1440 v
1789 1412 1894 1441 Utrum
1912 1411 1942 1441 in
1957 1412 2073 1441 Christo
2094 1412 2151 1442 sint
2164 1413 2239 1443 duae
2262 1413 2426 1443 filiationes.

1720 1460 1751 1480 vt
1791 1452 1894 1480 Utrum
1909 1451 2040 1480 Christus
2054 1452 2138 1481 fuerit
2152 1459 2236 1482 natus
2250 1453 2312 1482 sine
2325 1454 2427 1483 dolore

1823 1498 1922 1520 matris
1941 1512 2426 1522 .................

1625 1543 1640 1558 »
1722 1540 1763 1560 vn
1793 1530 2050 1577 Utrum-Christus
2071 1531 2203 1561 debuerit
2215 1531 2246 1560 in
2261 1533 2430 1563 Bethlehem

1823 1579 1903 1600 nasci
1913 1591 2427 1603 ..................

1623 1621 1640 1638 2
1721 1618 1775 1639 vm
1796 1611 1899 1639 Utrum
1911 1611 2042 1640 Christus
2055 1611 2140 1641 fuerit
2154 1621 2284 1650 congruo
2299 1618 2430 1651 tempore

1821 1657 1917 1680 natus.

1619 1184 1635 1200 2
1717 1181 1740 1202 11

1620 1264 1637 1281 t
1719 1261 1752 1282 m

1622 1424 1639 1479 ὓ.

1806 1739 2000 1776 QUAESTIO
2021 1740 2355 1769 TRIGESlMASEXTA

1773 1802 1824 1834 De
1844 1801 2129 1833 manifestatione
2149 1801 2280 1833 Christi
2298 1803 2389 1834 nati-⁷

1544 1887 1709 1908 Αιιτῐουιυε
1723 1887 1734 1908 1
1794 1879 1898 1908 Utrum
1919 1878 2026 1908 Christi
2045 1879 2179 1909 nativitas
2193 1880 2324 1909 debuerit
2337 1880 2432 1910 omni-

1825 1919 1880 1946 bus
1900 1927 1964 1947 esse
1984 1918 2135 1948 manifesta
2154 1940 2430 1950 ..........
2470 1916 2473 1917 ’

1627 1968 1643 1985 s
1725 1966 1748 1986 11
1797 1958 1901 1986 Utrum
1928 1957 2062 1987 nativitas
2083 1958 2189 1989 Christi
2216 1959 2360 1997 aliquibus
2382 1960 2432 1989 de-

1827 1997 1922 2026 buerit
1949 1998 2146 2027 manifestari.·
2159 2019 2432 2029 ..........

1799 2037 1903 2066 Utrum
1925 2036 1982 2066 sint
2002 2038 2208 2067 convenienter
2221 2038 2303 2067 electi
2316 2038 2356 2067 ini
2371 2039 2435 2076 qui-

1826 2077 1882 2105 bus
1902 2083 1946 2105 est
1966 2077 2073 2108 Christi
2092 2077 2225 2108 nativitas
2246 2077 2435 2108 manifestata.

1799 2117 1903 2145 Utrum
1923 2116 2055 2146 Christus
2073 2127 2125 2154 per
2138 2117 2266 2156 seipsum
2286 2127 2369 2147 suam
2383 2128 2436 2149 na-

1828 2156 1969 2186 tivitatem
1991 2156 2173 2186 manifestare
2194 2157 2325 2187 debuerit
2339 2180 2347 2188 .
2369 2180 2376 2188 .
2398 2180 2406 2188 .
2427 2180 2435 2188 .

1800 2196 1903 2225 Utrum
1933 2196 2065 2226 nativitas
2091 2197 2197 2226 Christi
2227 2197 2359 2227 debuerit
2385 2208 2437 2236 per

1831 2236 1950 2274 angelos
1971 2243 2000 2266 et
2019 2236 2131 2266 stellam
2151 2236 2377 2268 manifestari..
2398 2259 2406 2267 .
2428 2260 2436 2268 .

1801 2276 1906 2324 Utrum
1926 2276 2110 2306 convenienti
2128 2277 2232 2306 ordine
2245 2277 2352 2307 Christi
2363 2277 2437 2307 nati-

1629 2049 1645 2065 θ

1727 2045 1761 2066 m

1630 2128 1646 2144 ›
1729 2124 1760 2153 tv

1730 2204 1751 2224 V

1730 2284 1762 2305 VI

1830 2314 1904 2344 vitas
1924 2316 2010 2346 fuerit
2029 2316 2210 2346 manifestata
2222 2339 2437 2347 ........
2481 2353 2484 2356 .

1634 2368 1649 2383 u
1731 2356 1906 2385 vrtUtrum
1921 2356 2002 2385 stella
2011 2366 2086 2394 quae
2097 2356 2189 2395 Magis
2199 2356 2341 2399 apparuit,
2352 2357 2438 2386 fuerit

1831 2405 1890 2424 una
1911 2396 1948 2424 de
1968 2396 2139 2425 caelestibus
2160 2396 2248 2426 stellis

1633 2447 1648 2463 s
1731 2444 1784 2464 vm
1803 2437 1906 2465 Utrum
1927 2436 2004 2474 Magi
2024 2436 2228 2466 convenienter
2248 2436 2379 2466 venerint
2399 2438 2438 2466 ad

1833 2475 1980 2504 Christum
1995 2477 2178 2505 adorandum
2192 2482 2221 2505 et
2230 2477 2436 2506 venerandum.

1795 2564 1989 2600 QUAESTIO
2009 2565 2383 2601 TRIGESIMASEPTIMA

2407 536 2595 577 ,1105345

2499 667 2515 683 2
2541 657 2597 692 346

2500 745 2516 762 2
2542 736 2597 772 348

2501 865 2517 882 ¹·
2543 856 2599 894 349

2505 1145 2521 1162 2
2546 1136 2598 1165 351

2506 1189 2602 1245 21353

2507 1346 2523 1363 2
2548 1335 2606 1372 354

2508 1385 2525 1403 2
2549 1375 2604 1405 355

2509 1426 2525 1442 s
2550 1415 2607 1445 356

2508 1505 2525 1522 2
2550 1495 2608 1526 360

2510 1585 2526 1601 2
2550 1574 2603 1604 361

2513 1665 2528 1686 a·
2540 1647 2542 1649 ¹
2553 1639 2607 1684 '³8⁵3

1640 2640 1690 2670 De
1710 2638 1970 2669 circumcisione
1992 2637 2122 2668 misisti
2141 2639 2178 2668 et
2197 2637 2240 2668 de
2260 2639 2340 2668 aliia
2360 2639 2528 2675 legalibus
2568 2612 2570 2616 »

1743 2678 1837 2709 circa
1855 2685 1998 2715 puerum
2019 2677 2195 2709 christum
2216 2678 2428 2709 observatis.

1554 2765 1720 2786 anteimus
1734 2765 1745 2786 1
1804 2756 1908 2785 Utrum
1929 2755 2060 2783 Christus
2081 2755 2212 2784 debuerit
2232 2754 2416 2784 circumcidi.
2431 2776 2438 2784 .

1636 2807 1651 2823 s
1735 2804 1756 2825 n
1805 2796 1909 2824 Utrum
1931 2794 2136 2823 convenienter
2155 2794 2241 2823 fuerit
2257 2794 2372 2824 Christo
2386 2803 2440 2824 no-

1834 2844 1900 2864 men
1921 2834 2091 2871 impositum
2107 2855 2435 2864 ............

1637 2887 1653 2902 ι
1734 2884 1767 2904 ιιι
1806 2875 1908 2904 Utrum
1931 2873 2136 2903 convenienter
2156 2874 2240 2902 fuerit
2261 2874 2391 2903 Christus
2410 2874 2440 2903 in

1834 2915 1960 2951 Templo
1982 2914 2095 2942 oblatus
2107 2934 2440 2943 ............

1638 2968 1653 2983 »
1735 2964 1765 2984 rv
1805 2955 1908 2983 Utrum
1939 2953 2144 2982 convenienter
2174 2954 2266 2982 Mater
2296 2954 2348 2982 Dei
2373 2963 2440 2991 pur-

1834 2995 1930 3032 ganda
1949 2994 1987 3022 ad
2007 2993 2164 3030 Templum
2186 2993 2355 3023 accessu-it.
2376 3015 2384 3022 .
2405 3015 2414 3023 .
2435 3015 2442 3022 .

1797 3073 1992 3109 QUAESTIO
2012 3073 2381 3101 TRIGESIMAOCTAVA

1883 3145 1932 3175 De
1953 3144 2128 3185 baptismo
2149 3144 2304 3174 loannis.

1558 3225 1724 3247 mucimus
1737 3224 1748 3245 ι
1807 3215 1912 3261 Utrum
1933 3214 2017 3243 fuerit
2037 3213 2213 3243 conveniens
2233 3215 2372 3243 loannem
2394 3215 2443 3242 ba-

1859 3261 1946 3283 tizare
1961 3274 2440 3283 .................

1641 3307 1657 3323 2
1740 3304 1761 3324 11
1811 3264 1915 3323 υξιιιιιι
1937 3293 2098 3331 baptismus
2111 3293 2227 3322 Ioannis
2239 3293 2324 3322 fuerit
2337 3302 2355 3322 a
2369 3294 2442 3322 Deo.

1642 3346 1657 3363 2
1740 3343 1773 3364 m
1812 3335 1915 3364 Utrum
1937 3333 1966 3362 in
1987 3333 2132 3370 baptismo
2153 3332 2268 3362 loannis
2288 3332 2379 3370 gratia
2393 3333 2444 3362 da-

1643 3426 1659 3442 ,
1740 3423 1772 3443 w
1811 3381 2444 3458 1153sstapus0·1;‚‚·„;„;;01„;etss;

1841 3453 1972 3482 debuerit
1991 3451 2130 3489 baptizari
2145 3470 2442 3480 ...........

1643 3506 1659 3522 ι
1740 3501 1761 3522 v
1810 3494 1912 3522 Utrum
1923 3490 2206 3538 baptismusIoannis
2216 3497 2326 3519 cessare
2327 3489 2442 3518 debue-

1742 3581 1772 3601 vt

1841 3533 1877 3561 rit
1898 3538 2052 3569 postquam
2067 3530 2198 3560 Christus
2214 3534 2258 3558 est
2274 3528 2442 3565 baptizatus.

1812 3570 2081 3647 υὲἓῗωῖἓῗέἓ.
2093 3567 2413 3646 ῗέἒὲῗὲῗέἒέῗὶἱῗέἰ.
2384 3568 2442 3596 ‘⁰⁰

2521 2765 2538 2785 2
2562 2755 2616 2793 375

2518 2845 2535 2863 »
2559 2834 2616 2873 ³77

2522 2924 2538 2941 s
2563 2915 2619 2952 378

2523 3003 2540 3020 s
2564 2993 2620 3023 ³80

2523 3263 2539 3280 2
2564 3253 2615 3282 381

2523 3302 2540 3319 2
2565 3292 2620 3321 382

2523 3379 2540 3396 2
2566 3370 2618 3399 383

2527 3461 2540 3475 »
2566 3450 2622 3484 384

2526 3618 2542 3634 2
2567 3608 2620 3636 385
