2872 3970
44 613 55 625 ⁸
73 613 130 641 Cap.
144 618 176 640 m,
195 618 219 634 n.
236 619 254 634 ι.

0 1734 3 1778 ζ
38 1742 240 1770 ‘Qu-xxxix,art.¹
246 1758 251 1763 .

0 1799 9 1835 'h
37 1799 52 1811 ⁴
66 1799 114 1827 Qu.
129 1805 162 1827 iu,
178 1803 219 1821 art.
230 1805 251 1827 7.

37 2485 114 2508 ‘Am
132 2493 150 2508 ι.

0 2601 2 2603 >
40 2588 96 2611 'De
109 2588 168 2610 Fide
181 2588 250 2610 Orth.

32 2615 82 2638 lib.
96 2615 136 2643 nl,
151 2621 202 2643 cap.
218 2621 250 2637 lv.

41 3045 53 3056 ¹
65 3045 91 3068 111
103 3047 203 3075 exposit.
212 3048 250 3070 2⁵⁸⁵

0 3086 1 3090 ,
37 3075 137 3095 nentem.

1005 226 1269 274 QUAESTIO
1298 227 1346 269 II,
1376 225 1668 263 ARTICULUS
1696 226 1747 262 IV

285 309 386 348 priam
410 307 706 338 denominationem
724 308 845 347 primae
861 307 1062 342 substantiae,
1080 312 1156 346 puta
1172 307 1266 336 huius
1289 307 1348 336 ho-

284 353 396 388 minis,
423 362 481 382 seu
508 352 654 382 Socratis.
683 352 724 381 Et
749 357 918 390 propterea
946 360 1013 380 non
1040 351 1200 380 invenitur
1228 360 1348 390 suppo-

284 396 380 426 situm
403 397 437 426 in
461 396 528 426 aliis
551 395 830 435 praedicamentis,
861 394 916 424 sed
939 395 972 424 in
995 394 1065 424 solo
1089 394 1347 434 praedicamento

284 440 487 470 substantiae.

337 483 536 524 Hypostasis
563 487 671 513 autem
700 491 851 522 graecum
881 487 927 512 est
955 482 1167 512 vocabulum:
1202 488 1233 512 et
1262 482 1347 512 idem

283 526 439 566 significat
455 526 544 567 quod
559 525 646 566 apud
660 535 720 562 nos
735 526 923 561 substantia,
941 525 1106 566 loquendo
1124 525 1163 556 de
1175 527 1348 556 substantia

281 580 365 611 quae
374 572 519 611 proprie,
527 570 755 610 principaliter
769 575 800 600 et
815 570 954 600 maxime
970 570 1097 604 dicitur,
1116 575 1151 599 ut
1166 570 1299 600 habetur
1314 570 1348 600 in

281 615 555 645 Praedicamentis
574 615 600 644 ’ἦ
617 614 691 644 Hoc
710 619 772 643 est:
797 613 953 653 significat
969 614 1112 654 primam
1127 614 1346 644 substantiam.

336 659 430 689 Ratio
453 659 549 688 huius
573 658 768 697 quaestionis
790 667 858 687 non
882 658 977 687 habet
1000 663 1106 688 ortum
1129 667 1146 687 a
1161 667 1204 693 re,
1230 657 1285 688 sed
1309 659 1346 687 ab

282 702 447 742 opinione.
472 702 637 740 Quoniam
660 701 839 731 secundum
858 711 935 737 rem,
959 702 992 731 in
1009 702 1196 741 quaestione
1219 711 1348 741 praece-

281 745 384 776 dentis
407 746 545 782 articuli,
570 745 610 775 de
632 746 754 775 unione
776 746 810 775 in
833 755 985 785 persona,
1009 745 1208 775 tractandum
1239 751 1285 775 est
1308 745 1347 775 de

281 790 403 820 unione
421 790 454 819 in
469 789 632 829 hypostasi
651 798 708 819 seu
727 790 912 829 supposito:
942 791 1106 829 quoniam,
1125 791 1158 820 in
1173 795 1286 819 natura
1300 799 1348 819 ra-

280 833 392 863 tionali
408 843 465 863 seu
480 833 686 863 intellectuali
708 833 885 873 loquendo.
907 843 1086 874 synonyma
1108 839 1182 864 sunt
1200 842 1347 873 persona,

280 878 458 918 hypostasis
486 882 518 907 et
551 878 773 917 suppositum;
807 877 974 917 quodlibet
1002 878 1087 907 enim
1122 879 1239 908 horum
1269 877 1348 906 nihil

280 920 367 951 aliud
381 922 533 961 importat
556 930 653 960 quarn
671 922 807 961 primam
831 921 1038 951 substantiam
1061 922 1095 951 in
1113 927 1225 952 natura
1253 921 1348 950 ratio-

280 965 353 995 nali.
378 965 441 995 Sed
463 965 651 1004 ignorantia,
675 970 712 995 ut
733 966 766 995 in
786 965 888 995 littera
904 965 1027 1001 dicitur,
1048 965 1252 1005 quorundam
1275 974 1349 1004 pro-

279 1009 380 1048 priam
397 1018 511 1040 vocem
532 1010 758 1049 ignorantium,
776 1008 1000 1049 distinguendo
1027 1009 1190 1039 intellectu
1213 1009 1301 1044 haec,
1319 1014 1350 1038 et

2418 226 2461 262 31

1401 305 1537 336 dicendo
1556 305 1644 345 quod
1657 306 1735 335 unio
1753 311 1798 335 est
1816 305 1898 335 facta
1913 306 1945 335 in
1966 315 2101 345 persona
2118 312 2148 335 et
2167 316 2233 336 non
2246 306 2279 336 in
2291 306 2465 347 hypostasi,

1401 351 1539 380 obtinuit
1562 355 1607 385 ut,
1631 355 1705 389 post
1727 349 1896 379 articulum
1920 349 1959 379 de
1982 351 2103 379 unione
2127 350 2159 379 in
2183 359 2334 390 persona,
2358 351 2465 390 inqui-

1400 399 1521 424 reretur
1544 393 1584 424 de
1606 394 1728 423 unione
1751 394 1785 422 in
1808 394 1980 433 hypostasi.

1455 438 1491 467 II.
1517 438 1551 467 In
1575 446 1711 476 corpore
1735 437 1857 467 articuli
1887 447 1954 466 non
1979 446 2061 476 opus
2086 442 2132 467 est
2159 436 2376 473 distinctione,
2410 437 2465 468 sed

1399 482 1622 512 annotatione:
1656 481 1745 520 quod
1767 482 1801 510 in
1825 480 2090 510 determinatione
2113 481 2207 510 huius
2231 481 2354 511 articuli
2377 486 2464 521 patet

1397 521 1462 555 tam
1485 526 1622 565 primam
1646 534 1743 564 quam
1766 525 1890 554 tertiam
1914 525 2104 564 opinionem
2127 525 2257 554 relatam
2279 535 2296 554 a
2312 525 2463 565 Magistro

1399 569 1634 599 Sententiarum
1653 570 1686 598 in
1698 579 1729 598 VI
1750 568 1952 598 distinctione
1969 568 2009 598 111
2022 568 2119 604 sent„
2134 578 2201 598 esse
2217 569 2374 598 haeresim
2387 570 2464 599 olim

1399 614 1438 643 ab
1453 613 1599 643 Ecclesia
1618 613 1813 643 damnatam.
1849 612 1931 642 Nam
1947 613 2049 652 prima
2072 613 2164 652 ponit
2181 611 2258 642 duas
2281 613 2314 642 in
2337 612 2464 643 Christo

1399 658 1604 707 hypostases.
1632 657 1722 686 tertia
1745 662 1853 686 autern
1876 666 1943 686 non
1967 656 2074 686 solum
2098 656 2175 686 duas
2198 656 2291 695 ponit
2314 657 2465 696 hyposta—

1401 711 1459 737 ses,
1472 700 1528 731 sed
1544 701 1639 730 etiarn
1654 705 1749 740 negat
1763 700 1920 730 unionem
1935 701 1968 729 in
1984 709 2130 739 persona,
2143 700 2271 755 proprie
2287 700 2464 740 loquendo,

1400 751 1437 775 ut
1459 750 1546 784 patet
1569 745 1623 774 ibi.

1457 789 1507 818 111.
1532 788 1567 818 ln
1592 787 1707 818 eodem
1731 788 1881 823 articulo,
1912 788 1946 817 in
1969 788 2179 827 responsione
2207 787 2246 818 ad
2269 787 2464 823 secundum,

1401 838 1474 862 sunt
1503 832 1556 862 illa
1578 832 1673 862 verba
1704 831 1743 862 de
1772 832 1967 862 humanitate
1998 831 2115 862 Christi
2143 831 2300 867 notanda,
2329 831 2463 862 scilicet:

1401 877 1476 916 quia
1501 881 1605 906 tamen
1630 876 1716 906 venit
1738 876 1770 905 in
1796 876 1946 905 unionem
1969 875 2135 906 cuiusdam
2159 876 2321 915 completi,
2345 876 2467 906 scilicet

1402 920 1499 950 totius
1517 920 1637 949 Christi
1654 925 1757 959 prout
1775 925 1821 949 est
1842 920 1931 950 Deus
1947 925 1978 949 et
1991 920 2097 955 homo,
2116 925 2174 950 etc.
2200 920 2351 959 Inger-unt
2366 920 2465 959 siqui-

1403 964 1476 994 dem
1499 964 1578 993 haec
1598 964 1693 993 verba
1716 963 1932 993 difficultatem
1957 963 1995 993 de
2012 964 2248 1003 compositione
2265 963 2390 994 Christi.
2416 964 2465 993 De

1403 1017 1467 1047 qua
1490 1008 1566 1047 quia
1588 1017 1725 1046 sequens
1748 1013 1858 1037 tractat
1881 1008 2040 1043 articulus,
2064 1013 2269 1037 transeamus.

1062 1166 1380 1208 ARTICULUS
1411 1165 1684 1214 QUARTUS

904 1259 1058 1290 UTRUM
1081 1259 1280 1290 PERSONA
1304 1259 1477 1290 CHRISTI
1501 1259 1567 1290 SIT
1592 1259 1845 1290 COMPOSITA

1131 1337 1162 1362 111
1180 1338 1263 1367 Sent.,
1283 1338 1341 1363 dist.
1359 1344 1394 1368 vi,
1414 1345 1458 1370 qu.
1477 1345 1505 1366 ιι,
1524 1343 1570 1363 art.
1592 1337 1615 1363 3.

324 1443 375 1482 ,ἧι
398 1464 403 1471 ἱ
431 1454 437 1459 ,
489 1438 512 1462 n
533 1437 704 1468 QUARTUM
724 1437 776 1462 SIC
795 1437 1031 1462 PROCEDITUR.
1056 1424 1217 1462 Videtur
1236 1425 1343 1473 quod

421 1478 450 1487 ”
470 1500 471 1503 =
490 1490 657 1527 persona
677 1477 814 1514 Christi
834 1489 916 1514 non
936 1478 981 1514 sit
1000 1477 1225 1526 composita.
1255 1479 1343 1514 Per-

317 1567 320 1579 ἱ
343 1570 345 1574 ,
466 1543 587 1569 sona
614 1530 719 1567 enirn
749 1530 887 1567 Christi
916 1543 996 1567 non
1019 1538 1074 1566 est
1093 1530 1196 1567 aliud
1224 1542 1344 1579 quam

339 1603 347 1609 «
371 1586 387 1596 ”
412 1594 425 1618 ι]
449 1577 656 1633 &persona
683 1584 745 1619 vel
772 1583 987 1632 hypostasis
1006 1583 1134 1630 Verbi,
1154 1590 1196 1619 ut
1222 1595 1268 1619 ex
1287 1583 1342 1619 di-

280 1634 381 1672 ctis*
398 1643 512 1685 patet.
535 1636 639 1674 Sed'
630 1648 670 1673 1n
684 1636 813 1673 Verbo
833 1648 913 1673 non
933 1643 988 1672 est
1007 1636 1110 1672 aliud
1129 1648 1294 1694 persona
1309 1643 1345 1672 et

279 1696 433 1725 natura:
463 1697 505 1726 ut
523 1696 626 1738 patet
644 1701 691 1725 ex
709 1688 768 1725 his
794 1701 894 1737 quae
922 1688 1023 1725 dicta
1050 1696 1139 1725 sunt
1157 1688 1196 1724 in
1216 1688 1345 1725 Prima

280 1742 390 1778 Parte
410 1741 440 1778 ²¹².
472 1742 574 1778 Cum
602 1753 692 1789 ergo
721 1749 857 1778 natura
884 1741 1001 1778 Verbi
1029 1741 1075 1777 sit
1103 1741 1275 1789 simplex,
1303 1749 1345 1777 ut

279 1793 319 1830 in
347 1793 479 1830 Primo
498 1794 519 1816 ’¹‘
547 1801 745 1830 ostensum
780 1801 853 1838 est,
882 1793 1117 1842 impossibile
1150 1801 1206 1829 est
1237 1794 1344 1841 quod

279 1858 446 1895 persona
474 1846 614 1883 Christi
642 1846 688 1882 sit
715 1846 940 1895 composita.

334 1911 368 1935 2.
399 1900 636 1945 PRAETEREA,
666 1899 793 1936 omnis
826 1898 1055 1948 compositio
1084 1898 1236 1935 videtur
1263 1911 1345 1935 esse

279 1964 326 1989 ex
344 1951 526 2001 partibus.
558 1952 634 1990 Sed
654 1951 784 1989 divina
807 1959 943 1989 natura
961 1964 1042 1989 non
1061 1959 1185 2001 potest
1202 1951 1345 1988 habere

278 2004 467 2042 rationem
494 2004 627 2054 partis:
657 2004 748 2054 quia
767 2005 894 2042 omnis
912 2017 1000 2054 pars
1019 2005 1134 2041 habet
1157 2004 1345 2041 rationem

278 2057 499 2106 imperfecti.
538 2059 640 2105 Ergo
677 2058 912 2107 impossibile
947 2065 1002 2095 est
1036 2057 1143 2106 quod
1179 2069 1346 2107 persona

281 2110 419 2148 Christi
448 2110 494 2148 sit
521 2111 736 2159 composita
765 2123 810 2148 ex
838 2111 990 2148 duabus
1018 2110 1174 2147 naturis.

334 2163 369 2199 3.
399 2164 632 2210 PRAETEREA,
661 2164 769 2213 quod
797 2163 1046 2213 componitur
1073 2176 1120 2200 ex
1141 2163 1344 2212 aliquibuS,

278 2215 431 2253 videtur
465 2229 547 2254 esse
580 2217 870 2264 homogeneum
902 2217 973 2254 eis:
1011 2216 1107 2253 sicut
1134 2229 1180 2254 ex
1208 2228 1344 2265 corpo-

279 2268 384 2305 ribus
411 2281 493 2306 non
528 2269 775 2318 componitur
801 2269 874 2306 nisi
901 2281 1053 2318 corpus.
1091 2269 1131 2306 Si
1159 2269 1271 2317 igitur
1298 2281 1345 2305 ex

278 2322 431 2358 duabus
450 2322 595 2359 naturis
614 2322 757 2371 aliquid
778 2322 823 2359 sit
840 2322 879 2359 in
901 2323 1052 2359 Christo
1071 2322 1342 2371 compositum,

278 2386 521 2424 consequens
549 2374 617 2411 erit
644 2375 751 2424 quod
779 2375 872 2412 illud
893 2387 974 2412 non
994 2375 1062 2412 erit
1079 2387 1255 2424 persona,
1277 2375 1343 2412 sed

278 2434 424 2464 natura.
452 2429 500 2465 Et
518 2427 572 2464 sic
590 2427 630 2464 in
650 2427 801 2465 Christo
822 2428 890 2465 erit
907 2428 1003 2465 facta
1022 2428 1115 2465 unio
1136 2428 1175 2465 in
1194 2435 1340 2465 natura.

279 2480 399 2526 Quod
428 2488 483 2517 est
509 2488 641 2518 contra
668 2481 861 2530 praedicta
879 2481 909 2518 ²¹⁸.

334 2533 408 2570 SED
437 2545 582 2570 CONTRA
609 2546 674 2571 EST
702 2534 809 2583 quod
832 2535 1096 2571 Damascenus
1116 2533 1216 2581 dicit,
1236 2535 1282 2570 ΙΙΙ
1301 2533 1342 2570 li-

278 2585 349 2621 bro
375 2585 406 2622 *t
435 2587 482 2622 In
509 2587 674 2624 Domino
703 2589 787 2624 Iesu
811 2588 955 2624 Christo
983 2587 1075 2624 duas
1103 2593 1256 2624 naturas
1284 2599 1342 2624 co-

276 2639 511 2688 gnoscimus.-
543 2651 658 2676 unam
686 2646 808 2677 autem
837 2641 1075 2691 hypostasim,
1105 2652 1155 2676 ex
1182 2641 1343 2689 utrisque

277 2693 530 2741 compositam.

1451 1426 1676 1462 RESPONDEO
1705 1437 1887 1462 DICENDUM
1915 1426 2022 1474 quod
2050 1438 2215 1474 persona
2242 1426 2320 1463 sive
2340 1428 2464 1477 hypo-

1398 1477 1505 1514 stasis
1535 1477 1672 1514 Christi
1704 1477 1904 1526 dupliciter
1939 1478 2169 1515 considerari
2203 1487 2341 1528 potest.
2376 1481 2463 1529 Uno

1399 1530 1537 1577 modo,
1568 1530 1784 1566 secundum
1812 1530 1850 1566 id
1879 1531 1985 1579 quod
2014 1539 2069 1567 est
2096 1531 2135 1568 in
2164 1544 2215 1568 se.
2253 1533 2301 1569 Et
2328 1532 2380 1569 sic
2409 1541 2464 1570 est

1399 1582 1560 1619 omnino
1593 1582 1771 1631 simplex:
1809 1583 1905 1619 sicut
1938 1591 1972 1620 et
2005 1591 2139 1620 natura
2166 1584 2294 1621 Verbi.
2324 1608 2349 1612 —
2378 1585 2463 1623 Alio

1399 1636 1536 1682 modo,
1566 1636 1782 1672 secundum
1815 1635 2003 1672 rationem
2035 1649 2222 1684 personae
2251 1639 2312 1674 vel
2340 1639 2463 1687 hypo-

1399 1688 1516 1734 stasis,
1537 1688 1586 1724 ad
1615 1700 1734 1736 quam
1761 1688 1923 1736 pertinet
1950 1688 2153 1726 subsistere
2182 1689 2220 1725 in
2249 1690 2376 1738 aliqua
2398 1703 2463 1728 na-

1399 1748 1494 1776 tura.
1526 1741 1573 1776 Et
1592 1740 1808 1776 secundum
1837 1741 1923 1786 hoc,
1944 1753 2110 1789 persona
2132 1742 2271 1778 Christi
2299 1743 2465 1780 subsistit

1399 1793 1439 1829 in
1458 1793 1611 1829 duabus
1631 1792 1786 1828 naturis.
1817 1793 1940 1839 Unde,
1962 1793 2046 1829 licet
2065 1794 2110 1830 sit
2128 1794 2180 1830 ibi
2199 1806 2324 1831 unum
2344 1796 2464 1833 subsi-

1400 1853 1511 1891 stens,
1533 1853 1588 1881 est
1606 1853 1735 1882 tamen
1764 1845 1815 1881 ibi
1843 1845 1915 1882 alia
1943 1854 1978 1882 et
2001 1846 2072 1882 alia
2100 1847 2194 1883 ratio
2223 1847 2462 1885 subsistendi.

1400 1899 1448 1935 Et
1476 1898 1529 1934 sic
1557 1898 1693 1935 dicitur
1719 1910 1885 1947 persona
1913 1898 2136 1948 composita,
2166 1899 2397 1949 inquantum
2421 1914 2464 1938 u-

1399 1963 1496 1988 num
1524 1951 1679 1988 duobus
1708 1951 1886 1988 subsistit.

1453 2005 1501 2040 Et
1528 2016 1597 2053 per
1624 2005 1701 2040 hoc
1728 2011 1830 2053 patet
1857 2004 2057 2053 responsio
2087 2006 2135 2042 ad
2164 2005 2346 2054 primum.

1453 2058 1510 2093 AD
1547 2069 1736 2094 SECUNDUM
1773 2069 1955 2094 DICENDUM
1992 2058 2098 2106 quod
2136 2058 2198 2095 illa
2234 2059 2463 2109 compositio

1399 2122 1586 2159 personae
1607 2123 1653 2147 ex
1681 2109 1824 2146 naturis
1852 2122 1932 2147 non
1952 2110 2088 2147 dicitur
2107 2123 2188 2148 esse
2207 2111 2352 2149 ratione
2380 2125 2464 2161 par-

1398 2163 1506 2209 tium,
1527 2163 1594 2199 sed
1622 2162 1749 2212 potius
1778 2162 1923 2200 ratione
1951 2163 2123 2200 numeri:
2155 2164 2251 2201 sicut
2278 2177 2395 2202 omne
2423 2165 2462 2202 il-

1399 2216 1465 2252 lud
1494 2216 1534 2252 in
1562 2228 1641 2264 quo
1679 2216 1759 2252 duo
1788 2215 2043 2264 conveniunt,
2073 2224 2197 2265 potest
2224 2217 2298 2254 dici
2335 2230 2381 2254 ex
2410 2218 2462 2255 eis

1399 2277 1670 2317 compositum.

1451 2322 1508 2358 Ao
1535 2333 1694 2359 TERTIUM
1713 2334 1895 2359 DICENDUM
1923 2323 2030 2371 quod
2050 2335 2130 2359 non
2159 2322 2197 2359 in
2222 2323 2330 2359 omni
2358 2335 2462 2360 com-

1397 2374 1587 2424 positione
1615 2375 1690 2411 hoc
1718 2375 1946 2422 verificatur,
1967 2375 2074 2424 quod
2102 2375 2194 2411 illud
2223 2376 2329 2424 quod
2358 2388 2461 2413 com-

1397 2427 1554 2476 ponitur
1591 2427 1636 2464 sit
1678 2428 1967 2476 homogeneum
2012 2428 2354 2477 componentibus,
2393 2429 2460 2465 sed

1398 2482 1525 2517 solum
1544 2480 1584 2517 in
1612 2480 1782 2529 partibus
1801 2480 1992 2527 continui;
2022 2493 2111 2518 nam
2133 2481 2361 2518 continuum
2380 2493 2460 2518 non

1397 2533 1644 2582 componitur
1662 2533 1734 2570 nisi
1763 2547 1809 2570 ex
1827 2533 2029 2570 continuis.
2059 2533 2213 2570 Animal
2235 2546 2328 2571 vero
2357 2546 2460 2570 com-

1396 2586 1553 2636 ponitur
1580 2599 1626 2623 ex
1654 2586 1783 2623 anima
1811 2594 1847 2622 et
1874 2598 2050 2635 corpore,
2081 2599 2250 2636 quorum
2279 2593 2459 2623 neutrum

1398 2647 1453 2676 est
1481 2639 1633 2676 animal.

952 2781 1285 2814 Commentaria
1308 2780 1561 2813 Cardjnalis
1582 2780 1783 2812 Caietani

281 2879 327 2942 IN
350 2868 444 2899 titulo
469 2868 572 2908 quarti
592 2868 725 2904 articuli,
750 2867 936 2905 difficillimi,
960 2869 1023 2899 hoc
1046 2869 1153 2899 solum
1177 2868 1340 2898 adverten-

309 2913 386 2943 dum
410 2913 558 2947 occurrit,
584 2911 673 2951 quod
693 2912 772 2942 ratio
789 2913 884 2942 huius
901 2913 1095 2952 quaestionis
1112 2918 1158 2943 est
1173 2913 1341 2953 multiplex
1394 2913 1498 2942 tiones
1522 2911 1721 2942 subsistendi.

277 2957 484 2997 antiquorum
508 2956 687 2985 Doctorum
711 2955 896 2992 auctoritas,
927 2957 1106 2996 exprimens
1130 2956 1247 2987 Christi
1269 2965 1341 2996 per-

277 3011 391 3032 sonam
414 3001 643 3039 compositam:
668 3004 705 3029 ut
726 3000 788 3035 hic,
814 3005 845 3030 et
866 3000 900 3030 in
923 3000 964 3030 111
981 3000 1067 3030 Sent.
1087 3010 1105 3030 a
1121 3000 1283 3040 Magistro,
1307 3001 1341 3030 in

278 3045 348 3076 dist.
365 3055 397 3075 VI
411 3045 438 3081 *,
463 3044 570 3074 habes.

333 3090 369 3120 In
392 3097 528 3128 corpore
552 3088 674 3118 articuli
698 3088 829 3127 ponitur
843 3097 909 3117 una
924 3086 1084 3118 distinctio
1101 3088 1285 3118 bimembris
1301 3087 1340 3118 de

277 3143 415 3174 persona
437 3132 571 3167 Christi;
600 3137 631 3161 et
653 3132 739 3161 iuxta
754 3131 885 3171 singula
908 3131 1051 3161 membra
1073 3132 1216 3171 singulae
1239 3141 1340 3172 appo-

277 3183 398 3208 nuntur
421 3176 655 3207 conclusiones.
672 3175 840 3205 Distinctio
865 3180 920 3205 est.
943 3175 1088 3205 Persona
1107 3175 1221 3205 dicitur
1237 3175 1341 3216 dupli-

278 3223 370 3252 citer:
395 3221 511 3261 primo,
536 3219 715 3250 secundum
738 3219 771 3249 id
794 3218 884 3259 quod
906 3219 940 3248 in
963 3228 996 3248 se
1021 3224 1082 3255 est;
1115 3219 1268 3255 secundo,
1293 3229 1340 3250 se-

278 3265 422 3297 cundum
444 3265 602 3294 rationem
624 3263 813 3304 hypostasis.

331 3310 437 3339 Prima
460 3308 626 3339 conclusio
651 3313 712 3338 est:
741 3308 884 3338 Persona
911 3306 1039 3342 Christi,
1062 3306 1235 3336 secundum
1260 3306 1341 3336 illud

277 3353 364 3395 quod
387 3353 420 3383 in
443 3362 477 3383 se
499 3357 554 3388 est,
579 3356 626 3382 est
648 3352 778 3382 omnino
801 3351 947 3391 simplex.
982 3350 1146 3380 Probatur.
1178 3350 1262 3388 Quia
1284 3360 1339 3381 na-

277 3404 348 3428 tura
369 3397 466 3427 Verbi
488 3396 550 3426 Dei
573 3401 620 3426 est
642 3396 777 3426 omnino
801 3395 944 3435 simplex.

333 3440 480 3472 Secunda
503 3440 669 3470 conclusio
694 3445 756 3470 est:
780 3440 924 3470 Persona
945 3438 1073 3474 Christi,
1089 3438 1262 3468 secundum
1286 3448 1339 3469 ra-

279 3485 396 3516 tionem
411 3484 602 3525 hypostasis,
619 3489 667 3514 est
681 3484 865 3524 composita.
881 3484 1044 3513 Probatur.
1061 3483 1200 3512 Persona
1212 3482 1339 3518 Christi,

278 3527 456 3560 secundum
479 3528 635 3558 rationem
658 3537 814 3568 personae
837 3537 894 3558 seu
917 3527 1111 3568 hypostasiS,
1142 3526 1282 3557 subsistit
1306 3527 1340 3556 in

1395 2867 1518 2898 duabus
1541 2868 1670 2898 naturis.
1694 2868 1779 2907 Ergo
1804 2872 1850 2897 est
1872 2867 1916 2897 ibi
1938 2876 2041 2897 unum
2060 2867 2242 2903 subsistens,
2259 2872 2290 2897 et
2313 2867 2394 2899 duae
2411 2878 2458 2899 ra-

1754 2912 1839 2950 Ergo
1863 2911 1907 2940 sic
1924 2920 2059 2950 persona
2084 2916 2130 2940 est
2146 2911 2333 2951 composita.
2348 2929 2368 2934 -
2391 2913 2458 2943 An-

1394 2956 1543 2986 tecedens
1565 2956 1727 2995 probatur.
1759 2955 1843 3005 Quia
1867 2955 1945 2984 ratio
1970 2955 2147 2994 hypostasis
2171 2955 2315 2985 consistit
2337 2956 2370 2986 in
2393 2957 2457 2987 hoc

1396 2999 1485 3040 quod
1509 3005 1555 3029 est
1578 2999 1746 3029 subsistere
1776 2999 1809 3028 in
1833 2998 1938 3038 aliqua
1961 3004 2081 3028 natura.
2117 2998 2164 3028 Ex
2187 2994 2250 3028 hoc
2279 3000 2365 3029 enim
2391 3010 2458 3030 ma-

1394 3043 1508 3073 nifeste
1531 3043 1663 3073 habetur
1680 3041 1768 3082 quod
1786 3042 1929 3072 Verbum
1945 3042 2015 3078 Dei,
2032 3042 2210 3072 secundum
2226 3052 2381 3082 personae
2400 3054 2458 3075 seu

1395 3087 1573 3128 hypostasis
1596 3087 1769 3122 rationem,
1793 3086 1933 3116 subsistit
1955 3086 1989 3116 in
2017 3085 2139 3116 duabus
2162 3088 2291 3117 naturis.
2308 3105 2328 3109 —
2352 3087 2458 3118 Prima

1395 3140 1470 3161 vero
1495 3129 1735 3170 consequenfia,
1760 3129 1868 3170 quoad
1890 3130 2027 3170 primam
2049 3135 2181 3170 partem,
2202 3130 2330 3161 evidens
2355 3137 2400 3161 est
2419 3141 2457 3162 ex

1396 3174 1486 3205 dictis
1508 3175 1534 3204 ᾖ.
1573 3173 1691 3211 Quoad
1714 3173 1901 3210 secundam,
1927 3184 1964 3204 ex
1986 3175 2018 3204 vi
2041 3174 2255 3205 antecedentis
2278 3181 2384 3214 aperte
2408 3185 2457 3206 se-

1396 3219 1504 3258 quitur
1527 3217 1625 3258 quod,
1642 3218 1668 3247 si
1691 3218 1830 3248 subsistit
1852 3218 1885 3248 in
1909 3217 2032 3248 duabus
2055 3219 2184 3252 naturis,
2202 3224 2329 3258 oportet
2345 3229 2456 3259 quam-

1394 3263 1472 3293 libet
1494 3267 1639 3292 naturam
1663 3271 1730 3292 esse
1753 3262 1910 3292 rationem
1926 3261 2116 3292 subsistendi
2131 3263 2165 3292 in
2180 3263 2242 3292 illa.
2266 3280 2286 3285 -—
2310 3263 2457 3294 Secunda

1394 3316 1470 3336 vero
1495 3305 1624 3345 sequela
1646 3306 1815 3345 probatur:
1847 3306 1923 3345 quia
1945 3316 2048 3336 unum
2071 3306 2197 3336 duobus
2224 3307 2373 3336 subsistit.
2408 3307 2457 3338 Ex

1394 3350 1458 3380 hoc
1481 3359 1621 3390 namque
1645 3349 1734 3389 quod
1757 3349 1839 3380 duae
1857 3349 2047 3380 subsistendi
2065 3351 2202 3380 rationes
2221 3351 2265 3380 sic
2281 3355 2400 3381 coeunt
2422 3351 2456 3382 in

1394 3403 1493 3424 unam
1515 3403 1686 3434 personam
1706 3398 1743 3424 ut
1757 3403 1860 3424 unum
1876 3393 2003 3424 duobus
2019 3394 2173 3429 subsistat,
2192 3403 2392 3434 consequens
2409 3399 2456 3425 est

1395 3438 1484 3478 quod
1507 3447 1644 3477 persona
1662 3438 1716 3474 sic,
1740 3438 1804 3468 hoc
1820 3443 1875 3474 est,
1900 3437 2078 3468 secundum
2094 3439 2250 3468 rationem
2265 3438 2454 3479 hypostasis,

1396 3488 1442 3513 est
1465 3482 1653 3522 composita.

1438 3526 1475 3556 II.
1501 3525 1593 3556 Circa
1616 3526 1699 3556 dicta
1714 3526 1765 3556 hic
1788 3525 1888 3556 multa
1905 3531 2076 3556 occurrunt
2092 3525 2196 3556 dubia.
2221 3526 2364 3556 Primum
2376 3527 2392 3543 θ’
2409 3530 2456 3557 est

2485 3183 2494 3192 ⁸
2508 3183 2559 3203 Art.
2575 3188 2594 3208 2,
2610 3189 2629 3210 3.

2483 3529 2492 3538 ⁸
2506 3528 2540 3550 Cf.
2557 3534 2619 3549 num.
2635 3534 2657 3548 v.
