2872 3970
265 2258 274 2267 ⁸
289 2260 419 2282 Comment.
434 2259 474 2281 lib.

266 2470 276 2480 ⁸
287 2469 372 2490 Homil.
381 2468 477 2495 LV1‚al.

266 2495 337 2522 LVII,
353 2496 376 2517 in
391 2494 478 2517 Matth.

271 2894 280 2903 ⁸
295 2893 321 2915 D.
337 2898 387 2921 3⁴9·

270 2948 330 3001 ii&
340 2947 444 3002 535¹&
451 2948 479 2969 ‘¹¹‘

287 3101 354 3122 orae.
361 3099 390 3121 de
397 3100 482 3121 Trans-

264 3125 321 3174 {5¹7-
331 3125 364 3173 Β.
385 3125 412 3147 N.
443 3132 483 3147 esu

273 3179 294 3189 ο.
309 3179 327 3199 D

271 3337 343 3386 222³.
354 3343 401 3365 xiv,
411 3342 453 3359 nrt.
467 3345 484 3365 i,

479 292 557 340 430

1113 451 1115 453 ¹
1159 406 1495 439 Commentario.
1517 403 1769 436 Cardine-,lis
1791 402 1993 436 Caietam

548 499 655 520 nurus
679 498 717 519 ex
738 487 912 527 Evangelio
932 487 1034 517 clarus
1050 492 1106 516 est.
1128 503 1152 508 —
1174 485 1210 515 In
1226 492 1362 524 corpore
1384 483 1480 512 unica
1503 486 1550 512 est

490 501 729 563 Tconclusioz
746 530 945 562 Conveniens
947 529 1022 572 fuit
1035 529 1197 560 Christum
1214 524 1456 568 transfigurari.
1472 525 1550 555 Pro-

488 578 597 613 batur,
621 577 736 616 primo.
773 575 909 615 Oportet
935 574 1034 604 finem
1058 572 1233 612 aliqualiter
1258 569 1487 610 praecognosci
1511 568 1551 599 ad

490 620 606 651 directe
630 618 881 660 procedendum,
904 618 937 647 in
960 618 1011 647 via
1033 615 1216 656 praesertim
1240 613 1369 650 difficili,
1386 621 1496 652 aspera
1519 617 1550 643 et

489 664 657 699 laboriosa,
675 662 714 693 ad
736 662 834 692 finem
853 661 1041 691 iucundum.
1066 659 1128 690 Sed
1144 659 1193 688 via
1209 657 1441 697 discipulorum
1458 655 1550 686 Chri-

490 709 529 738 sti
552 717 609 747 per
631 707 812 747 passionem
836 710 898 735 est:
933 710 964 734 et
990 703 1062 734 finis
1092 703 1191 743 gloria
1218 707 1264 732 est
1295 701 1405 731 similis
1433 700 1551 740 gloriae

1251 842 1570 885 ARTICULUS
1599 841 1901 884 SECUNDUS

990 937 1147 968 UTRUM
1170 908 1270 966 1LLA
1295 935 1509 966 eLAmTAs
1532 934 1692 966 FUERIT
1716 934 1931 965 CLAmTAs
1955 933 2174 966 GLomOSA

1161 1012 1193 1037 111
1213 1012 1295 1041 Sent.‚
1315 1012 1374 1038 dist.
1392 1018 1444 1042 xvi,
1462 1019 1506 1045 qu.
1524 1019 1552 1044 u,
1572 1017 1619 1038 art.
1640 1019 1670 1042 ²3
1689 1012 1720 1037 In
1739 1011 1847 1041 Matth.,
1866 1019 1923 1045 cap.
1939 1018 2000 1037 xvn.

531 1117 580 1150 ἐς,
611 1120 654 1143 „4
702 1109 725 1133 D
740 1106 929 1132 SECUNDUM
943 1105 996 1130 sm
1015 1103 1252 1130 Paocam'rua.
1272 1090 1435 1128 Videtur
1448 1090 1556 1140 quod

426 1165 466 1186 vt,
518 1136 679 1207 γ’ξθ
703 1148 764 1185 illa
791 1146 937 1184 claritas
956 1146 976 1167 '¹‘
1004 1157 1083 1182 non
1111 1143 1180 1181 fuit
1208 1143 1355 1181 claritas
1377 1143 1553 1191 gloriosa.

331 1194 339 1209 ι
419 1192 465 1207 arc.
511 1203 514 1207 .
648 1206 655 1210 ,,
685 1192 697 1212 9
743 1200 749 1207 .
778 1200 784 1206 .
871 1198 878 1206 .

353 1219 404 1234 vm
420 1220 428 1234 ι
459 1219 465 1237 ;
514 1203 559 1255 (ςῖ
572 1214 632 1241 «α
653 1204 675 1242 (2
703 1201 803 1238 ch1t
820 1211 923 1236 enim
938 1198 1132 1247 quaedam
1145 1198 1269 1245 glossa
1287 1195 1428 1243 Bedae‚
1444 1208 1556 1246 super

362 1256 368 1261 .
373 1245 404 1266 ix,
406 1229 464 1260 lllll

552 1243 649 1285 ⁷³:¹¹³)
664 1242 796 1290 illud
833 1252 967 1288 Matth.
996 1262 1066 1287 xvn
1092 1249 1124 1297 *,
1167 1251 1203 1287 T
1199 1251 1473 1299 ransfiguratus
1509 1254 1559 1285 est

493 1319 622 1345 coram
657 1308 729 1344 eis.-
761 1307 807 1342 In
841 1315 1010 1353 corpore,
1043 1302 1176 1352 inquit,
1209 1302 1361 1340 mortali
1394 1301 1558 1348 ostendit,

494 1373 568 1398 non
597 1358 918 1402 immortalitatem,
946 1355 1011 1392 sed
1041 1355 1244 1392 claritatem
1274 1354 1432 1392 similem
1452 1354 1559 1402 fiatu-

494 1424 560 1450 rae
579 1410 853 1449 immortalitati.
885 1409 961 1446 Sed
989 1407 1135 1445 claritas
1162 1406 1303 1455 gloriae
1331 1414 1386 1444 est
1414 1405 1560 1446 claritas

494 1462 795 1502 immortalitatis.
825 1463 918 1499 Non
946 1472 1035 1509 ergo
1060 1460 1123 1498 illa
1141 1459 1288 1497 claritas
1309 1471 1430 1508 quam
1450 1458 1559 1496 Chri-

495 1526 573 1554 stus
602 1515 794 1565 discipulis
822 1513 996 1560 ostendit,
1025 1512 1093 1550 fuit
1121 1511 1267 1550 claritas
1294 1511 1446 1560 gloriae.

550 1581 584 1606 2.
619 1570 859 1614 PRAETEREA,
889 1579 1005 1616 super
1032 1565 1126 1603 illud
1152 1566 1248 1602 Luc.
1269 1577 1304 1602 ix
1321 1564 1352 1611 ²⁸,
1381 1565 1472 1602 Non
1491 1575 1559 1614 gu-

494 1624 639 1659 stabunt
675 1626 831 1658 monem
869 1621 940 1656 nisi
971 1619 1118 1657 videant
1155 1629 1316 1668 regnum
1349 1618 1442 1663 Dei,
1471 1615 1560 1654 dicit

369 1683 382 1698 ¹‘
420 1677 468 1698 ⁵³⁰⁰
495 1676 619 1722 glossa
637 1673 657 1695 ²¹*
684 1673 830 1710 Bedae:
861 1673 959 1718 idest,
988 1672 1299 1722 glorificationem
1327 1671 1495 1718 corporis
1522 1671 1559 1706 in

496 1728 724 1777 imaginaria
761 1726 1094 1773 repraesentatione
1124 1724 1283 1772 suturae
1318 1721 1558 1760 beatitudinis.

498 1780 574 1817 Sed
602 1779 730 1826 imago
759 1777 917 1815 alicuius
945 1777 999 1814 rei
1033 1788 1114 1814 non
1143 1783 1198 1813 est
1231 1775 1314 1825 ipsa
1342 1787 1413 1812 res.
1457 1775 1559 1823 Ergo

497 1831 644 1869 claritas
671 1831 733 1868 illa
761 1842 842 1867 non
868 1829 937 1866 fuit
964 1828 1110 1867 claritas
1137 1827 1391 1866 beatitudinis.

554 1884 587 1921 3.
618 1883 858 1929 Pam-sam,
887 1881 1034 1919 claritas
1061 1879 1202 1929 gloriae
1230 1892 1311 1918 non
1338 1888 1394 1917 est
1421 1879 1493 1917 nisi
1520 1879 1560 1916 in

498 1949 660 1986 corpore
680 1937 867 1973 humano.
889 1934 966 1972 Sed
981 1933 1126 1971 claritas
1140 1933 1202 1971 illa
1220 1931 1561 1980 transfigurationis

499 1989 675 2040 apparuit
703 2000 783 2025 non
802 1988 929 2025 solum
947 1987 988 2024 in
1007 1998 1168 2036 corpore
1189 1985 1338 2030 Christi,
1359 1985 1427 2022 sed
1446 1984 1561 2022 etiarn

500 2043 539 2080 in
566 2041 801 2079 vestimentis
830 2040 930 2085 eius,
959 2047 996 2077 et
1023 2039 1063 2076 in
1091 2038 1195 2076 nube
1223 2037 1350 2075 lucida
1377 2039 1477 2087 quae
1506 2037 1560 2074 di-

500 2095 667 2145 scipulos
695 2092 952 2131 obumbravit.
982 2093 1084 2140 Ergo
1103 2091 1255 2128 videtur
1282 2090 1389 2140 quod
1408 2089 1470 2127 illa
1488 2090 1561 2127 cla-

501 2148 589 2185 ritas
617 2159 696 2184 non
723 2146 794 2184 fuit
821 2145 967 2182 claritas
994 2144 1147 2193 gloriae.

555 2201 628 2238 Sx-:o
657 2211 803 2237 CONTRA
821 2210 886 2235 EST
906 2198 1025 2247 quod,
1046 2208 1162 2246 super
1179 2196 1272 2234 illud
1291 2196 1426 2233 Matth.
1446 2207 1517 2232 xvn
1530 2194 1561 2242 *,

506 2255 541 2291 T
539 2254 812 2303 ranffiguratus
838 2257 889 2288 est
916 2256 1001 2288 ante
1028 2262 1100 2296 eos,
1123 2249 1213 2286 dicit
1240 2248 1503 2298 Hieronymus
1521 2247 1561 2285 *2

508 2307 635 2349 Qualis
652 2306 808 2353 futurus
835 2310 885 2340 est
911 2309 1077 2351 tempore
1104 2302 1245 2348 iudicii,
1273 2301 1355 2339 talis
1380 2301 1564 2350 Apostolis

502 2359 684 2407 apparuit.
722 2357 771 2394 Et
798 2368 914 2405 super
941 2355 1034 2392 illud
1062 2355 1197 2392 Matth.
1218 2367 1277 2391 xvi
1295 2354 1326 2400 ²¹³,
1355 2355 1487 2391 Donec
1513 2355 1563 2391 vi-

503 2412 611 2448 deant
625 2411 762 2448 Filium
776 2410 953 2446 Hominis
967 2409 1171 2446 venientem
1191 2409 1227 2444 in
1243 2419 1363 2457 regno
1381 2419 1460 2453 suo,
1476 2405 1565 2443 dicit

505 2464 804 2513 Chrysostomus
826 2461 862 2498 *ε
901 2461 1033 2499 Volens
1059 2466 1269 2498 monstrare
1304 2459 1392 2509 quid
1417 2464 1467 2496 est
1501 2458 1564 2496 illa

503 2517 627 2567 gloria
655 2518 692 2552 in
713 2527 785 2565 qua
807 2520 936 2563 postea
963 2519 1138 2552 venturus
1156 2519 1218 2559 est,
1239 2514 1290 2549 eis
1317 2514 1354 2549 in
1376 2513 1567 2560 praesenti

503 2571 576 2607 vita
605 2568 798 2614 revelavit,
826 2569 917 2604 sicut
938 2566 1112 2615 possibile
1138 2571 1218 2603 erat
1245 2577 1307 2602 eos
1333 2565 1492 2602 discere:
1527 2569 1565 2601 ut

505 2634 622 2671 neque
649 2622 685 2657 in
717 2621 871 2657 Domini
896 2625 1016 2656 morte
1042 2620 1118 2656 iam
1146 2618 1304 2656 doleant.

558 2675 782 2711 Responnsso
817 2684 998 2715 mesanum
1031 2671 1138 2720 quod
1172 2670 1319 2708 claritas
1350 2669 1412 2707 illa
1445 2681 1565 2719 quam

507 2726 678 2763 Christus
707 2725 746 2761 in
769 2724 1100 2772 transfiguratione
1129 2723 1344 2772 assumpsit,
1364 2721 1434 2759 fuit
1461 2721 1564 2759 clari-

505 2787 560 2816 tas
588 2778 727 2827 gloriae
763 2785 952 2826 quantum
985 2777 1033 2814 ad
1069 2772 1292 2823 essentiam,
1321 2787 1402 2812 non
1435 2782 1565 2811 tamen

507 2839 696 2880 quantum
725 2830 773 2867 ad
794 2830 959 2867 modurn
988 2828 1150 2866 essendi.
1182 2828 1340 2866 Claritas
1359 2827 1463 2864 enim
1482 2839 1564 2864 cor-

506 2883 610 2933 poris
646 2882 798 2931 gloriosi
836 2882 1030 2919 derivatur
1066 2882 1114 2918 ab
1151 2881 1302 2919 animae
1339 2879 1503 2918 claritate
1523 2879 1564 2916 *z

507 2936 603 2973 sicut
622 2935 857 2983 Augustinus
877 2934 976 2981 dicit,
992 2934 1031 2971 in
1050 2933 1221 2983 Epistola
1235 2934 1286 2971 ad
1297 2931 1564 2982 Dioscorumff‘.

508 2989 555 3026 Et
583 2988 752 3025 similiter
779 2987 924 3025 claritas
952 2987 1123 3036 corporis
1144 2985 1282 3024 Christi
1309 2986 1349 3023 in
1368 2984 1566 3034 transfigu-

509 3041 653 3078 ratione
682 3039 850 3077 derivata
869 3048 924 3077 est
952 3052 973 3076 a
1002 3038 1195 3077 divinitate
1214 3038 1346 3088 ipsius,
1365 3046 1408 3076 ut
1426 3038 1567 3076 Dama-

509 3105 646 3130 scenus
674 3092 763 3130 dicit
779 3092 810 3138 ²¹⁶,
840 3100 876 3129 et
903 3105 926 3128 a
952 3092 1071 3140 gloria
1095 3091 1246 3129 animae
1267 3092 1349 3129 eius
1367 3091 1418 3128 *ἦ
1449 3090 1568 3138 Quod

510 3145 613 3182 enirn
641 3158 663 3182 a
691 3144 878 3194 principio
906 3143 1166 3193 conceptionis
1186 3144 1325 3181 Christi
1352 3143 1471 3192 gloria
1489 3142 1568 3180 ani-

510 3210 596 3234 mae
625 3210 704 3234 non
733 3197 963 3234 redundaret
990 3197 1038 3233 ad
1066 3208 1218 3246 corpus,
1240 3209 1286 3234 ex
1305 3196 1475 3246 quadam
1494 3194 1568 3232 dis-

510 3249 733 3298 pensatione
761 3248 891 3286 divina
919 3248 1060 3285 sactum
1089 3256 1154 3295 est,
1174 3257 1216 3286 ut
1244 3248 1284 3286 in
1303 3260 1464 3299 corpore
1482 3260 1567 3298 pas-

511 3301 605 3338 sibili
634 3309 784 3338 nostrae
813 3299 1085 3349 redemptionis
1114 3303 1279 3350 expleret
1306 3300 1496 3351 mysteria,
1522 3299 1568 3337 si-

512 3362 574 3390 cut
611 3366 727 3403 supra
753 3352 772 3375 *
810 3353 955 3390 dictum
993 3360 1057 3389 est.
1096 3354 1187 3390 Non
1224 3361 1353 3390 tamen
1389 3365 1458 3402 per
1493 3353 1569 3390 hoc

565 3481 592 3513 α)
612 3482 725 3513 quidem.
746 3495 764 3500 -
786 3481 831 3506 ΕΗ
856 3485 880 3505 et
902 3480 1041 3509 editiones3
1070 3479 1147 3504 idem.
1167 3493 1187 3499 -
1208 3480 1258 3504 Pro
1282 3480 1440 3510 claritatem,
1465 3480 1570 3513 gloriae

511 3516 659 3541 claritatem
680 3516 728 3541 PF.

567 3549 592 3582 β)
609 3551 807 3581 assumpserit...
826 3549 950 3582 Virginis.
963 3562 982 3567 -
999 3549 1143 3580 assumpsit
1160 3552 1276 3580 quatuor
1290 3549 1379 3574 dotes.-
1395 3549 1529 3575 claritatis
1544 3549 1570 3574 in
1624 3549 1696 3581 quod
1722 3548 1888 3574 divideretur
1905 3547 2048 3579 (edendum
2069 3546 2131 3572 Ileet
2149 3546 2216 3571 illud
2238 3544 2372 3571 divideret
2387 3545 2429 3577 bc)
2447 3544 2520 3570 teni·
2545 3547 2647 3579 praem·
2663 3542 2686 3570 1.

512 3586 755 3618 transfiguratione,
769 3585 899 3618 agilitatis
917 3583 1079 3609 ambulando
1097 3591 1177 3615 super
1195 3590 1276 3613 mare,
1290 3587 1316 3608 et
1330 3583 1368 3617 (et
1378 3591 1431 3610 om.
1445 3584 1476 3618 P)
1489 3584 1570 3609 subti-

1173 289 1436 339 QUAESTIO
1464 290 1588 336 XLV,
1621 287 1915 326 ARTICULUS
1941 288 1972 324 11

1604 481 1739 517 Christi,
1762 479 1803 511 ad
1825 489 1923 520 quam
1945 479 2091 520 pervenit
2112 488 2169 519 per
2191 479 2374 519 passionem
2397 477 2551 510 Christus.
2575 479 2678 520 Ergffl

1604 525 1800 556 conveniens
1821 523 1883 555 fuit
1904 523 2073 554 monstran‘
2095 523 2229 563 gloriam
2236 522 2373 558 '‘Chrisfi,
2389 521 2479 563 quod
2497 527 2544 554 est
2557 522 2665 563 ipsum
2737 552 2740 553 ⁷

1603 568 1827 608 transfigurari.
1845 585 1866 590 —
1885 567 1989 598 Maior
2005 566 2180 598 declaratur
2195 563 2381 606 dupliciter:
2407 571 2438 597 et
2453 566 2601 606 exemplo
2615 564 2675 600 aad
2713 574 2721 602 τῃ
2743 559 2748 574 ²
2829 565 2834 577 ¹

1603 612 1772 652 gittatoris;
1797 616 1829 642 et
1850 611 1949 641 verbo
1966 610 2123 641 Thomae.
2139 629 2162 633 —
2185 610 2292 640 Minor
2308 615 2425 646 autem,
2442 609 2550 650 quoad
2573 606 2665 642 chri-⁴

1604 661 1699 692 stum,
1712 655 1791 686 Luc.
1804 655 1879 691 ult.;
1896 654 2005 695 quoad
2020 653 2204 694 discipulos,
2217 654 2285 684 Act.
2298 663 2360 690 xxv,
2377 658 2408 684 et
2423 653 2466 684 ad
2476 650 2610 695 Philipp.
2620 655 2673 686 ιιι*
2688 662 2703 677 «’
2747 649 2756 654 ’

1603 717 1626 722 -
1648 699 1690 730 Et
1713 698 1920 730 confirmatur
1943 698 2130 729 auctoritate
2151 697 2268 728 Bedae.
2290 715 2314 720 -
2336 696 2454 728 Omnia
2478 697 2560 728 clara
2581 702 2676 731 sun&
2710 695 2711 698 ’
2729 699 2731 701 ’

1610 1091 1790 1141 adempta
1817 1098 1872 1128 est
1898 1098 2065 1140 potestas
2094 1089 2246 1128 Christo
2281 1088 2480 1128 derivandi
2511 1089 2573 1138 glo
2593 1086 2603 1096 ⁶

1611 1143 1763 1181 animae
1781 1143 1832 1181 ad
1858 1155 2011 1193 corpus.
2041 1143 2090 1181 Et
2115 1143 2192 1180 hoc
2214 1142 2375 1192 quidem
2394 1147 2411 1164 ‘¹
2433 1140 2530 1189 fecit,
2549 1153 2577 1193 q

1610 1204 1695 1234 tum
1722 1196 1772 1234 ad
1799 1196 2018 1242 claritatem,
2038 1196 2078 1234 in
2105 1193 2453 1244 transfiguratione:
2486 1192 2594 1232 aliter

1611 1261 1703 1286 men
1722 1261 1842 1298 quarn
1869 1249 1908 1286 in
1936 1258 2098 1298 corpore
2125 1246 2346 1296 glorificato.
2380 1247 2485 1284 Nam
2511 1246 2562 1284 ad

1611 1313 1686 1351 pus
1712 1301 1967 1350 glorificatum
1995 1301 2184 1351 redundat
2217 1299 2365 1339 claritas
2391 1299 2441 1347 ab
2475 1298 2528 1345 qs
2543 1317 2569 1344 ι·Ἰ
2584 1316 2587 1319 ·

1612 1362 1676 1392 cut
1694 1353 1888 1404 quaedam
1907 1352 2067 1404 qualitas
2084 1364 2317 1404 permanens
2331 1344 2568 1403 corpusfiffl

1611 1406 1725 1446 Unde
1750 1407 1892 1456 fulgere
1921 1405 2167 1456 corporaliter
2202 1418 2283 1443 non
2310 1412 2369 1456 est
2421 1403 2448 1439 ι’
2463 1420 2518 1437 ·=.

1612 1460 1652 1497 in
1679 1472 1842 1510 corpore
1869 1458 2047 1508 glorioso.
2092 1458 2168 1496 Sed
2205 1457 2255 1496 ad
2291 1455 2444 1507 eorpus
2548 1501 2550 1504 y

1612 1512 1943 1562 transfiguratione
1977 1510 2147 1550 derivata
2173 1519 2229 1548 est
2255 1509 2402 1549 claritas
2429 1507 2452 1548 a
2479 1505 2576 1559 diss·
2718 1538 2731 1559 ᾗ

1613 1573 1650 1602 et
1677 1565 1807 1603 anima
1833 1564 1928 1611 eius,
1950 1575 2033 1602 non
2058 1576 2128 1614 per
2145 1563 2312 1601 modurn
2330 1559 2519 1614 qualitatis
2531 1559 2561 1608 ζ’
2580 1607 2600 1612 Ἴ,
2674 1556 2736 1620 ἐξ,

1613 1618 1737 1655 nentis
1765 1625 1801 1655 et
1819 1617 2017 1655 afficientis
2035 1616 2162 1667 ipsum
2183 1627 2343 1666 corpus:
2373 1610 2441 1653 sed
2467 1571 2724 1669 ruff&

1613 1671 1779 1708 modum
1806 1669 1994 1720 passionis
2020 1667 2261 1715 transeuntis,
2281 1668 2377 1706 sicut
2399 1679 2492 1706 cum
2509 1623 2735 1724 ssssfiffizf

1613 1723 1781 1761 minatur
1807 1736 1831 1761 a
1858 1724 1949 1760 sole.
1979 1722 2090 1760 Unde
2109 1721 2169 1759 ille
2188 1721 2312 1770 fulgor
2337 1729 2431 1759 tunc
2453 1719 2559 1773 ineo
2605 1719 2613 1722 ’
2640 1766 2642 1770 ‚

1615 1775 1756 1814 Christi
1782 1787 1972 1826 apparens
2006 1774 2260 1813 miraculosus
2286 1773 2377 1812 fuit:
2414 1771 2535 1823 'sicut
2568 1772 2590 1811 '1
2675 1770 2715 1788 ⁴⁴³

1613 1829 1742 1878 ipsum
1757 1828 1864 1878 quod
1882 1827 2094 1866 ambulavit
2111 1839 2227 1877 super
2244 1826 2370 1867 undas
2387 1823 2549 1873 maris&
2578 1844 2585 1850 ·
2618 1871 2620 1876 ‚
2652 1866 2659 1876 Ἰ
2688 1819 2717 1858 τ’

1613 1881 1824 1931 Dionysius
1847 1880 1948 1928 dicit,
1967 1880 2008 1918 in
2035 1879 2207 1929 Epistola
2225 1879 2287 1926 lv,
2307 1879 2358 1917 ad
2378 1876 2451 1924 Cat'
2490 1920 2498 1931 „
2515 1878 2567 1933 'ia
2604 1872 2687 1940 m}

1612 1935 1800 1972 hominem
1828 1938 2006 1982 operatur
2031 1933 2194 1970 Christus
2213 1944 2258 1970 ea
2282 1944 2380 1982 ¹quae
2395 1932 2511 1979 sunt„
2578 1926 2687 1983 ‘t'pttstss
2707 1931 2750 1976 ''j‘'

1615 1993 1647 2024 et
1674 1987 1745 2024 hoc
1765 1991 1944 2024 monstrat
1969 1986 2086 2036 Virgo
2103 1981 2563 2037 supernaturaliter-canei

1615 2045 1648 2077 et
1675 2051 1774 2089 aqua
1802 2038 1977 2076 instabilis
2010 2038 2259 2076 materialium
2287 2043 2320 2074 et
2351 2035 2597 2090 tert-enotuit&<¹

1615 2093 1703 2129 dum
1730 2093 1909 2129 sustinens
1934 2092 2169 2142 gravitatem.
2465 2133 2467 2136 .
2561 2085 2570 2123 f
2596 2122 2602 2128 .

1667 2145 1780 2182 Unde
1800 2156 1880 2182 non
1899 2151 1955 2181 est
1974 2142 2195 2188 dicendum,
2214 2141 2311 2181 sicut
2333 2141 2453 2193 Hugo.
2468 2135 2529 2193 de*
2588 2187 2590 2189 ,

1615 2197 1768 2235 Victore
1786 2197 1806 2219 *
1825 2196 1927 2244 dixit,
1957 2196 2064 2245 quod
2093 2194 2267 2233 Christus
2294 2187 2577 2244 assumpsed'tj
2599 2211 2619 2249 Ἴσι
2647 2216 2702 2246 ‚f

1616 2249 1790 2288 claritatis
1810 2249 1851 2286 in
1871 2248 2216 2297 transfiguratione,
2244 2246 2414 2297 agilitatis
2440 2247 2532 2295 amb
2543 2244 2553 2293 ζ
2582 2274 2589 2297 3
2607 2264 2641 2278 1·
2661 2265 2669 2274 ε
2686 2246 2697 2253 ”

1616 2315 1733 2352 super
1759 2314 1878 2349 mare,
1907 2309 1944 2338 et
1970 2300 2181 2339 subtilitatis
2213 2299 2443 2349 egrediendo
2471 2299 2521 2339 de
2544 2299 2568 2338 ²1:
2688 2293 2702 2306 ⁵

1616 2364 1726 2393 utero
1741 2354 1904 2403 Virginis
1918 2353 1950 2391 l⁵:
1974 2353 2066 2404 quia
2085 2353 2156 2391 dos
2174 2351 2350 2390 nominat
2367 2350 2581 2406 quandam,

1616 2409 1759 2446 litatem
1786 2408 2064 2445 immanentem
2082 2405 2235 2456 corpori
2252 2405 2430 2454 glorioso.
2460 2402 2574 2449 S'ed

1617 2463 1748 2499 culose
1775 2459 1910 2498 habuit
1937 2472 1982 2497 ea
2009 2471 2109 2510 quae
2131 2457 2322 2509 pertinent
2340 2457 2390 2496 ad
2407 2457 2547 2502 dotes..

1618 2514 1750 2560 simile,
1771 2521 1962 2563 quantum
1980 2512 2029 2550 ad
2048 2511 2230 2557 animam,
2250 2511 2299 2549 de
2317 2509 2465 2548 visione
2483 2510 2602 2562 qua-t·

1618 2569 1676 2604 lus
1695 2566 1789 2604 vidit
1807 2567 1938 2604 Deum
1956 2565 1996 2602 in
2015 2572 2126 2615 raptu
2139 2564 2177 2601 ³⁸:
2197 2571 2240 2601 ut
2257 2563 2298 2601 in
2317 2562 2498 2602 Secunda
2512 2558 2627 2618 Parte

1618 2619 1764 2657 dictum
1791 2626 1858 2656 est.
2188 2620 2192 2624 ”
2575 2648 2594 2662 ,³

1671 2674 1728 2709 An
1757 2683 1891 2709 PRIMUM
1919 2682 2017 2709 ERGO
2048 2681 2230 2708 memnon
2257 2669 2366 2719 quod
2393 2681 2440 2706 ex
2466 2667 2531 2706 illo
2557 2664 2584 2713 ‘y

1618 2737 1699 2762 non
1727 2723 1939 2762 ostenditur
1971 2723 2078 2773 quod
2111 2721 2257 2760 claritas
2286 2720 2426 2759 Christi
2461 2732 2546 2761 non

1619 2778 1765 2816 claritas
1791 2776 1952 2825 gloriae:
1992 2775 2060 2813 sed
2087 2775 2194 2825 quod
2221 2786 2303 2811 non
2327 2774 2397 2811 fuit
2423 2771 2573 2812 claritas

1619 2830 1723 2881 poris
1750 2829 1913 2879 gloriosi,
1943 2827 2034 2878 quia
2061 2839 2202 2878 corpus
2231 2826 2370 2864 Christi
2396 2822 2593 2865 nondum'

1619 2883 1846 2921 immortale.
1877 2882 1983 2920 Sicut
2002 2880 2107 2918 enim
2129 2879 2385 2930 dispensative
2403 2879 2546 2920 factum
2565 2885 2625 2925 eat,

1620 2936 1659 2973 in
1689 2935 1840 2973 Christo
1867 2933 1986 2983 gloria
2004 2933 2155 2971 animae
2181 2944 2262 2970 non
2280 2931 2511 2977 redundaret
2528 2927 2597 2984 ad

1620 3001 1714 3039 pus,
1743 2988 1793 3025 ita
1825 2986 1910 3025 fieri
1936 2986 2060 3037 potuit
2093 2985 2349 3035 dispensative
2381 2992 2424 3022 ut
2450 2983 2520 3022 red
2577 3023 2580 3026 Δ
2608 3029 2610 3032 Ι

1621 3049 1810 3092 quantum
1845 3039 1894 3078 ad
1921 3040 2054 3077 dotem
2085 3037 2278 3086 claritatis,
2307 3045 2343 3075 et
2376 3049 2458 3076 non
2490 3049 2545 3087 qu

1621 3094 1671 3132 ad
1698 3093 1830 3131 dotem
1857 3090 2176 3143 impassibilitatis.
2590 3090 2591 3094 ’

1675 3147 1732 3184 An
1751 3157 1940 3183 secunaum
1960 3156 2142 3182 memnon
2160 3143 2268 3193 quod
2288 3142 2352 3180 ina
2364 3141 2517 3181 claritas

1622 3198 1843 3248 imaginaria
1876 3197 2012 3243 fuisse,
2041 3208 2120 3234 non
2153 3195 2248 3246 quin
2281 3201 2379 3233 esset
2409 3206 2502 3232 vera
2544 3234 2546 3237 ,
2578 3191 2591 3242 s

1621 3249 1782 3302 gloriae:
1818 3251 1888 3288 sed
1915 3249 2006 3300 quia
2033 3257 2112 3287 erat
2146 3248 2340 3299 quaedam
2371 3246 2498 3296 imago
2532 3257 2601 3300 rep

1623 3313 1775 3343 sentans
1817 3302 1920 3340 illam
1964 3301 2105 3350 gloriae
2150 3300 2421 3351 perfectionem
2466 3296 2684 3367 secund&

1624 3369 1743 3409 quam
1771 3368 1912 3406 corpus
1940 3354 2008 3392 erit
2034 3353 2256 3403 gloriosum.
2645 3373 2652 3388 -.»

2592 1352 2593 1355 ,
2686 1333 2690 1336 “
2700 1335 2722 1353 ,τ

1622 3480 1707 3505 litatis
1719 3478 1881 3512 egrediendo
1893 3478 1927 3503 de
1938 3478 2029 3503 clauso
2048 3479 2124 3502 utero
2140 3476 2266 3509 Virginis,
2279 3475 2500 3508 impassibilitatis
2513 3473 2572 3508 (eti
2747 3491 2749 3497 .

1624 3515 1735 3540 bilitatis
1748 3513 1778 3546 Ρ)
1797 3513 1824 3538 in
1843 3520 1917 3543 cena,
1936 3512 2044 3546 quando
2064 3511 2138 3537 dedit
2154 3518 2251 3543 corpus
2268 3517 2345 3536 suun·
2363 3510 2401 3536 ad
2417 3510 2549 3536 edendum
2566 3508 2685 3536 :tuem
2747 3509 2766 3522 ³
