2872 3970
931 289 1191 336 QUAEST10
1220 291 1359 339 xxiv,
1388 293 1677 331 ARTICULUS
1705 295 1719 331 1

2331 292 2406 339 269

733 519 1139 596 QUAESTIO
1175 523 1910 602 VIGESIMAQUARTA

822 638 906 679 DE
938 639 1552 684 PRAEDESTINATIONE
1586 644 1823 685 CHRISTI

1019 756 1054 781 IN
1082 756 1252 787 QUATUOR
1278 757 1476 784 ARTICULOS
1503 759 1614 784 DIVISA

317 867 422 894 amor:
441 855 766 893 considerandum
792 864 847 893 est
875 857 923 894 de
949 855 1291 906 praedestinatione
1314 859 1317 908 Ι

92 916 208 950 αμα
235 847 455 950 DChristi
473 908 504 945 ⁸.

113 984 116 986 -
234 961 283 1000 Et
308 960 406 999 eirca
433 961 509 998 hoc
536 969 774 1010 quaeruntur
800 970 975 1011 quatuor.

285 1013 436 1051 Primo.
465 1020 597 1050 utrum
625 1013 671 1050 sit
690 1019 707 1035 ‘²
734 1014 1045 1063 praedestinatus

286 1065 483 1104 Secundo:
513 1073 644 1103 utrum
672 1066 717 1103 sit
743 1067 1044 1116 praedestinatus
1076 1069 1289 1105 secundum

337 1118 444 1168 quod
470 1119 603 1156 homo.

1397 860 1548 897 Tertio:
1578 868 1708 898 utrum
1732 861 1813 899 eius
1832 862 2121 911 praedestinatio
2141 863 2186 900 sit
2204 865 2399 914 exemplar

1448 931 1798 979 praedestinationis
1826 941 1986 970 nostrae.

1397 1000 1562 1046 Quarto:
1592 1007 1722 1037 utrum
1750 1001 1795 1038 sit
1822 1014 1935 1039 causa
1962 1003 2311 1052 praedestinationis
2330 1017 2397 1042 no-

1449 1076 1556 1107 strae.

1038 1238 1356 1280 ARTICULUS
1387 1239 1592 1280 PRIMUS

721 1329 878 1360 UTRUM
902 1328 1091 1360 CHRISTo
1116 1329 1370 1361 CONVENIAT
1393 1331 1790 1364 PRAEDESTINATUM
1813 1333 1913 1364 ESSE

547 1407 556 1432 l
576 1407 659 1438 Sent..
679 1407 737 1433 dist.
756 1415 796 1439 xz,
816 1415 860 1440 qu.
878 1414 912 1437 εις
931 1407 971 1436 111,
991 1408 1050 1434 dist.
1068 1416 1092 1438 x,
1112 1415 1156 1441 qu.
1174 1416 1211 1438 ω,
1230 1408 1280 1441 qu·
1301 1415 1310 1433 1
1322 1417 1329 1440 ;
1350 1409 1407 1435 dist.
1427 1417 1460 1440 xx,
1480 1414 1526 1435 art.
1545 1418 1569 1441 4,
1589 1411 1620 1435 ad
1639 1418 1670 1442 4;
1689 1411 1732 1436 Ad
1750 1412 1836 1443 Rom„
1856 1420 1911 1445 cap.
1930 1420 1947 1442 x.
1967 1413 2024 1438 lect.
2042 1421 2079 1438 111.

242 1485 327 1540 »ᾗ
365 1520 415 1547 τᾷ,
438 1507 462 1532 ι)
490 1505 625 1532 PRIMUM
648 1506 700 1531 stc
728 1506 963 1532 PROCEDrrUR.
992 1494 1153 1531 Videtur
1179 1495 1286 1544 quod

264 1548 303 1590 *21'
322 1560 344 1595 ’,χ
367 1527 411 1609 ᾗ
441 1546 593 1584 Christo
625 1559 706 1584 non
734 1547 937 1584 conveniat
962 1547 1287 1596 praedestinatum

250 1632 258 1650 «z
287 1599 365 1649 ’,λζ
387 1594 426 1642 f‘
439 1611 533 1637 esse.
562 1599 770 1637 Terminus
790 1599 894 1636 enim
921 1599 1121 1637 cuiuslibet
1140 1599 1154 1630 β
1181 1613 1286 1650 prae-

264 1656 266 1660 ’
288 1647 320 1686 s
361 1670 369 1680 .
397 1648 700 1690 &destinationis
726 1652 878 1690 videtur
897 1664 978 1689 esse
1006 1653 1161 1702 adoptio
1189 1653 1286 1691 filio-

230 1716 336 1743 mm:
375 1705 590 1743 secundum
621 1705 715 1742 illud
741 1706 873 1755 Ephes.
894 1717 904 1742 1
927 1705 962 1742 *z
999 1706 1287 1744 Raedestinavit

230 1771 296 1796 nos
315 1759 351 1795 in
371 1758 604 1808 adoptionem
612 1758 798 1806 filiorum.
829 1758 906 1795 Sed
926 1758 1076 1795 Christo
1096 1771 1176 1795 non
1195 1771 1286 1796 con—

228 1809 333 1861 venit
369 1822 451 1848 esse
487 1810 612 1848 filium
648 1810 893 1860 adoptivum,
931 1818 974 1847 ut
1007 1810 1152 1848 dictum
1180 1819 1236 1848 est
1253 1811 1283 1848 ²¹².

229 1864 330 1912 Ergo
359 1863 510 1901 Christo
533 1875 614 1900 non
632 1863 812 1900 convenit
839 1863 1163 1912 praedestinatum
1191 1876 1284 1901 esse.

283 1927 317 1952 2.
347 1917 576 1964 PRAETEREA,
606 1916 646 1953 in
666 1916 817 1953 Christo
847 1916 925 1953 duo
950 1923 1005 1952 est
1025 1916 1284 1953 considerare:

229 1968 365 2006 scilicet
383 1976 561 2006 naturam
579 1970 804 2016 humanam,
820 1977 856 2005 et
873 1981 1092 2018 personam.
1111 1969 1187 2006 Sed
1206 1981 1286 2006 non

227 2028 351 2072 potest
377 2021 451 2059 dici
483 2022 590 2071 quod
619 2021 792 2059 Christus
820 2029 875 2058 est
901 2021 1200 2071 praedestinatus
1228 2034 1285 2059 ra-

226 2073 331 2115 tione
357 2081 514 2112 naturae
533 2075 744 2112 humanae:
775 2074 866 2123 quia
884 2075 980 2111 haec
998 2082 1053 2111 est
1070 2074 1172 2122 falsa,
1200 2076 1284 2112 Hu-

227 2138 342 2164 mana
361 2133 494 2164 natura
513 2133 564 2164 est
581 2128 696 2164 Filius
713 2128 796 2164 Dei.
827 2126 1005 2164 Similiter
1023 2126 1137 2164 etiam
1159 2139 1285 2175 neque

227 2178 373 2218 ratione
404 2191 610 2229 personae:
647 2179 738 2228 quia
771 2179 832 2216 illa
862 2191 1028 2229 persona
1063 2191 1143 2215 non
1171 2180 1285 2216 habet

228 2243 275 2269 ex
291 2231 408 2280 gratia
426 2233 535 2281 quod
553 2232 599 2269 sit
617 2232 735 2269 Filius
754 2232 837 2279 Dei,
853 2232 920 2268 sed
939 2244 986 2268 ex
1004 2239 1157 2277 natura;
1177 2244 1285 2281 prae-

228 2284 425 2322 destinatio
453 2293 583 2322 autem
611 2292 666 2322 est
694 2297 831 2322 eorum
859 2296 958 2333 quae
986 2291 1074 2321 sunt
1093 2296 1138 2321 ex
1156 2284 1283 2332 gratia,

169 2353 201 2366 -ν
227 2344 270 2374 ut
299 2337 340 2375 in
367 2337 496 2375 Prima
522 2338 632 2375 Parte
651 2337 671 2359 ²¹⁶
698 2337 844 2375 dictum
872 2345 937 2374 est.
978 2338 1079 2385 Ergo
1113 2337 1285 2374 Christus

227 2392 309 2430 non
335 2398 391 2427 est
417 2390 718 2440 praedestinatus
745 2389 863 2427 Filius
891 2389 974 2427 Dei.

283 2443 317 2479 3.
347 2443 577 2490 PRAETEREA,
607 2443 702 2480 sicut
723 2443 815 2480 illud
843 2443 950 2492 quod
970 2450 1025 2479 est
1042 2442 1183 2479 sactum
1204 2454 1283 2479 non

228 2506 381 2545 semper
397 2495 476 2543 fuit,
504 2495 555 2533 ita
583 2503 619 2532 et
646 2496 738 2532 illud
767 2495 874 2545 quod
901 2495 969 2532 fuit
987 2500 1003 2523 Υ
1030 2495 1284 2544 praedestina-

228 2553 329 2585 tum:
351 2559 397 2585 eo
412 2548 519 2598 quod
536 2548 829 2598 praedestinatio
844 2547 1146 2585 antecessionem
1165 2560 1284 2597 quan-

228 2600 320 2637 dam
347 2600 537 2650 importat.
579 2601 672 2648 Sed,
708 2601 800 2650 quia
828 2600 1000 2638 Christus
1035 2612 1187 2649 semper
1217 2600 1286 2638 fuit

228 2652 334 2695 Deus
366 2661 402 2690 et
428 2653 546 2691 Filius
574 2653 666 2700 Dei,
703 2666 784 2690 non
818 2653 972 2702 proprie
1006 2652 1143 2690 dicitur
1178 2654 1285 2702 quod

228 2705 349 2744 homo
381 2706 441 2744 ille
476 2706 521 2743 sit
544 2708 673 2755 factus
699 2707 815 2744 Filius
840 2707 922 2742 Dei.
962 2707 1081 2754 Ergo,
1110 2706 1192 2755 pari
1228 2718 1285 2742 ra-

228 2756 346 2806 tione,
375 2771 455 2796 non
482 2759 596 2796 debet
623 2758 698 2796 dici
725 2759 832 2807 quod
861 2758 1033 2795 Christus
1061 2758 1107 2795 sit
1128 2759 1285 2808 praede-

227 2811 378 2849 stinatus
403 2812 519 2849 Filius
546 2813 627 2848 Dei.

244 2867 247 2869 ’
281 2863 355 2902 SED
375 2876 519 2902 CONTRA
538 2876 603 2901 Es’r
622 2864 729 2913 quod
749 2865 956 2913 Apostolus
975 2863 1074 2911 dicit,
1102 2865 1213 2900 Rom.
1230 2864 1284 2909 1²¹⁶,

229 2915 277 2952 de
305 2916 456 2955 Christo
483 2918 661 2966 loquens:
697 2917 771 2959 Qui
790 2916 1084 2966 praedestinatus
1102 2922 1152 2953 est
1171 2917 1286 2953 Filius

228 2968 303 3006 Dei
327 2971 365 3006 in
392 2971 533 3008 virtute.

283 3022 506 3059 Rnsposnsso
533 3033 714 3059 mCENDUM
749 3021 874 3069 quod,
903 3020 1000 3057 sicut
1026 3028 1127 3069 patet
1155 3033 1200 3057 ex
1228 3020 1287 3057 his

230 3086 329 3124 quae
357 3074 397 3111 in
416 3074 545 3114 Prima
564 3074 673 3110 Parte
692 3073 712 3095 ’²‘
740 3073 838 3109 dicta
857 3081 955 3120 sunt,
983 3073 1286 3122 praedestinatio,

230 3126 383 3177 proprie
411 3133 577 3175 accepta,
607 3133 662 3162 est
682 3126 874 3175 quaedam
895 3125 1025 3162 divina
1043 3125 1286 3174 praeordina—

230 3179 284 3217 tio
310 3180 359 3217 ab
378 3187 532 3217 aeterno
561 3178 609 3215 de
629 3178 687 3215 his
715 3189 814 3226 quae
841 3189 911 3226 per
928 3177 1086 3225 gratiam
1105 3177 1177 3214 Dei
1200 3185 1288 3214 sunt

231 3231 361 3270 fienda
387 3232 427 3270 in
454 3239 639 3280 tempore.
680 3231 747 3267 Est
780 3237 910 3267 autem
945 3231 1020 3266 hoc
1047 3229 1087 3266 in
1114 3237 1287 3278 tempore

232 3285 374 3322 factum
392 3297 462 3334 per
479 3283 637 3332 gratiam
655 3282 808 3320 unionis
828 3295 850 3319 a
869 3283 965 3327 Deo,
990 3289 1032 3318 ut
1051 3283 1171 3318 homo
1191 3289 1288 3318 esset

233 3336 339 3374 Deus
367 3345 403 3374 et
430 3337 536 3374 Deus
565 3343 661 3373 esset
680 3336 812 3372 homo.
842 3335 926 3371 Nec
944 3341 1067 3383 potest
1085 3334 1158 3371 dici
1181 3334 1287 3382 quod

232 3388 338 3427 Deus
366 3390 414 3427 ab
442 3397 595 3427 aeterno
624 3400 702 3425 non
730 3386 1053 3437 praeordinaverit
1081 3387 1156 3423 hoc
1177 3398 1216 3422 se
1235 3386 1286 3423 fa-

262 3521 265 3523 ’
286 3517 315 3552 α)
332 3516 375 3545 hit.
393 3533 414 3539 ·-
433 3520 553 3546 Uiriatus
574 3520 610 3545 sit
627 3519 647 3544 F
667 3524 691 3544 et
709 3519 789 3544 tertia.

287 3553 302 3587 β
331 3555 476 3581 cuiuslibet.
493 3570 514 3575 -
531 3555 591 3580 Om.
610 3555 691 3580 tertia.

249 3616 252 3618 ,
270 3592 271 3595 ’
286 3553 314 3624 73
325 3589 392 3623 suit.
409 3603 429 3610 -
445 3593 485 3616 est
501 3590 583 3616 tertia.

1341 1503 1489 1533 cturum
1511 1496 1551 1533 in
1565 1505 1753 1547 tempore:
1775 1499 1864 1548 quia
1879 1508 2100 1548 sequeretur
2118 1502 2222 1550 quod
2242 1503 2393 1541 divinae

1340 1549 1458 1586 menti
1485 1549 1628 1598 aliquid
1647 1550 1794 1588 accidei
1795 1559 1831 1588 et
1849 1552 1896 1588 de
1915 1564 2031 1590 novo.
2061 1554 2109 1590 Et
2132 1553 2145 1575 ὅ
2173 1563 2320 1604 oportet
2339 1556 2393 1593 di-

1341 1613 1425 1638 cere
1454 1602 1588 1651 quod
1579 1615 1661 1651 ipsa
1689 1604 1782 1640 unio
1802 1612 2024 1642 naturarum
2044 1606 2082 1642 in
2101 1618 2264 1655 persona
2284 1609 2392 1646 Chri-

1341 1654 1386 1691 sti
1411 1655 1520 1691 cadat
1539 1655 1610 1692 sub
1629 1663 1781 1693 aeterna
1799 1657 1870 1693 Dei
1889 1658 2240 1706 praedestinatione.
2271 1662 2318 1697 Et
2336 1674 2393 1698 ra-

1340 1706 1443 1743 tione
1469 1707 1584 1744 huius
1613 1708 1785 1745 Christus
1813 1709 1949 1746 dicitur
1973 1722 2054 1747 esse
2082 1713 2391 1760 praedestinatus.

1394 1761 1450 1796 AD
1479 1772 1612 1797 PRIMUM
1640 1773 1737 1798 ERGO
1765 1774 1945 1799 DICENDUM
1977 1764 2084 1811 quod
2111 1766 2314 1813 Apostolus
2342 1766 2394 1803 ibi

1340 1811 1510 1860 loquitur
1536 1813 1584 1849 de
1598 1813 1952 1871 praedestinatione
1989 1827 2066 1863 qua
2093 1828 2164 1853 nos
2191 1818 2393 1865 praedesti-

1341 1876 1482 1901 namur
1508 1872 1550 1901 ut
1577 1865 1696 1902 simus
1718 1865 1784 1902 filii
1804 1866 1983 1915 adoptivi.
2014 1867 2118 1904 Sicut
2137 1877 2266 1906 autem
2286 1870 2394 1906 Chri·

1341 1922 1451 1953 stus
1479 1917 1656 1964 singulari
1693 1918 1812 1955 modo
1848 1931 1939 1967 prae
1974 1919 2053 1956 aliis
2088 1928 2142 1957 est
2176 1922 2247 1958 Dei
2278 1922 2394 1959 Filius

1340 1970 1539 2016 naturalis,
1573 1969 1623 2006 ita
1651 1971 1822 2019 quodam
1850 1971 2027 2020 singulari
2054 1973 2173 2010 modo
2207 1982 2260 2010 est
2287 1987 2394 2023 prae-

1340 2022 1558 2059 destinatus.

1391 2075 1449 2111 AD
1468 2087 1656 2113 SECUNDUM
1674 2087 1854 2114 DICENDUM
1873 2077 1990 2125 quod,
2006 2077 2101 2114 sicut
2119 2077 2208 2115 dicit
2226 2079 2362 2116 Glossa
2374 2079 2394 2102 '¹‘

1339 2128 1449 2170 Rom.
1470 2127 1535 2173 1²¹²,
1564 2128 1723 2176 quidam
1741 2128 1781 2149 θ’*
1807 2128 1983 2166 dixerunt
2009 2131 2392 2178 praedestinationem

1339 2178 1442 2215 illam
1469 2179 1750 2228 intelligendam·
1777 2192 1858 2217 esse
1887 2181 1934 2218 de
1962 2189 2106 2229 natura,
2135 2195 2215 2220 non
2242 2184 2290 2220 de
2308 2196 2392 2233 per-

1340 2244 1453 2268 sona:
1493 2232 1582 2280 quia
1616 2232 1754 2269 scilicet
1787 2233 1980 2270 humanae
2015 2242 2171 2272 naturae
2207 2236 2302 2273 facta
2338 2245 2425 2273 est¹

1340 2284 1435 2321 haec
1462 2284 1578 2332 gratia
1605 2292 1646 2321 ut
1673 2284 1844 2322 uniretur
1871 2285 1966 2323 Filio
1990 2286 2062 2323 Dei
2089 2287 2128 2324 in
2146 2287 2287 2325 unitate
2306 2301 2391 2338 per-

1340 2349 1467 2374 sonae.

1393 2390 1470 2427 Sed
1504 2390 1718 2427 secundum
1746 2391 1838 2437 hoc,
1872 2390 2012 2427 locutio
2040 2392 2212 2440 Apostoli
2239 2400 2295 2428 est
2320 2393 2390 2430 im-

1339 2442 1514 2491 propria,
1547 2450 1703 2491 propter
1734 2443 1823 2479 duo.
1863 2443 1992 2480 Primo
2029 2443 2207 2492 quidem,
2246 2444 2389 2482 ratione

1339 2495 1550 2532 communi.
1588 2496 1680 2532 Non
1708 2495 1810 2531 enim
1838 2495 1999 2532 dicimus
2031 2503 2202 2532 naturam
2233 2496 2390 2534 alicuius

1339 2547 1620 2596 praedestinari,
1641 2548 1707 2584 sed
1729 2559 1934 2597 personam
1954 2547 1982 2584 ζ;
2013 2548 2102 2597 quia
2122 2549 2391 2597 praedestinari

1340 2608 1395 2636 est
1422 2600 1529 2648 dirigi
1556 2600 1595 2637 in
1623 2602 1794 2646 salutem,
1824 2601 1929 2649 quod
1957 2600 2113 2649 quidem
2133 2609 2187 2637 est
2206 2601 2390 2650 suppositi

1340 2652 1482 2700 agentis
1516 2661 1672 2702 propter
1705 2652 1944 2690 beatitudinis
1978 2653 2108 2690 finem.
2137 2675 2162 2679 —
2191 2654 2388 2700 Secundo,

1340 2705 1484 2742 ratione
1513 2705 1675 2754 speciali.
1706 2705 1808 2752 Quia
1835 2717 1916 2742 esse
1944 2705 2083 2742 Filium
2104 2705 2174 2742 Dei
2202 2718 2281 2742 non
2300 2717 2389 2742 con-

1339 2758 1443 2794 venit
1466 2759 1658 2794 humanae
1677 2765 1848 2794 naturae:
1879 2765 1934 2794 est
1953 2757 2055 2794 enim
2075 2759 2168 2794 haec
2187 2758 2288 2804 falsa,
2308 2759 2389 2795 Na-

1339 2816 1422 2848 tura
1450 2812 1614 2847 humana
1643 2816 1692 2847 est
1719 2811 1833 2846 Filius
1859 2811 1940 2846 Dei.
1970 2809 2054 2846 Nisi
2080 2810 2172 2846 forte
2197 2810 2280 2858 quis'
2302 2810 2390 2847 velit

1340 2862 1393 2899 sic
1421 2875 1622 2912 exponere,
1652 2870 1794 2899 extorta
1813 2861 2063 2910 expositione:
2099 2863 2173 2904 Qui
2193 2863 2390 2911 praedesti-

1341 2921 1445 2953 natus
1464 2921 1514 2952 est
1540 2915 1654 2952 Filius
1671 2916 1746 2951 Dei
1771 2916 1807 2950 in
1835 2916 1974 2959 virtute,
2003 2914 2109 2959 idest,
2137 2915 2389 2952 Praedestina-

1339 2974 1415 3005 tum
1444 2973 1495 3004 est
1525 2973 1562 3003 ut
1589 2969 1752 3003 humana
1781 2972 1913 3003 natura
1941 2968 2106 3003 uniretur
2132 2967 2227 3003 Filio
2254 2968 2327 3003 Dei
2351 2969 2388 3004 in

1334 3032 1508 3070 persona.

1393 3070 1633 3120 Relinquitur
1655 3082 1744 3118 ergo
1772 3070 1878 3119 quod
1905 3070 2193 3119 praedestinatio
2213 3072 2389 3109 attribua—

1339 3132 1400 3161 tur
1427 3135 1612 3172 personae
1642 3122 1796 3159 Christi:
1826 3134 1905 3159 non
1925 3122 2081 3171 quidem
2103 3123 2317 3161 secundum
2336 3137 2388 3171 se,

1339 3178 1400 3213 vel
1434 3176 1647 3212 secundum
1675 3175 1782 3223 quod
1816 3175 1980 3212 subsistit
2011 3175 2050 3212 in
2078 3175 2207 3213 divina
2234 3184 2387 3222 natura;

1339 3229 1404 3265 sed
1434 3228 1647 3264 secundum
1671 3228 1777 3276 quod
1805 3227 1970 3264 subsistit
1996 3227 2034 3264 in
2054 3229 2224 3265 humana
2242 3237 2386 3266 natura.

1339 3281 1461 3327 Unde,
1478 3292 1564 3316 cum
1587 3280 1860 3328 praedixisset*
1874 3281 2090 3329 Apostolus,
2113 3282 2187 3323 Qui
2194 3282 2321 3329 factus
2340 3287 2390 3318 est
2414 3284 2423 3294 ⁴
2478 3290 2489 3305 f

1339 3335 1374 3370 ei
1399 3345 1448 3370 ex
1465 3334 1604 3369 semine
1626 3333 1750 3370 David
1774 3333 1973 3370 secundum
1993 3345 2156 3379 carnem,
2186 3333 2388 3380 subiunxit,

1346 3387 1419 3428 Qui
1438 3385 1730 3435 praedestinatus
1762 3391 1811 3422 est
1847 3386 1961 3422 Filius
1987 3387 2060 3422 Dei
2094 3387 2130 3422 in
2162 3388 2313 3423 virtute.-
2348 3393 2391 3424 ut

1393 3515 1417 3549 δ)
1438 3516 1481 3542 Et.
1499 3530 1518 3535 -
1537 3515 1573 3542 Et
1590 3516 1629 3540 ita
1647 3516 1676 3545 E,
1697 3517 1732 3541 Et
1750 3516 1809 3541 ideo
1828 3517 1847 3541 F
1866 3522 1891 3541 et
1909 3517 1988 3541 tertia.

1393 3551 1414 3584 ε)
1437 3551 1566 3577 Christus.
1583 3565 1603 3571 -
1621 3551 1662 3576 EF
1681 3557 1706 3576 et
1724 3552 1810 3582 tertia;
1830 3560 1882 3577 om.

1392 3586 1417 3621 ζ)
1433 3594 1586 3619 personam.
1603 3601 1622 3606 -
1640 3587 1724 3619 ipsum
1744 3586 1802 3618 Glb,
1822 3587 1906 3618 ipsum
1925 3587 2088 3619 suppositum
2108 3586 2150 3612 Pe.

2519 1938 2529 1954 Ε

2420 2080 2525 2102 Lomb.

2421 2135 2535 2162 ⁸Vers.4;
2543 2136 2572 2157 cf.
2595 2142 2620 2164 rg

2419 2162 2450 2184 Se
2451 2162 2467 2183 d
2479 2164 2569 2184 contra.

2419 2188 2619 2220 “ul-lym.Erpoe
2621 2204 2628 2210 .

2418 2214 2490 2242 ὑιρπΕ
2492 2215 2630 2241 stadRom,

2418 2221 2486 2263 inhu
2487 2241 2565 2263 noce!
