2872 3970
46 551 72 602 ’ᾖ
83 565 152 588 Num.
163 565 268 593 praeced.

54 1870 65 1916 'A
72 1883 187 1913 api-iac.
193 1883 262 1906 huius

203 3036 209 3043 ·
258 3037 264 3048 ,
292 3018 374 3048 ultra
394 3018 574 3054 materiam,
598 3017 734 3048 formam
757 3023 789 3047 et
811 3019 1027 3058 compositum
1045 3018 1072 3048 ⁴.

1014 228 1275 274 QUAESTIO
1305 228 1371 274 iv,

295 305 469 336 maximam
507 306 747 346 completionem
779 306 940 345 importat.
972 306 1060 335 Haec
1087 306 1148 336 ille.
1182 306 1244 336 Ubi
1272 305 1353 335 clare

295 349 391 378 habes
412 354 557 379 naturam
581 349 770 389 singularem
800 349 867 379 sine
889 349 1111 389 personalitate
1140 358 1207 379 esse
1230 350 1352 378 incom-

293 391 429 432 pletam,
458 398 489 422 et
510 402 681 432 personam
703 393 873 422 maximam
897 393 1147 432 completionem
1170 394 1350 432 importare.

294 435 368 466 Hoc
391 437 478 466 enim
499 436 578 466 nihil
600 435 686 466 aliud
707 441 753 466 est
775 444 872 475 quam
888 435 991 466 dicere
1015 436 1104 475 quod
1118 442 1230 466 natura
1245 436 1352 475 singu-

293 479 365 509 laris
395 489 463 510 non
489 485 536 510 est
562 480 705 510 ultimate
730 479 912 515 terminata;
945 485 975 509 et
1003 489 1174 519 personam
1203 479 1351 510 ultimum

294 524 466 554 terminum
488 528 619 554 naturae
641 523 822 562 importare.

348 567 441 597 Ratio
456 568 569 607 prima,
584 566 764 606 theologice
779 565 986 601 manifestata,
998 567 1088 597 iarn*
1104 566 1186 596 dicta
1198 572 1259 596 est:
1277 567 1352 606 quia

293 610 412 640 scilicet
433 619 604 650 personare
627 615 658 640 et
679 610 841 650 personari
863 615 937 639 sunt
959 611 1127 641 terminare
1146 615 1177 640 et
1191 610 1351 640 terminari

292 653 446 684 ultimate.
471 654 568 694 Igitur
588 653 794 693 personalitas
815 659 861 683 est
875 653 1007 683 ultimus
1021 655 1185 684 terminus.
1207 672 1231 676 -
1252 654 1351 684 Ante-

293 697 410 728 cedens
431 697 659 727 manifestatur.
683 696 768 734 Quia
782 696 878 732 idem,
903 698 1047 736 quamvis
1063 699 1160 734 aliter,
1183 697 1258 727 facit
1280 707 1350 737 per-

292 741 441 771 sonalitas
463 741 592 781 propria
613 746 754 775 naturae,
774 746 806 771 et
827 741 1031 781 personalitas
1055 742 1173 772 aliena:
1197 742 1351 780 quoniam

292 784 394 815 aliena
416 784 544 825 supplet
564 785 736 824 propriam.
761 783 823 815 Sed
845 785 925 815 inter
944 785 1078 815 alienam
1094 791 1125 815 et
1144 790 1289 815 naturam
1305 790 1351 815 est

291 829 460 859 terminare
482 834 514 859 et
534 828 710 858 terminari:
735 833 770 858 ut
791 833 878 868 patet
899 829 933 858 in
947 830 1098 869 mysterio
1115 829 1349 859 incarnationis.

293 872 388 912 Ergo.

346 915 439 946 Ratio
463 916 560 946 altera
582 921 628 946 est
651 925 689 946 ex
704 916 927 956 apparentibus
948 916 983 946 in
997 916 1191 946 naturalibus
1207 916 1350 946 substan-

291 959 342 990 tiis
357 960 576 1000 homogeneis.
599 958 754 990 Videmus
776 960 863 990 enim
879 959 968 999 quod
991 969 1028 990 ex
1049 960 1116 990 sola
1132 959 1286 990 divisione
1301 969 1350 990 res

291 1003 469 1034 multorum
491 1002 822 1044 praedicamentorum
845 1003 939 1034 simul
961 1009 1035 1034 actu
1062 1004 1181 1043 absque
1204 1003 1266 1033 alio
1297 1013 1350 1043 ge-

291 1052 422 1078 nerante
443 1047 534 1078 fiunt.
557 1047 606 1078 Ex
620 1047 689 1078 sola
708 1048 794 1078 enim
809 1047 886 1087 ligni
900 1047 951 1078 vel
967 1056 1067 1087 aquae
1084 1047 1237 1077 divisione
1253 1056 1350 1087 quae-

291 1091 368 1122 libet
387 1095 462 1131 'pars
485 1091 618 1131 acquirit
639 1101 762 1122 novum
777 1092 950 1122 terminum
972 1092 1005 1121 in
1020 1100 1135 1131 genere
1152 1092 1348 1131 quantitatis:

292 1135 447 1175 quoniam
470 1139 508 1165 ex
529 1135 583 1165 illa
603 1140 692 1175 parte
716 1144 779 1175 qua
797 1135 1073 1171 continuabantur,
1098 1135 1257 1174 quaelibet
1278 1144 1350 1175 pars

290 1179 421 1219 proprio
444 1179 580 1210 termino
605 1184 676 1209 actu
691 1180 886 1209 terminatur.
909 1179 959 1209 De
980 1188 1068 1209 novo
1084 1179 1218 1218 acquirit
1232 1188 1350 1209 novam

290 1222 493 1253 relationem:
524 1223 679 1262 quoniam
702 1223 861 1263 quaelibet
883 1222 919 1253 fit
948 1228 1021 1252 actu
1043 1227 1165 1258 toturn,
1194 1228 1230 1252 ut
1252 1228 1348 1263 patet.

289 1266 435 1306 Aequirit
449 1275 517 1296 esse
531 1267 566 1297 in
581 1272 654 1296 actu
671 1267 853 1307 proprium:
870 1276 945 1297 cum
960 1267 1048 1306 prius
1064 1272 1144 1297 esset
1158 1267 1192 1296 in
1206 1267 1350 1306 potentia

289 1310 323 1340 in
340 1314 421 1346 toto,
437 1315 550 1350 utpote
564 1319 636 1350 pars
652 1311 729 1341 eius.
752 1310 936 1350 Aequiritur
950 1320 1035 1340 nova
1050 1311 1243 1351 hypostasis:
1268 1320 1349 1350 quo-

287 1354 376 1384 niam
399 1354 558 1394 quaelibet
579 1363 651 1394 pais
674 1360 722 1385 est
743 1354 931 1395 hypostasis,
955 1364 1012 1384 seu
1035 1355 1137 1395 prima
1159 1355 1348 1390 substantia;

287 1406 365 1428 cum
387 1398 474 1438 prius
497 1407 565 1429 non
581 1403 662 1429 esset
683 1399 786 1439 prima
800 1398 982 1434 substantia,
999 1397 1054 1429 sed
1069 1399 1189 1438 primae
1204 1398 1349 1428 substan-

288 1441 350 1472 tiae
365 1450 447 1482 pars.
463 1442 624 1472 Existente
639 1441 798 1482 siquidem
813 1443 976 1483 hypostasi
991 1451 1055 1472 una
1066 1443 1099 1472 in
1110 1447 1183 1472 actu
1199 1447 1230 1472 et
1241 1442 1348 1472 multis

287 1485 322 1516 in
343 1486 497 1526 potentia,
522 1495 722 1526 consequens
746 1492 802 1523 est,
826 1485 1003 1517 secundum
1027 1486 1204 1516 doctrinam
1226 1486 1348 1516 Aristo-

235 1541 261 1551 ··
289 1529 376 1566 telis,
398 1530 434 1560 in
456 1529 483 1560 11
502 1529 542 1560 de
555 1530 672 1560 Anima
687 1531 719 1566 *‚
742 1535 778 1560 ut
800 1530 868 1561 sola
890 1529 1045 1561 divisione
1070 1529 1148 1560 fiant
1170 1529 1251 1560 duae
1274 1530 1348 1559 sub—

242 1572 248 1577 '
289 1573 420 1604 stantiae
442 1573 476 1604 in
498 1579 581 1610 actu,
605 1582 688 1614 quae
710 1574 798 1614 prius
821 1579 909 1604 erant
931 1584 996 1604 una
1018 1575 1051 1604 in
1068 1579 1141 1604 actu
1163 1579 1195 1604 et
1217 1573 1299 1604 duae
1314 1574 1347 1604 in

287 1618 446 1657 potenn'a:
470 1627 539 1648 non
560 1618 666 1648 minus
690 1627 787 1658 quam
806 1619 839 1648 in
854 1618 1041 1648 animalibus
1056 1617 1258 1657 imperfectis,
1282 1618 1346 1647 exi-

288 1666 390 1691 stente
412 1671 476 1692 una
499 1661 604 1700 anima
626 1662 659 1692 in
683 1667 755 1692 actu
778 1667 809 1692 et
831 1661 954 1692 duabus
976 1662 1010 1692 in
1032 1662 1185 1701 potentia,
1209 1661 1278 1691 sola
1300 1661 1346 1691 di-

288 1704 411 1735 visione
432 1704 515 1735 fiunt
537 1705 619 1736 duae
641 1706 774 1736 animae.
810 1705 858 1736 Ex
872 1705 972 1736 modo
995 1706 1089 1745 igitur
1112 1715 1178 1745 quo
1201 1704 1346 1735 videmus

287 1748 491 1790 multiplicari
505 1750 700 1790 hypostases,
716 1750 830 1779 rationi
846 1755 1096 1779 consentaneum
1111 1753 1242 1788 apparet
1257 1748 1346 1788 quod

287 1793 543 1823 terminationem
565 1798 694 1823 naturae
709 1793 858 1833 singulari
880 1792 1083 1833 superaddat:
1108 1793 1262 1832 quoniam
1284 1798 1345 1822 ter-

287 1836 451 1866 minorum
473 1836 542 1866 talis
565 1841 612 1866 est
633 1837 806 1876 generatio.
828 1855 852 1858 —
873 1836 914 1866 Et
929 1835 1135 1866 confirmatur
1149 1836 1212 1866 hoc
1235 1841 1345 1865 aucto-

287 1880 377 1910 ritate
392 1879 456 1910 divi
478 1880 635 1917 Thomae,
651 1880 707 1910 ubi
729 1889 824 1920 supra
838 1881 865 1915 ⁴¹,
881 1879 921 1910 ad
945 1880 962 1910 3
988 1880 1062 1920 a‘rg„
1079 1880 1105 1909 si
1127 1879 1270 1910 Verbum
1285 1879 1346 1910 Dei

288 1922 462 1964 deponeret
477 1929 671 1964 assumptam
686 1924 925 1960 humanitatem,
940 1923 1087 1954 dicentis:
1104 1923 1273 1964 Separatio
1290 1923 1347 1953 dat

287 1967 415 2009 utrique
434 1967 580 2008 partium
603 1967 814 1998 totalitatem:
842 1968 978 1998 totalitas
1001 1968 1087 1998 enim
1117 1973 1149 1998 et
1171 1967 1345 2007 completio

288 2011 373 2042 idem
389 2017 513 2048 sonant,
524 2021 563 2042 eo
581 2011 670 2052 quod
685 2012 828 2042 ultimata
838 2011 1060 2042 terminatione
1072 2016 1344 2042 consummantur.

341 2055 410 2086 XII.
433 2055 475 2086 Et
497 2056 572 2096 quia
593 2065 670 2086 vero
693 2056 802 2086 omnia
818 2060 998 2087 consonant
1011 2056 1042 2091 *;
1063 2061 1094 2086 et
1114 2065 1154 2085 ex
1170 2055 1256 2095 quod
1269 2055 1347 2095 quid

287 2104 335 2130 est
356 2100 527 2130 solvuntur
549 2108 659 2130 omnes
680 2099 886 2141 difficultates
908 2100 956 2130 rei
971 2100 1004 2129 *z
1035 2098 1108 2130 ideo
1135 2104 1223 2129 tanto
1251 2099 1345 2129 ratio-

255 2142 423 2174 nabilior
444 2143 523 2173 haec
545 2144 662 2183 positio
685 2149 893 2180 monstratur,
924 2148 1045 2183 quanto
1073 2143 1182 2173 omnia
1204 2151 1346 2173 consona

253 2180 510 2223 ·ostendentur,
536 2192 567 2218 et
588 2187 751 2218 solventur
773 2187 970 2218 difficultates
989 2188 1015 2217 ὓ.
1049 2187 1098 2217 Ex
1120 2187 1183 2217 hoc
1205 2196 1346 2226 namque

243 2229 379 2271 'quod
400 2230 522 2261 realitas
543 2231 773 2271 personalitatis
801 2237 847 2261 est
868 2231 1021 2261 terminus
1043 2230 1175 2260 ultimus
1197 2235 1344 2266 naturae,

287 2279 376 2315 patet
405 2275 509 2315 primo
540 2274 705 2305 difficultas
734 2274 774 2305 de
797 2274 958 2305 identitate
985 2280 1016 2305 et
1039 2273 1215 2304 diversitate
1239 2275 1305 2304 eius
1329 2284 1347 2304 a

288 2324 400 2349 natura
414 2318 572 2358 singulari.
596 2318 653 2349 Est
668 2319 754 2349 enim
770 2317 1012 2359 quodammodo
1028 2317 1123 2354 idern,
1141 2323 1172 2348 et
1190 2317 1346 2358 quodam—

288 2361 388 2393 modo
410 2371 478 2392 non
500 2361 602 2392 idem:
627 2363 708 2392 sicut
722 2363 876 2393 terminus
892 2367 938 2392 est
959 2362 1127 2392 terminato
1145 2362 1235 2401 quasi
1249 2361 1344 2398 idem,

289 2411 321 2436 et
343 2405 434 2446 quasi
446 2415 515 2436 non
529 2405 624 2436 idem.
649 2406 705 2436 Est
720 2407 805 2437 enim
821 2406 940 2446 aliquid
956 2406 1033 2441 eius,
1049 2406 1168 2436 scilicet
1182 2406 1344 2442 terminus,

290 2455 321 2480 et
341 2459 411 2480 non
434 2454 480 2479 est
502 2449 596 2480 illud:
620 2455 657 2480 ut
678 2456 765 2490 patet
787 2449 827 2480 de
849 2455 971 2490 puncto
996 2455 1027 2480 et
1048 2449 1140 2480 linea.

343 2493 434 2524 Patet
464 2492 616 2529 secundo,
641 2493 680 2524 de
710 2494 947 2534 separabilitate.
985 2494 1068 2524 Nam
1099 2498 1205 2533 potest
1235 2499 1347 2524 natura

289 2535 359 2567 fieri
385 2537 454 2567 sine
479 2546 539 2567 suo
565 2538 702 2568 termino
731 2538 765 2568 in
788 2543 876 2568 actu:
907 2547 975 2568 non
1001 2543 1108 2568 autem
1139 2546 1156 2567 e
1180 2547 1345 2568 converso.

290 2580 380 2611 Sicut
400 2585 507 2620 potest
527 2580 612 2611 linea
633 2590 700 2612 esse
723 2582 790 2612 sine
809 2582 899 2612 omni
916 2587 1038 2622 puncto
1057 2582 1090 2611 in
1106 2586 1189 2616 actu,
1209 2586 1245 2611 ut
1260 2587 1346 2621 patet

290 2623 330 2654 de
353 2624 436 2654 linea
459 2624 618 2654 circulari:
648 2634 716 2655 non
739 2630 846 2660 autem
868 2635 886 2655 e
910 2635 1080 2660 converso,
1110 2625 1185 2664 quia
1206 2625 1348 2665 implicat

289 2673 448 2708 punctum
471 2677 540 2701 esse,
565 2668 632 2698 sine
655 2668 754 2705 linea,
785 2674 898 2709 utpote
926 2669 1045 2700 habens
1076 2674 1107 2699 et
1133 2678 1201 2699 non
1228 2669 1347 2699 habens

289 2712 496 2752 positionem.

346 2755 434 2785 Patet
456 2755 565 2791 tertio,
590 2754 629 2785 de
652 2757 896 2796 compositione.
930 2757 1013 2787 Inter
1033 2757 1239 2787 terminatum
1262 2757 1347 2787 enim

292 2804 323 2829 et
344 2799 518 2829 terminum
538 2799 627 2829 nulla
649 2805 696 2829 est
718 2800 920 2840 compositio.
947 2801 1022 2830 Non
1045 2801 1131 2830 enim
1153 2800 1236 2830 linea
1259 2810 1348 2830 com-

290 2843 422 2883 ponitur
445 2852 483 2873 ex
505 2843 648 2882 punctis,
679 2849 734 2873 aut
761 2853 798 2874 ex
820 2843 903 2874 linea
925 2849 957 2874 et
978 2850 1110 2884 puncto.
1145 2844 1186 2874 Et
1208 2844 1348 2874 similiter

290 2887 372 2917 inter
394 2886 650 2927 personalitatem
673 2891 705 2916 et
717 2892 863 2918 naturam
885 2887 974 2918 nulla
997 2893 1043 2918 est
1065 2888 1268 2927 compositio,
1293 2887 1348 2918 sed

291 2939 325 2960 se
347 2931 464 2960 habent
487 2935 522 2960 ut
545 2930 698 2960 terminus
721 2935 752 2960 et
773 2931 986 2961 terminatum.

346 2974 435 3004 Patet
458 2979 585 3014 quarto,
610 2973 699 3013 quod
721 2983 789 3004 non
811 2973 961 3014 fingimus
983 2984 1101 3005 novam
1125 2975 1346 3011 substantiam,

1107 3018 1270 3056 Quoniam
1293 3029 1348 3059 ap-

291 3062 462 3102 pellatione
492 3062 657 3102 compositi
678 3061 861 3101 intelligitur
883 3062 916 3091 in
938 3062 1117 3092 substantiis
1136 3063 1348 3093 materialibus

260 3113 266 3133 3
292 3110 426 3146 utraque
441 3106 614 3136 substantia
627 3105 731 3145 posita
746 3105 779 3135 in
794 3105 823 3134 V
839 3105 1019 3146 Metaphys.
1035 3106 1062 3141 ⁴*,
1081 3105 1200 3136 scilicet
1214 3107 1348 3136 essentia

169 3163 181 3187 5
200 3148 206 3159 ’
259 3149 265 3180 1
293 3154 325 3180 et
345 3150 538 3190 hypostasis:
566 3158 642 3179 nam
665 3158 702 3179 ex
724 3149 854 3178 materia
877 3154 908 3178 et
929 3148 1032 3179 forma
1055 3150 1259 3189 componitur
1280 3160 1348 3180 non

260 3202 265 3207 ·
292 3193 399 3224 solum
421 3193 554 3224 essentia
576 3193 712 3224 Socratis
736 3192 814 3232 (sive
837 3193 1050 3222 communiter
1071 3197 1207 3232 sumpta,
1231 3198 1267 3223 ut
1289 3194 1348 3224 hu-

292 3237 441 3267 manitas:
466 3237 531 3267 sive
553 3236 763 3277 singulariter,
786 3241 822 3266 ut
844 3236 922 3266 haec
944 3236 1152 3275 humanitas),
1176 3235 1231 3266 sed
1254 3237 1348 3267 etiam

292 3281 360 3320 ipse
383 3280 537 3317 Socrates,
561 3286 597 3311 ut
619 3285 714 3321 patet.
750 3279 812 3310 Sed
835 3280 988 3319 quoniam
1011 3280 1183 3310 substantia
1205 3279 1348 3310 distincta

293 3329 341 3354 est
354 3325 388 3354 in
402 3330 547 3355 naturam
565 3329 597 3355 et
611 3324 817 3354 substantiam
832 3324 984 3363 primam;
1009 3329 1039 3353 et
1058 3323 1229 3353 substantia
1246 3324 1348 3362 prima

293 3364 452 3398 invenitur
473 3368 507 3398 in
529 3367 604 3398 solis
626 3368 806 3398 substantiis
829 3367 1012 3417 completis,
1043 3367 1108 3397 sive
1131 3367 1192 3396 sint
1215 3375 1348 3407 compo-

294 3411 371 3442 siue
400 3413 466 3442 sive
495 3411 652 3462 simplices
681 3411 820 3441 formae:
853 3412 887 3441 in
915 3411 1021 3441 lucem
1050 3410 1240 3450 protulimus
1271 3410 1347 3450 quid

294 3455 466 3486 substantia
487 3455 606 3495 prima,
635 3464 692 3486 seu
714 3455 908 3496 hypostasis,
938 3454 1111 3485 formaliter
1139 3455 1289 3494 importat
1314 3455 1347 3484 in

295 3499 469 3529 communi.

349 3541 438 3573 Patet
466 3543 596 3583 quinto,
627 3551 737 3573 sensus
759 3543 930 3573 verborum
960 3541 1023 3572 divi
1050 3541 1195 3572 Thomae
1210 3542 1242 3579 ³,
1273 3551 1347 3572 cum

1405 227 1695 266 ARTICULUS
1724 230 1753 265 ΙΙ
2417 242 2467 278 77

1408 304 1484 335 dixit
1507 307 1623 345 pluries
1655 306 1743 346 quod
1760 307 1980 346 personalitas
1998 313 2260 348 corrumperetur
2284 308 2313 338 si
2334 308 2467 338 Verbum

1407 350 1627 389 assumpsisset
1647 351 1800 391 angelum
1824 355 1882 381 aut
1902 351 2061 381 hominem
2076 352 2353 391 praeexistentem.
2386 352 2467 382 Cor-

1406 394 1512 432 rumpi
1536 394 1621 424 enim
1643 404 1710 424 non
1735 399 1781 424 est
1803 395 1863 424 nisi
1886 395 2024 424 entium:
2048 395 2126 425 nihil
2146 396 2230 425 enim
2253 396 2387 425 moritur
2406 397 2467 426 nisi

1405 437 1530 472 vivens;
1556 442 1586 467 et
1609 438 1751 468 similiter
1773 438 1851 468 nihil
1875 439 2089 478 corrumpitur
2111 439 2171 468 nisi
2194 449 2259 469 ens.
2282 457 2306 461 -
2328 439 2368 468 Et
2391 449 2466 470 cum

1406 479 1482 510 dixit
1505 481 1594 520 quod
1610 491 1754 521 persona
1779 482 1870 512 Verbi
1888 482 2049 522 impedivit
2071 491 2111 512 ne
2128 483 2311 513 humanitas
2330 483 2387 512 illa
2409 483 2466 513 ha-

1405 523 1492 553 beret
1519 534 1610 554 suam
1634 526 1805 565 propriam
1828 526 2116 566 personalitatem:
2145 526 2234 566 quod
2262 526 2465 557 Innocentius

1406 569 1530 598 vocavit
1551 570 1822 609 consumptionem
1833 579 1995 609 personae
2010 571 2036 599 *ἦ
2060 570 2135 599 Non
2152 571 2237 600 enim
2253 569 2404 609 impedita
2419 575 2466 600 est

1405 621 1423 640 a
1445 611 1546 641 nihilo
1571 612 1768 652 (negationes
1791 618 1896 643 autem
1921 623 2034 643 omnes
2064 613 2237 644 formaliter
2260 618 2333 643 sunt
2354 614 2462 653 nihil):

1405 654 1460 684 sed
1487 656 1525 684 ab
1553 656 1672 695 aliquo.
1708 656 1857 686 Similiter
1885 666 2022 696 persona
2044 657 2140 687 Verbi
2169 667 2236 687 non
2267 658 2466 696 consumpsit

1404 698 1501 734 nihil,
1534 699 1589 729 sed
1619 699 1754 739 aliquid:
1789 700 1877 740 quod
1905 701 1990 731 enim
2019 701 2097 731 nihil
2126 706 2187 736 est,
2219 701 2464 740 consumptibile

1404 751 1471 771 non
1496 747 1551 772 est.

1459 786 1548 816 Patet
1570 793 1668 823 sexto,
1693 797 1803 817 sensus
1824 787 1986 819 doctrinae
2001 789 2171 827 Augustini
2187 789 2213 824 ἢ
2238 793 2268 818 et
2291 789 2500 818 sententiae·

1405 829 1564 860 Ecclesiae
1593 831 1626 867 ⁴⁹,
1654 840 1729 861 cum
1752 830 1865 861 dicitur
1901 832 1989 872 quod
2012 841 2148 871 persona
2171 832 2266 862 Verbi
2295 832 2501 872 assumpsit

1405 878 1556 903 naturam
1579 879 1610 904 et
1633 884 1697 904 non
1715 884 1901 914 personam.
1937 876 1969 906 Si
1993 876 2079 906 enim
2102 885 2238 915 persona
2260 877 2463 915 negationem

1405 916 1490 946 addit
1505 916 1686 954 formaliter,
1704 918 1849 954 dicendo,
1866 920 1941 950 Non
1958 921 2128 959 assumpsit
2136 929 2321 960 personam,
2344 919 2464 950 dictum

1405 965 1461 995 est,
1485 960 1560 991 Non
1584 963 1755 1001 assumpsit
1777 963 1866 992 nihil.

1459 1003 1540 1034 XIII.
1564 1005 1687 1035 Patebit
1710 1011 1740 1035 et
1763 1007 1917 1045 septimo,
1942 1007 2059 1037 solutio
2084 1007 2313 1038 obiectionum.
2349 1007 2463 1037 Scotus

1405 1047 1491 1077 enim
1506 1048 1532 1083 θ,
1550 1048 1583 1078 in
1606 1048 1647 1078 111
1663 1049 1760 1084 Sent„
1777 1049 1847 1079 dist.
1864 1061 1884 1083 1,
1901 1059 1955 1089 qu.
1972 1061 1983 1080 1
1998 1051 2042 1086 θ,
2060 1051 2161 1090 arguit
2179 1057 2289 1081 contra
2304 1052 2385 1081 hanc
2404 1060 2463 1090 po-

1404 1090 1553 1121 sitionem
1576 1091 1831 1132 quadrupliciter.
1866 1106 1880 1120 «
1898 1094 2024 1129 Primo,
2054 1095 2129 1134 quia
2156 1100 2232 1125 tunc
2256 1100 2336 1125 esset
2359 1095 2464 1134 aliqua

1405 1134 1516 1164 entitas
1539 1136 1674 1174 positiva
1696 1137 1729 1166 in
1752 1142 1863 1166 natura
1885 1138 2024 1167 humana
2055 1147 2136 1177 quae
2160 1144 2241 1168 esset
2263 1139 2463 1178 inassumpti-

1404 1178 1474 1207 bilis
1495 1188 1513 1208 a
1528 1179 1645 1209 Verbo.
1670 1180 1743 1210 Hoc
1759 1185 1806 1210 est
1820 1181 2058 1211 inconveniens.
2083 1181 2170 1211 Tum
2186 1182 2269 1220 quia,
2287 1181 2463 1212 secundum

1404 1222 1639 1252 Damascenum
1654 1224 1681 1259 *,
1704 1224 1790 1264 quod
1813 1229 1860 1254 est
1882 1224 2139 1264 inassumptibile,
2164 1230 2211 1255 est
2233 1225 2418 1255 incurabile.
2441 1243 2464 1247 -

1403 1265 1491 1296 Tum
1514 1267 1589 1305 quia
1613 1268 1717 1297 omnis
1745 1268 1856 1297 entitas
1882 1269 2018 1307 positiva
2040 1274 2199 1298 creaturae
2230 1278 2331 1308 aeque
2354 1274 2401 1298 est
2430 1269 2463 1299 in

1402 1310 1547 1349 potentia
1570 1310 1772 1341 obedientiali
1794 1318 1941 1350 respectu
1962 1321 2118 1351 personae
2142 1311 2265 1342 divinae
2285 1326 2312 1342 ».

1461 1366 1475 1380 «
1494 1353 1640 1384 Secundo
1657 1355 1683 1390 ὕ,
1701 1355 1775 1394 quia
1797 1361 1981 1394 sequeretur
2000 1355 2089 1395 quod
2103 1356 2281 1386 humanitas
2304 1361 2464 1396 assumpta

1403 1407 1421 1426 a
1436 1397 1542 1428 Verbo
1571 1403 1673 1428 careat
1688 1398 1740 1428 illa
1764 1399 1891 1429 entitate
1919 1400 2069 1439 positiva:
2099 1409 2181 1439 quae
2203 1405 2310 1429 tamen
2333 1401 2463 1440 ponitur

1402 1441 1523 1477 ultima,
1549 1447 1580 1472 et
1602 1443 1692 1482 quasi
1708 1443 1916 1473 actualissima
1939 1449 1970 1473 et
1988 1443 2281 1474 determinatissima
2299 1444 2331 1473 in
2351 1449 2463 1474 natura

1401 1485 1464 1515 tali.
1489 1486 1530 1515 Et
1549 1486 1592 1515 sic
1608 1496 1675 1516 non
1692 1491 1772 1516 esset
1787 1487 1887 1517 homo
1904 1487 2051 1517 univoce.
2075 1506 2098 1509 —
2121 1487 2161 1517 Et
2177 1488 2202 1517 si
2217 1493 2380 1527 reputatur
2394 1497 2462 1518 non

1401 1530 1630 1559 inconveniens
1654 1529 1743 1569 quod
1764 1536 1866 1560 careat
1884 1530 1952 1560 illa:
1977 1540 2075 1570 arguo
2093 1530 2182 1570 quod
2197 1532 2255 1560 ista
2269 1536 2380 1561 natura
2394 1541 2462 1561 non

1401 1578 1509 1612 posset
1531 1573 1646 1603 dimitti
1669 1574 1727 1603 sibi
1751 1574 1829 1614 quin
1856 1579 2018 1614 oporteret
2040 1575 2098 1604 sibi
2119 1574 2184 1605 dari
2203 1584 2321 1604 novam
2341 1575 2462 1605 realita-

1400 1622 1476 1652 tem,
1499 1617 1549 1647 vel
1573 1627 1735 1647 remanere
1757 1627 1825 1648 non
1848 1627 2018 1657 personam
2036 1631 2063 1647 ι».

1459 1673 1472 1687 α
1495 1661 1603 1690 Tertio
1619 1662 1646 1696 *,
1663 1662 1737 1700 quia
1753 1662 1895 1700 sequitur
1910 1661 1999 1701 quod
2013 1663 2072 1691 ista
2085 1666 2196 1691 natura
2211 1671 2277 1692 non
2294 1667 2401 1702 posset
2416 1662 2462 1692 di-

1400 1704 1491 1739 mitti,
1516 1704 1565 1734 vel
1582 1714 1650 1734 esse
1665 1710 1843 1744 personata.
1867 1705 1951 1742 Quia
1969 1705 2038 1734 talis
2054 1705 2176 1735 realitas
2195 1715 2263 1735 non
2279 1711 2325 1735 est
2339 1706 2461 1736 realitas

1399 1753 1546 1778 naturae:
1569 1757 1630 1778 nec
1652 1753 1759 1787 potest
1782 1749 1937 1778 contineri
1952 1758 2009 1788 per
2024 1748 2221 1779 identitatem
2236 1750 2270 1779 in
2285 1749 2391 1789 aliqua
2406 1759 2461 1780 na-

1398 1796 1469 1821 tura
1492 1800 1574 1830 quae
1596 1801 1664 1821 non
1688 1797 1734 1822 est
1757 1791 1867 1822 eadem
1891 1792 1950 1822 sibi
1969 1805 1996 1822 ».

1457 1848 1471 1861 ‹
1493 1834 1618 1871 Quarto
1635 1836 1661 1870 ⁸⁶,
1678 1841 1862 1875 sequeretur
1885 1835 1974 1875 quod
1988 1841 2099 1866 natura
2114 1837 2332 1866 intellectualis
2354 1842 2462 1876 posset

1398 1877 1467 1908 fieri
1482 1884 1555 1909 actu
1578 1879 1723 1915 existens,
1745 1884 1775 1909 et
1789 1880 1823 1910 in
1837 1880 1925 1910 nulla
1940 1889 2085 1919 persona.
2110 1880 2198 1910 Patet
2213 1880 2352 1920 sequela.
2376 1880 2460 1918 Quia

1398 1928 1510 1953 natura
1533 1932 1615 1963 quae
1631 1924 1801 1953 assumitur
1821 1929 1867 1954 est
1889 1924 1976 1964 prior
1998 1924 2100 1964 seipsa
2121 1929 2158 1954 ut
2180 1929 2226 1954 est
2249 1924 2307 1954 sub
2322 1924 2461 1954 realitate

1399 1967 1628 2006 personalitatis
1659 1976 1740 2007 quae
1763 1977 1831 1997 non
1855 1973 1901 1998 est
1929 1967 2039 1997 eadem
2062 1968 2185 1998 realiter
2212 1973 2266 1998 aut
2288 1967 2461 1998 formaliter

1398 2016 1544 2041 naturae:
1562 2016 1593 2041 et
1607 2016 1695 2047 tunc,
1712 2012 1737 2041 si
1752 2021 1820 2041 non
1835 2017 2056 2047 assumeretur,
2073 2011 2129 2042 sed
2143 2012 2374 2051 relinqueretur
2389 2012 2458 2047 sibi,

1398 2063 1466 2084 non
1489 2060 1571 2085 esset
1592 2060 1761 2094 personata
1783 2056 2005 2095 personalitate
2029 2061 2131 2086 creata
2146 2056 2196 2086 vel
2211 2056 2349 2085 increata
2367 2068 2395 2085 ».

1453 2098 1536 2129 XIV.
1560 2098 1684 2129 Deinde
1700 2099 1801 2138 arguit
1823 2099 1983 2129 Aureolus
2002 2100 2029 2135 s,
2046 2099 2132 2139 apud
2148 2099 2352 2139 Capreolum,
2368 2100 2402 2129 in
2418 2099 2459 2129 III

1399 2141 1496 2178 Sent„
1509 2142 1579 2172 dist.
1592 2153 1621 2178 v,
1635 2151 1689 2183 qu.
1702 2153 1736 2172 111
1748 2143 1774 2172 ἦ
1797 2143 1917 2178 Primo,
1938 2152 1976 2173 ex
1996 2144 2181 2173 auctoritate
2203 2143 2391 2173 Damasceni
2407 2144 2457 2173 *ἧς

1399 2186 1577 2226 Assumpsit
1604 2187 1737 2216 Verbum
1759 2187 1913 2227 quidquid
1932 2187 1964 2217 in
1981 2191 2101 2217 natura
2117 2192 2228 2217 nostra
2246 2187 2417 2227 plantavit.
2437 2205 2460 2209 -

1400 2230 1441 2260 Et
1463 2231 1489 2260 si
1508 2230 1628 2260 dicatur
1651 2230 1740 2270 quod
1763 2231 1931 2270 assumpsit
1952 2235 2058 2261 totum
2082 2230 2171 2270 quod
2191 2231 2327 2270 pertinet
2350 2230 2389 2260 ad
2403 2240 2459 2260 na·

1399 2279 1512 2310 turam,
1537 2284 1604 2304 non
1626 2279 1731 2304 toturn
1755 2274 1844 2314 quod
1865 2275 2002 2314 pertinet
2024 2274 2063 2304 ad
2086 2275 2306 2314 suppositum,
2331 2279 2457 2304 contra:

1400 2318 1570 2348 Terminus
1585 2318 1788 2348 humanitatis
1804 2324 1850 2348 est
1866 2318 1984 2358 aliquid
1999 2318 2212 2348 humanitatis
2237 2318 2321 2357 Ergo
2338 2327 2458 2348 assum-

1399 2362 1461 2401 psit
1491 2362 1586 2392 etiam
1616 2363 1789 2392 terminum
1816 2362 2028 2392 humanitatis.
2058 2361 2259 2392 Antecedens
2288 2362 2456 2400 probatur:

1400 2406 1476 2446 quia
1497 2411 1655 2445 punctum
1679 2411 1725 2436 est
1748 2405 1867 2445 aliquid
1889 2406 2000 2436 lineae.

1444 2449 1590 2480 Secundo
1602 2451 1629 2486 ξ
1643 2450 1668 2479 si
1683 2450 1862 2480 terminatio
1879 2455 1910 2480 et
1925 2449 2128 2489 personalitas
2145 2454 2191 2479 est
2205 2449 2310 2488 aliqua
2325 2448 2457 2484 realstas,

1401 2503 1476 2533 ergo
1497 2503 1562 2524 ens.
1586 2494 1671 2534 Ergo
1689 2493 1845 2533 quidditas
1862 2499 1893 2523 et
1909 2493 2001 2533 quid:
2026 2498 2062 2523 ut
2076 2498 2162 2532 patet
2177 2492 2234 2522 VII
2250 2492 2430 2532 Metaphys.
2441 2493 2457 2509 ὓ

1400 2538 1485 2577 Ergo
1509 2543 1621 2568 natura
1643 2538 1758 2577 aliqua.
1783 2537 1867 2577 Ergo
1892 2542 1938 2567 est
1961 2537 2184 2576 assumptibilis
2206 2546 2224 2566 a
2247 2536 2364 2566 Verbo.
2379 2554 2402 2558 —
2417 2536 2458 2566 Et

1401 2580 1616 2612 confirmatur.
1641 2581 1735 2619 Quia,
1752 2582 1777 2611 si
1797 2581 1996 2621 distinguitur
2018 2580 2140 2611 realiter
2163 2590 2180 2609 a
2202 2584 2326 2615 natura,
2350 2584 2458 2619 posset

1401 2626 1488 2655 Deus
1510 2625 1612 2665 ipsam
1635 2634 1778 2665 separare
1801 2625 1933 2660 realiter,
1958 2629 1988 2654 et
2010 2624 2177 2664 separatim
2200 2632 2367 2653 assumere.

1460 2669 1567 2699 Tertio
1583 2670 1609 2705 ᾖ,
1630 2669 1705 2709 quia
1728 2679 1765 2699 ex
1787 2669 1850 2698 hoc
1873 2673 2050 2708 sequuntur
2071 2667 2171 2698 multa
2192 2667 2456 2697 inconvenientia.

1400 2713 1544 2743 Primum
1560 2718 1607 2743 est
1629 2712 1717 2752 quod
1728 2713 1870 2742 Verbum
1885 2722 1953 2742 non
1968 2717 2076 2752 posset
2091 2711 2238 2751 supplere
2253 2711 2355 2740 vicem
2375 2710 2457 2740 illius

1401 2757 1542 2787 termini:
1568 2765 1642 2787 cum
1658 2757 1697 2786 sit
1713 2756 1790 2796 quid
1805 2756 1985 2791 subsistens,
2009 2761 2039 2785 et
2054 2765 2120 2785 non
2137 2754 2241 2784 solum
2257 2755 2419 2784 terminus.
2435 2773 2458 2776 —

1402 2800 1598 2836 Secundum,
1630 2799 1719 2840 quod
1741 2800 1884 2830 Verbum
1905 2809 1972 2829 non
1996 2804 2076 2829 esset
2098 2799 2209 2828 homo.
2243 2797 2328 2835 Quia
2350 2798 2457 2828 termi-

2493 574 2502 585 ⁸
2517 573 2552 595 Cf.
2567 580 2614 602 arg.
2628 581 2649 603 3.

2522 796 2558 818 Cf.
2584 802 2624 824 arg
2653 797 2705 835 Sed

2491 825 2581 844 contra.

2515 849 2550 871 ef.
2565 855 2603 876 qu.
2618 855 2642 873 ιι
2657 853 2699 870 art.

2490 881 2570 923 {xi-36.
2573 875 2622 896 Sed
2631 878 2702 900 cont„-

2491 1057 2501 1068 ⁸
2515 1057 2550 1078 Cf.
2566 1063 2630 1078 num.
2644 1063 2682 1078 xv.

2490 1083 2510 1094 ⁸·
2526 1084 2576 1105 Art.
2590 1089 2611 1112 3.

2489 1230 2500 1240 ⁸
2514 1230 2549 1251 De
2561 1230 2620 1252 Fide
2631 1231 2699 1253 Orth.

2490 1256 2529 1278 lib.
2545 1257 2584 1284 111,
2602 1264 2652 1285 cap.
2668 1264 2699 1280 vt.

2490 1365 2500 1375 ⁸
2513 1363 2550 1386 Cf.
2565 1370 2629 1386 num.
2643 1371 2691 1387 xvi.

2489 1665 2499 1676 ⁸
2514 1664 2550 1686 Cf.
2565 1670 2629 1686 num.
2643 1670 2698 1686 xvn.

2488 1838 2499 1848 ¹⁵
2509 1837 2544 1859 Cf.
2555 1843 2618 1859 tum.
2633 1844 2697 1860 xviii.

2486 2105 2497 2117 ⁸
2512 2106 2547 2127 Cf.
2563 2112 2625 2128 num.
2637 2113 2682 2129 xix.

2486 2146 2561 2183 :An-t.
2576 2152 2596 2167 2.

2487 2172 2618 2194 “DeFide
2627 2173 2694 2195 Orth.

2486 2198 2525 2219 lib.
2540 2199 2579 2225 111,
2594 2205 2644 2226 cap.
2661 2205 2695 2226 v1;

2486 2225 2514 2246 cf.
2529 2231 2577 2252 arg.
2591 2231 2611 2246 2.

2485 2452 2496 2463 ⁸
2510 2452 2545 2473 Cf.
2560 2458 2624 2474 num.
2638 2458 2676 2473 xx.

2485 2497 2494 2507 ⁸
2505 2496 2539 2518 Cf.
2550 2496 2576 2518 S.
2586 2496 2629 2518 Th.
2641 2497 2694 2518 lect.

2484 2528 2515 2544 iv.
2526 2535 2536 2539 -
2544 2523 2596 2544 Did.
2607 2522 2693 2550 lib.Vl,

2484 2554 2536 2576 cap.
2550 2555 2582 2574 iv.
2597 2555 2620 2570 n.
2635 2550 2657 2571 8.

2486 2669 2495 2680 ⁸
2510 2669 2544 2691 Cf.
2560 2675 2623 2690 num.
2638 2675 2686 2690 xxi.

1401 2845 1488 2874 natio
1511 2844 1573 2880 illa,
1597 2845 1623 2874 si
1638 2849 1820 2884 poneretur,
1839 2852 1907 2873 non
1923 2848 2003 2873 esset
2018 2843 2127 2872 homo.
2150 2860 2174 2864 —
2200 2842 2351 2877 Tertium,
2369 2841 2457 2881 quod
2501 2869 2504 2872 ⁴

1402 2888 1532 2928 angelus
1555 2897 1622 2918 non
1645 2892 1753 2927 posset
1775 2887 1893 2916 assumi
1915 2896 1933 2916 a
1955 2886 2077 2916 Verbo:
2103 2895 2177 2915 cum
2199 2885 2232 2915 in
2252 2894 2291 2915 eo
2314 2895 2382 2915 non
2398 2885 2456 2915 dif-

1401 2932 1479 2962 ferat
1503 2931 1591 2971 quod
1615 2930 1692 2970 quid
1715 2935 1761 2960 est
1783 2930 1821 2960 ab
1845 2939 1884 2959 eo
1908 2930 1998 2959 cuius
2021 2934 2082 2964 est,
2113 2928 2290 2959 secundum
2312 2929 2457 2959 Philoso-

1401 2976 1503 3015 phum
1518 2976 1544 3005 *ἦ
1568 2993 1591 2997 -
1615 2975 1775 3010 Quartum
1805 2978 1851 3003 est
1881 2973 1969 3012 quod
1991 2974 2092 3012 prima
2120 2973 2291 3002 substantia
2312 2982 2380 3003 non
2402 2973 2456 3003 ha-

1401 3020 1488 3049 beret
1510 3019 1665 3048 rationem
1688 3018 1808 3057 primae
1831 3017 2022 3047 substantiae
2043 3025 2100 3056 per
2123 3017 2299 3052 essentiam,
2323 3016 2378 3046 sed
2399 3026 2456 3056 per

1401 3063 1492 3093 istam
1514 3062 1696 3092 realitatem.
1720 3061 1761 3090 Et
1775 3061 1819 3090 sic
1835 3059 1973 3090 secunda
1988 3061 2159 3090 substantia
2174 3066 2254 3090 esset
2269 3061 2366 3100 magis
2382 3062 2456 3090 sub-

1401 3106 1528 3136 stantia:
1554 3105 1628 3144 quia
1651 3105 1761 3144 prima,
1785 3105 1975 3144 inquantum
1997 3104 2107 3144 prima,
2123 3113 2190 3134 non
2210 3109 2290 3134 esset
2313 3105 2455 3134 substan-

1400 3151 1452 3180 tia.
1475 3167 1499 3171 —
1523 3148 1677 3184 Quintum
1700 3153 1746 3178 est
1778 3147 1867 3187 quod
1888 3147 1976 3178 nulla
2001 3157 2050 3178 res
2072 3148 2252 3178 subsisteret
2269 3157 2326 3187 per
2341 3157 2383 3183 se,
2401 3148 2456 3179 sed

1400 3203 1457 3233 per
1480 3191 1564 3222 aliud
1587 3202 1606 3221 a
1628 3201 1676 3221 se:
1708 3191 1789 3221 sicut
1811 3201 1927 3231 corpus
1949 3201 2017 3222 non
2039 3192 2223 3222 terminatur
2245 3201 2301 3231 per
2324 3201 2372 3227 se,
2400 3192 2455 3222 sed

1400 3246 1457 3276 per
1472 3235 1682 3276 superficiem.
1706 3235 1748 3265 Et
1769 3240 1876 3265 tamen
1892 3235 2076 3265 conceditur
2092 3235 2181 3275 quod
2194 3236 2365 3265 substantia
2382 3236 2455 3266 sub-

1401 3280 1480 3310 sistit
1501 3289 1558 3319 per
1580 3289 1623 3309 se.
1646 3297 1670 3302 -
1691 3279 1824 3309 Sextum
1847 3284 1893 3309 est
1915 3279 2004 3319 quod
2021 3285 2132 3309 natura
2151 3279 2279 3309 haberet
2293 3280 2392 3319 magis
2407 3289 2455 3310 ra-

1400 3324 1522 3353 tionem
1546 3323 1711 3363 suppositi.
1735 3322 1899 3360 Quoniam
1920 3328 2031 3353 natura
2054 3323 2172 3353 substat
2194 3323 2323 3353 realitati
2346 3333 2455 3363 perso-

1401 3367 1544 3397 nalitatis.
1568 3385 1591 3389 -
1613 3366 1785 3407 Septimum
1813 3371 1859 3396 est
1893 3366 1981 3406 quod
2010 3367 2212 3406 suppositum
2235 3372 2316 3396 esset
2345 3373 2455 3406 quarta

1401 3411 1573 3441 substantia
1596 3420 1634 3440 ex
1655 3410 1754 3440 tribus
1777 3410 1962 3446 constituta,
1986 3411 2104 3440 scilicet
2125 3410 2264 3446 materia,
2287 3410 2399 3447 forma,
2424 3416 2455 3442 et

1401 3454 1453 3484 illa
1476 3454 1623 3485 realitate.
1647 3472 1669 3477 -
1692 3453 1777 3484 Cum
1793 3455 1886 3494 igitur
1901 3454 1959 3483 ista
1973 3455 2035 3484 sint
2050 3454 2177 3489 absona,
2201 3463 2268 3484 non
2283 3459 2388 3493 potest
2403 3455 2455 3485 illa

1401 3498 1518 3538 positio
1541 3495 1630 3538 poni.

1456 3542 1524 3572 XV.
1549 3541 1599 3572 Ad
1621 3542 1761 3582 primum
1785 3542 1872 3572 Scoti
1889 3542 1905 3558 ⁴*
1933 3540 2045 3572 dicitur
2074 3541 2199 3572 nullum
2227 3542 2454 3572 inconveniens

2485 2980 2544 3001 Cf
2560 2980 2672 3008 Metapa)
2673 2987 2693 3002 s.

2483 3005 2646 3085 ’ἕῖὲνιέῗῗ
2653 3013 2693 3054 Τέ-

2597 3090 2613 3107 a

2482 3545 2491 3554 ⁸
2505 3543 2574 3564 Num.
2589 3548 2636 3563 χιιι.
