2872 3970
25 607 28 611 ’
65 585 172 635 &itti
186 585 278 633 aiu}-

218 627 224 638 ‚
272 627 277 633 .

20 643 24 662 ·,
68 637 138 666 LVII,
154 644 204 666 cap.
218 643 260 659 ιιι.

165 687 180 721 β

18 738 37 767 ,ζ
69 749 79 759 ·
91 745 158 768 Vere.
175 751 207 773 ¹7·

27 1343 31 1346 ²
67 1310 80 1323 ⁸
93 1310 129 1333 ef.
149 1316 212 1332 num.
229 1316 278 1338 neq.

1027 243 1290 289 QUAESTIO
1320 244 1368 289 11,
1397 243 1689 280 ARTICULUS
1718 244 1754 279 X

304 323 396 359 tinet
423 323 472 359 ad
491 329 610 359 totam
637 328 814 358 naturam
842 322 1067 363 humanam,
1088 333 1187 369 quae
1207 333 1365 369 COmpo-
1392 328 1395 367 [

305 375 408 412 nitur
427 386 472 411 ex
491 374 620 411 anima
648 381 684 410 et
702 385 874 422 corpore.
902 374 952 419 Et
979 385 1049 422 per
1069 374 1174 409 hunc
1201 373 1366 409 modum

305 427 442 464 dicitur
459 426 657 475 plenitudo
677 425 879 462 divinitatis
901 425 939 462 in
956 425 1106 462 Christo
1123 425 1367 474 corporaliter

305 479 515 517 habitasse:
545 478 636 528 quia
663 485 719 517 est
745 477 852 515 unita
879 477 1010 515 divina
1036 485 1172 514 natura
1199 489 1280 514 non
1309 490 1366 514 so-

305 534 384 569 lum
415 531 578 574 animae,
599 530 666 567 sed
695 530 808 567 etiam
836 530 999 578 corpori.

359 583 549 630 Quamvis
578 583 691 619 etiam
718 582 837 631 possit
859 582 933 619 dici
955 583 975 604 ’¹‘
1003 583 1110 631 quod
1138 582 1274 620 dicitur
1300 583 1366 619 ha-

305 636 442 674 bitasse
469 636 509 672 in
538 635 688 673 Christo
716 635 971 683 corporaliter,
993 634 1088 671 idest
1116 648 1190 672 non
1220 637 1366 672 umbra-

304 689 387 726 liter
404 687 430 735 β,
451 688 547 725 sicut
565 687 748 725 habitavit
766 687 805 724 in
825 687 1068 724 sacramentis
1086 687 1223 725 veteris
1241 687 1364 735 Legis,

305 741 353 780 de
381 739 522 789 quibus
559 739 703 777 ibidem
736 739 912 776 subditur
929 739 949 761 ’Β
976 740 1083 788 quod
1118 747 1207 776 sunt
1234 742 1367 777 umbra

295 794 534 842 fiamrorum,
563 805 698 841 corpus
724 798 847 829 autem
870 798 921 829 est
948 794 1132 829 Christus:
1158 800 1274 841 prout
1299 791 1366 828 sci-

305 845 390 883 licet
407 857 548 894 corpus
567 852 699 882 contra
717 845 898 881 umbram
925 844 1116 882 dividitur.

305 1013 342 1039 bd
357 974 385 1009 β)
403 976 568 1036 ubmbraliter.
580 989 599 993 -
616 973 729 1000 fabaliter
748 976 786 1006 Α,
805 975 967 1000 mutabiliter
979 975 1012 1006 B,
1027 974 1205 1000 umbratiliter
1219 974 1269 1007 pG,
1283 974 1366 999 mira-

326 1012 332 1019 ·
343 1011 395 1037 iter
432 1030 439 1037 .

2429 258 2479 294 49

1474 321 1616 357 Dicunt
1644 321 1757 358 etiam
1786 322 1943 370 quidam
1963 322 1982 344 '¹‘
2011 324 2116 371 quod
2145 323 2319 360 divinitas
2347 324 2483 361 dicitur

1420 374 1460 410 in
1492 374 1643 410 Christo
1672 374 1861 411 habitasse
1889 375 2134 423 corporaliter
2152 381 2178 418 Υ,
2200 376 2337 413 scilicet
2363 377 2482 414 tribus

1421 426 1560 468 modis,
1582 426 1677 462 sicut
1705 438 1845 475 corpus
1865 427 1979 464 habet
2002 435 2075 464 tres
2094 428 2371 465 dimensiones:
2402 442 2481 466 uno

1421 478 1554 521 modo,
1584 491 1653 527 per
1680 479 1894 522 essentiam,
1919 480 2171 527 praesentiam
2200 489 2235 517 et
2260 481 2481 529 potentiam,

1421 530 1518 567 sicut
1545 530 1584 567 in
1606 531 1736 567 ceteris
1755 531 1954 574 creaturis;
1985 532 2058 568 alio
2087 533 2218 575 modo,
2239 545 2307 581 per
2325 534 2482 581 gratiam

1421 591 1571 631 gratum
1599 583 1810 626 facientem,
1838 584 1934 620 sicut
1962 584 2001 620 in
2029 585 2184 627 sanctis;
2215 585 2321 622 tertio
2350 587 2481 629 modo,

1422 647 1491 684 per
1509 635 1695 672 unionem
1710 638 1963 684 personalem,
1980 638 2086 685 quod
2107 645 2161 673 est
2179 638 2380 686 proprium
2399 638 2480 675 sibi.

1475 688 1586 725 Unde
1605 696 1707 736 patet
1735 689 1933 737 responsio
1953 689 2001 725 ad
2029 689 2200 726 tertium:
2231 690 2321 738 quia
2347 690 2483 727 scilicet

1422 739 1516 777 unio
1543 740 1813 777 incarnationis
1841 754 1921 778 non
1949 749 2004 778 est
2032 742 2127 778 sacta
2155 743 2282 779 solum
2309 754 2378 791 per
2404 754 2482 790 gra-

1422 792 1515 829 tiam
1544 793 1789 836 habitualem,
1811 793 1906 830 sicut
1933 794 1994 830 alii
2022 794 2140 831 sancti
2168 794 2353 831 uniuntur
2377 795 2480 839 Deo;

1423 845 1490 881 sed
1519 846 1734 882 secundum
1762 846 2055 890 subsistentiam,
2077 847 2156 883 sive
2184 859 2401 895 personam.

1471 974 1701 1035 qqcorporaliter.
1719 991 1738 995 -
1762 977 1783 1001 E
1807 981 1833 1001 et
1856 977 1942 1008 tertiam
1969 985 2023 1002 om.
2041 991 2060 995 -
2078 977 2128 1001 Pro
2152 977 2263 1007 scilicet,
2289 978 2356 1003 idest
2386 978 2480 1008 PGHI,

1419 1021 1472 1037 om.
1512 1018 1538 1035 a.

979 1088 1313 1122 Commentaria
1335 1089 1585 1132 Cardinalis
1609 1088 1809 1121 Caio-tani

313 1175 315 1177 ’
366 1187 473 1210 rrums
503 1173 626 1210 articuli
656 1177 771 1208 decimi
802 1177 903 1208 clarus
933 1183 988 1207 est.
1011 1196 1034 1200 -
1064 1178 1100 1208 In
1130 1188 1264 1218 corpore
1297 1179 1368 1208 arti-

309 1189 431 1253 Tculi
463 1222 528 1253 duo
556 1222 654 1253 fiunt:
682 1222 807 1261 primo,
836 1222 968 1260 ponitur
996 1221 1155 1252 distinctio
1188 1223 1369 1252 bimembris

306 1266 349 1308 de
359 1266 473 1306 gratia;
496 1265 651 1301 secundo,
666 1264 876 1305 respondetur
899 1265 1043 1304 quaesito
1066 1265 1164 1295 tribus
1189 1266 1369 1296 conclusio-

305 1307 400 1340 nibus
415 1310 442 1340 Ψ.

360 1353 530 1384 Distinctio
555 1358 610 1383 est.
643 1351 758 1383 Gratia
787 1361 846 1392 pro
875 1352 1039 1382 voluntate
1062 1352 1122 1382 Dei
1145 1353 1294 1392 gratuita3
1318 1353 1367 1383 vel

305 1396 365 1439 pro
392 1397 529 1437 gratuito
553 1396 652 1426 dono.
686 1395 749 1427 Ubi
771 1401 848 1426 nota
872 1395 947 1426 duo.
982 1395 1124 1426 Primum
1148 1402 1195 1427 est
1225 1396 1313 1436 quod
1335 1398 1368 1427 in

305 1445 444 1480 utroque
473 1440 619 1471 membro
650 1439 686 1470 fit
714 1440 836 1470 mentio
867 1439 906 1470 de
932 1440 1078 1479 gratuito.
1114 1440 1199 1478 Quia
1222 1441 1368 1471 voluntas

306 1484 503 1525 quandoque
522 1489 569 1515 est
583 1483 703 1515 debita:
729 1483 924 1524 quandoque
939 1485 1083 1523 gratuita.
1107 1484 1263 1514 Voluntas
1283 1485 1368 1515 enim

305 1528 457 1559 iustitiam
479 1528 684 1559 ministrantis
707 1533 754 1558 est
775 1527 923 1558 voluntas
946 1537 983 1558 ex
1001 1527 1108 1558 debito
1126 1528 1227 1558 dantis
1243 1529 1369 1559 unicui-

260 1595 262 1597 .
307 1581 370 1612 que
394 1571 483 1616 quod
506 1581 602 1602 suum
625 1577 687 1602 est:
711 1571 859 1602 voluntas
883 1577 990 1602 autem
1013 1581 1080 1602 non
1105 1581 1142 1602 ex
1166 1571 1283 1609 debito,
1307 1582 1368 1603 nec

306 1615 517 1651 mercenarie,
541 1624 602 1645 nec
624 1615 656 1645 vi
679 1620 734 1645 aut
755 1619 844 1645 metu
868 1614 986 1651 dantis,
1017 1615 1073 1645 sed
1096 1625 1204 1646 amore
1227 1617 1368 1646 benevo-

306 1658 431 1695 lentiae,
447 1660 581 1699 gratuita
596 1664 652 1689 est.
676 1659 718 1689 Et
733 1659 875 1689 similiter
890 1658 1012 1689 donum
1028 1660 1201 1699 gratuitum
1218 1666 1264 1690 est
1280 1660 1369 1700 quod

308 1710 348 1733 ex
369 1703 423 1733 tali
444 1703 609 1733 voluntate
632 1702 733 1732 datur.

312 1772 314 1774 ,
363 1746 548 1778 Secundum
570 1752 617 1776 est
640 1746 728 1786 quod
751 1746 964 1786 appellatione
988 1747 1066 1777 doni
1084 1747 1211 1786 gratuiti
1233 1757 1300 1777 non
1317 1757 1368 1777 so·-

306 1790 376 1821 lum
394 1790 480 1821 venit
496 1790 663 1821 habitualis
677 1791 792 1830 gratia:
816 1790 871 1820 sed
887 1791 982 1820 etiam
998 1790 1228 1830 quodcumque
1245 1791 1368 1821 donum

307 1834 400 1873 gratis
424 1843 628 1869 concessum,
653 1835 717 1864 sive
740 1833 820 1865 illud
843 1835 882 1864 sit
904 1834 1027 1864 actuale
1049 1833 1181 1873 aliquod
1204 1834 1367 1870 auxilium,

307 1878 372 1910 sive
396 1886 619 1921 quaecumque
639 1877 698 1907 alia
716 1887 774 1908 res.
798 1877 901 1912 Unde,
922 1878 997 1917 quia
1019 1878 1082 1907 hoc
1098 1878 1278 1907 membrum
1294 1878 1368 1908 sub—

307 1918 510 1951 dividitur'in
533 1921 644 1957 littera,
669 1922 814 1961 quamvis
836 1931 903 1951 non
927 1921 985 1951 sub
1008 1920 1112 1951 forma
1135 1921 1367 1957 subdivisionis,

306 1963 380 1995 ideo
402 1972 556 1995 numerus
580 1965 827 1995 conclusionum
850 1965 1002 1995 excedere
1017 1965 1142 1995 videtur
1164 1967 1307 1995 membra
1322 1965 1369 1995 di-

306 2006 453 2044 visionis:
478 2018 554 2039 cum
576 2014 683 2040 tamen
705 2009 739 2039 in
761 2010 902 2045 veritate,
925 2010 1013 2039 iuxta
1034 2009 1093 2039 tria
1108 2010 1251 2039 membra
1270 2010 1304 2039 in
1318 2009 1369 2039 lit-

306 2057 373 2082 tera
387 2052 501 2092 posita,
523 2053 645 2084 scilicet
658 2053 833 2092 gratuitam
841 2052 1040 2083 voluntatem
1056 2053 1127 2088 Dei,
1143 2059 1175 2083 et
1196 2054 1370 2093 gratuitum

308 2095 431 2127 donum
452 2096 622 2128 habitualis
634 2097 762 2136 gratiae,
787 2102 818 2127 et
832 2097 1006 2136 gratuitum
1022 2095 1146 2127 donum
1160 2097 1259 2136 ipsius
1275 2097 1369 2127 unio-

306 2138 367 2176 nis,
389 2142 452 2170 tr'es
475 2140 537 2170 sint
560 2139 794 2172 conclusiones.

346 2182 402 2213 ‘⁴11'
423 2182 528 2214 Prima
557 2184 654 2224 igitur
682 2185 848 2214 conclusio
879 2189 948 2214 estz'
966 2183 1126 2214 Sumenda
1142 2185 1286 2225 gratiam
1302 2194 1367 2224 pro

306 2227 454 2268 gratuita
474 2227 539 2258 Dei
561 2228 742 2263 voluntate,
767 2228 845 2258 unio
868 2228 1104 2258 incarnationis
1123 2229 1222 2270 sacta
1245 2233 1292 2259 est
1307 2238 1371 2268 per

306 2271 468 2311 gratiam,
491 2271 576 2302 sicut
597 2277 630 2302 et
651 2272 727 2302 unio
751 2277 938 2303 sanctorum
952 2272 996 2302 ad
1009 2272 1114 2302 Deum
1131 2282 1195 2312 per
1209 2273 1369 2313 cognitio-

308 2323 379 2345 nem
401 2320 433 2345 et
454 2323 607 2346 amorem.
631 2315 797 2346 Probatur.
821 2315 907 2353 Quia
929 2315 969 2346 ad
991 2316 1054 2346 hoc
1078 2315 1168 2356 quod
1182 2322 1295 2346 natura
1309 2317 1369 2346 hu-

306 2358 402 2395 mana
424 2358 565 2390 elevetur
587 2358 620 2389 in
643 2359 760 2395 Deum,
784 2359 849 2390 sive
871 2369 928 2399 per
944 2369 1011 2390 esse
1034 2359 1202 2399 personale
1225 2360 1290 2391 sive
1313 2370 1370 2400 per

308 2402 537 2445 operationem,
562 2408 633 2443 eget
656 2403 716 2433 Dei
738 2403 902 2433 voluntate
924 2404 1073 2443 gratuita:
1099 2404 1174 2443 quia
1197 2409 1369 2444 utrumque

308 2445 355 2476 'est
376 2455 472 2486 supra
494 2445 676 2477 facultatem
698 2452 828 2477 naturae
852 2456 937 2477 suae.

364 2487 423 2520 m.
439 2489 586 2520 Secunda
601 2490 766 2521 conclusio
783 2496 849 2521 est:
873 2490 1034 2521 Sumendo
1050 2491 1192 2532 gratiam
1210 2501 1275 2531 pro
1290 2501 1369 2532 gra-

309 2532 389 2563 tuito
412 2533 476 2563 Dei
503 2533 606 2570 dono,
630 2535 691 2565 hoc
713 2539 767 2569 est,
784 2535 895 2575 gratia
917 2535 1090 2571 habituali,
1115 2535 1192 2565 unio
1217 2535 1368 2568 incarna-

309 2577 407 2608 tionis
430 2586 500 2613 ‘non
523 2582 572 2608 est
582 2578 679 2619 sacta
704 2587 768 2619 per
788 2579 951 2620 gratiam:
982 2579 1059 2609 unio
1083 2589 1160 2609 vero
1182 2585 1369 2610 sanctorum

309 2619 352 2651 ad
373 2619 478 2653 Deum
494 2621 542 2663 fit
556 2631 620 2662 per
639 2622 793 2663 gratiam.
823 2622 988 2652 Probatur.
1020 2623 1121 2660 Quia,
1146 2623 1179 2653 in
1203 2624 1370 2654 communi

308 2664 485 2705 quuendo,
509 2663 682 2705 formaliter
704 2665 744 2696 ad
764 2665 996 2706 perfectionem
1020 2667 1214 2707 operationis
1237 2668 1369 2707 requiri-

308 2713 361 2738 tur
384 2707 473 2749 quod
495 2709 639 2748 potentia
661 2709 700 2739 sit
714 2707 854 2749 perfecta
871 2719 929 2750 per
942 2710 1102 2740 habitum:
1128 2710 1167 2740 ad
1181 2711 1245 2740 hoc
1261 2716 1368 2741 autem

310 2751 399 2792 quod
427 2757 540 2782 natura
561 2752 601 2782 sit
630 2753 665 2782 in
687 2762 746 2782 suo
769 2754 954 2793 supposito,
983 2763 1051 2784 non
1082 2755 1215 2794 exigitur
1244 2755 1369 2785 habitus

309 2796 432 2835 anquis,
467 2795 652 2827 Differentia
673 2801 780 2827 autem
802 2797 883 2828 inter
905 2798 960 2828 has
983 2797 1060 2828 duas
1083 2799 1220 2828 uniones
1249 2799 1283 2828 in
1306 2799 1370 2829 hoc

310 2840 454 2870 consistit
476 2839 565 2879 quod
587 2840 666 2870 unio
682 2845 865 2870 sanctorum
888 2840 927 2871 ad
950 2841 1056 2871 Deum
1080 2847 1126 2872 est
1147 2851 1204 2881 per
1220 2842 1369 2872 elevatio-

308 2893 384 2914 nem
415 2883 455 2913 ad
484 2883 685 2923 operationes
715 2884 906 2923 cognitionis
934 2890 965 2914 et
987 2886 1120 2915 amoris:
1153 2886 1231 2915 unio
1262 2891 1369 2916 autem

310 2926 427 2958 Christi
451 2932 497 2957 est
518 2936 576 2966 per
592 2926 802 2957 elevationem
817 2933 947 2959 naturae
964 2929 1122 2959 humanae
1145 2928 1184 2959 ad
1208 2938 1276 2959 esse
1298 2939 1369 2969 per-

310 2971 419 3001 sonale
442 2971 514 3000 Filii
537 2971 606 3000 Dei.
631 2970 726 3000 Nulla
749 2980 823 3010 ergo
847 2971 945 3010 gratia
965 2971 1018 3002 hic
1035 2972 1169 3008 mediat,
1192 2972 1248 3002 sed
1269 2973 1323 3003 ibi.

353 3014 416 3045 Ubi
438 3021 515 3044 nota
538 3015 652 3054 primo,
678 3013 767 3054 quod
789 3015 863 3044 hinc
885 3015 991 3051 habes,
1010 3015 1097 3055 apud
1111 3016 1296 3052 Auctorem,
1313 3026 1368 3047 eo-

311 3057 384 3088 dem
407 3068 440 3088 se
462 3059 578 3088 habere
601 3057 700 3088 modo
723 3063 868 3088 naturam
894 3058 1071 3088 humanam
1094 3059 1211 3090 Christi
1237 3060 1276 3090 ad
1299 3070 1369 3100 per-

310 3111 424 3132 sonam
446 3102 519 3132 Filii
541 3102 600 3132 Dei
624 3102 704 3131 sicut
727 3111 760 3131 se
783 3102 911 3131 haberet
934 3101 973 3132 ad
995 3111 1166 3142 personam
1188 3104 1367 3143 propriam,

311 3150 343 3176 et
364 3146 446 3177 sicut
475 3155 508 3176 se
531 3146 626 3176 habet
654 3151 766 3175 natura
788 3145 924 3175 Socratis
953 3144 993 3175 ad
1021 3155 1191 3185 personam
1222 3147 1374 3178 Socratis.-

310 3189 394 3220 Nam
416 3190 491 3220 hinc
513 3189 610 3219 habes
634 3188 722 3229 quod
746 3199 783 3219 ex
807 3198 846 3219 eo
870 3188 973 3228 quod,
997 3188 1170 3220 formaliter
1190 3190 1367 3230 loquendo,

310 3233 392 3264 inter
412 3237 559 3263 naturam
581 3238 613 3263 et
635 3233 800 3273 proprium
821 3233 1023 3272 suppositum
1045 3232 1151 3263 nullus
1167 3234 1300 3274 exigitur
1314 3234 1368 3264 ha-

310 3277 405 3312 bitus,
428 3276 502 3307 ideo
524 3277 606 3307 inter
627 3282 772 3307 naturam
794 3277 967 3306 humanam
992 3281 1022 3306 et
1037 3285 1206 3315 personam
1221 3277 1292 3307 Filii
1308 3277 1368 3307 Dei

310 3321 345 3350 in
369 3319 496 3351 Christo
518 3320 625 3351 nullus
642 3322 774 3361 exigitur
789 3321 923 3350 habitus.
947 3320 972 3349 F
973 3319 1111 3350 undatur
1127 3321 1212 3350 enim
1227 3321 1279 3350 hic
1293 3330 1368 3360 pro—

311 3367 419 3402 cessus
440 3373 536 3404 super
555 3364 610 3399 illa
630 3364 934 3404 proportionalitate,
958 3369 994 3394 ut
1015 3369 1110 3403 patet.

366 3407 451 3438 Nota
473 3407 626 3444 secundo,
650 3408 739 3448 quod
754 3408 868 3448 gratiae
884 3408 1049 3438 habitualis
1071 3409 1105 3438 in
1127 3408 1293 3448 proposito
1309 3417 1368 3438 no-

455 3591 564 3615 Sunmm
577 3590 678 3616 Tuon.
696 3590 728 3616 D.
748 3591 862 3615 Timaui:
881 3590 913 3615 T.
931 3590 995 3615 VIII.

1421 1188 1496 1208 men
1519 1188 1587 1208 non
1610 1178 1805 1217 restringitur
1827 1177 1867 1207 ad
1890 1178 2021 1216 gratiam
2045 1187 2126 1217 quae
2150 1178 2279 1216 ponitur
2296 1179 2329 1208 in
2346 1181 2480 1210 essentia

1423 1223 1557 1257 animae,
1582 1227 1617 1252 ut
1641 1221 1842 1260 distinguitur
1865 1231 1883 1251 a
1899 1221 2025 1250 caritate
2049 1226 2080 1250 et
2098 1221 2164 1250 aliis
2179 1221 2337 1252 habitibus
2352 1223 2480 1254 infusis:

1423 1265 1478 1296 sed
1502 1266 1716 1296 communiter
1745 1265 1890 1300 sumitur,
1907 1270 1944 1294 ut
1967 1264 2209 1304 comprehendit
2231 1266 2289 1295 sub
2314 1275 2346 1295 se
2370 1276 2481 1305 quem-

1423 1319 1563 1349 cumque
1586 1309 1728 1339 infusum
1752 1309 1905 1338 habitum.
1934 1308 1975 1338 Et
1997 1309 2059 1338 hoc
2077 1309 2174 1338 habes
2197 1309 2230 1338 in
2253 1309 2364 1345 littera,
2382 1320 2418 1340 ex
2442 1320 2481 1340 eo

1423 1353 1512 1394 quod
1544 1354 1668 1383 habitus
1699 1352 1738 1382 ad
1768 1351 1998 1391 perfectionem
2029 1352 2221 1391 operationis
2251 1353 2419 1392 requisitus
2448 1354 2482 1384 in

1421 1397 1566 1437 potentia
1589 1397 1750 1436 operativa
1772 1397 1918 1435 ponitur:
1944 1395 2033 1435 quod
2055 1405 2122 1425 non
2138 1395 2316 1426 verificatur
2331 1396 2370 1426 de
2385 1398 2482 1437 gratia

1421 1442 1562 1471 restricta
1584 1440 1623 1470 ad
1645 1440 1788 1470 habitum
1812 1440 1845 1469 in
1869 1440 2012 1475 essentia,
2037 1445 2074 1469 ut
2095 1445 2192 1479 patet.

1477 1485 1529 1515 IV.
1547 1485 1654 1514 Tertia
1666 1484 1832 1514 conclusio
1848 1489 1910 1513 est:
1931 1483 2091 1513 Sumendo
2106 1484 2248 1524 gratiam
2258 1494 2323 1523 pro
2334 1485 2480 1525 gratuito

1421 1529 1484 1559 Dei
1501 1528 1587 1559 dono
1604 1527 1756 1568 quidquid
1771 1527 1819 1557 ‘sit
1843 1526 1932 1563 illud,
1951 1528 2027 1557 unio
2045 1527 2279 1557 incarnationis
2301 1534 2347 1558 est
2360 1529 2480 1570 gratia.

1421 1573 1585 1603 Probatur.
1603 1572 1687 1609 Quia
1699 1577 1745 1601 est
1757 1571 1880 1602 donum
1892 1571 1951 1600 Dei
1965 1580 2153 1601 concessum
2165 1571 2353 1602 humanitati
2366 1572 2481 1602 Christi

1421 1616 1515 1646 nullis
1540 1615 1800 1656 praecedentibus
1824 1615 1951 1644 meritis.

1476 1661 1539 1691 Ubi
1562 1665 1639 1689 nota
1661 1660 1765 1698 primo
1790 1658 1892 1698 quod,
1917 1659 1979 1688 hoc
2002 1658 2101 1688 modo
2126 1658 2290 1697 loquendo
2314 1658 2352 1688 de
2374 1661 2481 1698 gratia,

1421 1705 1488 1743 ipsa
1510 1703 1589 1733 unio
1614 1703 1790 1742 appellatur
1805 1703 1903 1741 gratia
1918 1701 2100 1731 modaliter:
2126 1703 2200 1741 quia
2216 1703 2335 1732 scilicet
2349 1704 2482 1742 gratuite

1421 1747 1503 1777 facta
1527 1752 1589 1782 est,
1621 1747 1740 1776 scilicet
1763 1747 1883 1785 absque
1907 1746 1973 1775 ullo
1996 1746 2121 1775 merito.
2156 1746 2196 1775 Et
2226 1746 2301 1775 hinc
2327 1746 2363 1775 fit
2392 1752 2427 1776 ut
2449 1748 2482 1777 in

1422 1791 1548 1820 Christo
1572 1795 1720 1830 ponatur,
1738 1790 1818 1819 ultra
1840 1789 2033 1819 habitualem
2055 1790 2196 1828 gratiam,
2214 1790 2325 1830 gratia
2345 1790 2482 1825 unionis,

1422 1844 1503 1874 quae
1528 1840 1574 1864 est
1596 1834 1664 1873 ipsa
1687 1834 1765 1863 unio
1789 1833 1925 1872 gratuito
1950 1842 2110 1862 concessa.

1475 1879 1560 1908 Nota
1584 1877 1742 1912 secundo,
1768 1876 1857 1916 quod
1881 1882 1972 1906 caute
1996 1877 2118 1906 Auctor
2141 1876 2284 1912 locutus,
2317 1886 2383 1907 non
2408 1877 2484 1907 dixit

1422 1921 1528 1962 quod,
1552 1922 1616 1951 hoc
1645 1920 1745 1951 modo
1776 1920 1933 1950 sumendo
1957 1920 2104 1959 gratiam,
2134 1921 2212 1950 unio
2242 1921 2284 1950 sit
2303 1921 2401 1962 facta
2422 1931 2484 1961 per

1420 1966 1573 2006 gratiam,
1597 1966 1680 1995 sicut
1703 1964 1780 1994 dixit
1801 1965 1835 1994 in
1858 1963 2120 2003 praecedentibus
2144 1965 2421 2000 conclusionibus,
2453 1970 2484 1994 et

1421 2010 1503 2040 sicut
1525 2010 1706 2049 quaesitum
1729 2014 1776 2038 est
1797 2009 1831 2038 in
1846 2008 1939 2038 titulo
1963 2008 2101 2038 articuli:
2125 2007 2180 2038 sed
2203 2008 2280 2039 dixit
2303 2008 2392 2048 quod
2415 2009 2483 2048 ipsa

1423 2054 1499 2084 unio
1523 2058 1570 2084 est
1591 2053 1712 2094 gratia.
1737 2053 1778 2082 Et
1800 2053 1879 2082 ratio
1904 2057 1951 2082 est
1973 2052 2103 2092 quialy
2119 2061 2183 2092 per
2205 2051 2335 2082 denotat
2353 2053 2483 2082 causali-

1421 2103 1518 2127 tatem
1541 2097 1656 2136 gratiae
1680 2106 1775 2135 super
1798 2096 1934 2126 unione:
1968 2095 2110 2126 eiusdem
2141 2101 2247 2126 autem
2278 2096 2316 2126 ad
2344 2096 2484 2136 seipsum

1421 2151 1489 2171 non
1513 2146 1559 2171 est
1583 2140 1756 2170 causalitas.

1476 2185 1515 2215 V.
1540 2185 1575 2214 In
1598 2184 1807 2224 responsione
1823 2183 1861 2214 ad
1880 2184 2019 2223 primum
2037 2183 2178 2213 eiusdem
2195 2184 2327 2219 articuli,
2343 2189 2429 2218 nota,
2447 2194 2484 2214 ex

1423 2238 1517 2268 supra
1533 2228 1622 2259 dictis
1638 2229 1671 2258 in
1691 2228 1824 2257 articulo
1840 2228 1976 2266 septimo
1994 2227 2135 2258 eiusdem
2149 2229 2342 2267 quaestionis
2353 2229 2379 2263 ’ἢ
2396 2228 2484 2267 quod

1423 2273 1609 2303 coniunctio
1632 2273 1790 2302 humanae
1813 2277 1943 2301 naturae
1968 2281 2042 2301 cum
2065 2281 2201 2311 persona
2221 2271 2292 2311 Filii
2307 2272 2377 2307 Dei,
2402 2281 2484 2311 quae

1422 2317 1501 2347 nihil
1524 2315 1610 2347 aliud
1634 2322 1680 2346 est
1703 2325 1800 2355 quam
1823 2315 1988 2355 utriusque
2011 2315 2158 2345 indivisio
2182 2315 2215 2344 in
2235 2325 2302 2345 esse
2324 2315 2484 2354 personali

1422 2361 1521 2400 ipsius
1545 2360 1615 2390 Filii
1632 2360 1702 2395 Dei,
1726 2365 1832 2399 potest
1848 2358 2015 2398 dupliciter
2030 2359 2147 2398 accipi:
2172 2359 2291 2388 scilicet
2304 2359 2355 2389 vel
2371 2369 2484 2389 secun-

1423 2404 1501 2434 dum
1524 2404 1609 2433 illam
1634 2404 1795 2433 entitatem
1819 2403 1987 2442 positivam
2011 2412 2093 2442 quae
2117 2407 2162 2432 est
2184 2401 2262 2431 illud
2286 2411 2352 2432 esse
2375 2412 2483 2442 perso-

1422 2448 1494 2478 nale
1516 2448 1600 2477 illius
1630 2453 1760 2477 naturae
1784 2451 1921 2482 creatae;
1945 2446 1995 2476 vel
2018 2445 2429 2476 secundum-mutationem
2453 2451 2484 2476 et

1422 2492 1610 2522 relationem
1634 2501 1697 2531 qua
1720 2491 1829 2521 unitur
1852 2496 1883 2520 et
1898 2491 1987 2520 unita
2001 2490 2130 2519 relative
2145 2489 2259 2519 dicitur
2274 2490 2413 2519 humana
2426 2500 2482 2519 na-

1422 2540 1493 2567 tura
1508 2545 1662 2576 personae
1678 2535 1733 2565 illi.
1757 2534 1891 2564 Nullum
1907 2533 2064 2573 siquidem
2081 2533 2166 2564 aliud
2181 2543 2236 2564 ens
2252 2533 2334 2564 reale
2355 2539 2483 2573 apparet

1422 2580 1628 2610 intervenisse
1652 2585 1706 2608 aut
1724 2579 1858 2608 inveniri
1872 2579 1906 2608 in
1921 2578 1983 2608 hoc
1999 2578 2160 2618 mysterio,
2176 2577 2257 2607 ultra
2273 2583 2418 2607 extrema.
2443 2577 2483 2607 Et

1423 2624 1449 2653 si
1472 2622 1603 2663 quidem
1626 2623 1755 2653 unionis
1778 2622 1884 2662 gratia,
1908 2631 1967 2662 pro
1991 2622 2127 2661 gratuito
2152 2620 2250 2657 dono,
2274 2626 2415 2651 sumatur
2435 2630 2482 2651 se—

1423 2666 1530 2698 cundo
1555 2666 1664 2702 modo,
1690 2667 1734 2695 sic
1759 2671 1804 2696 est
1828 2665 1950 2695 donum
1975 2670 2130 2695 creatum:
2156 2665 2308 2704 quoniam
2331 2670 2396 2694 tam
2411 2674 2482 2694 mu-

1405 2710 1499 2741 'tatio
1522 2711 1646 2750 passiva
1669 2719 1732 2749 qua
1754 2715 1865 2739 natura
1887 2710 2027 2739 humana
2050 2709 2168 2739 elevata
2192 2713 2238 2738 est
2259 2707 2298 2737 ad
2322 2717 2388 2738 esse
2411 2718 2482 2747 per—

1423 2754 1532 2784 sonale
1555 2755 1626 2790 Dei,
1650 2763 1748 2794 quam
1771 2753 1880 2783 relatio
1904 2753 2042 2787 unionis,
2066 2753 2147 2782 inter
2163 2757 2279 2782 creatas
2298 2761 2346 2781 res
2370 2757 2424 2782 est.
2449 2752 2482 2782 Si

1422 2807 1498 2829 vero
1522 2798 1650 2828 unionis
1673 2798 1785 2837 gratia,
1809 2797 1951 2827 similiter
1972 2806 2031 2836 pro
2056 2796 2143 2826 dono
2166 2796 2316 2834 gratuito,
2340 2801 2482 2826 sumatur

1423 2843 1527 2882 primo
1551 2841 1668 2877 modo,
1694 2842 1755 2876 sic,
1784 2840 1891 2880 quoad
1914 2849 1980 2870 rem
2005 2839 2124 2874 datam,
2155 2840 2330 2869 increatum
2359 2839 2481 2869 donum

1424 2891 1479 2921 est,
1497 2886 1572 2925 quia
1588 2885 1659 2915 data
1671 2890 1717 2914 est
1731 2884 1937 2924 personalitas
1953 2883 2058 2913 divina
2073 2888 2202 2912 naturae
2219 2888 2356 2912 creatae:
2374 2883 2481 2922 quoad

1423 2929 1659 2959 substantialem
1674 2937 1750 2957 vero
1767 2927 2045 2966 compositionem,
2062 2936 2119 2956 seu
2135 2926 2396 2956 coniunctionem
2410 2936 2481 2966 per-

1423 2973 1595 3003 sonalitatis
1619 2981 1694 3001 cum
1715 2977 1836 3005 natura,
1861 2970 1982 3000 donum
2006 2976 2146 3000 creatum
2170 2975 2239 3005 est‚·
2254 2975 2290 3000 ut
2310 2975 2406 3009 patet.
2441 2970 2482 3000 Et

1424 3017 1498 3056 quia
1521 3016 1648 3046 unionis
1671 3015 1768 3054 gratia
1782 3015 1860 3044 haec
1876 3015 1985 3043 omnia
2000 3013 2172 3048 concludit,
2196 3013 2269 3044 ideo
2286 3014 2480 3054 quandoque

1422 3070 1471 3090 res
1493 3060 1630 3089 increata
1652 3059 1798 3097 ponitur:
1823 3063 1859 3087 ut
1873 3058 1907 3087 in
1922 3058 1981 3087 hac
1996 3058 2106 3093 littera,
2131 3057 2207 3087 dum
2224 3057 2346 3093 dicitur,
2372 3058 2481 3088 Maius

1423 3108 1529 3133 autem
1552 3107 1599 3132 est
1621 3102 1689 3142 ipsa
1705 3111 1756 3132 res
1779 3111 1874 3142 quam
1898 3102 1966 3141 ipsa
1989 3101 2163 3131 similitudo
2180 3102 2248 3131 eius
2264 3102 2462 3141 participata
2469 3109 2482 3139 ‚·

1424 3153 1454 3177 et
1478 3151 1524 3176 est
1547 3155 1650 3175 sermo
1682 3145 1719 3175 de
1743 3155 1776 3175 re
1801 3145 1924 3175 divinae
1946 3150 2075 3175 naturae
2107 3150 2138 3175 et
2167 3154 2337 3184 personae,
2362 3146 2394 3174 in
2418 3155 2480 3185 qua

1422 3189 1550 3220 unionis
1579 3189 1677 3229 gratia
1707 3189 1858 3219 consistit.
1897 3188 2102 3228 Quandoque
2134 3194 2239 3219 autem
2273 3189 2403 3228 ponitur
2431 3199 2480 3220 res

1423 3239 1540 3264 creata:
1566 3233 1643 3263 dum
1666 3242 1704 3263 ex
1725 3233 1889 3263 voluntate
1909 3233 1969 3263 Dei
1991 3233 2124 3272 gratuita
2146 3232 2227 3263 facta
2243 3232 2355 3263 dicitur
2373 3234 2406 3262 in
2420 3233 2480 3263 hac

1423 3278 1524 3307 littera
1539 3277 1572 3313 *;
1598 3282 1629 3307 et
1651 3276 1762 3307 diffuse
1789 3276 1920 3307 inferius
1944 3276 2076 3306 articulo
2100 3276 2292 3306 duodecimo
2319 3277 2480 3307 huiusmet

1423 3321 1627 3360 quaestionis.
1665 3320 1707 3350 Et
1734 3330 1847 3351 verum
1880 3326 1926 3350 est
1958 3326 2113 3360 quantum
2146 3320 2184 3350 ad
2217 3321 2479 3351 communionem

1422 3364 1505 3394 illius
1529 3374 1596 3394 esse
1619 3363 1717 3394 divini
1741 3363 1780 3394 ad
1801 3369 1946 3394 naturam
1969 3365 2151 3400 humanam,
2177 3373 2258 3404 quae
2280 3373 2337 3404 per
2359 3374 2478 3395 assum-

1422 3409 1567 3448 ptionem
1589 3407 1671 3438 facta
1693 3413 1749 3444 est,
1766 3413 1797 3439 et
1820 3408 1858 3438 ad
1875 3418 1971 3448 quam
1993 3409 2102 3439 relatio
2118 3408 2246 3438 unionis
2263 3409 2477 3448 consequitur.

1444 3521 1501 3528 vm

2511 332 2519 341 ”
2530 331 2622 353 Halens.
2633 332 2721 353 Summ.

2512 358 2590 379 Theol.
2601 365 2621 385 p.
2632 359 2670 385 111,
2679 365 2718 385 qu.

2509 390 2556 410 vni,
2585 385 2669 406 memb.
2697 391 2718 413 3,

2510 414 2551 431 art.
2565 417 2587 436 4.

2607 446 2623 471 Υ

2512 2234 2521 2243 “
2530 2232 2660 2254 Comi-nent.
2675 2238 2696 2253 n,
2706 2239 2722 2253 1.

2509 3284 2515 3294 '
2532 3283 2556 3304 In
2572 3289 2676 3311 corpore.
