2872 3970
233 493 324 516 ‘Vera
339 499 377 521 4²·

243 2243 255 2253 ⁸
268 2241 335 2263 Vera.
350 2247 386 2270 39.

243 2486 254 2497 ⁸
267 2485 334 2507 Vero.
348 2491 385 2514 34.

244 2870 255 2881 ⁸
264 2870 327 2891 loan.
338 2876 387 2898 cap.
398 2877 446 2892 xvu

245 2902 305 2918 vers.
320 2902 356 2923 20,
371 2903 405 2924 21,

245 3027 256 3037 ⁸
266 3026 304 3047 Ρο.
311 3032 359 3054 xxi,
369 3033 426 3049 vern.
435 3034 455 3056 3.

247 3343 260 3353 -
273 3343 323 3365 Αη.

340 3350 358 3366 ¹.

1159 298 1422 346 QUAESTIO
1451 298 1556 344 XXI,

474 380 590 426 citur,
619 381 742 417 multo
770 379 890 428 magis
927 380 1008 416 sola
1034 380 1212 415 voluntas
1246 375 1384 414 Christi
1418 375 1533 412 habet

472 433 554 470 vim
583 433 764 470 orationis
792 433 896 482 apud
925 433 1088 469 Patrem.
1118 430 1229 468 Unde
1257 429 1338 478 ipse
1372 427 1532 473 dicebat,

472 486 690 523 Ioan.x1*:
726 488 812 536 Ego
838 487 998 523 sciebam
1027 485 1113 533 quia
1149 494 1295 531 semper
1321 493 1382 518 me
1408 480 1535 517 audis:

471 539 538 575 sed
557 545 713 588 propter
734 539 916 588 populum
945 538 1008 586 qui
1033 538 1243 573 circumstat
1274 535 1363 580 dixi,
1394 539 1432 569 ut
1458 543 1534 569 cre-

474 591 564 628 dant
591 593 677 641 quia
703 597 741 628 tu
769 603 829 628 me
855 591 992 627 misisti.

527 645 584 681 An
613 656 800 681 SECUNDUM
828 654 1009 680 DlCENDUM
1036 640 1143 690 quod
1173 639 1346 677 Christus
1382 638 1536 675 volebat

475 696 634 746 quidem
662 696 739 746 pati
766 696 828 733 illa
864 707 964 744 quae
992 693 1225 743 patiebatur,
1254 703 1326 741 pro
1360 698 1534 740 tempore

475 749 557 786 illo:
588 750 654 786 sed
673 748 924 786 nihilominus
942 747 1096 784 volebat
1123 753 1176 791 ut,
1197 752 1283 794 post
1301 743 1534 793 passionem

475 802 635 850 gloriam
662 801 833 850 corporis
861 806 1180 848 consequeretur,
1210 809 1330 846 quam
1357 796 1535 833 nondum

475 854 651 891 habebat.
696 854 828 900 Quam
864 852 1023 902 quidem
1059 851 1219 900 gloriam
1255 849 1477 899 expectabat
1513 861 1536 885 a

474 302 550 349 254

527 984 555 1020 γ)
574 985 632 1010 sibi.
649 998 669 1003 -
688 984 748 1009 Om.
768 984 796 1014 Ρ,
815 988 874 1008 ante
891 983 996 1008 orando
1016 983 1088 1015 ponit
1106 987 1190 1007 cetera
1208 982 1290 1008 tertia.
1563 978 1567 1005 Ι

1590 296 1882 335 ARTICULUS
1908 297 1960 335 tv

1588 376 1697 412 Patre
1726 374 1821 412 sicut
1847 375 1896 412 ab
1925 382 2091 412 auctore.
2121 375 2169 412 Et
2186 374 2274 412 ideo
2298 372 2571 414 convenienter
2596 377 2646 415 ab

1589 439 1636 464 eo
1664 427 1788 476 ipsam
1815 428 1978 477 petebat.

1641 481 1699 517 An
1725 491 1884 518 Tannum
1911 492 2092 518 0101111000
2129 480 2237 530 quod
2273 480 2356 530 ipsa
2381 481 2501 530 gloria
2526 492 2646 532 quam

1590 532 1763 570 Christus
1791 533 1938 570 orando
1967 533 2037 570 sibi
2054 538 2070 562 Υ
2097 533 2261 582 petebat,
2285 533 2497 582 pertinebat
2522 533 2572 572 nd
2589 545 2647 572 50-

1589 586 1709 622 11110111
1727 584 1909 623 aliorum:
1930 586 2147 622 secundum
2165 586 2259 623 illud
2276 587 2387 623 Rom.
2406 598 2443 624 tv
2455 586 2493 624 *ε
2512 586 2648 624 Resur-
2675 592 2687 604 ⁶

1590 639 1687 675 rexit
1698 643 1855 688 propter
1878 639 2169 687 iustificationem
2197 644 2374 676 nostram.
2408 639 2456 676 Et
2480 638 2568 677 ideo
2587 639 2649 677 illa

1589 690 1705 727 etiam
1723 690 1844 728 oratio
1864 702 1981 740 quam
2010 703 2082 740 pro
2101 703 2142 728 se
2168 691 2338 738 faciebat,
2358 698 2438 729 erat
2459 692 2648 741 quodam-

1589 743 1710 780 modo
1737 755 1809 792 pro
1828 743 1920 780 aliis.
1951 743 2056 780 Sicut
2074 742 2087 766 ⁶
2115 751 2152 780 et
2170 743 2408 794 quicumque
2436 745 2558 782 homo
2583 744 2649 782 ali-

1590 796 1697 844 quod
1716 795 1867 832 bonum
1885 808 1909 833 a
1926 796 2012 833 Deo
2030 797 2196 845 postulat
2218 804 2260 834 ut
2282 804 2411 834 utatur
2428 797 2492 834 illo
2511 797 2561 834 ad
2577 797 2649 834 uti-

1589 848 1732 885 litatem
1751 848 1928 895 aliorum,
1947 860 2029 886 non
2048 848 2118 886 sibi
2137 849 2220 896 soli,
2234 850 2303 887 sed
2321 849 2437 887 etiam
2454 849 2536 888 aliis
2554 857 2648 888 orat.
2675 875 2677 877 ·

1645 979 1671 1015 ὅ)
1691 979 1774 1006 Steut.
1793 993 1812 999 —
1830 979 1851 1005 F
1870 984 1896 1005 et
1914 980 1988 1005 tertia
2006 985 2108 1013 praeter
2123 979 2148 1012 13
2169 980 2223 1007 Sic.

1146 1069 1483 1102 Commentario.
1504 1067 1758 1102 Garamans
1778 1068 1994 1115 (3511050111ι

535 1161 641 1181 minus
665 1151 776 1181 clarus.
793 1169 815 1173 -
838 1151 873 1180 In
898 1159 1032 1190 corpore
1056 1149 1137 1180 duae
1168 1149 1403 1180 conclusiones.
1433 1148 1539 1178 Prima

477 1163 597 1226 Test:
632 1195 778 1226 Christus
807 1195 914 1226 oravit
929 1204 994 1235 pro
1017 1203 1068 1230 se,
1093 1193 1312 1224 sensualitatis
1334 1197 1365 1224 et
1385 1192 1539 1233 simplicis

474 1239 650 1271 voluntatis
680 1239 830 1280 affectum
858 1238 1060 1279 explicando.
1083 1256 1106 1260 —
1129 1237 1277 1269 Secunda
1304 1242 1366 1268 est:
1393 1236 1562 1268 Christus·

476 1284 584 1314 oravit
600 1293 664 1324 pro
688 1293 731 1319 se,
756 1283 948 1324 explicando
965 1281 1168 1323 petendoque
1190 1282 1340 1323 affectum
1363 1281 1539 1312 voluntatis

475 1327 679 1358 deliberatae.

530 1373 636 1402 Prima
651 1372 817 1402 conclusio
833 1371 1022 1411 relinquitur
1033 1380 1071 1401 ex
1083 1370 1174 1400 dictis
1189 1369 1288 1407 clara;
1306 1374 1338 1400 et
1352 1371 1538 1401 auctoritate

476 1416 651 1456 Evangelii,
679 1417 838 1446 Transeat
859 1426 880 1446 a
903 1425 952 1446 me
975 1415 1064 1446 calix
1087 1415 1155 1446 iste.

532 1460 679 1491 Secunda
702 1465 810 1490 autem
832 1460 985 1500 probatur
1007 1460 1130 1490 ratione
1153 1458 1248 1489 simul
1272 1463 1303 1489 et
1321 1458 1538 1490 similitudine.

477 1503 622 1546 Christus
645 1505 746 1534 oravit
768 1513 828 1544 pro
852 1503 1018 1544 exemplo;
1043 1508 1074 1533 et
1089 1513 1148 1544 pro
1172 1502 1236 1533 fide
1259 1501 1349 1543 quod
1370 1503 1439 1543 ipse
1460 1508 1507 1533 est
1522 1513 1540 1533 a

475 1548 567 1578 Patre
595 1548 773 1579 secundum
800 1547 949 1578 deitatem
973 1553 1004 1578 et
1026 1548 1268 1578 humanitatem.
1298 1546 1361 1577 Sed
1383 1547 1452 1586 ipse
1475 1551 1540 1577 erat

477 1602 495 1622 a
510 1592 601 1622 Patre
625 1592 803 1623 secundum
826 1592 932 1632 aliqua
948 1592 1033 1622 bona
1048 1597 1199 1632 percepta
1213 1591 1247 1621 in
1262 1596 1374 1621 natura
1389 1591 1538 1626 humana,

1593 1153 1624 1178 et
1646 1147 1824 1179 secundum
1853 1148 1960 1189 aliqua
1986 1147 2201 1189 percipienda.
2231 1149 2335 1190 Ergo,
2359 1149 2442 1180 sicut
2471 1158 2653 1182 consonum

1593 1192 1653 1223 fuit
1675 1193 1788 1233 gratias
1811 1202 1903 1232 agere
1925 1202 1984 1233 pro
2006 1193 2175 1234 perceptis,
2191 1193 2234 1224 ita
2249 1198 2357 1233 petere
2379 1193 2594 1234 percipienda.
2611 1193 2654 1225 Et

1592 1242 1680 1267 tenet
1701 1237 1850 1277 sequela:
1881 1237 1956 1277 quia
1979 1236 2023 1267 sic
2047 1242 2258 1278 utrorumque
2281 1243 2392 1268 auctor
2414 1238 2654 1278 recognoscitur

1591 1281 1693 1311 Pater.
1726 1281 1767 1311 Et
1789 1281 1867 1312 haec
1899 1280 2007 1321 quoad
2035 1280 2143 1312 fidem.
2165 1300 2189 1304 -
2211 1281 2330 1320 Quoad
2359 1282 2543 1323 exemplum
2564 1291 2653 1320 vero,

1590 1324 1740 1356 infertur:
1771 1325 1857 1366 Ergo
1889 1334 2072 1356 consonum
2095 1324 2156 1356 fuit
2177 1326 2361 1366 exemplum
2391 1325 2464 1357 dare
2487 1330 2520 1358 et
2540 1326 2654 1370 W

1593 1369 1707 1410 agendi
1731 1374 1761 1400 et
1783 1369 1923 1410 petendi.

1647 1413 1823 1450 Memento,
1847 1413 1986 1450 Novitie,
2004 1413 2094 1454 quod
2115 1414 2269 1445 orationis
2291 1414 2410 1445 multae
2433 1418 2508 1446 sunt
2530 1419 2652 1457 partes:

1594 1466 1730 1498 quarum
1754 1457 1836 1488 duae
1859 1463 1934 1488 sunt
1955 1458 2126 1498 gratiarum
2149 1459 2233 1489 actio
2257 1463 2289 1489 et
2302 1459 2416 1499 petitio
2431 1458 2458 1496 *‚
2482 1458 2522 1490 de
2536 1459 2654 1500 quibus
2679 1458 2692 1471 ⁸

1593 1502 1645 1532 hic
1668 1507 1715 1532 est
1737 1510 1853 1532 sermo.
1882 1501 1923 1532 Et
1944 1501 2019 1532 ideo
2042 1502 2232 1542 petitionem
2261 1503 2376 1543 probat
2402 1503 2504 1534 littera
2526 1502 2654 1534 Christo
2709 1501 2720 1535 .”

1594 1546 1767 1576 convenire
1790 1555 1808 1576 a
1830 1545 1941 1576 simili:
1966 1546 2048 1576 sicut
2071 1552 2102 1577 et
2123 1547 2301 1586 gratiarum*
2317 1547 2488 1578 actionem.

1257 1762 1575 1805 ARTICULUS
1605 1761 1878 1812 QUARTUS

988 1864 1145 1895 UTRUM
1170 1863 1342 1894 CHRlSTl
1367 1863 1532 1895 ORATIO
1556 1863 1716 1895 FUERrr
1739 1864 1909 1896 SEMPER
1931 1865 2157 1896 EXAUDITA

742 1954 774 1978 111
794 1954 876 1982 Sent..
896 1953 954 1978 dist.
973 1960 1032 1982 xvu.
1052 1958 1098 1978 art.
1120 1952 1142 1984 3,
1162 1952 1211 1984 qu⁸
1229 1959 1261 1984 43
1282 1952 1426 1984 compend.
1449 1951 1545 1980 sseol„
1565 1960 1620 1985 cap.
1638 1959 1763 1984 ccxxxm3
1783 1953 1813 1977 In
1833 1953 1876 1978 Ps.
1895 1953 1980 1983 XXI,-
1999 1953 2030 1977 In
2050 1953 2138 1982 Ioan„
2158 1961 2213 1986 cap.
2230 1961 2264 1982 ιι,
2283 1954 2341 1980 lect.
2358 1961 2399 1986 vx3

1253 1995 1308 2020 cap.
1326 1995 1369 2019 111,
1389 1988 1446 2013 lect.
1464 1995 1494 2018 v;
1513 1987 1558 2012 Ad
1575 1988 1651 2018 Heb.,
1671 1996 1726 2020 cap.
1743 1995 1768 2019 v,
1788 1988 1845 2013 lect.
1863 1995 1881 2013 1.

532 2120 541 2128 ,
598 2118 602 2124 ‚
691 2089 713 2114 D
734 2088 905 2119 QUARTUM
924 2087 976 2113 SIC
995 2087 1230 2113 paocssnrrua.
1251 2075 1413 2112 Videtur
1432 2075 1538 2124 quod

605 2133 606 2137 ’
658 2171 661 2176 ,
663 2129 831 2166 Christi
860 2128 980 2188 oratio
1000 2140 1079 2165 000
1106 2128 1217 2164 fuerit
1245 2139 1398 2177 semper
1425 2140 1540 2164 exau-

588 2202 899 2284 ‘'kpassionis,
929 2241 971 2270 ut
997 2241 1099 2283 patet
1132 2234 1267 2270 Matth.
1291 2245 1374 2271 xxw
1396 2233 1433 2270 *z
1473 2233 1540 2282 qui

480 2295 611 2325 tamen
638 2287 686 2324 ab
715 2299 761 2324 eo
790 2299 870 2323 non
905 2286 973 2323 fuit
1008 2288 1220 2323 translatus.
1260 2287 1361 2334 Ergo
1389 2285 1541 2323 videtur

482 2341 588 2391 quod
616 2352 696 2377 non
725 2339 850 2377 omnis
879 2339 961 2376 eius
989 2339 1109 2376 oratio
1137 2339 1248 2376 fuerit
1275 2338 1462 2376 exaudita.

536 2405 570 2430 2.
593 2394 823 2438 PRAETEREA,
839 2392 919 2442 ipse
940 2392 1062 2429 oravit
1080 2399 1122 2429 ut
1138 2399 1340 2441 peccatum
1359 2391 1437 2428 suis
1456 2403 1540 2428 cru-

481 2445 702 2483 cifixoribus
737 2445 996 2493 ignosceretur
1015 2451 1049 2492 ⁶²,
1079 2452 1121 2482 ut
1147 2452 1250 2494 patet
1276 2445 1371 2481 Luc.
1400 2456 1481 2481 xxm
1508 2444 1538 2481 ²¹⁶.

481 2499 574 2535 Non
601 2506 730 2535 tamen
758 2497 940 2535 omnibus
968 2497 1036 2534 fuit
1064 2497 1156 2534 illud
1183 2505 1385 2546 peccatum
1411 2497 1540 2534 dimis-

482 2563 589 2588 sum:
629 2564 720 2588 narn
749 2551 879 2588 Iudaei
907 2551 1060 2587 fuerunt
1086 2562 1158 2600 pro
1186 2550 1249 2587 illo
1277 2558 1434 2600 peccato
1469 2562 1540 2599 pu-

480 2604 559 2641 niti.
596 2605 697 2652 Ergo
725 2603 877 2640 videtur
904 2604 1011 2652 quod
1038 2615 1119 2640 non
1147 2602 1274 2640 omnis
1309 2602 1391 2640 eius
1419 2603 1539 2640 oratio

480 2657 591 2694 fuerit
618 2656 805 2693 exaudita.

536 2710 569 2746 3.
591 2710 822 2755 PRAETEREA,
840 2709 1033 2746 Dominus
1053 2709 1175 2746 oravit
1186 2722 1262 2759 pro
1281 2709 1336 2746 his
1355 2710 1419 2758 qui
1435 2715 1541 2746 erant

481 2762 657 2799 credituri
683 2774 755 2812 per
787 2763 942 2800 verbum
969 2763 1232 2812 Apostolorum
1267 2763 1304 2798 in
1334 2763 1473 2811 ipsum,
1504 2768 1542 2798 ut

482 2827 608 2852 omnes
636 2817 672 2851 in
701 2827 744 2852 eo
773 2827 888 2851 unum
916 2821 1049 2862 essent,
1079 2822 1115 2852 et
1142 2822 1185 2852 ut
1210 2814 1455 2864 pervenirent
1492 2815 1541 2851 ad

449 2887 455 2918 3
482 2868 557 2904 hoc
585 2868 691 2916 quod
722 2875 846 2904 essent
882 2879 973 2904 cum
1010 2868 1093 2917 ipso
1112 2867 1142 2904 ²¹².
1174 2867 1250 2905 Sed
1287 2879 1367 2904 non
1404 2879 1540 2904 omnes

482 2920 530 2956 ad
558 2920 634 2956 hoc
660 2920 900 2969 perveniunt.
930 2921 1031 2969 Ergo
1051 2932 1131 2958 non
1159 2919 1286 2957 omnis
1310 2919 1391 2957 eius
1420 2920 1540 2957 oratio

482 2979 537 3009 est
564 2973 750 3009 exaudita.

534 3037 569 3072 4.
600 3026 829 3071 ΡΒΑΕΤΕΕΕΑ,
857 3025 896 3062 10
924 3027 1078 3062 Psalmo
1097 3026 1117 3047 '¹‘
1145 3025 1291 3070 dicitur,
1312 3025 1351 3062 in
1376 3037 1541 3075 persona

484 3077 639 3114 Christi:
665 3079 843 3115 Clamabo
857 3091 929 3128 per
943 3079 1050 3124 diem,
1067 3085 1100 3115 et
1119 3091 1192 3116 non
1210 3077 1224 3108 β
1243 3078 1427 3116 exaudies.
1448 3079 1541 3115 Non

482 3129 592 3177 igitur
620 3129 746 3166 omnis
774 3130 855 3167 eius
875 3131 994 3167 oratio
1024 3138 1078 3167 est
1106 3131 1292 3168 exaudita.

537 3183 610 3219 SED
630 3194 773 3219 CONTRA
792 3195 856 3219 EST
876 3183 981 3231 quod
1001 3185 1206 3232 Apostolus
1226 3183 1325 3229 dicit,
1346 3185 1443 3222 Heb.
1464 3197 1488 3221 v
1501 3183 1538 3221 *z

487 3235 581 3270 Cum
609 3234 773 3271 clamore
805 3235 927 3272 valido
956 3241 988 3271 et
1015 3235 1193 3284 lacrymis
1227 3236 1399 3286 offerens,
1429 3249 1540 3274 exau-

484 3286 576 3323 ditus
603 3291 653 3323 est
675 3298 748 3336 pro
776 3298 843 3323 sua
872 3289 1087 3324 reverentia.

538 3339 760 3376 Respommo
789 3350 969 3375 mCENDUM
997 3340 1115 3388 quod,
1139 3340 1234 3378 sicut
1262 3341 1404 3379 dictum
1435 3350 1490 3379 est
1507 3342 1539 3388 ³¹²,

486 3390 605 3427 oratio
634 3398 688 3427 est
716 3390 1009 3439 quodammodo
1038 3391 1316 3441 interpretativa
1337 3394 1541 3432 voluntatis

487 3442 690 3479 humanae.
727 3443 842 3479 Tunc
869 3454 958 3490 ergo
987 3442 1145 3480 alicuius
1173 3445 1313 3482 orantis
1341 3447 1542 3484 exauditur

540 3560 567 3592 οι)
583 3565 739 3593 peccatum..
734 3581 748 3587 .
768 3563 989 3595 ignosceretur.-
1008 3563 1027 3587 F
1047 3569 1071 3588 et
1091 3565 1162 3589 tertia
1181 3567 1319 3598 praeter-15
1339 3568 1446 3594 Pater...
1465 3569 1540 3602 igno-

484 3599 568 3621 sceret
588 3597 617 3626 112,
634 3601 744 3627 peccatu
748 3606 789 3623 m.
793 3598 966 3630 ,ignosceret
984 3599 1069 3623 ceteri.
1565 3568 1569 3633 1

1596 2074 1728 2121 010110,
1749 2075 1907 2135 quando
1936 2075 2017 2113 eius
2035 2077 2214 2114 voluntas
2239 2076 2481 2127 adimpletur.
2507 2078 2655 2119 Volun-

1594 2134 1650 2165 tas
1679 2135 1809 2164 autem
1846 2127 2065 2188 simpliciter
2099 2129 2268 2166 hominis
2301 2138 2356 2167 est
2383 2132 2563 2169 voluntas
2596 2143 2655 2173 ra·

1594 2180 1726 2217 tionis:
1756 2181 1832 2218 hoc
1859 2181 1964 2218 enim
1991 2181 2164 2218 absolute
2183 2183 2366 2219 volumus
2385 2183 2493 2233 quod
2520 2194 2655 2226 secun-

1595 2233 1692 2270 dum
1716 2233 1962 2270 deliberatam
1982 2233 2170 2271 rationem
2187 2236 2382 2273 volumus.
2411 2235 2507 2275 Illud
2525 2235 2656 2278 autem

1596 2286 1703 2335 quod
1730 2287 1914 2323 volumus
1951 2287 2166 2324 secundum
2203 2295 2356 2325 motum
2393 2284 2655 2340 sensualitatis,

1595 2340 1658 2376 vel
1676 2338 1790 2376 etiam
1815 2340 2032 2377 secundum
2059 2347 2212 2377 motum
2230 2341 2435 2379 voluntatis
2461 2340 2654 2402 simplicia,

1596 2404 1696 2441 quae
1724 2391 1988 2429 consideratur
2010 2400 2052 2429 ut
2070 2401 2216 2440 natura,
2237 2405 2317 2431 non
2344 2393 2577 2454 simpliciter
2584 2399 2656 2438 Γνο-

1596 2446 1738 2490 11110115,
1759 2445 1826 2482 sed
1846 2445 2062 2482 secundum
2089 2445 2204 2495 quid.
2233 2445 2383 2493 scilicet,
2404 2446 2435 2484 si
2453 2446 2574 2489 aliud
2573 2451 2656 2498 1100

1597 2497 1752 2535 obsistat
1787 2498 1894 2547 quod
1921 2510 1991 2547 per
2017 2497 2331 2536 deliberationem
2367 2499 2524 2546 rationis
2549 2499 2656 2553 iay&

1596 2551 1709 2588 nitur.
1738 2551 1850 2588 Unde
1878 2550 1959 2588 talis
1978 2552 2156 2588 voluntas
2183 2551 2303 2600 magis
2322 2560 2378 2589 est
2404 2548 2656 2609 dicendaru-

1596 2604 1698 2641 leitas
1717 2616 1836 2653 quam
1855 2603 2030 2641 absoluta
2047 2605 2245 2642 voluntas.
2266 2604 2358 2654 quia
2376 2605 2516 2644 scilicet
2532 2600 2655 2654 110100

1596 2658 1671 2694 hoc
1698 2657 1812 2693 vellet
1839 2656 1869 2693 51
1897 2656 2001 2694 aliud
2028 2668 2108 2694 non
2137 2657 2345 2695 obsisteret.
2526 2687 2528 2689 >

1650 2709 1876 2747 Secundum
1894 2717 2024 2746 autem
2043 2711 2280 2748 voluntatem
2299 2710 2466 2758 rationis,
2482 2705 2655 2766 Christ‘u's

1596 2762 1691 2799 nihil
1718 2762 1822 2799 aliud
1846 2762 1968 2799 voluit
1993 2762 2064 2799 nisi
2093 2763 2200 2812 quod
2226 2763 2333 2801 scivit
2359 2764 2489 2802 Deum
2506 2765 2621 2805 velle
2616 2762 2653 2806 3.
2680 2750 2716 2809 ’..-

1597 2816 1644 2852 Et
1672 2815 1759 2852 ideo
1788 2815 1915 2852 omnis
1942 2815 2116 2852 absoluta
2147 2817 2325 2854 voluntas
2354 2816 2512 2864 Christi,
2540 2804 2656 2856 00010

1596 2868 1780 2914 humana,
1809 2867 1878 2905 fuit
1905 2867 2072 2918 impleta,
2101 2868 2192 2928 quia
2219 2869 2288 2906 fuit
2314 2869 2399 2907 Deo
2427 2869 2653 2915 conformis:

1597 2928 1633 2957 et
1658 2933 1729 2970 per
1755 2932 2009 2970 consequens,
2039 2921 2165 2959 omnis
2194 2921 2275 2959 eius
2303 2921 2424 2960 oratio
2445 2921 2516 2960 fuit
2541 2919 2655 2969 0111111·

1596 2973 1683 3010 dita.
1723 2974 1827 3011 Nam
1856 2981 1892 3010 et
1919 2974 2136 3011 secundum
2163 2974 2239 3012 hoc
2266 2974 2431 3013 aliorum
2464 2974 2655 3020 orationes

1596 3026 1864 3076 adimplentur,
1894 3026 2001 3076 quod
2036 3034 2125 3064 sunt
2158 3034 2296 3064 eorum
2327 3028 2556 3069 voluntates
2568 3024 2654 3071 Βὲῠ

1596 3079 1830 3116 conformes:
1860 3079 2076 3116 secundum
2104 3079 2198 3117 illud
2215 3081 2326 3118 Rom.
2345 3092 2403 3119 vm
2420 3079 2458 3103 3·
2493 3080 2569 3125 Qui
2587 3093 2653 3137 aq-
2680 3082 2692 3095 ⁸

1595 3137 1667 3168 tem
1685 3138 1870 3169 scrutatur
1897 3132 2023 3179 corda,
2042 3133 2120 3180 scit,
2140 3131 2246 3179 idest,
2266 3133 2467 3183 approbat,
2484 3133 2585 3184 quid
2593 3133 2654 3188 de-

1594 3184 1735 3274 sitierit:
1754 3186 1919 3247 Spiritus,
1947 3184 2054 3231 idest,
2075 3184 2169 3234 quid
2195 3185 2304 3223 faciat
2331 3193 2480 3230 sanctos
2507 3174 2654 3234 deside·

1596 3249 1678 3274 rare

1596 3289 1691 3327 dum
1720 3289 2026 3328 conformitatem
2060 3290 2212 3328 divinae
2246 3290 2469 3339 voluntatis,
2492 3283 2655 3342 postulat

1589 3354 1664 3393 pro
1691 3344 1834 3380 sanctis

1648 3396 1705 3432 An
1733 3407 1867 3433 ptumum
1896 3407 1993 3433 ERGO
2021 3407 2201 3435 0101010011
2229 3397 2335 3446 quod
2362 3396 2424 3435 illa
2445 3393 2576 3448 petitio
2602 3397 2652 3438 de

1593 3447 1836 3485 translatione
1865 3447 1988 3486 calicis
2026 3448 2284 3487 diversimode
2311 3462 2334 3487 a
2363 3449 2508 3488 Sanctis
2535 3452 2651 3503 expo-

1648 3569 1674 3603 β)
1693 3573 1719 3595 et
1738 3577 1798 3595 non.
1816 3585 1835 3589 -
1853 3570 1954 3601 Tei-tiu
1973 3574 1999 3596 et
2018 3573 2118 3596 noctem
2137 3575 2163 3596 ee
2182 3579 2242 3597 non.

1772 3239 1947 3287 quoniam
1973 3239 2174 3275 secundum
2201 3239 2346 3286 Deum,
2374 3236 2490 3286 idest,
2519 3239 2654 3299 secun-
2679 3241 2691 3255 ‘
2711 3247 2745 3264 ”
