2872 3970
923 293 1183 340 QUAESTIO
1212 295 1351 343 XXVI,
1381 291 1670 334 ARTICULUS
1698 297 1728 333 II

229 369 365 408 ciendo
393 377 430 407 et
457 370 743 420 interpellando.
782 371 830 407 Et
857 370 944 407 ideo
972 370 1169 408 verissime
1197 372 1286 409 dici-

229 429 291 460 tur
316 422 504 460 mediator
530 423 745 460 secundum
773 423 881 472 quod
908 423 1040 460 homo.

280 475 338 512 An
365 487 500 512 Palmum
519 487 617 512 ERGO
645 487 826 512 nlcENDUM
847 475 964 524 quod,
986 475 1016 511 si
1044 476 1286 514 subtrahatur

227 526 357 566 divina
383 534 519 565 natura
546 539 569 564 a
598 527 768 574 Christo,
796 527 1030 565 subtrahitur
1056 540 1126 577 per
1153 541 1284 568 conse-

227 590 350 631 quens
368 579 418 617 ab
445 591 492 617 eo
511 579 709 628 singularis
727 579 925 629 plenitudo
948 579 1164 628 gratiarum,
1184 593 1284 630 quae

226 631 407 670 convenit
441 631 476 669 ei
502 631 733 682 inquantum
761 640 817 669 est
848 634 1066 683 Unigenitus
1093 646 1117 670 α
1150 635 1281 680 Patre,

225 691 271 723 ut
294 683 432 722 dicitur
457 685 560 722 Ioan.
581 697 592 722 1
610 684 640 721 *.
670 685 729 722 Ex
757 697 834 734 qua
861 685 1021 734 quidem
1048 685 1283 734 plenitudine

224 736 340 775 habet
366 744 409 774 ut
435 736 482 774 sit
508 749 624 786 super
659 749 795 774 omnes
832 738 1009 775 homines
1037 738 1281 786 constitutus,

225 795 262 827 et
287 788 543 839 propinquius
571 790 619 826 ad
647 789 777 826 Deum
805 791 1000 827 accedens,

276 842 334 879 An
359 853 548 880 SECUNDUM
570 854 752 880 mei-:noum
780 843 888 891 quod
923 842 1117 888 Christus,
1147 855 1281 880 secun-

2317 300 2392 347 287

1339 373 1435 410 dum
1463 373 1569 422 quod
1597 374 1719 420 Deus,
1749 382 1804 410 est
1829 386 1899 423 per
1926 374 2055 411 omnia
2083 376 2250 424 aequalis
2278 376 2389 413 Patri.

1340 425 1416 462 Sed
1445 426 1559 462 etiam
1587 425 1626 462 in
1654 427 1825 463 humana
1860 434 1994 463 natura
2022 428 2167 464 excedit
2201 428 2293 465 alios
2321 429 2390 466 ho-

1338 477 1471 514 mines.
1501 479 1549 514 Et
1576 477 1684 523 ideo,
1713 478 1927 515 secundum
1961 479 2067 527 quod
2100 480 2238 526 homo,
2267 488 2391 530 potest

1337 542 1419 566 esse
1437 530 1641 567 mediator:
1667 542 1746 567 non
1765 538 1894 567 autern
1913 531 2127 568 secundum
2146 533 2253 580 quod
2271 534 2388 570 Deus.

1390 583 1447 618 An
1474 593 1632 619 TERTIUM
1659 594 1839 620 meramnum
1867 583 1992 631 quod,
2022 583 2105 620 licet
2132 584 2389 622 auctoritative

1336 642 1538 683 peccatum
1565 635 1712 671 auferre
1748 634 1949 671 conveniat
1987 635 2136 672 Christo
2175 638 2389 674 seeundum

1337 687 1444 735 quod
1464 694 1519 723 est
1537 687 1655 733 Deus,
1675 694 1803 724 tamen
1829 687 2037 724 satisfacere
2056 700 2127 737 pro
2145 697 2301 737 peccato
2321 690 2390 726 hu-

1336 739 1441 776 mani
1467 739 1615 787 generis
1633 739 1811 776 convenit
1835 739 1868 776 ei
1897 740 2110 777 secundum
2130 741 2235 789 quod
2255 742 2386 778 homo.

1336 792 1384 828 Et
1411 792 1626 829 secundum
1653 792 1728 828 hoc
1755 791 1890 829 dicitur
1917 792 1988 828 Dei
2016 800 2052 829 et
2079 792 2283 830 hominum
2309 806 2389 831 me-

1336 843 1468 881 diator.

892 959 1224 992 Commentariis
1246 960 1496 994 cardinalis
1517 961 1718 994 Caietam

132 1063 194 1111 ''i-⁴:⁷³*
251 1053 389 1105 ’aimus
412 1068 524 1100 clarus.
546 1086 570 1091 —
593 1069 629 1099 In
649 1079 784 1110 corpore
801 1069 868 1100 duo
888 1069 985 1106 fiunt,
1005 1069 1128 1106 Primo,
1152 1079 1281 1110 ponun-

219 1080 332 1153 thur
354 1111 436 1143 duae
459 1111 659 1144 conditiones
678 1113 871 1144 mediatoris.
900 1113 1061 1149 Secundo,
1082 1113 1281 1154 applicantur

130 1159 141 1176 ¹
221 1155 262 1189 ὀᾶ
284 1155 447 1188 Christum
471 1156 654 1196 dupliciter:
687 1163 718 1187 et
741 1157 920 1188 secundum
943 1157 1032 1198 quod
1055 1156 1162 1193 Deus,
1185 1167 1280 1198 nega-

219 1201 299 1237 tive;
323 1205 354 1231 et
375 1200 554 1231 secundum
577 1200 667 1241 quod
682 1201 794 1238 homo,
815 1201 1008 1232 affirmative.
1033 1201 1074 1231 Et
1088 1202 1133 1231 sic
1147 1210 1280 1241 respon-

219 1243 312 1277 denir
327 1245 489 1284 quaesito:
516 1244 663 1275 Christus
681 1245 844 1276 verissime
865 1245 985 1276 dicitur
999 1244 1160 1276 mediator
1172 1245 1236 1275 Dei
1250 1250 1282 1275 et

215 1287 388 1323 hunnum
406 1288 582 1320 secundam
604 1289 691 1330 quod
712 1289 818 1320 homo.

274 1331 394 1363 Omnia
417 1331 500 1363 clara
521 1337 596 1363 sunt
617 1333 652 1364 in
673 1332 786 1364 littera.
817 1332 972 1364 Consistit
998 1333 1085 1364 enim
1113 1333 1182 1363 eius
1204 1342 1278 1373 pro-

220 1370 479 1414 cessusinhoc.
503 1372 671 1414 Mediator,
695 1376 873 1408 secundum
896 1376 962 1407 duo
986 1386 1070 1417 quae
1091 1377 1196 1413 habet,
1219 1377 1278 1407 sci-

138 1415 165 1435 ⁵
192 1427 195 1429 ’
216 1414 295 1452 lieet
317 1425 386 1451 esse
407 1419 561 1456 medium,
586 1425 618 1451 et
640 1419 783 1451 officium
801 1420 1018 1460 coniungendi
1037 1426 1175 1451 extrema
1197 1421 1279 1451 inter

218 1470 265 1502 so,
286 1462 366 1500 duas
388 1464 483 1504 exigit
506 1463 724 1495 conditiones:
751 1465 854 1504 prima
877 1470 924 1495 est
947 1463 1092 1495 distantia
1115 1465 1153 1495 ab
1178 1470 1278 1495 exue-

215 1508 304 1545 ffl}
317 1507 468 1539 secunda
490 1513 538 1538 est
559 1507 676 1539 delatio
705 1507 744 1539 ad
767 1513 906 1540 extrema
930 1508 1081 1548 utrinque
1105 1518 1143 1539 ex
1166 1508 1275 1538 altero.

215 1550 287 1586 &d
305 1550 459 1588 Christus,
483 1551 661 1583 secundum
684 1552 773 1592 quod
786 1553 889 1589 Deus,
905 1557 1051 1583 neun-am
1066 1553 1176 1582 habet:
1202 1553 1278 1592 quia

217 1604 286 1627 non
308 1594 400 1626 distat
422 1605 441 1627 a
463 1595 534 1626 Deo
557 1596 591 1627 in
613 1601 725 1627 natura
748 1601 802 1627 aut
817 1595 980 1632 domini0;
1003 1606 1064 1627 nec
1080 1595 1200 1636 aliquid
1215 1596 1276 1626 Dei

215 1637 403 1682 mensuum
425 1639 546 1672 deferre
567 1645 690 1681 potest;
714 1650 751 1671 ac
774 1649 831 1681 per
846 1641 919 1677 hoc,
938 1640 1018 1671 nihil
1032 1645 1139 1680 potest
1154 1639 1275 1671 deferre

218 1678 351 1715 &Thio
374 1680 528 1725 tanquam
551 1687 703 1715 extremo.
739 1683 802 1715 Sed
832 1683 1010 1715 secundum
1040 1683 1130 1724 quod
1155 1684 1273 1720 horno,

217 1726 317 1759 habet
333 1732 520 1768 utramque:
552 1729 628 1768 quia
650 1727 743 1759 distat
766 1733 792 1758 a'
806 1728 878 1759 Deo
901 1733 1029 1764 natura,
1053 1732 1085 1758 et
1107 1728 1146 1758 ab
1169 1728 1274 1758 homi-

216 1771 313 1805 ffliv
339 1772 429 1812 puris
458 1771 610 1812 dignitate
638 1772 756 1812 gratiae
785 1777 817 1803 et
842 1772 980 1812 gloriae3
1011 1771 1111 1802 defert
1141 1781 1274 1812 quoque

215 1821 386 1856 praecepta
401 1815 559 1856 donaque
581 1816 642 1848 Dei
664 1815 704 1847 ad
725 1816 889 1852 homines,
914 1821 946 1846 et
967 1815 1214 1846 satisfactionem
1237 1825 1274 1845 ac

215 1858 504 1900 inmpdlationem
526 1869 565 1891 ex
584 1860 778 1892 hominibus·
793 1859 832 1891 ad
847 1860 970 1896 Deum;
993 1869 1061 1890 non
1084 1859 1174 1899 quasi
1195 1859 1274 1889 haec

213 1900 256 1934 ab
274 1903 458 1934 hominibus
481 1904 624 1944 accipiat,
647 1903 703 1935 sed
727 1904 802 1944 quia
824 1904 902 1934 haec
925 1904 994 1934 vice
1013 1904 1183 1934 hominum
1206 1903 1274 1943 ipse

215 2367 282 2383 ,,,,,,

1334 1071 1404 1101 Deo
1427 1071 1528 1108 offert,
1553 1071 1642 1111 quod
1664 1077 1795 1102 vocatur
1816 1081 1875 1111 pro
1898 1072 2081 1102 hominibus
2105 1072 2216 1103 offerre
2239 1082 2276 1103 ac
2298 1073 2387 1103 satis-

1333 1113 1446 1145 facere.
1470 1115 1684 1145 Nihilominus
1707 1115 1952 1146 satisfactionem
1968 1125 2006 1146 ex
2020 1116 2203 1146 hominibus
2231 1115 2386 1156 quodam-

1332 1157 1432 1188 modo
1457 1158 1586 1198 accipit:
1610 1168 1669 1198 pro
1694 1164 1813 1198 quanto
1838 1168 1875 1189 ex
1890 1168 1992 1189 massa
2006 1159 2190 1199 peccatrice,
2215 1169 2307 1190 came
2326 1161 2385 1190 sci-

1332 1202 1406 1232 licet
1428 1202 1567 1232 humana
1591 1202 1629 1232 ab
1645 1202 1748 1232 Adam
1763 1203 1877 1242 genita,
1901 1207 2046 1232 naturam
2066 1203 2256 1243 passibilem,
2273 1204 2306 1233 in
2322 1212 2386 1243 qua

1332 1245 1533 1282 satisfaceret,
1558 1246 1735 1285 assumpsit.

1387 1289 1424 1319 ΙΙ.
1449 1289 1485 1320 In
1506 1290 1714 1329 responsione
1737 1289 1777 1320 ad
1798 1290 1938 1329 primum
1962 1294 1993 1320 et
2014 1290 2142 1320 tertium
2165 1290 2275 1326 simul,
2306 1300 2385 1320 con-

1331 1332 1432 1364 sidera
1455 1332 1664 1364 discernendo
1687 1333 1843 1363 rationem
1860 1332 2097 1373 specificantem
2110 1333 2143 1364 id
2159 1343 2224 1373 quo
2241 1333 2384 1364 Christus

1331 1376 1449 1407 mediat
1479 1382 1532 1407 aut
1563 1376 1730 1413 satisfacit;
1762 1382 1794 1407 et
1814 1376 1953 1407 radicem
1979 1376 2065 1407 unde
2088 1377 2167 1407 illud
2188 1387 2251 1418 quo
2275 1377 2384 1408 efficax

1331 1420 1523 1460 originaliter
1551 1420 1691 1451 redditur
1721 1419 1760 1450 ad
1782 1419 1988 1451 mediandum
2018 1425 2050 1450 et
2071 1419 2325 1451 satisfaciendum
2353 1427 2385 1451 et

1330 1463 1518 1504 merendum
1541 1474 1600 1504 pro
1620 1463 1779 1494 omnibus.
1801 1463 1885 1494 Nam
1907 1465 1934 1494 si
1957 1463 2137 1504 specificare
2160 1470 2214 1495 aut
2237 1463 2383 1495 determi-

1329 1518 1404 1539 nare
1428 1508 1552 1548 quaeris
1581 1513 1726 1538 naturam
1756 1517 1820 1547 qua
1849 1507 1992 1538 Christus
2021 1513 2178 1544 meretur,
2208 1508 2326 1538 mediat
2352 1514 2384 1539 et

1329 1551 1486 1588 satisfacit,
1509 1552 1623 1592 procul
1638 1551 1737 1582 dubio
1754 1557 1865 1582 natura
1880 1552 2019 1582 humana
2034 1557 2096 1582 est:
2121 1557 2241 1582 creatae
2262 1552 2382 1592 quippe

1326 1601 1457 1627 naturae
1479 1601 1554 1626 sunt
1576 1601 1664 1626 actus
1686 1596 1747 1626 isti.
1772 1595 1835 1626 Sed
1856 1595 1883 1625 si
1903 1596 2028 1635 quaeris
2050 1595 2137 1626 unde
2151 1601 2263 1626 natura
2278 1600 2381 1626 creata

1327 1640 1406 1670 tanti
1419 1645 1465 1670 est
1479 1645 1515 1670 ut
1526 1639 1654 1675 mediet,
1666 1644 1823 1669 mereatur
1835 1644 1866 1669 et
1876 1638 2042 1669 satisfaciat
2053 1648 2112 1679 pro
2128 1644 2197 1669 toto
2209 1638 2346 1670 mundo:
2358 1657 2382 1662 —

1328 1693 1366 1714 ex
1388 1685 1485 1724 gratia
1508 1689 1554 1714 est
1576 1683 1715 1719 unionis,
1740 1692 1778 1713 ex
1800 1682 1962 1723 hypostasi
1985 1687 2031 1712 est
2054 1682 2167 1713 divina.
2191 1682 2276 1720 Quia
2294 1683 2380 1713 enim

1328 1727 1472 1758 Christus
1483 1727 1672 1767 Unigenitus
1688 1731 1735 1756 est
1745 1726 1853 1762 Patris,
1865 1726 1939 1756 ideo
1954 1735 2011 1766 per
2026 1731 2170 1756 naturam
2186 1731 2380 1766 assumptam

1327 1770 1486 1806 satisfacit,
1509 1775 1648 1801 meretur
1671 1775 1702 1800 et
1724 1769 1850 1800 mediat.
1874 1770 1916 1800 Et
1937 1770 2000 1799 hoe
2019 1774 2066 1799 est
2088 1769 2177 1809 quod
2199 1770 2232 1800 in
2247 1778 2380 1809 respon-
2408 1779 2418 1789 ·
2436 1779 2483 1806 Qu.

1327 1815 1418 1845 sione
1440 1814 1480 1844 ad
1502 1815 1643 1854 primum
1666 1813 1836 1844 docemur:
1861 1818 1893 1843 et
1915 1812 2059 1843 doctrina
2081 1814 2252 1852 superius*
2275 1813 2381 1843 habita
2407 1804 2469 1831 ³⁶²³
2485 1806 2615 1827 eommem.

2406 1837 2562 1859 num.1nsqq.:
2593 1838 2616 1853 u.

1327 1858 1366 1889 de
1395 1857 1533 1889 efficacia
1563 1856 1781 1888 satisfactionis
1804 1862 1836 1887 et
1856 1857 1960 1887 meriti
1983 1856 2100 1887 Christi
2126 1857 2171 1886 sic
2194 1856 2380 1896 applicanda
2406 1862 2542 1906 gagga,
2552 1864 2616 1905 gud:

1328 1907 1374 1933 est
1396 1902 1430 1932 in
1452 1902 1662 1942 responsione
1684 1900 1724 1931 ad
1746 1901 1883 1931 tertium.
1918 1900 1960 1930 Et
1986 1901 2031 1930 sic
2058 1900 2167 1931 omnia
2192 1905 2379 1930 consonant.
2406 1915 2441 1931 ιιι.

2503 1785 2518 1805 ι,
2538 1783 2580 1801 art.
2595 1785 2617 1805 2,
