<?xml version="1.0" encoding="UTF-8"?>
<!DOCTYPE html PUBLIC "-//W3C//DTD XHTML 1.0 Transitional//EN"
    "http://www.w3.org/TR/xhtml1/DTD/xhtml1-transitional.dtd">
<html xmlns="http://www.w3.org/1999/xhtml" xml:lang="en" lang="en">
 <head>
  <title>
</title>
<meta http-equiv="Content-Type" content="text/html;charset=utf-8" />
  <meta name='ocr-system' content='tesseract 3.04.00' />
  <meta name='ocr-capabilities' content='ocr_page ocr_carea ocr_par ocr_line ocrx_word'/>
</head>
<body>
  <div class='ocr_page' id='page_1' title='image "./operaomniaiussui11thom_0595.png"; bbox 0 0 2872 3970; ppageno 0'>
   <div class='ocr_carea' id='block_1_1' title="bbox 0 354 124 1044">
    <p class='ocr_par' dir='ltr' id='par_1_1' title="bbox 0 354 124 1044">
     <span class='ocr_line' id='line_1_1' title="bbox 0 354 124 1044; baseline 0 2926"><span class='ocrx_word' id='word_1_1' title='bbox 0 354 124 1044; x_wconf 95' lang='lat' dir='ltr'> </span> 
     </span>
    </p>
   </div>
   <div class='ocr_carea' id='block_1_2' title="bbox 118 1724 197 1743">
    <p class='ocr_par' dir='ltr' id='par_1_2' title="bbox 118 1724 197 1743">
     <span class='ocr_line' id='line_1_2' title="bbox 118 1724 197 1743; baseline 0 0"><span class='ocrx_word' id='word_1_2' title='bbox 118 1724 197 1743; x_wconf 69' lang='lat' dir='ltr'>nrt-u.</span> 
     </span>
    </p>
   </div>
   <div class='ocr_carea' id='block_1_3' title="bbox 893 272 1719 320">
    <p class='ocr_par' dir='ltr' id='par_1_3' title="bbox 893 272 1719 320">
     <span class='ocr_line' id='line_1_3' title="bbox 893 272 1719 320; baseline -0.002 -10"><span class='ocrx_word' id='word_1_3' title='bbox 893 273 1156 320; x_wconf 84' lang='lat' dir='ltr'><strong>QUAESTIO</strong></span> <span class='ocrx_word' id='word_1_4' title='bbox 1185 273 1320 319; x_wconf 80' lang='lat' dir='ltr'>Lvnt,</span> <span class='ocrx_word' id='word_1_5' title='bbox 1347 272 1640 310; x_wconf 78' lang='lat' dir='ltr'>ARTlcULUs</span> <span class='ocrx_word' id='word_1_6' title='bbox 1669 273 1719 308; x_wconf 77' lang='lat' dir='ltr'>lv</span> 
     </span>
    </p>
   </div>
   <div class='ocr_carea' id='block_1_4' title="bbox 223 351 1282 452">
    <p class='ocr_par' dir='ltr' id='par_1_4' title="bbox 223 351 1282 452">
     <span class='ocr_line' id='line_1_4' title="bbox 223 351 1282 400; baseline -0.004 -10"><span class='ocrx_word' id='word_1_7' title='bbox 223 359 256 390; x_wconf 87' lang='lat' dir='ltr'>et</span> <span class='ocrx_word' id='word_1_8' title='bbox 282 354 389 391; x_wconf 86' lang='lat' dir='ltr'>Patri</span> <span class='ocrx_word' id='word_1_9' title='bbox 420 352 735 391; x_wconf 80' lang='lat' dir='ltr'>consubstantialis</span> <span class='ocrx_word' id='word_1_10' title='bbox 765 351 880 397; x_wconf 83' lang='lat' dir='ltr'>sedet,</span> <span class='ocrx_word' id='word_1_11' title='bbox 909 351 1191 400; x_wconf 79' lang='lat' dir='ltr'>conglorificata</span> <span class='ocrx_word' id='word_1_12' title='bbox 1218 352 1253 386; x_wconf 89' lang='lat' dir='ltr'>ei</span> <span class='ocrx_word' id='word_1_13' title='bbox 1271 355 1282 371; x_wconf 74' lang='lat'><strong>²</strong></span> 
     </span>
     <span class='ocr_line' id='line_1_5' title="bbox 223 405 1282 452; baseline -0.003 -10"><span class='ocrx_word' id='word_1_14' title='bbox 223 417 338 442; x_wconf 85' lang='lat' dir='ltr'>carne</span> <span class='ocrx_word' id='word_1_15' title='bbox 373 407 460 442; x_wconf 81' lang='lat' dir='ltr'>eius.</span> <span class='ocrx_word' id='word_1_16' title='bbox 494 406 687 443; x_wconf 81' lang='lat' dir='ltr'>Adoratur</span> <span class='ocrx_word' id='word_1_17' title='bbox 720 405 818 441; x_wconf 85' lang='lat' dir='ltr'>enim</span> <span class='ocrx_word' id='word_1_18' title='bbox 855 416 931 440; x_wconf 88' lang='lat' dir='ltr'>una</span> <span class='ocrx_word' id='word_1_19' title='bbox 965 405 1171 452; x_wconf 81' lang='lat' dir='ltr'><strong><em>hypostasis</em></strong></span> <span class='ocrx_word' id='word_1_20' title='bbox 1208 415 1282 439; x_wconf 86' lang='lat' dir='ltr'>una</span> 
     </span>
    </p>
   </div>
   <div class='ocr_carea' id='block_1_5' title="bbox 121 457 1227 501">
    <p class='ocr_par' dir='ltr' id='par_1_5' title="bbox 121 457 1227 501">
     <span class='ocr_line' id='line_1_6' title="bbox 121 457 1227 501; baseline -0.006 -3"><span class='ocrx_word' id='word_1_21' title='bbox 121 479 133 493; x_wconf 66' lang='grc' dir='ltr'>τ</span> <span class='ocrx_word' id='word_1_22' title='bbox 162 473 165 477; x_wconf 76' lang='grc'><em>’</em></span> <span class='ocrx_word' id='word_1_23' title='bbox 223 458 442 497; x_wconf 80' lang='lat' dir='ltr'><strong><em>adoratione</em></strong></span> <span class='ocrx_word' id='word_1_24' title='bbox 467 470 552 495; x_wconf 86' lang='lat' dir='ltr'>cum</span> <span class='ocrx_word' id='word_1_25' title='bbox 580 469 695 495; x_wconf 85' lang='lat' dir='ltr'>carne</span> <span class='ocrx_word' id='word_1_26' title='bbox 722 458 809 501; x_wconf 83' lang='lat' dir='ltr'>eius,</span> <span class='ocrx_word' id='word_1_27' title='bbox 838 457 887 492; x_wconf 84' lang='lat' dir='ltr'>ab</span> <span class='ocrx_word' id='word_1_28' title='bbox 914 458 1018 492; x_wconf 91' lang='lat' dir='ltr'>omni</span> <span class='ocrx_word' id='word_1_29' title='bbox 1044 461 1227 492; x_wconf 86' lang='lat' dir='ltr'>creatura.</span> 
     </span>
    </p>
   </div>
   <div class='ocr_carea' id='block_1_6' title="bbox 221 508 1284 714">
    <p class='ocr_par' dir='ltr' id='par_1_6' title="bbox 221 508 1284 714">
     <span class='ocr_line' id='line_1_7' title="bbox 225 508 1283 557; baseline -0.006 -8"><span class='ocrx_word' id='word_1_30' title='bbox 225 531 245 550; x_wconf 50' lang='lat' dir='ltr'>a,</span> <span class='ocrx_word' id='word_1_31' title='bbox 264 512 346 551; x_wconf 74' lang='lat' dir='ltr'>An</span> <span class='ocrx_word' id='word_1_32' title='bbox 360 520 550 549; x_wconf 68' lang='lat' dir='ltr'>secunnun</span> <span class='ocrx_word' id='word_1_33' title='bbox 576 521 759 548; x_wconf 59' lang='lat' dir='ltr'>monimum</span> <span class='ocrx_word' id='word_1_34' title='bbox 786 508 893 557; x_wconf 90' lang='lat' dir='ltr'>quod</span> <span class='ocrx_word' id='word_1_35' title='bbox 930 508 1120 554; x_wconf 90' lang='lat' dir='ltr'>Christus,</span> <span class='ocrx_word' id='word_1_36' title='bbox 1149 519 1283 544; x_wconf 90' lang='lat' dir='ltr'>secun-</span> 
     </span>
     <span class='ocr_line' id='line_1_8' title="bbox 223 560 1284 612; baseline -0.004 -12"><span class='ocrx_word' id='word_1_37' title='bbox 223 562 319 600; x_wconf 89' lang='lat' dir='ltr'>dum</span> <span class='ocrx_word' id='word_1_38' title='bbox 351 563 458 612; x_wconf 89' lang='lat' dir='ltr'>quod</span> <span class='ocrx_word' id='word_1_39' title='bbox 485 563 626 606; x_wconf 85' lang='lat' dir='ltr'>homo,</span> <span class='ocrx_word' id='word_1_40' title='bbox 656 560 848 598; x_wconf 89' lang='lat' dir='ltr'>subiectus</span> <span class='ocrx_word' id='word_1_41' title='bbox 885 568 941 596; x_wconf 91' lang='lat' dir='ltr'>est</span> <span class='ocrx_word' id='word_1_42' title='bbox 968 560 1069 597; x_wconf 82' lang='lat' dir='ltr'>Patri</span> <span class='ocrx_word' id='word_1_43' title='bbox 1103 567 1219 608; x_wconf 89' lang='lat' dir='ltr'>prout</span> <span class='ocrx_word' id='word_1_44' title='bbox 1244 562 1284 608; x_wconf 85' lang='lat' dir='ltr'>ly</span> 
     </span>
     <span class='ocr_line' id='line_1_9' title="bbox 221 613 1281 664; baseline -0.004 -12"><span class='ocrx_word' id='word_1_45' title='bbox 221 616 423 655; x_wconf 78' lang='lat' dir='ltr'>secundum</span> <span class='ocrx_word' id='word_1_46' title='bbox 467 615 565 664; x_wconf 80' lang='lat' dir='ltr'>quod</span> <span class='ocrx_word' id='word_1_47' title='bbox 599 613 770 661; x_wconf 84' lang='lat' dir='ltr'>designat</span> <span class='ocrx_word' id='word_1_48' title='bbox 808 613 1069 650; x_wconf 85' lang='lat' dir='ltr'>conditionem</span> <span class='ocrx_word' id='word_1_49' title='bbox 1110 620 1281 650; x_wconf 82' lang='lat' dir='ltr'>naturae.</span> 
     </span>
     <span class='ocr_line' id='line_1_10' title="bbox 222 665 1284 714; baseline -0.007 -6"><span class='ocrx_word' id='word_1_50' title='bbox 222 668 273 708; x_wconf 78' lang='lat' dir='ltr'>Et</span> <span class='ocrx_word' id='word_1_51' title='bbox 293 667 513 712; x_wconf 84' lang='lat' dir='ltr'>secundum</span> <span class='ocrx_word' id='word_1_52' title='bbox 535 668 649 712; x_wconf 86' lang='lat' dir='ltr'>hoc,</span> <span class='ocrx_word' id='word_1_53' title='bbox 677 678 758 703; x_wconf 91' lang='lat' dir='ltr'>non</span> <span class='ocrx_word' id='word_1_54' title='bbox 786 665 969 714; x_wconf 87' lang='lat' dir='ltr'>competit</span> <span class='ocrx_word' id='word_1_55' title='bbox 1003 665 1039 702; x_wconf 84' lang='lat' dir='ltr'>ei</span> <span class='ocrx_word' id='word_1_56' title='bbox 1065 665 1198 702; x_wconf 90' lang='lat' dir='ltr'>sedere</span> <span class='ocrx_word' id='word_1_57' title='bbox 1235 665 1284 701; x_wconf 90' lang='lat' dir='ltr'>ad</span> 
     </span>
    </p>
   </div>
   <div class='ocr_carea' id='block_1_7' title="bbox 94 717 1283 767">
    <p class='ocr_par' dir='ltr' id='par_1_7' title="bbox 94 709 1283 767">
     <span class='ocr_line' id='line_1_11' title="bbox 94 717 1283 767; baseline -0.004 -8"><span class='ocrx_word' id='word_1_58' title='bbox 94 720 97 727; x_wconf 72' lang='lat'><em>¹</em></span> <span class='ocrx_word' id='word_1_59' title='bbox 223 720 419 759; x_wconf 73' lang='lat' dir='ltr'>dexteram</span> <span class='ocrx_word' id='word_1_60' title='bbox 446 719 566 757; x_wconf 75' lang='lat' dir='ltr'>Patris</span> <span class='ocrx_word' id='word_1_61' title='bbox 586 719 802 756; x_wconf 90' lang='lat' dir='ltr'>secundum</span> <span class='ocrx_word' id='word_1_62' title='bbox 829 718 1017 756; x_wconf 84' lang='lat' dir='ltr'>rationem</span> <span class='ocrx_word' id='word_1_63' title='bbox 1037 717 1283 767; x_wconf 84' lang='lat' dir='ltr'>aequalitatis,</span> 
     </span>
    </p>
   </div>
   <div class='ocr_carea' id='block_1_8' title="bbox 223 769 1285 822">
    <p class='ocr_par' dir='ltr' id='par_1_8' title="bbox 223 769 1285 822">
     <span class='ocr_line' id='line_1_12' title="bbox 223 769 1285 822; baseline -0.008 -8"><span class='ocrx_word' id='word_1_64' title='bbox 223 773 442 814; x_wconf 76' lang='lat' dir='ltr'>secundum</span> <span class='ocrx_word' id='word_1_65' title='bbox 465 773 573 822; x_wconf 83' lang='lat' dir='ltr'>quod</span> <span class='ocrx_word' id='word_1_66' title='bbox 601 779 658 808; x_wconf 85' lang='lat' dir='ltr'>est</span> <span class='ocrx_word' id='word_1_67' title='bbox 683 772 816 809; x_wconf 89' lang='lat' dir='ltr'>homo.</span> <span class='ocrx_word' id='word_1_68' title='bbox 854 770 917 808; x_wconf 90' lang='lat' dir='ltr'>Sic</span> <span class='ocrx_word' id='word_1_69' title='bbox 944 778 1074 808; x_wconf 85' lang='lat' dir='ltr'>autern</span> <span class='ocrx_word' id='word_1_70' title='bbox 1102 769 1285 819; x_wconf 88' lang='lat' dir='ltr'>competit</span> 
     </span>
    </p>
   </div>
   <div class='ocr_carea' id='block_1_9' title="bbox 2322 270 2395 317">
    <p class='ocr_par' dir='ltr' id='par_1_9' title="bbox 2322 270 2395 317">
     <span class='ocr_line' id='line_1_13' title="bbox 2322 270 2395 317; baseline 0 -11"><span class='ocrx_word' id='word_1_71' title='bbox 2322 270 2395 317; x_wconf 82' lang='lat'>539</span> 
     </span>
    </p>
   </div>
   <div class='ocr_carea' id='block_1_10' title="bbox 1338 350 2399 819">
    <p class='ocr_par' dir='ltr' id='par_1_10' title="bbox 1338 350 2398 504">
     <span class='ocr_line' id='line_1_14' title="bbox 1339 350 2398 398; baseline -0.001 -12"><span class='ocrx_word' id='word_1_72' title='bbox 1339 350 1373 386; x_wconf 90' lang='lat' dir='ltr'>ei</span> <span class='ocrx_word' id='word_1_73' title='bbox 1394 350 1525 386; x_wconf 90' lang='lat' dir='ltr'>sedere</span> <span class='ocrx_word' id='word_1_74' title='bbox 1545 350 1593 386; x_wconf 87' lang='lat' dir='ltr'>ad</span> <span class='ocrx_word' id='word_1_75' title='bbox 1613 350 1808 387; x_wconf 83' lang='lat' dir='ltr'>dexteram</span> <span class='ocrx_word' id='word_1_76' title='bbox 1828 350 1948 386; x_wconf 90' lang='lat' dir='ltr'>Patris</span> <span class='ocrx_word' id='word_1_77' title='bbox 1968 350 2180 387; x_wconf 88' lang='lat' dir='ltr'>secundum</span> <span class='ocrx_word' id='word_1_78' title='bbox 2202 350 2308 398; x_wconf 90' lang='lat' dir='ltr'>quod</span> <span class='ocrx_word' id='word_1_79' title='bbox 2329 361 2398 398; x_wconf 91' lang='lat' dir='ltr'>per</span> 
     </span>
     <span class='ocr_line' id='line_1_15' title="bbox 1338 401 2398 450; baseline -0.001 -11"><span class='ocrx_word' id='word_1_80' title='bbox 1338 403 1415 439; x_wconf 92' lang='lat' dir='ltr'>hoc</span> <span class='ocrx_word' id='word_1_81' title='bbox 1448 403 1666 450; x_wconf 86' lang='lat' dir='ltr'>designatur</span> <span class='ocrx_word' id='word_1_82' title='bbox 1702 402 1920 439; x_wconf 84' lang='lat' dir='ltr'>excellentia</span> <span class='ocrx_word' id='word_1_83' title='bbox 1947 402 2207 448; x_wconf 81' lang='lat' dir='ltr'>beatitudinis,</span> <span class='ocrx_word' id='word_1_84' title='bbox 2239 409 2274 438; x_wconf 87' lang='lat' dir='ltr'>et</span> <span class='ocrx_word' id='word_1_85' title='bbox 2301 401 2398 438; x_wconf 88' lang='lat' dir='ltr'>iudi-</span> 
     </span>
     <span class='ocr_line' id='line_1_16' title="bbox 1339 454 2228 504; baseline 0 -13"><span class='ocrx_word' id='word_1_86' title='bbox 1339 454 1454 491; x_wconf 85' lang='lat' dir='ltr'>ciaria</span> <span class='ocrx_word' id='word_1_87' title='bbox 1481 463 1647 504; x_wconf 90' lang='lat' dir='ltr'>potestas</span> <span class='ocrx_word' id='word_1_88' title='bbox 1675 467 1790 504; x_wconf 92' lang='lat' dir='ltr'>super</span> <span class='ocrx_word' id='word_1_89' title='bbox 1819 467 1977 492; x_wconf 89' lang='lat' dir='ltr'>ornnem</span> <span class='ocrx_word' id='word_1_90' title='bbox 2005 463 2228 492; x_wconf 88' lang='lat' dir='ltr'>creaturam.</span> 
     </span>
    </p>

    <p class='ocr_par' dir='ltr' id='par_1_11' title="bbox 1338 507 2399 819">
     <span class='ocr_line' id='line_1_17' title="bbox 1391 507 2398 556; baseline 0 -13"><span class='ocrx_word' id='word_1_91' title='bbox 1391 509 1449 544; x_wconf 82' lang='lat' dir='ltr'>An</span> <span class='ocrx_word' id='word_1_92' title='bbox 1477 519 1635 546; x_wconf 75' lang='lat' dir='ltr'>TERTtUM</span> <span class='ocrx_word' id='word_1_93' title='bbox 1658 519 1838 545; x_wconf 79' lang='lat' dir='ltr'>mCENDUM</span> <span class='ocrx_word' id='word_1_94' title='bbox 1864 508 1971 556; x_wconf 91' lang='lat' dir='ltr'>quod</span> <span class='ocrx_word' id='word_1_95' title='bbox 1999 519 2079 544; x_wconf 92' lang='lat' dir='ltr'>esse</span> <span class='ocrx_word' id='word_1_96' title='bbox 2109 507 2147 544; x_wconf 89' lang='lat' dir='ltr'>in</span> <span class='ocrx_word' id='word_1_97' title='bbox 2175 507 2398 556; x_wconf 83' lang='lat' dir='ltr'>aequalitate</span> 
     </span>
     <span class='ocr_line' id='line_1_18' title="bbox 1338 559 2398 609; baseline 0 -13"><span class='ocrx_word' id='word_1_98' title='bbox 1338 559 1458 596; x_wconf 84' lang='lat' dir='ltr'>Patris</span> <span class='ocrx_word' id='word_1_99' title='bbox 1497 572 1575 597; x_wconf 89' lang='lat' dir='ltr'>non</span> <span class='ocrx_word' id='word_1_100' title='bbox 1604 560 1765 609; x_wconf 90' lang='lat' dir='ltr'>pertinet</span> <span class='ocrx_word' id='word_1_101' title='bbox 1801 560 1850 596; x_wconf 85' lang='lat' dir='ltr'>ad</span> <span class='ocrx_word' id='word_1_102' title='bbox 1888 560 2011 609; x_wconf 85' lang='lat' dir='ltr'>ipsam</span> <span class='ocrx_word' id='word_1_103' title='bbox 2047 568 2223 597; x_wconf 87' lang='lat' dir='ltr'>naturam</span> <span class='ocrx_word' id='word_1_104' title='bbox 2262 561 2398 596; x_wconf 89' lang='lat' dir='ltr'>huma-</span> 
     </span>
     <span class='ocr_line' id='line_1_19' title="bbox 1338 613 2397 662; baseline -0.001 -13"><span class='ocrx_word' id='word_1_105' title='bbox 1338 625 1431 649; x_wconf 86' lang='lat' dir='ltr'>nam</span> <span class='ocrx_word' id='word_1_106' title='bbox 1461 613 1611 658; x_wconf 84' lang='lat' dir='ltr'>Christi,</span> <span class='ocrx_word' id='word_1_107' title='bbox 1642 613 1708 649; x_wconf 92' lang='lat' dir='ltr'>sed</span> <span class='ocrx_word' id='word_1_108' title='bbox 1737 614 1863 649; x_wconf 90' lang='lat' dir='ltr'>solum</span> <span class='ocrx_word' id='word_1_109' title='bbox 1892 613 1941 649; x_wconf 89' lang='lat' dir='ltr'>ad</span> <span class='ocrx_word' id='word_1_110' title='bbox 1969 625 2176 662; x_wconf 86' lang='lat' dir='ltr'>personam</span> <span class='ocrx_word' id='word_1_111' title='bbox 2204 624 2397 649; x_wconf 89' lang='lat' dir='ltr'>assumen-</span> 
     </span>
     <span class='ocr_line' id='line_1_20' title="bbox 1338 665 2398 714; baseline 0 -13"><span class='ocrx_word' id='word_1_112' title='bbox 1338 673 1428 701; x_wconf 90' lang='lat' dir='ltr'>tem.</span> <span class='ocrx_word' id='word_1_113' title='bbox 1469 666 1546 702; x_wconf 89' lang='lat' dir='ltr'>Sed</span> <span class='ocrx_word' id='word_1_114' title='bbox 1573 677 1655 702; x_wconf 89' lang='lat' dir='ltr'>esse</span> <span class='ocrx_word' id='word_1_115' title='bbox 1689 665 1727 702; x_wconf 91' lang='lat' dir='ltr'>in</span> <span class='ocrx_word' id='word_1_116' title='bbox 1755 665 1967 714; x_wconf 91' lang='lat' dir='ltr'>potioribus</span> <span class='ocrx_word' id='word_1_117' title='bbox 2004 665 2115 703; x_wconf 89' lang='lat' dir='ltr'>bonis</span> <span class='ocrx_word' id='word_1_118' title='bbox 2143 665 2235 711; x_wconf 90' lang='lat' dir='ltr'>Dei,</span> <span class='ocrx_word' id='word_1_119' title='bbox 2265 677 2398 701; x_wconf 89' lang='lat' dir='ltr'>secun-</span> 
     </span>
     <span class='ocr_line' id='line_1_21' title="bbox 1340 718 2399 766; baseline 0.001 -13"><span class='ocrx_word' id='word_1_120' title='bbox 1340 718 1434 753; x_wconf 88' lang='lat' dir='ltr'>dum</span> <span class='ocrx_word' id='word_1_121' title='bbox 1463 718 1570 766; x_wconf 89' lang='lat' dir='ltr'>quod</span> <span class='ocrx_word' id='word_1_122' title='bbox 1599 718 1778 766; x_wconf 84' lang='lat' dir='ltr'>importat</span> <span class='ocrx_word' id='word_1_123' title='bbox 1798 730 1997 755; x_wconf 82' lang='lat' dir='ltr'>excessum</span> <span class='ocrx_word' id='word_1_124' title='bbox 2026 718 2186 755; x_wconf 89' lang='lat' dir='ltr'>aliarum</span> <span class='ocrx_word' id='word_1_125' title='bbox 2213 726 2399 754; x_wconf 87' lang='lat' dir='ltr'>creatura-</span> 
     </span>
     <span class='ocr_line' id='line_1_22' title="bbox 1338 770 2330 819; baseline 0.001 -13"><span class='ocrx_word' id='word_1_126' title='bbox 1338 781 1438 815; x_wconf 86' lang='lat' dir='ltr'>rum,</span> <span class='ocrx_word' id='word_1_127' title='bbox 1469 770 1648 807; x_wconf 85' lang='lat' dir='ltr'>convenit</span> <span class='ocrx_word' id='word_1_128' title='bbox 1675 771 1789 807; x_wconf 90' lang='lat' dir='ltr'>etiam</span> <span class='ocrx_word' id='word_1_129' title='bbox 1817 770 1888 818; x_wconf 88' lang='lat' dir='ltr'>ipsi</span> <span class='ocrx_word' id='word_1_130' title='bbox 1916 779 2072 807; x_wconf 91' lang='lat' dir='ltr'>naturae</span> <span class='ocrx_word' id='word_1_131' title='bbox 2102 778 2330 819; x_wconf 86' lang='lat' dir='ltr'>assumptae.</span> 
     </span>
    </p>
   </div>
   <div class='ocr_carea' id='block_1_11' title="bbox 274 891 2401 936">
    <p class='ocr_par' dir='ltr' id='par_1_12' title="bbox 274 891 2401 936">
     <span class='ocr_line' id='line_1_23' title="bbox 274 891 2401 936; baseline -0 -8"><span class='ocrx_word' id='word_1_132' title='bbox 274 901 298 936; x_wconf 74' lang='grc' dir='ltr'>ι)</span> <span class='ocrx_word' id='word_1_133' title='bbox 314 896 518 936; x_wconf 60' lang='lat' dir='ltr'>&amp;augme-{ficata</span> <span class='ocrx_word' id='word_1_134' title='bbox 536 896 569 928; x_wconf 77' lang='lat' dir='ltr'>ei.</span> <span class='ocrx_word' id='word_1_135' title='bbox 587 916 607 922; x_wconf 89' lang='lat'>-</span> <span class='ocrx_word' id='word_1_136' title='bbox 629 901 782 935; x_wconf 70' lang='lat' dir='ltr'>glorificata</span> <span class='ocrx_word' id='word_1_137' title='bbox 802 901 833 931; x_wconf 80' lang='lat' dir='ltr'>E,</span> <span class='ocrx_word' id='word_1_138' title='bbox 847 901 998 934; x_wconf 77' lang='lat' dir='ltr'>glorificata</span> <span class='ocrx_word' id='word_1_139' title='bbox 1015 901 1040 925; x_wconf 79' lang='lat' dir='ltr'>ei</span> <span class='ocrx_word' id='word_1_140' title='bbox 1054 891 1072 931; x_wconf 84' lang='lat' dir='ltr'>l,</span> <span class='ocrx_word' id='word_1_141' title='bbox 1091 907 1150 925; x_wconf 85' lang='lat' dir='ltr'>cum</span> <span class='ocrx_word' id='word_1_142' title='bbox 1169 900 1321 934; x_wconf 66' lang='lat' dir='ltr'>glorificata</span> <span class='ocrx_word' id='word_1_143' title='bbox 1339 900 1364 924; x_wconf 81' lang='lat' dir='ltr'>ei</span> <span class='ocrx_word' id='word_1_144' title='bbox 1382 899 1423 933; x_wconf 78' lang='grc' dir='ltr'>(εἴ</span> <span class='ocrx_word' id='word_1_145' title='bbox 1442 900 1477 934; x_wconf 83' lang='grc' dir='ltr'>Η)</span> <span class='ocrx_word' id='word_1_146' title='bbox 1495 901 1549 930; x_wconf 77' lang='lat' dir='ltr'>FH,</span> <span class='ocrx_word' id='word_1_147' title='bbox 1574 908 1632 926; x_wconf 86' lang='lat' dir='ltr'>cum</span> <span class='ocrx_word' id='word_1_148' title='bbox 1658 901 1810 933; x_wconf 76' lang='lat' dir='ltr'>glorificata</span> <span class='ocrx_word' id='word_1_149' title='bbox 1835 901 1871 930; x_wconf 84' lang='lat' dir='ltr'>bc,</span> <span class='ocrx_word' id='word_1_150' title='bbox 1897 902 2097 934; x_wconf 84' lang='lat' dir='ltr'>conglorificata</span> <span class='ocrx_word' id='word_1_151' title='bbox 2117 903 2145 927; x_wconf 85' lang='lat' dir='ltr'>P.</span> <span class='ocrx_word' id='word_1_152' title='bbox 2162 917 2181 920; x_wconf 98' lang='lat'><strong>—</strong></span> <span class='ocrx_word' id='word_1_153' title='bbox 2199 903 2239 927; x_wconf 81' lang='lat' dir='ltr'>Ad</span> <span class='ocrx_word' id='word_1_154' title='bbox 2262 903 2401 927; x_wconf 80' lang='lat' dir='ltr'>Adoratur</span> 
     </span>
    </p>
   </div>
   <div class='ocr_carea' id='block_1_12' title="bbox 222 936 1218 971">
    <p class='ocr_par' dir='ltr' id='par_1_13' title="bbox 222 936 1218 971">
     <span class='ocr_line' id='line_1_24' title="bbox 222 936 1218 971; baseline -0.004 -7"><span class='ocrx_word' id='word_1_155' title='bbox 222 938 313 971; x_wconf 66' lang='lat' dir='ltr'>marg&#39;o</span> <span class='ocrx_word' id='word_1_156' title='bbox 332 938 370 971; x_wconf 46' lang='grc' dir='ltr'>Ρ)</span> <span class='ocrx_word' id='word_1_157' title='bbox 387 938 429 964; x_wconf 70' lang='grc' dir='ltr'>ΑΙ.</span> <span class='ocrx_word' id='word_1_158' title='bbox 447 938 588 967; x_wconf 74' lang='lat' dir='ltr'>Adoratur</span> <span class='ocrx_word' id='word_1_159' title='bbox 606 937 677 963; x_wconf 78' lang='lat' dir='ltr'>enim</span> <span class='ocrx_word' id='word_1_160' title='bbox 695 945 756 963; x_wconf 82' lang='lat' dir='ltr'>cum</span> <span class='ocrx_word' id='word_1_161' title='bbox 773 944 823 963; x_wconf 78' lang='lat' dir='ltr'>sua</span> <span class='ocrx_word' id='word_1_162' title='bbox 841 943 923 962; x_wconf 83' lang='lat' dir='ltr'>carne</span> <span class='ocrx_word' id='word_1_163' title='bbox 940 937 973 961; x_wconf 81' lang='lat' dir='ltr'>ab</span> <span class='ocrx_word' id='word_1_164' title='bbox 992 936 1066 961; x_wconf 83' lang='lat' dir='ltr'>omni</span> <span class='ocrx_word' id='word_1_165' title='bbox 1083 939 1218 961; x_wconf 78' lang='lat' dir='ltr'>creatura.</span> 
     </span>
    </p>
   </div>
   <div class='ocr_carea' id='block_1_13' title="bbox 897 1023 1731 1057">
    <p class='ocr_par' dir='ltr' id='par_1_14' title="bbox 897 1023 1731 1057">
     <span class='ocr_line' id='line_1_25' title="bbox 897 1023 1731 1057; baseline -0.002 0"><span class='ocrx_word' id='word_1_166' title='bbox 897 1024 1232 1057; x_wconf 71' lang='lat' dir='ltr'>Commentario.</span> <span class='ocrx_word' id='word_1_167' title='bbox 1253 1023 1506 1056; x_wconf 76' lang='lat' dir='ltr'>Cardinalis</span> <span class='ocrx_word' id='word_1_168' title='bbox 1529 1023 1731 1055; x_wconf 78' lang='lat' dir='ltr'>Caio-tani</span> 
     </span>
    </p>
   </div>
   <div class='ocr_carea' id='block_1_14' title="bbox 221 1103 1288 1804">
    <p class='ocr_par' dir='ltr' id='par_1_15' title="bbox 221 1103 1285 1410">
     <span class='ocr_line' id='line_1_26' title="bbox 282 1103 1285 1144; baseline -0.002 -9"><span class='ocrx_word' id='word_1_169' title='bbox 282 1115 389 1136; x_wconf 68' lang='lat' dir='ltr'>nurus</span> <span class='ocrx_word' id='word_1_170' title='bbox 417 1105 529 1135; x_wconf 80' lang='lat' dir='ltr'>clarus.</span> <span class='ocrx_word' id='word_1_171' title='bbox 549 1122 573 1127; x_wconf 88' lang='lat'>—-</span> <span class='ocrx_word' id='word_1_172' title='bbox 595 1105 632 1135; x_wconf 91' lang='lat' dir='ltr'>In</span> <span class='ocrx_word' id='word_1_173' title='bbox 654 1114 790 1144; x_wconf 86' lang='lat' dir='ltr'>corpore</span> <span class='ocrx_word' id='word_1_174' title='bbox 813 1105 871 1135; x_wconf 87' lang='lat' dir='ltr'>tria</span> <span class='ocrx_word' id='word_1_175' title='bbox 889 1103 987 1134; x_wconf 87' lang='lat' dir='ltr'>fiunt:</span> <span class='ocrx_word' id='word_1_176' title='bbox 1010 1105 1131 1144; x_wconf 88' lang='lat' dir='ltr'>primo,</span> <span class='ocrx_word' id='word_1_177' title='bbox 1151 1103 1285 1133; x_wconf 86' lang='lat' dir='ltr'>resumi-</span> 
     </span>
     <span class='ocr_line' id='line_1_27' title="bbox 224 1117 1285 1190; baseline -0.004 -9"><span class='ocrx_word' id='word_1_178' title='bbox 224 1117 339 1181; x_wconf 65' lang='lat' dir='ltr'>Ttur</span> <span class='ocrx_word' id='word_1_179' title='bbox 357 1149 435 1190; x_wconf 85' lang='lat' dir='ltr'>quid</span> <span class='ocrx_word' id='word_1_180' title='bbox 453 1149 606 1189; x_wconf 85' lang='lat' dir='ltr'>importet</span> <span class='ocrx_word' id='word_1_181' title='bbox 632 1148 743 1180; x_wconf 83' lang='lat' dir='ltr'>sedere</span> <span class='ocrx_word' id='word_1_182' title='bbox 765 1149 809 1180; x_wconf 82' lang='lat' dir='ltr'>ad</span> <span class='ocrx_word' id='word_1_183' title='bbox 829 1149 996 1179; x_wconf 83' lang='lat' dir='ltr'>dexteram</span> <span class='ocrx_word' id='word_1_184' title='bbox 1017 1147 1140 1182; x_wconf 81' lang='lat' dir='ltr'>Patris,</span> <span class='ocrx_word' id='word_1_185' title='bbox 1161 1147 1285 1186; x_wconf 89' lang='lat' dir='ltr'>ponde-</span> 
     </span>
     <span class='ocr_line' id='line_1_28' title="bbox 221 1190 1285 1234; baseline -0.003 -10"><span class='ocrx_word' id='word_1_186' title='bbox 221 1192 322 1234; x_wconf 77' lang='lat' dir='ltr'>rando</span> <span class='ocrx_word' id='word_1_187' title='bbox 351 1193 489 1224; x_wconf 85' lang='lat' dir='ltr'>maxime</span> <span class='ocrx_word' id='word_1_188' title='bbox 512 1192 545 1223; x_wconf 87' lang='lat' dir='ltr'>id</span> <span class='ocrx_word' id='word_1_189' title='bbox 569 1192 659 1233; x_wconf 89' lang='lat' dir='ltr'>quod</span> <span class='ocrx_word' id='word_1_190' title='bbox 680 1193 821 1224; x_wconf 80' lang='lat' dir='ltr'>insinuat</span> <span class='ocrx_word' id='word_1_191' title='bbox 843 1193 875 1233; x_wconf 93' lang='lat' dir='ltr'>ly</span> <span class='ocrx_word' id='word_1_192' title='bbox 899 1192 961 1229; x_wconf 82' lang='lat' dir='ltr'>ad,·</span> <span class='ocrx_word' id='word_1_193' title='bbox 982 1192 1137 1227; x_wconf 89' lang='lat' dir='ltr'>secundo,</span> <span class='ocrx_word' id='word_1_194' title='bbox 1162 1190 1198 1222; x_wconf 87' lang='lat' dir='ltr'>fit</span> <span class='ocrx_word' id='word_1_195' title='bbox 1220 1201 1285 1221; x_wconf 86' lang='lat' dir='ltr'>una</span> 
     </span>
     <span class='ocr_line' id='line_1_29' title="bbox 222 1235 1285 1276; baseline -0.005 -7"><span class='ocrx_word' id='word_1_196' title='bbox 222 1236 382 1269; x_wconf 82' lang='lat' dir='ltr'>distinctio</span> <span class='ocrx_word' id='word_1_197' title='bbox 405 1237 613 1273; x_wconf 81' lang='lat' dir='ltr'>trimembris,</span> <span class='ocrx_word' id='word_1_198' title='bbox 637 1237 724 1267; x_wconf 89' lang='lat' dir='ltr'>iuxta</span> <span class='ocrx_word' id='word_1_199' title='bbox 750 1236 908 1276; x_wconf 83' lang='lat' dir='ltr'>triplicem</span> <span class='ocrx_word' id='word_1_200' title='bbox 931 1235 1067 1266; x_wconf 88' lang='lat' dir='ltr'>modum</span> <span class='ocrx_word' id='word_1_201' title='bbox 1090 1235 1285 1266; x_wconf 90' lang='lat' dir='ltr'>convenien-</span> 
     </span>
     <span class='ocr_line' id='line_1_30' title="bbox 221 1278 1284 1317; baseline -0.003 -6"><span class='ocrx_word' id='word_1_202' title='bbox 221 1281 284 1311; x_wconf 85' lang='lat' dir='ltr'>tiae</span> <span class='ocrx_word' id='word_1_203' title='bbox 305 1285 336 1312; x_wconf 91' lang='lat' dir='ltr'>et</span> <span class='ocrx_word' id='word_1_204' title='bbox 355 1279 583 1316; x_wconf 71' lang='lat' dir='ltr'>distinctionis3</span> <span class='ocrx_word' id='word_1_205' title='bbox 607 1281 711 1317; x_wconf 89' lang='lat' dir='ltr'>tertio,</span> <span class='ocrx_word' id='word_1_206' title='bbox 729 1280 966 1310; x_wconf 85' lang='lat' dir='ltr'>distinctionem</span> <span class='ocrx_word' id='word_1_207' title='bbox 987 1280 1208 1313; x_wconf 86' lang='lat' dir='ltr'>bimembrem,</span> <span class='ocrx_word' id='word_1_208' title='bbox 1226 1278 1284 1308; x_wconf 91' lang='lat' dir='ltr'>sci-</span> 
     </span>
     <span class='ocr_line' id='line_1_31' title="bbox 221 1322 1284 1365; baseline -0.003 -10"><span class='ocrx_word' id='word_1_209' title='bbox 221 1325 297 1355; x_wconf 83' lang='lat' dir='ltr'>licet</span> <span class='ocrx_word' id='word_1_210' title='bbox 318 1330 449 1355; x_wconf 80' lang='lat' dir='ltr'>naturae</span> <span class='ocrx_word' id='word_1_211' title='bbox 462 1324 514 1355; x_wconf 81' lang='lat' dir='ltr'>vel</span> <span class='ocrx_word' id='word_1_212' title='bbox 538 1324 697 1365; x_wconf 87' lang='lat' dir='ltr'>suppositi</span> <span class='ocrx_word' id='word_1_213' title='bbox 720 1323 966 1354; x_wconf 86' lang='lat' dir='ltr'>determinabilis</span> <span class='ocrx_word' id='word_1_214' title='bbox 981 1332 1039 1363; x_wconf 86' lang='lat' dir='ltr'>per</span> <span class='ocrx_word' id='word_1_215' title='bbox 1061 1323 1095 1364; x_wconf 89' lang='lat' dir='ltr'>ly</span> <span class='ocrx_word' id='word_1_216' title='bbox 1110 1322 1284 1354; x_wconf 84' lang='lat' dir='ltr'>secundum</span> 
     </span>
     <span class='ocr_line' id='line_1_32' title="bbox 221 1366 968 1410; baseline -0.001 -11"><span class='ocrx_word' id='word_1_217' title='bbox 221 1368 316 1410; x_wconf 82' lang='lat' dir='ltr'>quod,</span> <span class='ocrx_word' id='word_1_218' title='bbox 333 1377 469 1408; x_wconf 86' lang='lat' dir='ltr'>ponens,</span> <span class='ocrx_word' id='word_1_219' title='bbox 485 1373 548 1398; x_wconf 87' lang='lat' dir='ltr'>tres</span> <span class='ocrx_word' id='word_1_220' title='bbox 571 1368 798 1398; x_wconf 85' lang='lat' dir='ltr'>conclusiones</span> <span class='ocrx_word' id='word_1_221' title='bbox 821 1366 968 1398; x_wconf 80' lang='lat' dir='ltr'>declarat.</span> 
     </span>
    </p>

    <p class='ocr_par' dir='ltr' id='par_1_16' title="bbox 222 1411 1287 1618">
     <span class='ocr_line' id='line_1_33' title="bbox 279 1411 1283 1452; baseline -0.002 -10"><span class='ocrx_word' id='word_1_222' title='bbox 279 1412 372 1443; x_wconf 92' lang='lat' dir='ltr'>Circa</span> <span class='ocrx_word' id='word_1_223' title='bbox 387 1413 539 1452; x_wconf 89' lang='lat' dir='ltr'>primum,</span> <span class='ocrx_word' id='word_1_224' title='bbox 552 1412 679 1442; x_wconf 88' lang='lat' dir='ltr'>adverte</span> <span class='ocrx_word' id='word_1_225' title='bbox 696 1411 786 1452; x_wconf 91' lang='lat' dir='ltr'>quod</span> <span class='ocrx_word' id='word_1_226' title='bbox 797 1412 920 1442; x_wconf 88' lang='lat' dir='ltr'>Auctor</span> <span class='ocrx_word' id='word_1_227' title='bbox 935 1421 1002 1441; x_wconf 92' lang='lat' dir='ltr'>non</span> <span class='ocrx_word' id='word_1_228' title='bbox 1018 1411 1150 1441; x_wconf 88' lang='lat' dir='ltr'>resumit</span> <span class='ocrx_word' id='word_1_229' title='bbox 1163 1411 1283 1441; x_wconf 86' lang='lat' dir='ltr'>omnia:</span> 
     </span>
     <span class='ocr_line' id='line_1_34' title="bbox 223 1455 1286 1496; baseline -0.003 -10"><span class='ocrx_word' id='word_1_230' title='bbox 223 1455 279 1486; x_wconf 90' lang='lat' dir='ltr'>sed</span> <span class='ocrx_word' id='word_1_231' title='bbox 301 1455 448 1486; x_wconf 85' lang='lat' dir='ltr'>facientia</span> <span class='ocrx_word' id='word_1_232' title='bbox 471 1455 511 1486; x_wconf 89' lang='lat' dir='ltr'>ad</span> <span class='ocrx_word' id='word_1_233' title='bbox 534 1465 629 1486; x_wconf 88' lang='lat' dir='ltr'>suum</span> <span class='ocrx_word' id='word_1_234' title='bbox 649 1457 862 1496; x_wconf 86' lang='lat' dir='ltr'>propositum.</span> <span class='ocrx_word' id='word_1_235' title='bbox 885 1455 1107 1485; x_wconf 82' lang='lat' dir='ltr'>Praetermittit</span> <span class='ocrx_word' id='word_1_236' title='bbox 1123 1455 1209 1484; x_wconf 89' lang='lat' dir='ltr'>enim</span> <span class='ocrx_word' id='word_1_237' title='bbox 1233 1464 1286 1484; x_wconf 92' lang='lat' dir='ltr'>or-</span> 
     </span>
     <span class='ocr_line' id='line_1_35' title="bbox 222 1498 1285 1540; baseline -0.002 -10"><span class='ocrx_word' id='word_1_238' title='bbox 222 1500 350 1531; x_wconf 85' lang='lat' dir='ltr'>dinem:</span> <span class='ocrx_word' id='word_1_239' title='bbox 373 1509 472 1540; x_wconf 90' lang='lat' dir='ltr'>quem</span> <span class='ocrx_word' id='word_1_240' title='bbox 494 1501 528 1530; x_wconf 92' lang='lat' dir='ltr'>in</span> <span class='ocrx_word' id='word_1_241' title='bbox 551 1501 760 1540; x_wconf 88' lang='lat' dir='ltr'>responsione</span> <span class='ocrx_word' id='word_1_242' title='bbox 784 1499 823 1530; x_wconf 90' lang='lat' dir='ltr'>ad</span> <span class='ocrx_word' id='word_1_243' title='bbox 846 1500 974 1530; x_wconf 88' lang='lat' dir='ltr'>tertium</span> <span class='ocrx_word' id='word_1_244' title='bbox 997 1498 1215 1539; x_wconf 80' lang='lat' dir='ltr'>praecedentis</span> <span class='ocrx_word' id='word_1_245' title='bbox 1239 1508 1285 1528; x_wconf 87' lang='lat' dir='ltr'>ar-</span> 
     </span>
     <span class='ocr_line' id='line_1_36' title="bbox 222 1542 1287 1584; baseline -0.002 -10"><span class='ocrx_word' id='word_1_246' title='bbox 222 1544 313 1574; x_wconf 83' lang='lat' dir='ltr'>ticuli</span> <span class='ocrx_word' id='word_1_247' title='bbox 335 1545 414 1574; x_wconf 88' lang='lat' dir='ltr'>tanti</span> <span class='ocrx_word' id='word_1_248' title='bbox 444 1543 519 1574; x_wconf 83' lang='lat' dir='ltr'>fecit</span> <span class='ocrx_word' id='word_1_249' title='bbox 541 1549 578 1574; x_wconf 90' lang='lat' dir='ltr'>ut</span> <span class='ocrx_word' id='word_1_250' title='bbox 599 1549 769 1584; x_wconf 88' lang='lat' dir='ltr'>propterea</span> <span class='ocrx_word' id='word_1_251' title='bbox 797 1543 982 1583; x_wconf 89' lang='lat' dir='ltr'>negandum</span> <span class='ocrx_word' id='word_1_252' title='bbox 1013 1543 1146 1573; x_wconf 90' lang='lat' dir='ltr'>omnino</span> <span class='ocrx_word' id='word_1_253' title='bbox 1176 1542 1287 1572; x_wconf 80' lang='lat' dir='ltr'>dixerit</span> 
     </span>
     <span class='ocr_line' id='line_1_37' title="bbox 222 1587 833 1618; baseline 0 0"><span class='ocrx_word' id='word_1_254' title='bbox 222 1588 349 1618; x_wconf 87' lang='lat' dir='ltr'>Patrem</span> <span class='ocrx_word' id='word_1_255' title='bbox 372 1587 482 1618; x_wconf 86' lang='lat' dir='ltr'>sedere</span> <span class='ocrx_word' id='word_1_256' title='bbox 505 1587 544 1617; x_wconf 86' lang='lat' dir='ltr'>ad</span> <span class='ocrx_word' id='word_1_257' title='bbox 568 1587 728 1618; x_wconf 85' lang='lat' dir='ltr'>dexteram</span> <span class='ocrx_word' id='word_1_258' title='bbox 751 1588 833 1618; x_wconf 91' lang='lat' dir='ltr'>Filii.</span> 
     </span>
    </p>

    <p class='ocr_par' dir='ltr' id='par_1_17' title="bbox 222 1630 1288 1804">
     <span class='ocr_line' id='line_1_38' title="bbox 231 1630 1286 1673; baseline -0.002 -11"><span class='ocrx_word' id='word_1_259' title='bbox 231 1635 255 1673; x_wconf 12' lang='grc' dir='ltr'>γ’</span> <span class='ocrx_word' id='word_1_260' title='bbox 280 1631 373 1662; x_wconf 87' lang='lat' dir='ltr'>Circa</span> <span class='ocrx_word' id='word_1_261' title='bbox 403 1631 597 1668; x_wconf 90' lang='lat' dir='ltr'>secundum,</span> <span class='ocrx_word' id='word_1_262' title='bbox 628 1630 754 1662; x_wconf 89' lang='lat' dir='ltr'>adverte</span> <span class='ocrx_word' id='word_1_263' title='bbox 785 1631 874 1671; x_wconf 91' lang='lat' dir='ltr'>quod</span> <span class='ocrx_word' id='word_1_264' title='bbox 903 1631 936 1661; x_wconf 94' lang='lat' dir='ltr'>in</span> <span class='ocrx_word' id='word_1_265' title='bbox 967 1630 1108 1661; x_wconf 87' lang='lat' dir='ltr'>secundo</span> <span class='ocrx_word' id='word_1_266' title='bbox 1139 1631 1286 1661; x_wconf 88' lang='lat' dir='ltr'>membro</span> 
     </span>
     <span class='ocr_line' id='line_1_39' title="bbox 222 1675 1288 1716; baseline -0.002 -10"><span class='ocrx_word' id='word_1_267' title='bbox 222 1676 346 1707; x_wconf 87' lang='lat' dir='ltr'>Auctor</span> <span class='ocrx_word' id='word_1_268' title='bbox 377 1676 476 1707; x_wconf 87' lang='lat' dir='ltr'>utitur</span> <span class='ocrx_word' id='word_1_269' title='bbox 507 1675 560 1706; x_wconf 87' lang='lat' dir='ltr'>illa</span> <span class='ocrx_word' id='word_1_270' title='bbox 591 1675 813 1715; x_wconf 84' lang='lat' dir='ltr'>propositione</span> <span class='ocrx_word' id='word_1_271' title='bbox 848 1685 930 1716; x_wconf 88' lang='lat' dir='ltr'>quae</span> <span class='ocrx_word' id='word_1_272' title='bbox 963 1681 1071 1706; x_wconf 89' lang='lat' dir='ltr'>tamen</span> <span class='ocrx_word' id='word_1_273' title='bbox 1103 1675 1208 1716; x_wconf 83' lang='lat' dir='ltr'>magis</span> <span class='ocrx_word' id='word_1_274' title='bbox 1241 1679 1288 1704; x_wconf 84' lang='lat' dir='ltr'>est</span> 
     </span>
     <span class='ocr_line' id='line_1_40' title="bbox 224 1718 1287 1762; baseline -0.002 -12"><span class='ocrx_word' id='word_1_275' title='bbox 224 1719 376 1762; x_wconf 81' lang='lat' dir='ltr'>neganda</span> <span class='ocrx_word' id='word_1_276' title='bbox 407 1729 502 1760; x_wconf 78' lang='lat' dir='ltr'>quam</span> <span class='ocrx_word' id='word_1_277' title='bbox 533 1718 748 1760; x_wconf 86' lang='lat' dir='ltr'>affirmanda,</span> <span class='ocrx_word' id='word_1_278' title='bbox 779 1719 866 1750; x_wconf 82' lang='lat' dir='ltr'>iuxta</span> <span class='ocrx_word' id='word_1_279' title='bbox 898 1718 1075 1750; x_wconf 88' lang='lat' dir='ltr'>doctrinam</span> <span class='ocrx_word' id='word_1_280' title='bbox 1107 1719 1251 1759; x_wconf 87' lang='lat' dir='ltr'>superius</span> <span class='ocrx_word' id='word_1_281' title='bbox 1270 1719 1287 1735; x_wconf 47' lang='grc' dir='ltr'>θ’</span> 
     </span>
     <span class='ocr_line' id='line_1_41' title="bbox 223 1761 1288 1804; baseline -0.002 -10"><span class='ocrx_word' id='word_1_282' title='bbox 223 1764 373 1794; x_wconf 87' lang='lat' dir='ltr'>habitam.</span> <span class='ocrx_word' id='word_1_283' title='bbox 397 1763 504 1794; x_wconf 87' lang='lat' dir='ltr'>Utitur</span> <span class='ocrx_word' id='word_1_284' title='bbox 520 1764 606 1793; x_wconf 89' lang='lat' dir='ltr'>enirn</span> <span class='ocrx_word' id='word_1_285' title='bbox 621 1763 843 1804; x_wconf 87' lang='lat' dir='ltr'>propositione</span> <span class='ocrx_word' id='word_1_286' title='bbox 859 1763 922 1799; x_wconf 89' lang='lat' dir='ltr'>illa,</span> <span class='ocrx_word' id='word_1_287' title='bbox 942 1763 1097 1798; x_wconf 84' lang='lat' dir='ltr'>Christus,</span> <span class='ocrx_word' id='word_1_288' title='bbox 1114 1761 1288 1793; x_wconf 85' lang='lat' dir='ltr'>secundum</span> 
     </span>
    </p>
   </div>
   <div class='ocr_carea' id='block_1_15' title="bbox 1338 1102 2403 1708">
    <p class='ocr_par' dir='ltr' id='par_1_18' title="bbox 1338 1102 2401 1220">
     <span class='ocr_line' id='line_1_42' title="bbox 1338 1102 2401 1143; baseline 0.004 -11"><span class='ocrx_word' id='word_1_289' title='bbox 1338 1102 1425 1143; x_wconf 84' lang='lat' dir='ltr'>quod</span> <span class='ocrx_word' id='word_1_290' title='bbox 1446 1103 1552 1138; x_wconf 87' lang='lat' dir='ltr'>homo,</span> <span class='ocrx_word' id='word_1_291' title='bbox 1578 1108 1624 1133; x_wconf 84' lang='lat' dir='ltr'>est</span> <span class='ocrx_word' id='word_1_292' title='bbox 1646 1103 1750 1133; x_wconf 79' lang='lat' dir='ltr'>Filius</span> <span class='ocrx_word' id='word_1_293' title='bbox 1773 1103 1844 1134; x_wconf 85' lang='lat' dir='ltr'>Dei.</span> <span class='ocrx_word' id='word_1_294' title='bbox 1870 1103 1977 1141; x_wconf 88' lang='lat' dir='ltr'>Quam</span> <span class='ocrx_word' id='word_1_295' title='bbox 2001 1110 2107 1134; x_wconf 85' lang='lat' dir='ltr'>tamen</span> <span class='ocrx_word' id='word_1_296' title='bbox 2130 1106 2255 1135; x_wconf 86' lang='lat' dir='ltr'>vallavit</span> <span class='ocrx_word' id='word_1_297' title='bbox 2279 1112 2350 1136; x_wconf 88' lang='lat' dir='ltr'>ante</span> <span class='ocrx_word' id='word_1_298' title='bbox 2370 1112 2401 1137; x_wconf 87' lang='lat' dir='ltr'>et</span> 
     </span>
     <span class='ocr_line' id='line_1_43' title="bbox 1338 1147 2400 1189; baseline 0.004 -13"><span class='ocrx_word' id='word_1_299' title='bbox 1338 1152 1412 1186; x_wconf 87' lang='lat' dir='ltr'>post</span> <span class='ocrx_word' id='word_1_300' title='bbox 1434 1147 1477 1176; x_wconf 88' lang='lat' dir='ltr'>ita</span> <span class='ocrx_word' id='word_1_301' title='bbox 1500 1152 1535 1176; x_wconf 86' lang='lat' dir='ltr'>ut</span> <span class='ocrx_word' id='word_1_302' title='bbox 1558 1147 1638 1176; x_wconf 89' lang='lat' dir='ltr'>nulli</span> <span class='ocrx_word' id='word_1_303' title='bbox 1661 1147 1784 1177; x_wconf 87' lang='lat' dir='ltr'>errandi</span> <span class='ocrx_word' id='word_1_304' title='bbox 1809 1149 1935 1178; x_wconf 85' lang='lat' dir='ltr'>occasio</span> <span class='ocrx_word' id='word_1_305' title='bbox 1959 1149 2177 1188; x_wconf 85' lang='lat' dir='ltr'>praeberetur:</span> <span class='ocrx_word' id='word_1_306' title='bbox 2203 1155 2238 1179; x_wconf 91' lang='lat' dir='ltr'>ut</span> <span class='ocrx_word' id='word_1_307' title='bbox 2258 1155 2344 1189; x_wconf 86' lang='lat' dir='ltr'>patet</span> <span class='ocrx_word' id='word_1_308' title='bbox 2366 1151 2400 1180; x_wconf 89' lang='lat' dir='ltr'>in</span> 
     </span>
     <span class='ocr_line' id='line_1_44' title="bbox 1339 1191 1450 1220; baseline 0 0"><span class='ocrx_word' id='word_1_309' title='bbox 1339 1191 1450 1220; x_wconf 86' lang='lat' dir='ltr'>littera.</span> 
     </span>
    </p>

    <p class='ocr_par' dir='ltr' id='par_1_19' title="bbox 1339 1234 2403 1670">
     <span class='ocr_line' id='line_1_45' title="bbox 1395 1234 2399 1275; baseline 0.004 -11"><span class='ocrx_word' id='word_1_310' title='bbox 1395 1234 1488 1264; x_wconf 87' lang='lat' dir='ltr'>Circa</span> <span class='ocrx_word' id='word_1_311' title='bbox 1511 1235 1649 1271; x_wconf 89' lang='lat' dir='ltr'>tertium,</span> <span class='ocrx_word' id='word_1_312' title='bbox 1667 1235 1794 1265; x_wconf 85' lang='lat' dir='ltr'>adverte</span> <span class='ocrx_word' id='word_1_313' title='bbox 1810 1235 1899 1275; x_wconf 72' lang='lat' dir='ltr'>qudd</span> <span class='ocrx_word' id='word_1_314' title='bbox 1914 1237 2015 1275; x_wconf 87' lang='lat' dir='ltr'>prima</span> <span class='ocrx_word' id='word_1_315' title='bbox 2031 1237 2198 1267; x_wconf 90' lang='lat' dir='ltr'>conclusio</span> <span class='ocrx_word' id='word_1_316' title='bbox 2211 1248 2217 1267; x_wconf 90' lang='lat'>:</span> <span class='ocrx_word' id='word_1_317' title='bbox 2245 1238 2399 1274; x_wconf 86' lang='lat' dir='ltr'>Christus,</span> 
     </span>
     <span class='ocr_line' id='line_1_46' title="bbox 1339 1278 2402 1320; baseline 0.004 -12"><span class='ocrx_word' id='word_1_318' title='bbox 1339 1278 1513 1309; x_wconf 84' lang='lat' dir='ltr'>secundum</span> <span class='ocrx_word' id='word_1_319' title='bbox 1536 1278 1623 1319; x_wconf 82' lang='lat' dir='ltr'>quod</span> <span class='ocrx_word' id='word_1_320' title='bbox 1638 1278 1736 1314; x_wconf 89' lang='lat' dir='ltr'>Deus,</span> <span class='ocrx_word' id='word_1_321' title='bbox 1753 1279 1840 1309; x_wconf 80' lang='lat' dir='ltr'>sedet</span> <span class='ocrx_word' id='word_1_322' title='bbox 1855 1279 1897 1309; x_wconf 80' lang='lat' dir='ltr'>ad</span> <span class='ocrx_word' id='word_1_323' title='bbox 1913 1279 2077 1310; x_wconf 86' lang='lat' dir='ltr'>dexteram</span> <span class='ocrx_word' id='word_1_324' title='bbox 2097 1281 2214 1317; x_wconf 86' lang='lat' dir='ltr'>Patris,</span> <span class='ocrx_word' id='word_1_325' title='bbox 2231 1282 2402 1320; x_wconf 88' lang='lat' dir='ltr'>respondet</span> 
     </span>
     <span class='ocr_line' id='line_1_47' title="bbox 1339 1322 2402 1364; baseline 0.005 -13"><span class='ocrx_word' id='word_1_326' title='bbox 1339 1322 1444 1362; x_wconf 90' lang='lat' dir='ltr'>primo</span> <span class='ocrx_word' id='word_1_327' title='bbox 1469 1322 1559 1352; x_wconf 91' lang='lat' dir='ltr'>dictis</span> <span class='ocrx_word' id='word_1_328' title='bbox 1583 1323 1616 1352; x_wconf 90' lang='lat' dir='ltr'>in</span> <span class='ocrx_word' id='word_1_329' title='bbox 1640 1322 1779 1353; x_wconf 84' lang='lat' dir='ltr'>secunda</span> <span class='ocrx_word' id='word_1_330' title='bbox 1802 1328 1890 1362; x_wconf 89' lang='lat' dir='ltr'>parte</span> <span class='ocrx_word' id='word_1_331' title='bbox 1915 1324 2010 1354; x_wconf 92' lang='lat' dir='ltr'>huius</span> <span class='ocrx_word' id='word_1_332' title='bbox 2034 1325 2186 1364; x_wconf 90' lang='lat' dir='ltr'>corporis.</span> <span class='ocrx_word' id='word_1_333' title='bbox 2211 1343 2234 1347; x_wconf 79' lang='lat'>—-</span> <span class='ocrx_word' id='word_1_334' title='bbox 2257 1325 2402 1356; x_wconf 88' lang='lat' dir='ltr'>Secunda</span> 
     </span>
     <span class='ocr_line' id='line_1_48' title="bbox 1340 1366 2403 1408; baseline 0.004 -12"><span class='ocrx_word' id='word_1_335' title='bbox 1340 1372 1447 1396; x_wconf 87' lang='lat' dir='ltr'>autem</span> <span class='ocrx_word' id='word_1_336' title='bbox 1471 1366 1655 1396; x_wconf 88' lang='lat' dir='ltr'>conclusio:</span> <span class='ocrx_word' id='word_1_337' title='bbox 1683 1366 1844 1402; x_wconf 87' lang='lat' dir='ltr'>Christus,</span> <span class='ocrx_word' id='word_1_338' title='bbox 1869 1368 2042 1398; x_wconf 88' lang='lat' dir='ltr'>secundum</span> <span class='ocrx_word' id='word_1_339' title='bbox 2074 1369 2159 1408; x_wconf 88' lang='lat' dir='ltr'>quod</span> <span class='ocrx_word' id='word_1_340' title='bbox 2179 1369 2293 1405; x_wconf 87' lang='lat' dir='ltr'>homo,</span> <span class='ocrx_word' id='word_1_341' title='bbox 2316 1370 2403 1400; x_wconf 88' lang='lat' dir='ltr'>sedet</span> 
     </span>
     <span class='ocr_line' id='line_1_49' title="bbox 1339 1410 2400 1452; baseline 0.004 -12"><span class='ocrx_word' id='word_1_342' title='bbox 1339 1410 1382 1440; x_wconf 82' lang='lat' dir='ltr'>ad</span> <span class='ocrx_word' id='word_1_343' title='bbox 1411 1410 1577 1440; x_wconf 84' lang='lat' dir='ltr'>dexteram</span> <span class='ocrx_word' id='word_1_344' title='bbox 1607 1411 1733 1446; x_wconf 80' lang='lat' dir='ltr'>Patris,</span> <span class='ocrx_word' id='word_1_345' title='bbox 1758 1417 1862 1451; x_wconf 76' lang='lat' dir='ltr'>prout</span> <span class='ocrx_word' id='word_1_346' title='bbox 1891 1412 1927 1452; x_wconf 77' lang='grc' dir='ltr'>ζγ</span> <span class='ocrx_word' id='word_1_347' title='bbox 1953 1412 2047 1442; x_wconf 89' lang='lat' dir='ltr'>homo</span> <span class='ocrx_word' id='word_1_348' title='bbox 2078 1418 2142 1442; x_wconf 87' lang='lat' dir='ltr'>stat</span> <span class='ocrx_word' id='word_1_349' title='bbox 2167 1423 2231 1452; x_wconf 87' lang='lat' dir='ltr'>pro</span> <span class='ocrx_word' id='word_1_350' title='bbox 2263 1419 2400 1449; x_wconf 87' lang='lat' dir='ltr'>natura,</span> 
     </span>
     <span class='ocr_line' id='line_1_50' title="bbox 1339 1454 2401 1497; baseline 0.004 -13"><span class='ocrx_word' id='word_1_351' title='bbox 1339 1454 1511 1494; x_wconf 89' lang='lat' dir='ltr'>respondet</span> <span class='ocrx_word' id='word_1_352' title='bbox 1543 1455 1635 1484; x_wconf 88' lang='lat' dir='ltr'>tertio</span> <span class='ocrx_word' id='word_1_353' title='bbox 1667 1455 1741 1485; x_wconf 92' lang='lat' dir='ltr'>loco</span> <span class='ocrx_word' id='word_1_354' title='bbox 1774 1455 1864 1485; x_wconf 87' lang='lat' dir='ltr'>dictis</span> <span class='ocrx_word' id='word_1_355' title='bbox 1893 1457 1926 1485; x_wconf 92' lang='lat' dir='ltr'>in</span> <span class='ocrx_word' id='word_1_356' title='bbox 1958 1456 2096 1486; x_wconf 82' lang='lat' dir='ltr'>secunda</span> <span class='ocrx_word' id='word_1_357' title='bbox 2129 1463 2215 1496; x_wconf 87' lang='lat' dir='ltr'>parte</span> <span class='ocrx_word' id='word_1_358' title='bbox 2249 1459 2401 1497; x_wconf 87' lang='lat' dir='ltr'>corporis.</span> 
     </span>
     <span class='ocr_line' id='line_1_51' title="bbox 1340 1499 2400 1541; baseline 0.003 -13"><span class='ocrx_word' id='word_1_359' title='bbox 1340 1499 1447 1528; x_wconf 88' lang='lat' dir='ltr'>Tertia</span> <span class='ocrx_word' id='word_1_360' title='bbox 1476 1508 1551 1528; x_wconf 90' lang='lat' dir='ltr'>vero</span> <span class='ocrx_word' id='word_1_361' title='bbox 1583 1499 1767 1529; x_wconf 88' lang='lat' dir='ltr'>conclusio:</span> <span class='ocrx_word' id='word_1_362' title='bbox 1796 1499 1960 1535; x_wconf 85' lang='lat' dir='ltr'>Christus,</span> <span class='ocrx_word' id='word_1_363' title='bbox 1985 1501 2158 1530; x_wconf 86' lang='lat' dir='ltr'>secundum</span> <span class='ocrx_word' id='word_1_364' title='bbox 2188 1501 2274 1541; x_wconf 84' lang='lat' dir='ltr'>quod</span> <span class='ocrx_word' id='word_1_365' title='bbox 2295 1502 2400 1538; x_wconf 83' lang='lat' dir='ltr'>homo,</span> 
     </span>
     <span class='ocr_line' id='line_1_52' title="bbox 1339 1541 2402 1584; baseline 0.002 -11"><span class='ocrx_word' id='word_1_366' title='bbox 1339 1542 1426 1573; x_wconf 85' lang='lat' dir='ltr'>sedet</span> <span class='ocrx_word' id='word_1_367' title='bbox 1455 1541 1498 1572; x_wconf 83' lang='lat' dir='ltr'>ad</span> <span class='ocrx_word' id='word_1_368' title='bbox 1528 1542 1694 1572; x_wconf 87' lang='lat' dir='ltr'>dexteram</span> <span class='ocrx_word' id='word_1_369' title='bbox 1723 1543 1846 1578; x_wconf 84' lang='lat' dir='ltr'>Patris,</span> <span class='ocrx_word' id='word_1_370' title='bbox 1876 1549 1910 1573; x_wconf 86' lang='lat' dir='ltr'>ut</span> <span class='ocrx_word' id='word_1_371' title='bbox 1941 1544 1977 1584; x_wconf 75' lang='grc' dir='ltr'>ζν</span> <span class='ocrx_word' id='word_1_372' title='bbox 2006 1545 2101 1574; x_wconf 90' lang='lat' dir='ltr'>homo</span> <span class='ocrx_word' id='word_1_373' title='bbox 2133 1545 2263 1575; x_wconf 86' lang='lat' dir='ltr'>denotat</span> <span class='ocrx_word' id='word_1_374' title='bbox 2297 1546 2402 1575; x_wconf 87' lang='lat' dir='ltr'>unita-</span> 
     </span>
     <span class='ocr_line' id='line_1_53' title="bbox 1341 1586 2401 1629; baseline 0.003 -13"><span class='ocrx_word' id='word_1_375' title='bbox 1341 1592 1402 1617; x_wconf 87' lang='lat' dir='ltr'>tem</span> <span class='ocrx_word' id='word_1_376' title='bbox 1424 1586 1596 1626; x_wconf 81' lang='lat' dir='ltr'>suppositi,</span> <span class='ocrx_word' id='word_1_377' title='bbox 1620 1587 1792 1626; x_wconf 89' lang='lat' dir='ltr'>respondet</span> <span class='ocrx_word' id='word_1_378' title='bbox 1816 1587 1957 1617; x_wconf 89' lang='lat' dir='ltr'>secundo</span> <span class='ocrx_word' id='word_1_379' title='bbox 1982 1587 2072 1618; x_wconf 86' lang='lat' dir='ltr'>dictis</span> <span class='ocrx_word' id='word_1_380' title='bbox 2096 1589 2128 1618; x_wconf 89' lang='lat' dir='ltr'>in</span> <span class='ocrx_word' id='word_1_381' title='bbox 2153 1589 2290 1619; x_wconf 86' lang='lat' dir='ltr'>secunda</span> <span class='ocrx_word' id='word_1_382' title='bbox 2314 1595 2401 1629; x_wconf 87' lang='lat' dir='ltr'>parte</span> 
     </span>
     <span class='ocr_line' id='line_1_54' title="bbox 1341 1640 2398 1670; baseline 0.001 -8"><span class='ocrx_word' id='word_1_383' title='bbox 1341 1640 1494 1670; x_wconf 79' lang='lat' dir='ltr'>corporis.</span> <span class='ocrx_word' id='word_1_384' title='bbox 2395 1655 2398 1657; x_wconf 22' lang='grc' dir='ltr'><strong>Α</strong></span> 
     </span>
    </p>

    <p class='ocr_par' dir='ltr' id='par_1_20' title="bbox 1396 1674 2403 1708">
     <span class='ocr_line' id='line_1_55' title="bbox 1396 1674 2403 1708; baseline 0.003 -4"><span class='ocrx_word' id='word_1_385' title='bbox 1396 1674 1536 1704; x_wconf 86' lang='lat' dir='ltr'>Coactus</span> <span class='ocrx_word' id='word_1_386' title='bbox 1576 1681 1622 1705; x_wconf 90' lang='lat' dir='ltr'>est</span> <span class='ocrx_word' id='word_1_387' title='bbox 1655 1680 1764 1706; x_wconf 88' lang='lat' dir='ltr'>autem</span> <span class='ocrx_word' id='word_1_388' title='bbox 1797 1676 1920 1706; x_wconf 90' lang='lat' dir='ltr'>Auctor</span> <span class='ocrx_word' id='word_1_389' title='bbox 1954 1676 1993 1706; x_wconf 91' lang='lat' dir='ltr'>ad</span> <span class='ocrx_word' id='word_1_390' title='bbox 2027 1677 2082 1706; x_wconf 87' lang='lat' dir='ltr'>has</span> <span class='ocrx_word' id='word_1_391' title='bbox 2117 1676 2334 1707; x_wconf 88' lang='lat' dir='ltr'>distinctiones</span> <span class='ocrx_word' id='word_1_392' title='bbox 2368 1683 2403 1708; x_wconf 91' lang='lat' dir='ltr'>ut</span> 
     </span>
    </p>
   </div>
   <div class='ocr_carea' id='block_1_16' title="bbox 1342 1718 2403 1792">
    <p class='ocr_par' dir='ltr' id='par_1_21' title="bbox 1342 1718 2403 1792">
     <span class='ocr_line' id='line_1_56' title="bbox 1342 1718 2403 1792; baseline 0.003 -44"><span class='ocrx_word' id='word_1_393' title='bbox 1342 1718 1527 1792; x_wconf 53' lang='lat' dir='ltr'>diignitatem</span> <span class='ocrx_word' id='word_1_394' title='bbox 1551 1718 1668 1748; x_wconf 84' lang='lat' dir='ltr'>Christi</span> <span class='ocrx_word' id='word_1_395' title='bbox 1691 1719 1840 1755; x_wconf 83' lang='lat' dir='ltr'>hominis,</span> <span class='ocrx_word' id='word_1_396' title='bbox 1858 1725 1889 1750; x_wconf 87' lang='lat' dir='ltr'>et</span> <span class='ocrx_word' id='word_1_397' title='bbox 1908 1721 2109 1750; x_wconf 87' lang='lat' dir='ltr'>auctoritates</span> <span class='ocrx_word' id='word_1_398' title='bbox 2132 1730 2207 1750; x_wconf 84' lang='lat' dir='ltr'>sane</span> <span class='ocrx_word' id='word_1_399' title='bbox 2229 1721 2403 1752; x_wconf 89' lang='lat' dir='ltr'>intellectas</span> 
     </span>
     <span class='ocr_line' id='line_1_57' title="bbox 1342 1768 1485 1792; baseline 0 0"><span class='ocrx_word' id='word_1_400' title='bbox 1342 1772 1375 1792; x_wconf 89' lang='lat' dir='ltr'>sa</span> <span class='ocrx_word' id='word_1_401' title='bbox 1388 1768 1485 1792; x_wconf 88' lang='lat' dir='ltr'>varet.</span> 
     </span>
    </p>
   </div>
   <div class='ocr_carea' id='block_1_17' title="bbox 613 1915 2018 2041">
    <p class='ocr_par' dir='ltr' id='par_1_22' title="bbox 613 1915 2018 2041">
     <span class='ocr_line' id='line_1_58' title="bbox 1002 1915 1626 1964; baseline 0.002 -9"><span class='ocrx_word' id='word_1_402' title='bbox 1002 1915 1322 1957; x_wconf 89' lang='lat' dir='ltr'>ARTICULUS</span> <span class='ocrx_word' id='word_1_403' title='bbox 1353 1915 1626 1964; x_wconf 79' lang='lat' dir='ltr'>QUARTUS</span> 
     </span>
     <span class='ocr_line' id='line_1_59' title="bbox 613 2007 2018 2041; baseline 0.002 -3"><span class='ocrx_word' id='word_1_404' title='bbox 613 2007 769 2038; x_wconf 87' lang='lat' dir='ltr'><strong>UTRUM</strong></span> <span class='ocrx_word' id='word_1_405' title='bbox 793 2007 960 2038; x_wconf 86' lang='lat' dir='ltr'>SEDERE</span> <span class='ocrx_word' id='word_1_406' title='bbox 983 2008 1042 2038; x_wconf 88' lang='lat' dir='ltr'>AD</span> <span class='ocrx_word' id='word_1_407' title='bbox 1066 2008 1310 2038; x_wconf 86' lang='lat' dir='ltr'><strong>DEXTERAM</strong></span> <span class='ocrx_word' id='word_1_408' title='bbox 1334 2008 1486 2039; x_wconf 78' lang='lat' dir='ltr'><strong>PATRIS</strong></span> <span class='ocrx_word' id='word_1_409' title='bbox 1511 2009 1576 2039; x_wconf 70' lang='lat' dir='ltr'>srr</span> <span class='ocrx_word' id='word_1_410' title='bbox 1600 2009 1822 2040; x_wconf 76' lang='lat' dir='ltr'>PRomeM</span> <span class='ocrx_word' id='word_1_411' title='bbox 1846 2009 2018 2041; x_wconf 86' lang='lat' dir='ltr'>CHRISTI</span> 
     </span>
    </p>
   </div>
   <div class='ocr_carea' id='block_1_18' title="bbox 994 2086 1633 2119">
    <p class='ocr_par' dir='ltr' id='par_1_23' title="bbox 994 2086 1633 2119">
     <span class='ocr_line' id='line_1_60' title="bbox 994 2086 1633 2119; baseline 0.003 -9"><span class='ocrx_word' id='word_1_412' title='bbox 994 2086 1026 2110; x_wconf 87' lang='lat'>111</span> <span class='ocrx_word' id='word_1_413' title='bbox 1046 2086 1128 2116; x_wconf 69' lang='lat' dir='ltr'>Sent„</span> <span class='ocrx_word' id='word_1_414' title='bbox 1150 2086 1207 2110; x_wconf 88' lang='lat' dir='ltr'>dist.</span> <span class='ocrx_word' id='word_1_415' title='bbox 1227 2094 1286 2115; x_wconf 82' lang='lat' dir='ltr'>xxn,</span> <span class='ocrx_word' id='word_1_416' title='bbox 1306 2094 1351 2118; x_wconf 90' lang='lat' dir='ltr'>qu.</span> <span class='ocrx_word' id='word_1_417' title='bbox 1370 2094 1407 2117; x_wconf 86' lang='lat'>111,</span> <span class='ocrx_word' id='word_1_418' title='bbox 1428 2092 1473 2111; x_wconf 87' lang='lat' dir='ltr'>art.</span> <span class='ocrx_word' id='word_1_419' title='bbox 1496 2086 1518 2116; x_wconf 83' lang='lat'>3,</span> <span class='ocrx_word' id='word_1_420' title='bbox 1539 2087 1588 2119; x_wconf 66' lang='lat' dir='ltr'>qu¹</span> <span class='ocrx_word' id='word_1_421' title='bbox 1610 2087 1633 2112; x_wconf 87' lang='lat'>3.</span> 
     </span>
    </p>
   </div>
   <div class='ocr_carea' id='block_1_19' title="bbox 225 2165 1289 2479">
    <p class='ocr_par' dir='ltr' id='par_1_24' title="bbox 225 2165 1289 2479">
     <span class='ocr_line' id='line_1_61' title="bbox 280 2165 1286 2214; baseline -0.002 -11"><span class='ocrx_word' id='word_1_422' title='bbox 280 2183 320 2209; x_wconf 42' lang='grc' dir='ltr'>κε</span> <span class='ocrx_word' id='word_1_423' title='bbox 343 2195 394 2212; x_wconf 51' lang='grc' dir='ltr'>,ς</span> <span class='ocrx_word' id='word_1_424' title='bbox 417 2178 457 2203; x_wconf 88' lang='lat' dir='ltr'>D</span> <span class='ocrx_word' id='word_1_425' title='bbox 478 2177 650 2208; x_wconf 73' lang='lat' dir='ltr'><strong>QUARTUM</strong></span> <span class='ocrx_word' id='word_1_426' title='bbox 669 2177 721 2202; x_wconf 77' lang='lat' dir='ltr'>sm</span> <span class='ocrx_word' id='word_1_427' title='bbox 741 2177 977 2203; x_wconf 82' lang='lat' dir='ltr'>PROCEDITUR.</span> <span class='ocrx_word' id='word_1_428' title='bbox 998 2165 1160 2202; x_wconf 90' lang='lat' dir='ltr'>Videtur</span> <span class='ocrx_word' id='word_1_429' title='bbox 1179 2165 1286 2214; x_wconf 93' lang='lat' dir='ltr'>quod</span> 
     </span>
     <span class='ocr_line' id='line_1_62' title="bbox 252 2209 1287 2279; baseline -0.002 -23"><span class='ocrx_word' id='word_1_430' title='bbox 252 2217 255 2226; x_wconf 78' lang='lat'><em>&#39;</em></span> <span class='ocrx_word' id='word_1_431' title='bbox 274 2229 279 2271; x_wconf 66' lang='lat' dir='ltr'>j</span> <span class='ocrx_word' id='word_1_432' title='bbox 349 2209 414 2279; x_wconf 44' lang='grc' dir='ltr'>ᾗῇ</span> <span class='ocrx_word' id='word_1_433' title='bbox 436 2218 568 2255; x_wconf 88' lang='lat' dir='ltr'>sedere</span> <span class='ocrx_word' id='word_1_434' title='bbox 597 2218 646 2255; x_wconf 91' lang='lat' dir='ltr'>ad</span> <span class='ocrx_word' id='word_1_435' title='bbox 665 2219 861 2255; x_wconf 85' lang='lat' dir='ltr'>dexteram</span> <span class='ocrx_word' id='word_1_436' title='bbox 889 2217 1009 2255; x_wconf 88' lang='lat' dir='ltr'>Patris</span> <span class='ocrx_word' id='word_1_437' title='bbox 1029 2230 1110 2254; x_wconf 91' lang='lat' dir='ltr'>non</span> <span class='ocrx_word' id='word_1_438' title='bbox 1135 2218 1180 2254; x_wconf 91' lang='lat' dir='ltr'>sit</span> <span class='ocrx_word' id='word_1_439' title='bbox 1199 2230 1287 2267; x_wconf 91' lang='lat' dir='ltr'>pro—</span> 
     </span>
     <span class='ocr_line' id='line_1_63' title="bbox 241 2261 1286 2321; baseline -0.004 -10"><span class='ocrx_word' id='word_1_440' title='bbox 241 2268 279 2314; x_wconf 57' lang='lat'>&#39;17</span> <span class='ocrx_word' id='word_1_441' title='bbox 300 2287 361 2321; x_wconf 46' lang='lat' dir='ltr'>v,</span> <span class='ocrx_word' id='word_1_442' title='bbox 377 2261 566 2321; x_wconf 65' lang='lat' dir='ltr'>“aprium</span> <span class='ocrx_word' id='word_1_443' title='bbox 600 2270 749 2308; x_wconf 87' lang='lat' dir='ltr'>Christi.</span> <span class='ocrx_word' id='word_1_444' title='bbox 786 2270 885 2308; x_wconf 91' lang='lat' dir='ltr'>Dicit</span> <span class='ocrx_word' id='word_1_445' title='bbox 919 2270 1024 2307; x_wconf 90' lang='lat' dir='ltr'>enim</span> <span class='ocrx_word' id='word_1_446' title='bbox 1059 2272 1286 2320; x_wconf 89' lang='lat' dir='ltr'>Apostolus,</span> 
     </span>
     <span class='ocr_line' id='line_1_64' title="bbox 242 2300 1288 2374; baseline -0.001 -13"><span class='ocrx_word' id='word_1_447' title='bbox 242 2316 255 2328; x_wconf 52' lang='lat'>²</span> <span class='ocrx_word' id='word_1_448' title='bbox 281 2300 322 2349; x_wconf 56' lang='lat'>(⁴.</span> <span class='ocrx_word' id='word_1_449' title='bbox 336 2316 364 2351; x_wconf 57' lang='lat' dir='ltr'>T*</span> <span class='ocrx_word' id='word_1_450' title='bbox 392 2316 425 2360; x_wconf 45' lang='lat' dir='ltr'>K</span> <span class='ocrx_word' id='word_1_451' title='bbox 436 2325 569 2374; x_wconf 83' lang='lat' dir='ltr'>Ephes.</span> <span class='ocrx_word' id='word_1_452' title='bbox 590 2336 612 2361; x_wconf 77' lang='grc' dir='ltr'>ιι</span> <span class='ocrx_word' id='word_1_453' title='bbox 634 2324 672 2371; x_wconf 79' lang='grc'>*,</span> <span class='ocrx_word' id='word_1_454' title='bbox 701 2324 809 2373; x_wconf 92' lang='lat' dir='ltr'>quod</span> <span class='ocrx_word' id='word_1_455' title='bbox 845 2325 1070 2361; x_wconf 73' lang='lat' dir='ltr'>resuscitavit</span> <span class='ocrx_word' id='word_1_456' title='bbox 1094 2330 1111 2345; x_wconf 79' lang='lat'>‘²</span> <span class='ocrx_word' id='word_1_457' title='bbox 1141 2337 1226 2370; x_wconf 86' lang='lat' dir='ltr'>nos,</span> <span class='ocrx_word' id='word_1_458' title='bbox 1255 2330 1288 2360; x_wconf 90' lang='lat' dir='ltr'>et</span> 
     </span>
     <span class='ocr_line' id='line_1_65' title="bbox 225 2376 1288 2425; baseline -0.001 -11"><span class='ocrx_word' id='word_1_459' title='bbox 225 2376 425 2414; x_wconf 82' lang='lat' dir='ltr'>consedere</span> <span class='ocrx_word' id='word_1_460' title='bbox 432 2378 527 2425; x_wconf 87' lang='lat' dir='ltr'>fecit</span> <span class='ocrx_word' id='word_1_461' title='bbox 554 2378 591 2414; x_wconf 91' lang='lat' dir='ltr'>in</span> <span class='ocrx_word' id='word_1_462' title='bbox 619 2377 831 2414; x_wconf 80' lang='lat' dir='ltr'>caelestibus</span> <span class='ocrx_word' id='word_1_463' title='bbox 858 2378 895 2413; x_wconf 87' lang='lat' dir='ltr'>in</span> <span class='ocrx_word' id='word_1_464' title='bbox 920 2378 1063 2414; x_wconf 88' lang='lat' dir='ltr'>Christo</span> <span class='ocrx_word' id='word_1_465' title='bbox 1084 2379 1180 2413; x_wconf 89' lang='lat' dir='ltr'>Iesu.</span> <span class='ocrx_word' id='word_1_466' title='bbox 1213 2377 1288 2414; x_wconf 89' lang='lat' dir='ltr'>Sed</span> 
     </span>
     <span class='ocr_line' id='line_1_66' title="bbox 226 2429 1289 2479; baseline 0 -13"><span class='ocrx_word' id='word_1_467' title='bbox 226 2429 439 2466; x_wconf 86' lang='lat' dir='ltr'>resuscitari</span> <span class='ocrx_word' id='word_1_468' title='bbox 467 2442 547 2467; x_wconf 90' lang='lat' dir='ltr'>non</span> <span class='ocrx_word' id='word_1_469' title='bbox 575 2437 630 2466; x_wconf 90' lang='lat' dir='ltr'>est</span> <span class='ocrx_word' id='word_1_470' title='bbox 657 2429 859 2479; x_wconf 89' lang='lat' dir='ltr'>proprium</span> <span class='ocrx_word' id='word_1_471' title='bbox 888 2429 1038 2467; x_wconf 90' lang='lat' dir='ltr'>Christi.</span> <span class='ocrx_word' id='word_1_472' title='bbox 1076 2430 1177 2478; x_wconf 84' lang='lat' dir='ltr'>Ergo</span> <span class='ocrx_word' id='word_1_473' title='bbox 1206 2429 1289 2478; x_wconf 88' lang='lat' dir='ltr'>pari</span> 
     </span>
    </p>
   </div>
   <div class='ocr_carea' id='block_1_20' title="bbox 226 2481 1288 2520">
    <p class='ocr_par' dir='ltr' id='par_1_25' title="bbox 226 2481 1288 2520">
     <span class='ocr_line' id='line_1_67' title="bbox 226 2481 1288 2520; baseline 0.001 -2"><span class='ocrx_word' id='word_1_474' title='bbox 226 2481 372 2519; x_wconf 88' lang='lat' dir='ltr'>ratione</span> <span class='ocrx_word' id='word_1_475' title='bbox 409 2482 524 2520; x_wconf 90' lang='lat' dir='ltr'>etiam</span> <span class='ocrx_word' id='word_1_476' title='bbox 561 2494 632 2520; x_wconf 91' lang='lat' dir='ltr'>nec</span> <span class='ocrx_word' id='word_1_477' title='bbox 666 2483 794 2520; x_wconf 82' lang='lat' dir='ltr'>sedere</span> <span class='ocrx_word' id='word_1_478' title='bbox 829 2483 880 2520; x_wconf 87' lang='lat' dir='ltr'>ad</span> <span class='ocrx_word' id='word_1_479' title='bbox 916 2483 1108 2520; x_wconf 83' lang='lat' dir='ltr'>dexteram</span> <span class='ocrx_word' id='word_1_480' title='bbox 1145 2484 1218 2519; x_wconf 88' lang='lat' dir='ltr'>Dei</span> <span class='ocrx_word' id='word_1_481' title='bbox 1250 2485 1288 2519; x_wconf 87' lang='lat' dir='ltr'>in</span> 
     </span>
    </p>
   </div>
   <div class='ocr_carea' id='block_1_21' title="bbox 237 2177 425 2365">
    <p class='ocr_par' dir='ltr' id='par_1_26' title="bbox 237 2177 425 2365">
     <span class='ocr_line' id='line_1_68' title="bbox 237 2177 425 2365; baseline 0 0"><span class='ocrx_word' id='word_1_482' title='bbox 237 2177 425 2365; x_wconf 95' lang='lat' dir='ltr'>  </span> 
     </span>
    </p>
   </div>
   <div class='ocr_carea' id='block_1_22' title="bbox 109 2535 429 2572">
    <p class='ocr_par' dir='ltr' id='par_1_27' title="bbox 109 2535 429 2572">
     <span class='ocr_line' id='line_1_69' title="bbox 109 2535 429 2572; baseline 0 0"><span class='ocrx_word' id='word_1_483' title='bbox 109 2555 119 2567; x_wconf 85' lang='lat'><em>,</em></span> <span class='ocrx_word' id='word_1_484' title='bbox 171 2554 199 2567; x_wconf 52' lang='grc' dir='ltr'>η</span> <span class='ocrx_word' id='word_1_485' title='bbox 227 2535 381 2572; x_wconf 85' lang='lat' dir='ltr'>excelsis</span> <span class='ocrx_word' id='word_1_486' title='bbox 398 2535 429 2572; x_wconf 77' lang='lat'>*.</span> 
     </span>
    </p>
   </div>
   <div class='ocr_carea' id='block_1_23' title="bbox 0 2032 209 3092">
    <p class='ocr_par' dir='ltr' id='par_1_28' title="bbox 0 2032 209 3092">
     <span class='ocr_line' id='line_1_70' title="bbox 0 2032 209 3092; baseline 0 0"><span class='ocrx_word' id='word_1_487' title='bbox 0 2032 209 3092; x_wconf 95' lang='lat' dir='ltr'> </span> 
     </span>
    </p>
   </div>
   <div class='ocr_carea' id='block_1_24' title="bbox 0 3147 137 3860">
    <p class='ocr_par' dir='ltr' id='par_1_29' title="bbox 0 3147 137 3860">
     <span class='ocr_line' id='line_1_71' title="bbox 0 3147 137 3860; baseline 0 110"><span class='ocrx_word' id='word_1_488' title='bbox 0 3147 137 3860; x_wconf 95' lang='lat' dir='ltr'> </span> 
     </span>
    </p>
   </div>
   <div class='ocr_carea' id='block_1_25' title="bbox 282 2587 1288 2637">
    <p class='ocr_par' dir='ltr' id='par_1_30' title="bbox 282 2587 1288 2637">
     <span class='ocr_line' id='line_1_72' title="bbox 282 2587 1288 2637; baseline 0.002 -13"><span class='ocrx_word' id='word_1_489' title='bbox 282 2599 317 2624; x_wconf 90' lang='lat'>2.</span> <span class='ocrx_word' id='word_1_490' title='bbox 338 2588 570 2635; x_wconf 78' lang='lat' dir='ltr'>PRAETEREA,</span> <span class='ocrx_word' id='word_1_491' title='bbox 600 2587 696 2625; x_wconf 87' lang='lat' dir='ltr'>sicut</span> <span class='ocrx_word' id='word_1_492' title='bbox 723 2588 959 2637; x_wconf 87' lang='lat' dir='ltr'>Augustinus</span> <span class='ocrx_word' id='word_1_493' title='bbox 987 2589 1095 2635; x_wconf 86' lang='lat' dir='ltr'>dicit,</span> <span class='ocrx_word' id='word_1_494' title='bbox 1125 2588 1164 2625; x_wconf 89' lang='lat' dir='ltr'>in</span> <span class='ocrx_word' id='word_1_495' title='bbox 1191 2588 1288 2632; x_wconf 84' lang='lat' dir='ltr'>libro</span> 
     </span>
    </p>
   </div>
   <div class='ocr_carea' id='block_1_26' title="bbox 185 2640 1290 2695">
    <p class='ocr_par' dir='ltr' id='par_1_31' title="bbox 185 2640 1290 2695">
     <span class='ocr_line' id='line_1_73' title="bbox 185 2640 1290 2695; baseline 0.002 -18"><span class='ocrx_word' id='word_1_496' title='bbox 185 2673 202 2695; x_wconf 49' lang='lat' dir='ltr'><em>a</em></span> <span class='ocrx_word' id='word_1_497' title='bbox 227 2641 273 2678; x_wconf 85' lang='lat' dir='ltr'>de</span> <span class='ocrx_word' id='word_1_498' title='bbox 299 2641 479 2689; x_wconf 75' lang='lat' dir='ltr'>Symbola</span> <span class='ocrx_word' id='word_1_499' title='bbox 497 2640 528 2687; x_wconf 73' lang='lat'>³¹⁸,</span> <span class='ocrx_word' id='word_1_500' title='bbox 562 2642 747 2678; x_wconf 80' lang='lat' dir='ltr'>Christum</span> <span class='ocrx_word' id='word_1_501' title='bbox 773 2642 901 2678; x_wconf 86' lang='lat' dir='ltr'>sedere</span> <span class='ocrx_word' id='word_1_502' title='bbox 928 2642 979 2679; x_wconf 88' lang='lat' dir='ltr'>ad</span> <span class='ocrx_word' id='word_1_503' title='bbox 1003 2642 1197 2679; x_wconf 80' lang='lat' dir='ltr'>dexteram</span> <span class='ocrx_word' id='word_1_504' title='bbox 1217 2642 1290 2679; x_wconf 91' lang='lat' dir='ltr'>Pa—</span> 
     </span>
    </p>
   </div>
   <div class='ocr_carea' id='block_1_27' title="bbox 227 2694 1291 2740">
    <p class='ocr_par' dir='ltr' id='par_1_32' title="bbox 227 2694 1291 2740">
     <span class='ocr_line' id='line_1_74' title="bbox 227 2694 1291 2740; baseline 0.002 -10"><span class='ocrx_word' id='word_1_505' title='bbox 227 2695 304 2740; x_wconf 89' lang='lat' dir='ltr'>tris,</span> <span class='ocrx_word' id='word_1_506' title='bbox 323 2694 394 2731; x_wconf 73' lang='lat' dir='ltr'>hoe=</span> <span class='ocrx_word' id='word_1_507' title='bbox 417 2699 468 2730; x_wconf 89' lang='lat' dir='ltr'>est</span> <span class='ocrx_word' id='word_1_508' title='bbox 494 2694 662 2731; x_wconf 84' lang='lat' dir='ltr'>habitare</span> <span class='ocrx_word' id='word_1_509' title='bbox 689 2696 726 2731; x_wconf 85' lang='lat' dir='ltr'>in</span> <span class='ocrx_word' id='word_1_510' title='bbox 751 2697 827 2732; x_wconf 88' lang='lat' dir='ltr'>eius</span> <span class='ocrx_word' id='word_1_511' title='bbox 848 2694 1079 2732; x_wconf 83' lang='lat' dir='ltr'>beatitudine.</span> <span class='ocrx_word' id='word_1_512' title='bbox 1110 2694 1199 2732; x_wconf 85' lang='lat' dir='ltr'>Sed</span> <span class='ocrx_word' id='word_1_513' title='bbox 1214 2694 1291 2737; x_wconf 80' lang='lat' dir='ltr'>hoc</span> 
     </span>
    </p>
   </div>
   <div class='ocr_carea' id='block_1_28' title="bbox 173 2745 1290 2796">
    <p class='ocr_par' dir='ltr' id='par_1_33' title="bbox 173 2745 1290 2796">
     <span class='ocr_line' id='line_1_75' title="bbox 173 2745 1290 2796; baseline 0.002 -13"><span class='ocrx_word' id='word_1_514' title='bbox 173 2752 175 2756; x_wconf 88' lang='grc'><strong>“</strong></span> <span class='ocrx_word' id='word_1_515' title='bbox 227 2745 356 2783; x_wconf 89' lang='lat' dir='ltr'>multis</span> <span class='ocrx_word' id='word_1_516' title='bbox 385 2746 465 2783; x_wconf 88' lang='lat' dir='ltr'>aliis</span> <span class='ocrx_word' id='word_1_517' title='bbox 493 2746 683 2785; x_wconf 89' lang='lat' dir='ltr'>convenit.</span> <span class='ocrx_word' id='word_1_518' title='bbox 713 2747 815 2795; x_wconf 88' lang='lat' dir='ltr'>Ergo</span> <span class='ocrx_word' id='word_1_519' title='bbox 843 2747 995 2784; x_wconf 91' lang='lat' dir='ltr'>videtur</span> <span class='ocrx_word' id='word_1_520' title='bbox 1022 2747 1130 2796; x_wconf 90' lang='lat' dir='ltr'>quod</span> <span class='ocrx_word' id='word_1_521' title='bbox 1158 2747 1290 2785; x_wconf 88' lang='lat' dir='ltr'>sedere</span> 
     </span>
    </p>
   </div>
   <div class='ocr_carea' id='block_1_29' title="bbox 228 2798 1291 3364">
    <p class='ocr_par' dir='ltr' id='par_1_34' title="bbox 228 2798 1234 2850">
     <span class='ocr_line' id='line_1_76' title="bbox 228 2798 1234 2850; baseline 0.001 -15"><span class='ocrx_word' id='word_1_522' title='bbox 228 2798 277 2836; x_wconf 85' lang='lat' dir='ltr'>ad</span> <span class='ocrx_word' id='word_1_523' title='bbox 306 2799 501 2836; x_wconf 87' lang='lat' dir='ltr'>dexteram</span> <span class='ocrx_word' id='word_1_524' title='bbox 530 2799 648 2836; x_wconf 90' lang='lat' dir='ltr'>Patris</span> <span class='ocrx_word' id='word_1_525' title='bbox 676 2811 756 2837; x_wconf 91' lang='lat' dir='ltr'>non</span> <span class='ocrx_word' id='word_1_526' title='bbox 784 2800 829 2836; x_wconf 89' lang='lat' dir='ltr'>sit</span> <span class='ocrx_word' id='word_1_527' title='bbox 856 2800 1058 2850; x_wconf 85' lang='lat' dir='ltr'>proprium</span> <span class='ocrx_word' id='word_1_528' title='bbox 1084 2800 1234 2837; x_wconf 87' lang='lat' dir='ltr'>Christi.</span> 
     </span>
    </p>

    <p class='ocr_par' dir='ltr' id='par_1_35' title="bbox 228 2851 1290 3162">
     <span class='ocr_line' id='line_1_77' title="bbox 284 2851 1288 2902; baseline 0.002 -14"><span class='ocrx_word' id='word_1_529' title='bbox 284 2851 318 2888; x_wconf 88' lang='lat'>3.</span> <span class='ocrx_word' id='word_1_530' title='bbox 343 2853 575 2899; x_wconf 76' lang='lat' dir='ltr'>PRAETEREA,</span> <span class='ocrx_word' id='word_1_531' title='bbox 596 2852 676 2902; x_wconf 90' lang='lat' dir='ltr'>ipse</span> <span class='ocrx_word' id='word_1_532' title='bbox 696 2852 795 2900; x_wconf 85' lang='lat' dir='ltr'>dicit,</span> <span class='ocrx_word' id='word_1_533' title='bbox 814 2854 932 2902; x_wconf 85' lang='lat' dir='ltr'>Apoc.</span> <span class='ocrx_word' id='word_1_534' title='bbox 949 2865 981 2890; x_wconf 91' lang='lat'>111</span> <span class='ocrx_word' id='word_1_535' title='bbox 994 2853 1032 2890; x_wconf 75' lang='grc' dir='ltr'>*τ</span> <span class='ocrx_word' id='word_1_536' title='bbox 1060 2855 1134 2895; x_wconf 87' lang='lat' dir='ltr'>Qui</span> <span class='ocrx_word' id='word_1_537' title='bbox 1150 2855 1288 2899; x_wconf 80' lang='lat' dir='ltr'>vicerit,</span> 
     </span>
     <span class='ocr_line' id='line_1_78' title="bbox 229 2905 1290 2956; baseline 0.001 -14"><span class='ocrx_word' id='word_1_538' title='bbox 229 2905 324 2942; x_wconf 82' lang='lat' dir='ltr'>dabo</span> <span class='ocrx_word' id='word_1_539' title='bbox 352 2906 388 2941; x_wconf 89' lang='lat' dir='ltr'>ei</span> <span class='ocrx_word' id='word_1_540' title='bbox 402 2905 530 2942; x_wconf 84' lang='lat' dir='ltr'>sedere</span> <span class='ocrx_word' id='word_1_541' title='bbox 547 2918 692 2942; x_wconf 90' lang='lat' dir='ltr'>mecum</span> <span class='ocrx_word' id='word_1_542' title='bbox 712 2907 748 2942; x_wconf 85' lang='lat' dir='ltr'>in</span> <span class='ocrx_word' id='word_1_543' title='bbox 768 2907 902 2943; x_wconf 84' lang='lat' dir='ltr'>throno</span> <span class='ocrx_word' id='word_1_544' title='bbox 921 2918 1027 2943; x_wconf 89' lang='lat' dir='ltr'>meo:</span> <span class='ocrx_word' id='word_1_545' title='bbox 1052 2908 1144 2943; x_wconf 89' lang='lat' dir='ltr'>sicut</span> <span class='ocrx_word' id='word_1_546' title='bbox 1167 2912 1200 2943; x_wconf 85' lang='lat' dir='ltr'>et</span> <span class='ocrx_word' id='word_1_547' title='bbox 1218 2918 1290 2956; x_wconf 80' lang='lat' dir='ltr'>ego</span> 
     </span>
     <span class='ocr_line' id='line_1_79' title="bbox 228 2958 1290 3002; baseline 0 -7"><span class='ocrx_word' id='word_1_548' title='bbox 228 2958 311 3002; x_wconf 82' lang='lat' dir='ltr'>vici,</span> <span class='ocrx_word' id='word_1_549' title='bbox 340 2963 374 2994; x_wconf 91' lang='lat' dir='ltr'>et</span> <span class='ocrx_word' id='word_1_550' title='bbox 399 2958 478 2994; x_wconf 86' lang='lat' dir='ltr'>sedi</span> <span class='ocrx_word' id='word_1_551' title='bbox 502 2970 587 2995; x_wconf 88' lang='lat' dir='ltr'>cum</span> <span class='ocrx_word' id='word_1_552' title='bbox 614 2960 727 2995; x_wconf 89' lang='lat' dir='ltr'>Patre</span> <span class='ocrx_word' id='word_1_553' title='bbox 753 2971 835 2996; x_wconf 89' lang='lat' dir='ltr'>meo</span> <span class='ocrx_word' id='word_1_554' title='bbox 865 2961 901 2995; x_wconf 90' lang='lat' dir='ltr'>in</span> <span class='ocrx_word' id='word_1_555' title='bbox 929 2960 1063 2996; x_wconf 87' lang='lat' dir='ltr'>throno</span> <span class='ocrx_word' id='word_1_556' title='bbox 1092 2961 1178 2996; x_wconf 86' lang='lat' dir='ltr'>eius.</span> <span class='ocrx_word' id='word_1_557' title='bbox 1214 2960 1290 2996; x_wconf 92' lang='lat' dir='ltr'>Sed</span> 
     </span>
     <span class='ocr_line' id='line_1_80' title="bbox 229 3010 1290 3061; baseline 0.002 -15"><span class='ocrx_word' id='word_1_558' title='bbox 229 3022 299 3059; x_wconf 92' lang='lat' dir='ltr'>per</span> <span class='ocrx_word' id='word_1_559' title='bbox 326 3010 401 3046; x_wconf 91' lang='lat' dir='ltr'>hoc</span> <span class='ocrx_word' id='word_1_560' title='bbox 420 3010 526 3047; x_wconf 92' lang='lat' dir='ltr'>sedet</span> <span class='ocrx_word' id='word_1_561' title='bbox 546 3010 718 3048; x_wconf 87' lang='lat' dir='ltr'>Christus</span> <span class='ocrx_word' id='word_1_562' title='bbox 738 3011 788 3048; x_wconf 91' lang='lat' dir='ltr'>ad</span> <span class='ocrx_word' id='word_1_563' title='bbox 806 3012 1002 3048; x_wconf 86' lang='lat' dir='ltr'>dexteram</span> <span class='ocrx_word' id='word_1_564' title='bbox 1030 3011 1162 3058; x_wconf 89' lang='lat' dir='ltr'>Patris,</span> <span class='ocrx_word' id='word_1_565' title='bbox 1183 3012 1290 3061; x_wconf 91' lang='lat' dir='ltr'>quod</span> 
     </span>
     <span class='ocr_line' id='line_1_81' title="bbox 231 3062 1290 3113; baseline 0.002 -14"><span class='ocrx_word' id='word_1_566' title='bbox 231 3062 336 3099; x_wconf 91' lang='lat' dir='ltr'>sedet</span> <span class='ocrx_word' id='word_1_567' title='bbox 363 3062 403 3099; x_wconf 91' lang='lat' dir='ltr'>in</span> <span class='ocrx_word' id='word_1_568' title='bbox 430 3063 571 3100; x_wconf 88' lang='lat' dir='ltr'>throno</span> <span class='ocrx_word' id='word_1_569' title='bbox 591 3063 684 3100; x_wconf 88' lang='lat' dir='ltr'>eius.</span> <span class='ocrx_word' id='word_1_570' title='bbox 714 3065 816 3111; x_wconf 88' lang='lat' dir='ltr'>Ergo</span> <span class='ocrx_word' id='word_1_571' title='bbox 845 3063 959 3100; x_wconf 89' lang='lat' dir='ltr'>etiam</span> <span class='ocrx_word' id='word_1_572' title='bbox 979 3072 1015 3100; x_wconf 92' lang='lat' dir='ltr'>et</span> <span class='ocrx_word' id='word_1_573' title='bbox 1034 3064 1094 3101; x_wconf 87' lang='lat' dir='ltr'>alii</span> <span class='ocrx_word' id='word_1_574' title='bbox 1122 3064 1189 3113; x_wconf 89' lang='lat' dir='ltr'>qui</span> <span class='ocrx_word' id='word_1_575' title='bbox 1208 3064 1290 3101; x_wconf 90' lang='lat' dir='ltr'>vin-</span> 
     </span>
     <span class='ocr_line' id='line_1_82' title="bbox 231 3115 947 3162; baseline 0.003 -11"><span class='ocrx_word' id='word_1_576' title='bbox 231 3122 334 3162; x_wconf 90' lang='lat' dir='ltr'>cunt,</span> <span class='ocrx_word' id='word_1_577' title='bbox 364 3115 497 3152; x_wconf 88' lang='lat' dir='ltr'>sedent</span> <span class='ocrx_word' id='word_1_578' title='bbox 515 3116 564 3152; x_wconf 89' lang='lat' dir='ltr'>ad</span> <span class='ocrx_word' id='word_1_579' title='bbox 592 3116 788 3152; x_wconf 86' lang='lat' dir='ltr'>dexteram</span> <span class='ocrx_word' id='word_1_580' title='bbox 817 3116 947 3153; x_wconf 83' lang='lat' dir='ltr'>Patris.</span> 
     </span>
    </p>

    <p class='ocr_par' dir='ltr' id='par_1_36' title="bbox 231 3168 1291 3364">
     <span class='ocr_line' id='line_1_83' title="bbox 284 3168 1290 3215; baseline 0.002 -11"><span class='ocrx_word' id='word_1_581' title='bbox 284 3179 320 3215; x_wconf 87' lang='lat'>4.</span> <span class='ocrx_word' id='word_1_582' title='bbox 351 3168 582 3215; x_wconf 75' lang='lat' dir='ltr'>PRAETEREA‚</span> <span class='ocrx_word' id='word_1_583' title='bbox 602 3169 737 3205; x_wconf 90' lang='lat' dir='ltr'>Matth.</span> <span class='ocrx_word' id='word_1_584' title='bbox 758 3181 806 3205; x_wconf 86' lang='lat' dir='ltr'>xx</span> <span class='ocrx_word' id='word_1_585' title='bbox 824 3168 844 3191; x_wconf 73' lang='lat'>’¹‘</span> <span class='ocrx_word' id='word_1_586' title='bbox 871 3168 1064 3206; x_wconf 88' lang='lat' dir='ltr'>Dominus</span> <span class='ocrx_word' id='word_1_587' title='bbox 1093 3169 1198 3206; x_wconf 87' lang='lat' dir='ltr'>dicit:</span> <span class='ocrx_word' id='word_1_588' title='bbox 1229 3171 1290 3206; x_wconf 89' lang='lat' dir='ltr'>Se-</span> 
     </span>
     <span class='ocr_line' id='line_1_84' title="bbox 231 3220 1291 3268; baseline 0.001 -11"><span class='ocrx_word' id='word_1_589' title='bbox 231 3221 319 3258; x_wconf 86' lang='lat' dir='ltr'>dere</span> <span class='ocrx_word' id='word_1_590' title='bbox 345 3220 397 3257; x_wconf 84' lang='lat' dir='ltr'>ad</span> <span class='ocrx_word' id='word_1_591' title='bbox 421 3221 614 3258; x_wconf 83' lang='lat' dir='ltr'>dexteram</span> <span class='ocrx_word' id='word_1_592' title='bbox 641 3221 699 3259; x_wconf 82' lang='lat' dir='ltr'>vel</span> <span class='ocrx_word' id='word_1_593' title='bbox 725 3223 911 3259; x_wconf 85' lang='lat' dir='ltr'>sinistram</span> <span class='ocrx_word' id='word_1_594' title='bbox 939 3234 1061 3259; x_wconf 87' lang='lat' dir='ltr'>meam</span> <span class='ocrx_word' id='word_1_595' title='bbox 1081 3220 1107 3268; x_wconf 74' lang='grc' dir='ltr'>β,</span> <span class='ocrx_word' id='word_1_596' title='bbox 1137 3235 1210 3259; x_wconf 85' lang='lat' dir='ltr'>non</span> <span class='ocrx_word' id='word_1_597' title='bbox 1241 3228 1291 3258; x_wconf 87' lang='lat' dir='ltr'>est</span> 
     </span>
     <span class='ocr_line' id='line_1_85' title="bbox 231 3273 1290 3324; baseline 0 -14"><span class='ocrx_word' id='word_1_598' title='bbox 231 3285 356 3310; x_wconf 90' lang='lat' dir='ltr'>meum</span> <span class='ocrx_word' id='word_1_599' title='bbox 383 3273 475 3310; x_wconf 87' lang='lat' dir='ltr'>dare</span> <span class='ocrx_word' id='word_1_600' title='bbox 500 3275 614 3320; x_wconf 79' lang='lat' dir='ltr'>vobis,</span> <span class='ocrx_word' id='word_1_601' title='bbox 633 3274 699 3310; x_wconf 84' lang='lat' dir='ltr'>sed</span> <span class='ocrx_word' id='word_1_602' title='bbox 721 3276 850 3324; x_wconf 85' lang='lat' dir='ltr'>quibus</span> <span class='ocrx_word' id='word_1_603' title='bbox 870 3281 1049 3324; x_wconf 85' lang='lat' dir='ltr'>paratum</span> <span class='ocrx_word' id='word_1_604' title='bbox 1069 3281 1119 3311; x_wconf 89' lang='lat' dir='ltr'>est</span> <span class='ocrx_word' id='word_1_605' title='bbox 1137 3287 1160 3311; x_wconf 88' lang='lat' dir='ltr'>a</span> <span class='ocrx_word' id='word_1_606' title='bbox 1179 3277 1290 3311; x_wconf 88' lang='lat' dir='ltr'>Patre</span> 
     </span>
     <span class='ocr_line' id='line_1_86' title="bbox 231 3326 1288 3364; baseline -0.001 -1"><span class='ocrx_word' id='word_1_607' title='bbox 231 3338 326 3363; x_wconf 89' lang='lat' dir='ltr'>meo.</span> <span class='ocrx_word' id='word_1_608' title='bbox 355 3326 443 3363; x_wconf 92' lang='lat' dir='ltr'>Hoc</span> <span class='ocrx_word' id='word_1_609' title='bbox 469 3333 599 3363; x_wconf 89' lang='lat' dir='ltr'>autem</span> <span class='ocrx_word' id='word_1_610' title='bbox 627 3326 762 3364; x_wconf 89' lang='lat' dir='ltr'>frustra</span> <span class='ocrx_word' id='word_1_611' title='bbox 790 3327 978 3364; x_wconf 91' lang='lat' dir='ltr'>diceretur</span> <span class='ocrx_word' id='word_1_612' title='bbox 1005 3327 1077 3364; x_wconf 91' lang='lat' dir='ltr'>nisi</span> <span class='ocrx_word' id='word_1_613' title='bbox 1106 3335 1202 3364; x_wconf 91' lang='lat' dir='ltr'>esset</span> <span class='ocrx_word' id='word_1_614' title='bbox 1225 3326 1288 3363; x_wconf 90' lang='lat' dir='ltr'>ali-</span> 
     </span>
    </p>
   </div>
   <div class='ocr_carea' id='block_1_30' title="bbox 398 3397 413 3406">
    <p class='ocr_par' dir='ltr' id='par_1_37' title="bbox 398 3397 413 3406">
     <span class='ocr_line' id='line_1_87' title="bbox 398 3397 413 3406; baseline 0 0"><span class='ocrx_word' id='word_1_615' title='bbox 398 3397 413 3406; x_wconf 67' lang='grc' dir='ltr'><strong><em>ο</em></strong></span> 
     </span>
    </p>
   </div>
   <div class='ocr_carea' id='block_1_31' title="bbox 233 3456 1293 3554">
    <p class='ocr_par' dir='ltr' id='par_1_38' title="bbox 233 3456 1293 3554">
     <span class='ocr_line' id='line_1_88' title="bbox 286 3456 925 3491; baseline 0.005 -9"><span class='ocrx_word' id='word_1_616' title='bbox 286 3456 315 3491; x_wconf 80' lang='grc' dir='ltr'>α)</span> <span class='ocrx_word' id='word_1_617' title='bbox 334 3459 511 3485; x_wconf 77' lang='lat' dir='ltr'>resuscitavit.</span> <span class='ocrx_word' id='word_1_618' title='bbox 528 3473 548 3478; x_wconf 84' lang='lat'>—</span> <span class='ocrx_word' id='word_1_619' title='bbox 567 3459 639 3484; x_wconf 86' lang='lat' dir='ltr'>Deus</span> <span class='ocrx_word' id='word_1_620' title='bbox 658 3460 878 3485; x_wconf 77' lang='lat' dir='ltr'>conresuscitavit</span> <span class='ocrx_word' id='word_1_621' title='bbox 897 3460 925 3485; x_wconf 83' lang='lat' dir='ltr'>P.</span> 
     </span>
     <span class='ocr_line' id='line_1_89' title="bbox 286 3492 1293 3553; baseline 0 -35"><span class='ocrx_word' id='word_1_622' title='bbox 286 3492 313 3528; x_wconf 88' lang='grc' dir='ltr'>β)</span> <span class='ocrx_word' id='word_1_623' title='bbox 332 3494 373 3553; x_wconf 73' lang='lat' dir='ltr'>vedl</span> <span class='ocrx_word' id='word_1_624' title='bbox 389 3494 528 3520; x_wconf 75' lang='lat' dir='ltr'>sinistram</span> <span class='ocrx_word' id='word_1_625' title='bbox 548 3501 640 3519; x_wconf 86' lang='lat' dir='ltr'>meam.</span> <span class='ocrx_word' id='word_1_626' title='bbox 652 3509 672 3513; x_wconf 96' lang='lat'>—</span> <span class='ocrx_word' id='word_1_627' title='bbox 690 3502 775 3520; x_wconf 86' lang='lat' dir='ltr'>meam</span> <span class='ocrx_word' id='word_1_628' title='bbox 794 3496 834 3520; x_wconf 80' lang='lat' dir='ltr'>vel</span> <span class='ocrx_word' id='word_1_629' title='bbox 851 3495 989 3520; x_wconf 80' lang='lat' dir='ltr'>sinistram</span> <span class='ocrx_word' id='word_1_630' title='bbox 1009 3494 1069 3525; x_wconf 81' lang='lat' dir='ltr'>PBI,</span> <span class='ocrx_word' id='word_1_631' title='bbox 1083 3501 1167 3519; x_wconf 86' lang='lat' dir='ltr'>meam</span> <span class='ocrx_word' id='word_1_632' title='bbox 1187 3496 1213 3517; x_wconf 85' lang='lat' dir='ltr'>et</span> <span class='ocrx_word' id='word_1_633' title='bbox 1230 3493 1293 3519; x_wconf 85' lang='lat' dir='ltr'>sini-</span> 
     </span>
     <span class='ocr_line' id='line_1_90' title="bbox 233 3531 423 3554; baseline 0.005 -1"><span class='ocrx_word' id='word_1_634' title='bbox 233 3531 318 3553; x_wconf 75' lang='lat' dir='ltr'>stram</span> <span class='ocrx_word' id='word_1_635' title='bbox 337 3536 352 3553; x_wconf 88' lang='lat' dir='ltr'>e</span> <span class='ocrx_word' id='word_1_636' title='bbox 371 3547 378 3554; x_wconf 89' lang='lat'><strong>.</strong></span> <span class='ocrx_word' id='word_1_637' title='bbox 395 3536 423 3554; x_wconf 82' lang='lat' dir='ltr'>a.</span> 
     </span>
    </p>
   </div>
   <div class='ocr_carea' id='block_1_32' title="bbox 286 3563 1257 3598">
    <p class='ocr_par' dir='ltr' id='par_1_39' title="bbox 286 3563 1257 3598">
     <span class='ocr_line' id='line_1_91' title="bbox 286 3563 1257 3598; baseline -0.002 -9"><span class='ocrx_word' id='word_1_638' title='bbox 286 3566 314 3597; x_wconf 85' lang='grc' dir='ltr'>γ)</span> <span class='ocrx_word' id='word_1_639' title='bbox 331 3564 477 3596; x_wconf 74' lang='lat' dir='ltr'>aliquando</span> <span class='ocrx_word' id='word_1_640' title='bbox 496 3565 570 3590; x_wconf 80' lang='lat' dir='ltr'>dixit</span> <span class='ocrx_word' id='word_1_641' title='bbox 587 3565 752 3598; x_wconf 80' lang='lat' dir='ltr'>angelorum.</span> <span class='ocrx_word' id='word_1_642' title='bbox 764 3579 783 3584; x_wconf 91' lang='lat'>—</span> <span class='ocrx_word' id='word_1_643' title='bbox 801 3566 958 3598; x_wconf 82' lang='lat' dir='ltr'>angelorum</span> <span class='ocrx_word' id='word_1_644' title='bbox 979 3565 1052 3589; x_wconf 83' lang='lat' dir='ltr'>dixit</span> <span class='ocrx_word' id='word_1_645' title='bbox 1070 3564 1214 3596; x_wconf 84' lang='lat' dir='ltr'>aliquando</span> <span class='ocrx_word' id='word_1_646' title='bbox 1229 3563 1257 3588; x_wconf 88' lang='lat' dir='ltr'>P.</span> 
     </span>
    </p>
   </div>
   <div class='ocr_carea' id='block_1_33' title="bbox 1342 2165 2406 2533">
    <p class='ocr_par' dir='ltr' id='par_1_40' title="bbox 1342 2165 2404 2256">
     <span class='ocr_line' id='line_1_92' title="bbox 1342 2165 2404 2214; baseline 0.004 -12"><span class='ocrx_word' id='word_1_647' title='bbox 1342 2165 1483 2214; x_wconf 88' lang='lat' dir='ltr'>quibus</span> <span class='ocrx_word' id='word_1_648' title='bbox 1510 2174 1699 2214; x_wconf 88' lang='lat' dir='ltr'>paratum.</span> <span class='ocrx_word' id='word_1_649' title='bbox 1730 2167 1822 2203; x_wconf 91' lang='lat' dir='ltr'>Non</span> <span class='ocrx_word' id='word_1_650' title='bbox 1851 2178 1940 2214; x_wconf 85' lang='lat' dir='ltr'>ergo</span> <span class='ocrx_word' id='word_1_651' title='bbox 1969 2167 2101 2203; x_wconf 90' lang='lat' dir='ltr'>sedere</span> <span class='ocrx_word' id='word_1_652' title='bbox 2130 2168 2179 2204; x_wconf 88' lang='lat' dir='ltr'>ad</span> <span class='ocrx_word' id='word_1_653' title='bbox 2208 2168 2404 2206; x_wconf 80' lang='lat' dir='ltr'>dexteram</span> 
     </span>
     <span class='ocr_line' id='line_1_93' title="bbox 1342 2218 1813 2256; baseline 0 -1"><span class='ocrx_word' id='word_1_654' title='bbox 1342 2218 1415 2255; x_wconf 58' lang='lat' dir='ltr'>soli*</span> <span class='ocrx_word' id='word_1_655' title='bbox 1442 2218 1593 2255; x_wconf 91' lang='lat' dir='ltr'>Christo</span> <span class='ocrx_word' id='word_1_656' title='bbox 1623 2220 1813 2256; x_wconf 90' lang='lat' dir='ltr'>convenit.</span> 
     </span>
    </p>

    <p class='ocr_par' dir='ltr' id='par_1_41' title="bbox 1342 2272 2406 2533">
     <span class='ocr_line' id='line_1_94' title="bbox 1397 2272 2406 2321; baseline 0.003 -13"><span class='ocrx_word' id='word_1_657' title='bbox 1397 2272 1470 2308; x_wconf 80' lang='lat' dir='ltr'>SED</span> <span class='ocrx_word' id='word_1_658' title='bbox 1499 2283 1643 2308; x_wconf 80' lang='lat' dir='ltr'>CONTRA</span> <span class='ocrx_word' id='word_1_659' title='bbox 1671 2284 1736 2309; x_wconf 83' lang='lat' dir='ltr'>EST</span> <span class='ocrx_word' id='word_1_660' title='bbox 1764 2273 1872 2321; x_wconf 90' lang='lat' dir='ltr'>quod</span> <span class='ocrx_word' id='word_1_661' title='bbox 1900 2272 2037 2309; x_wconf 90' lang='lat' dir='ltr'>dicitur</span> <span class='ocrx_word' id='word_1_662' title='bbox 2055 2274 2106 2310; x_wconf 84' lang='lat' dir='ltr'>ad</span> <span class='ocrx_word' id='word_1_663' title='bbox 2130 2274 2314 2311; x_wconf 76' lang='lat' dir='ltr'>Heh.1*:</span> <span class='ocrx_word' id='word_1_664' title='bbox 2344 2275 2406 2311; x_wconf 87' lang='lat' dir='ltr'>Ad</span> 
     </span>
     <span class='ocr_line' id='line_1_95' title="bbox 1343 2325 2403 2374; baseline 0.004 -14"><span class='ocrx_word' id='word_1_665' title='bbox 1343 2337 1450 2374; x_wconf 85' lang='lat' dir='ltr'>quem</span> <span class='ocrx_word' id='word_1_666' title='bbox 1479 2325 1678 2374; x_wconf 86' lang='lat' dir='ltr'>aliquando</span> <span class='ocrx_word' id='word_1_667' title='bbox 1707 2326 1799 2362; x_wconf 85' lang='lat' dir='ltr'>dixit</span> <span class='ocrx_word' id='word_1_668' title='bbox 1827 2326 2050 2374; x_wconf 81' lang='lat' dir='ltr'>angelorum</span> <span class='ocrx_word' id='word_1_669' title='bbox 2070 2331 2096 2371; x_wconf 74' lang='grc' dir='ltr'>Υ,</span> <span class='ocrx_word' id='word_1_670' title='bbox 2130 2341 2148 2359; x_wconf 86' lang='lat'>&lt;‹</span> <span class='ocrx_word' id='word_1_671' title='bbox 2171 2327 2263 2363; x_wconf 84' lang='lat' dir='ltr'>Sede</span> <span class='ocrx_word' id='word_1_672' title='bbox 2291 2341 2315 2364; x_wconf 88' lang='lat' dir='ltr'>a</span> <span class='ocrx_word' id='word_1_673' title='bbox 2343 2328 2403 2364; x_wconf 87' lang='lat' dir='ltr'>de-</span> 
     </span>
     <span class='ocr_line' id='line_1_96' title="bbox 1342 2377 2405 2427; baseline 0.004 -13"><span class='ocrx_word' id='word_1_674' title='bbox 1342 2379 1436 2414; x_wconf 85' lang='lat' dir='ltr'>xtris</span> <span class='ocrx_word' id='word_1_675' title='bbox 1463 2379 1553 2414; x_wconf 86' lang='lat' dir='ltr'>meis</span> <span class='ocrx_word' id='word_1_676' title='bbox 1575 2392 1614 2414; x_wconf 74' lang='lat' dir='ltr'>»z</span> <span class='ocrx_word' id='word_1_677' title='bbox 1645 2378 1732 2414; x_wconf 85' lang='lat' dir='ltr'>idest</span> <span class='ocrx_word' id='word_1_678' title='bbox 1751 2377 1781 2420; x_wconf 63' lang='lat'>²⁸,</span> <span class='ocrx_word' id='word_1_679' title='bbox 1810 2393 1828 2411; x_wconf 87' lang='lat'>«</span> <span class='ocrx_word' id='word_1_680' title='bbox 1851 2380 1887 2414; x_wconf 86' lang='lat' dir='ltr'>in</span> <span class='ocrx_word' id='word_1_681' title='bbox 1911 2380 2116 2427; x_wconf 84' lang='lat' dir='ltr'>potioribus</span> <span class='ocrx_word' id='word_1_682' title='bbox 2142 2381 2232 2416; x_wconf 87' lang='lat' dir='ltr'>meis</span> <span class='ocrx_word' id='word_1_683' title='bbox 2254 2395 2272 2413; x_wconf 82' lang='lat'>»</span> <span class='ocrx_word' id='word_1_684' title='bbox 2295 2379 2320 2425; x_wconf 71' lang='grc' dir='ltr'>ὅ,</span> <span class='ocrx_word' id='word_1_685' title='bbox 2347 2381 2405 2418; x_wconf 83' lang='lat' dir='ltr'>vel</span> 
     </span>
     <span class='ocr_line' id='line_1_97' title="bbox 1346 2431 2403 2480; baseline 0.006 -16"><span class='ocrx_word' id='word_1_686' title='bbox 1346 2446 1365 2464; x_wconf 91' lang='lat'>«</span> <span class='ocrx_word' id='word_1_687' title='bbox 1385 2432 1477 2467; x_wconf 90' lang='lat' dir='ltr'>mihi</span> <span class='ocrx_word' id='word_1_688' title='bbox 1491 2431 1692 2467; x_wconf 85' lang='lat' dir='ltr'>secundum</span> <span class='ocrx_word' id='word_1_689' title='bbox 1712 2431 1935 2468; x_wconf 77' lang='lat' dir='ltr'>divinitatem</span> <span class='ocrx_word' id='word_1_690' title='bbox 1955 2432 2146 2480; x_wconf 84' lang='lat' dir='ltr'>aequalis?</span> <span class='ocrx_word' id='word_1_691' title='bbox 2163 2447 2182 2466; x_wconf 84' lang='lat'>»</span> <span class='ocrx_word' id='word_1_692' title='bbox 2211 2433 2333 2479; x_wconf 88' lang='lat' dir='ltr'>Quasi</span> <span class='ocrx_word' id='word_1_693' title='bbox 2351 2434 2403 2470; x_wconf 86' lang='lat' dir='ltr'>di-</span> 
     </span>
     <span class='ocr_line' id='line_1_98' title="bbox 1343 2483 2403 2533; baseline 0.004 -14"><span class='ocrx_word' id='word_1_694' title='bbox 1343 2491 1419 2520; x_wconf 90' lang='lat' dir='ltr'>cat:</span> <span class='ocrx_word' id='word_1_695' title='bbox 1449 2484 1511 2520; x_wconf 86' lang='lat' dir='ltr'>Ad</span> <span class='ocrx_word' id='word_1_696' title='bbox 1528 2484 1680 2520; x_wconf 85' lang='lat' dir='ltr'>nullum.</span> <span class='ocrx_word' id='word_1_697' title='bbox 1712 2483 1788 2520; x_wconf 92' lang='lat' dir='ltr'>Sed</span> <span class='ocrx_word' id='word_1_698' title='bbox 1817 2483 1937 2531; x_wconf 85' lang='lat' dir='ltr'>angeli</span> <span class='ocrx_word' id='word_1_699' title='bbox 1967 2491 2055 2520; x_wconf 90' lang='lat' dir='ltr'>sunt</span> <span class='ocrx_word' id='word_1_700' title='bbox 2080 2484 2295 2533; x_wconf 85' lang='lat' dir='ltr'>superiores</span> <span class='ocrx_word' id='word_1_701' title='bbox 2323 2486 2403 2526; x_wconf 88' lang='lat' dir='ltr'>aliis</span> 
     </span>
    </p>
   </div>
   <div class='ocr_carea' id='block_1_34' title="bbox 1327 2536 2404 2584">
    <p class='ocr_par' dir='ltr' id='par_1_42' title="bbox 1327 2536 2404 2584">
     <span class='ocr_line' id='line_1_99' title="bbox 1327 2536 2404 2584; baseline 0.003 -12"><span class='ocrx_word' id='word_1_702' title='bbox 1327 2536 1535 2573; x_wconf 80' lang='lat' dir='ltr'>creaturis.</span> <span class='ocrx_word' id='word_1_703' title='bbox 1573 2537 1674 2584; x_wconf 88' lang='lat' dir='ltr'>Ergo</span> <span class='ocrx_word' id='word_1_704' title='bbox 1703 2539 1825 2573; x_wconf 90' lang='lat' dir='ltr'>multo</span> <span class='ocrx_word' id='word_1_705' title='bbox 1854 2536 1982 2573; x_wconf 90' lang='lat' dir='ltr'>minus</span> <span class='ocrx_word' id='word_1_706' title='bbox 2010 2536 2106 2573; x_wconf 69' lang='grc' dir='ltr'>11111ε</span> <span class='ocrx_word' id='word_1_707' title='bbox 2135 2537 2195 2573; x_wconf 89' lang='lat' dir='ltr'>alii</span> <span class='ocrx_word' id='word_1_708' title='bbox 2223 2539 2404 2575; x_wconf 91' lang='lat' dir='ltr'>convenit</span> 
     </span>
    </p>
   </div>
   <div class='ocr_carea' id='block_1_35' title="bbox 1343 2589 2404 2797">
    <p class='ocr_par' dir='ltr' id='par_1_43' title="bbox 1343 2589 2402 2691">
     <span class='ocr_line' id='line_1_100' title="bbox 1343 2589 2262 2638; baseline 0.002 -13"><span class='ocrx_word' id='word_1_709' title='bbox 1343 2589 1475 2626; x_wconf 90' lang='lat' dir='ltr'>sedere</span> <span class='ocrx_word' id='word_1_710' title='bbox 1504 2589 1553 2625; x_wconf 86' lang='lat' dir='ltr'>ad</span> <span class='ocrx_word' id='word_1_711' title='bbox 1581 2589 1776 2625; x_wconf 87' lang='lat' dir='ltr'>dexteram</span> <span class='ocrx_word' id='word_1_712' title='bbox 1805 2589 1923 2626; x_wconf 88' lang='lat' dir='ltr'>Patris</span> <span class='ocrx_word' id='word_1_713' title='bbox 1951 2602 2070 2638; x_wconf 89' lang='lat' dir='ltr'>quam</span> <span class='ocrx_word' id='word_1_714' title='bbox 2100 2589 2262 2627; x_wconf 86' lang='lat' dir='ltr'>Christo.</span> 
     </span>
     <span class='ocr_line' id='line_1_101' title="bbox 1397 2642 2402 2691; baseline 0 -11"><span class='ocrx_word' id='word_1_715' title='bbox 1397 2643 1627 2680; x_wconf 68' lang='lat' dir='ltr'>REsponnEo</span> <span class='ocrx_word' id='word_1_716' title='bbox 1649 2654 1830 2679; x_wconf 83' lang='lat' dir='ltr'>DICENDUM</span> <span class='ocrx_word' id='word_1_717' title='bbox 1858 2642 1977 2690; x_wconf 92' lang='lat' dir='ltr'>quod,</span> <span class='ocrx_word' id='word_1_718' title='bbox 2000 2642 2095 2678; x_wconf 92' lang='lat' dir='ltr'>sicut</span> <span class='ocrx_word' id='word_1_719' title='bbox 2123 2642 2267 2680; x_wconf 89' lang='lat' dir='ltr'>dictum</span> <span class='ocrx_word' id='word_1_720' title='bbox 2296 2651 2358 2680; x_wconf 89' lang='lat' dir='ltr'>est·</span> <span class='ocrx_word' id='word_1_721' title='bbox 2370 2644 2402 2691; x_wconf 73' lang='lat'>²¹⁶,</span> 
     </span>
    </p>

    <p class='ocr_par' dir='ltr' id='par_1_44' title="bbox 1344 2693 2404 2743">
     <span class='ocr_line' id='line_1_102' title="bbox 1344 2693 2404 2743; baseline 0.001 -11"><span class='ocrx_word' id='word_1_722' title='bbox 1344 2694 1518 2732; x_wconf 88' lang='lat' dir='ltr'>Christus</span> <span class='ocrx_word' id='word_1_723' title='bbox 1547 2693 1683 2732; x_wconf 89' lang='lat' dir='ltr'>dicitur</span> <span class='ocrx_word' id='word_1_724' title='bbox 1716 2695 1847 2731; x_wconf 90' lang='lat' dir='ltr'>sedere</span> <span class='ocrx_word' id='word_1_725' title='bbox 1876 2695 1925 2731; x_wconf 90' lang='lat' dir='ltr'>ad</span> <span class='ocrx_word' id='word_1_726' title='bbox 1953 2695 2147 2731; x_wconf 87' lang='lat' dir='ltr'>dexteram</span> <span class='ocrx_word' id='word_1_727' title='bbox 2180 2695 2318 2743; x_wconf 89' lang='lat' dir='ltr'>Patris,</span> <span class='ocrx_word' id='word_1_728' title='bbox 2348 2696 2404 2733; x_wconf 92' lang='lat' dir='ltr'>in-</span> 
     </span>
    </p>

    <p class='ocr_par' dir='ltr' id='par_1_45' title="bbox 1343 2747 2403 2797">
     <span class='ocr_line' id='line_1_103' title="bbox 1343 2747 2403 2797; baseline 0.002 -13"><span class='ocrx_word' id='word_1_729' title='bbox 1343 2756 1531 2797; x_wconf 89' lang='lat' dir='ltr'>quantum</span> <span class='ocrx_word' id='word_1_730' title='bbox 1563 2748 1778 2784; x_wconf 90' lang='lat' dir='ltr'>secundum</span> <span class='ocrx_word' id='word_1_731' title='bbox 1807 2747 1978 2783; x_wconf 90' lang='lat' dir='ltr'>divinam</span> <span class='ocrx_word' id='word_1_732' title='bbox 1997 2755 2171 2784; x_wconf 90' lang='lat' dir='ltr'>naturam</span> <span class='ocrx_word' id='word_1_733' title='bbox 2202 2756 2256 2784; x_wconf 92' lang='lat' dir='ltr'>est</span> <span class='ocrx_word' id='word_1_734' title='bbox 2275 2748 2314 2785; x_wconf 92' lang='lat' dir='ltr'>in</span> <span class='ocrx_word' id='word_1_735' title='bbox 2342 2762 2403 2786; x_wconf 87' lang='lat' dir='ltr'>ae-</span> 
     </span>
    </p>
   </div>
   <div class='ocr_carea' id='block_1_36' title="bbox 1322 2800 2403 2850">
    <p class='ocr_par' dir='ltr' id='par_1_46' title="bbox 1322 2800 2403 2850">
     <span class='ocr_line' id='line_1_104' title="bbox 1322 2800 2403 2850; baseline 0.002 -13"><span class='ocrx_word' id='word_1_736' title='bbox 1322 2801 1521 2850; x_wconf 80' lang='lat' dir='ltr'>qualitate</span> <span class='ocrx_word' id='word_1_737' title='bbox 1544 2800 1675 2845; x_wconf 85' lang='lat' dir='ltr'>Patris,</span> <span class='ocrx_word' id='word_1_738' title='bbox 1696 2800 1911 2836; x_wconf 90' lang='lat' dir='ltr'>secundum</span> <span class='ocrx_word' id='word_1_739' title='bbox 1940 2807 2068 2836; x_wconf 88' lang='lat' dir='ltr'>autern</span> <span class='ocrx_word' id='word_1_740' title='bbox 2097 2800 2309 2837; x_wconf 85' lang='lat' dir='ltr'>humanam</span> <span class='ocrx_word' id='word_1_741' title='bbox 2338 2814 2403 2839; x_wconf 90' lang='lat' dir='ltr'>na-</span> 
     </span>
    </p>
   </div>
   <div class='ocr_carea' id='block_1_37' title="bbox 1343 2851 2404 3374">
    <p class='ocr_par' dir='ltr' id='par_1_47' title="bbox 1343 2851 2404 3101">
     <span class='ocr_line' id='line_1_105' title="bbox 1343 2851 2404 2900; baseline 0.001 -10"><span class='ocrx_word' id='word_1_742' title='bbox 1343 2862 1470 2890; x_wconf 89' lang='lat' dir='ltr'>turam</span> <span class='ocrx_word' id='word_1_743' title='bbox 1489 2853 1527 2889; x_wconf 91' lang='lat' dir='ltr'>in</span> <span class='ocrx_word' id='word_1_744' title='bbox 1548 2852 1742 2888; x_wconf 83' lang='lat' dir='ltr'>excellenti</span> <span class='ocrx_word' id='word_1_745' title='bbox 1769 2851 2009 2900; x_wconf 89' lang='lat' dir='ltr'>possessione</span> <span class='ocrx_word' id='word_1_746' title='bbox 2038 2852 2260 2889; x_wconf 89' lang='lat' dir='ltr'>divinorum</span> <span class='ocrx_word' id='word_1_747' title='bbox 2282 2854 2404 2891; x_wconf 92' lang='lat' dir='ltr'>bono-</span> 
     </span>
     <span class='ocr_line' id='line_1_106' title="bbox 1344 2904 2404 2954; baseline 0.002 -12"><span class='ocrx_word' id='word_1_748' title='bbox 1344 2919 1432 2943; x_wconf 91' lang='lat' dir='ltr'>rum</span> <span class='ocrx_word' id='word_1_749' title='bbox 1460 2917 1550 2954; x_wconf 88' lang='lat' dir='ltr'>prae</span> <span class='ocrx_word' id='word_1_750' title='bbox 1570 2904 1701 2941; x_wconf 90' lang='lat' dir='ltr'>ceteris</span> <span class='ocrx_word' id='word_1_751' title='bbox 1721 2904 1800 2940; x_wconf 89' lang='lat' dir='ltr'>aliis</span> <span class='ocrx_word' id='word_1_752' title='bbox 1820 2904 2009 2941; x_wconf 88' lang='lat' dir='ltr'>creaturis.</span> <span class='ocrx_word' id='word_1_753' title='bbox 2040 2906 2255 2953; x_wconf 91' lang='lat' dir='ltr'>Utrumque</span> <span class='ocrx_word' id='word_1_754' title='bbox 2274 2915 2404 2944; x_wconf 90' lang='lat' dir='ltr'>autem</span> 
     </span>
     <span class='ocr_line' id='line_1_107' title="bbox 1344 2956 2403 3007; baseline 0.002 -12"><span class='ocrx_word' id='word_1_755' title='bbox 1344 2959 1413 2995; x_wconf 92' lang='lat' dir='ltr'>soli</span> <span class='ocrx_word' id='word_1_756' title='bbox 1435 2957 1585 2995; x_wconf 87' lang='lat' dir='ltr'>Christo</span> <span class='ocrx_word' id='word_1_757' title='bbox 1613 2956 1802 2994; x_wconf 89' lang='lat' dir='ltr'>convenit.</span> <span class='ocrx_word' id='word_1_758' title='bbox 1832 2957 1943 2993; x_wconf 91' lang='lat' dir='ltr'>Unde</span> <span class='ocrx_word' id='word_1_759' title='bbox 1965 2957 2057 2993; x_wconf 92' lang='lat' dir='ltr'>nulli</span> <span class='ocrx_word' id='word_1_760' title='bbox 2077 2957 2150 3003; x_wconf 89' lang='lat' dir='ltr'>alii,</span> <span class='ocrx_word' id='word_1_761' title='bbox 2170 2970 2242 2994; x_wconf 93' lang='lat' dir='ltr'>nec</span> <span class='ocrx_word' id='word_1_762' title='bbox 2269 2962 2403 3007; x_wconf 86' lang='lat' dir='ltr'>angelo</span> 
     </span>
     <span class='ocr_line' id='line_1_108' title="bbox 1344 3009 2402 3060; baseline 0.001 -12"><span class='ocrx_word' id='word_1_763' title='bbox 1344 3024 1415 3048; x_wconf 90' lang='lat' dir='ltr'>nec</span> <span class='ocrx_word' id='word_1_764' title='bbox 1434 3009 1594 3053; x_wconf 86' lang='lat' dir='ltr'>homini,</span> <span class='ocrx_word' id='word_1_765' title='bbox 1615 3009 1793 3046; x_wconf 90' lang='lat' dir='ltr'>convenit</span> <span class='ocrx_word' id='word_1_766' title='bbox 1821 3010 1952 3046; x_wconf 84' lang='lat' dir='ltr'>sedere</span> <span class='ocrx_word' id='word_1_767' title='bbox 1981 3010 2028 3046; x_wconf 92' lang='lat' dir='ltr'>ad</span> <span class='ocrx_word' id='word_1_768' title='bbox 2057 3010 2252 3047; x_wconf 84' lang='lat' dir='ltr'>dexteram</span> <span class='ocrx_word' id='word_1_769' title='bbox 2271 3012 2402 3060; x_wconf 85' lang='lat' dir='ltr'>Patris,</span> 
     </span>
     <span class='ocr_line' id='line_1_109' title="bbox 1344 3062 1706 3101; baseline -0.006 -1"><span class='ocrx_word' id='word_1_770' title='bbox 1344 3063 1415 3100; x_wconf 88' lang='lat' dir='ltr'>nisi</span> <span class='ocrx_word' id='word_1_771' title='bbox 1446 3063 1514 3099; x_wconf 91' lang='lat' dir='ltr'>soli</span> <span class='ocrx_word' id='word_1_772' title='bbox 1544 3062 1706 3101; x_wconf 90' lang='lat' dir='ltr'>Christo.</span> 
     </span>
    </p>

    <p class='ocr_par' dir='ltr' id='par_1_48' title="bbox 1343 3115 2404 3374">
     <span class='ocr_line' id='line_1_110' title="bbox 1397 3115 2403 3164; baseline 0.002 -12"><span class='ocrx_word' id='word_1_773' title='bbox 1397 3117 1453 3152; x_wconf 85' lang='lat' dir='ltr'>AD</span> <span class='ocrx_word' id='word_1_774' title='bbox 1482 3127 1616 3151; x_wconf 76' lang='lat' dir='ltr'>PRIMUM</span> <span class='ocrx_word' id='word_1_775' title='bbox 1645 3127 1742 3151; x_wconf 80' lang='lat' dir='ltr'>ERGO</span> <span class='ocrx_word' id='word_1_776' title='bbox 1764 3126 1944 3151; x_wconf 84' lang='lat' dir='ltr'>DICENDUM</span> <span class='ocrx_word' id='word_1_777' title='bbox 1971 3115 2088 3163; x_wconf 89' lang='lat' dir='ltr'>quod,</span> <span class='ocrx_word' id='word_1_778' title='bbox 2110 3115 2201 3164; x_wconf 92' lang='lat' dir='ltr'>quia</span> <span class='ocrx_word' id='word_1_779' title='bbox 2230 3116 2403 3154; x_wconf 88' lang='lat' dir='ltr'>Christus</span> 
     </span>
     <span class='ocr_line' id='line_1_111' title="bbox 1345 3166 2402 3216; baseline 0.002 -11"><span class='ocrx_word' id='word_1_780' title='bbox 1345 3177 1399 3205; x_wconf 89' lang='lat' dir='ltr'>est</span> <span class='ocrx_word' id='word_1_781' title='bbox 1427 3175 1541 3216; x_wconf 88' lang='lat' dir='ltr'>caput</span> <span class='ocrx_word' id='word_1_782' title='bbox 1560 3175 1746 3212; x_wconf 69' lang='lat' dir='ltr'>nostrum,</span> <span class='ocrx_word' id='word_1_783' title='bbox 1767 3166 1860 3203; x_wconf 89' lang='lat' dir='ltr'>illud</span> <span class='ocrx_word' id='word_1_784' title='bbox 1888 3167 1995 3215; x_wconf 93' lang='lat' dir='ltr'>quod</span> <span class='ocrx_word' id='word_1_785' title='bbox 2021 3168 2200 3204; x_wconf 89' lang='lat' dir='ltr'>collatum</span> <span class='ocrx_word' id='word_1_786' title='bbox 2220 3176 2275 3204; x_wconf 90' lang='lat' dir='ltr'>est</span> <span class='ocrx_word' id='word_1_787' title='bbox 2294 3169 2402 3207; x_wconf 93' lang='lat' dir='ltr'>Chri-</span> 
     </span>
     <span class='ocr_line' id='line_1_112' title="bbox 1345 3219 2402 3271; baseline 0.002 -14"><span class='ocrx_word' id='word_1_788' title='bbox 1345 3229 1423 3266; x_wconf 91' lang='lat' dir='ltr'>sto,</span> <span class='ocrx_word' id='word_1_789' title='bbox 1454 3228 1507 3256; x_wconf 90' lang='lat' dir='ltr'>est</span> <span class='ocrx_word' id='word_1_790' title='bbox 1536 3219 1649 3256; x_wconf 90' lang='lat' dir='ltr'>etiam</span> <span class='ocrx_word' id='word_1_791' title='bbox 1686 3219 1796 3255; x_wconf 92' lang='lat' dir='ltr'>nobis</span> <span class='ocrx_word' id='word_1_792' title='bbox 1824 3219 1863 3255; x_wconf 89' lang='lat' dir='ltr'>in</span> <span class='ocrx_word' id='word_1_793' title='bbox 1892 3219 1975 3268; x_wconf 91' lang='lat' dir='ltr'>ipso</span> <span class='ocrx_word' id='word_1_794' title='bbox 2004 3221 2194 3256; x_wconf 84' lang='lat' dir='ltr'>collatum.</span> <span class='ocrx_word' id='word_1_795' title='bbox 2234 3222 2282 3257; x_wconf 90' lang='lat' dir='ltr'>Et</span> <span class='ocrx_word' id='word_1_796' title='bbox 2315 3234 2402 3271; x_wconf 91' lang='lat' dir='ltr'>pro-</span> 
     </span>
     <span class='ocr_line' id='line_1_113' title="bbox 1343 3271 2404 3322; baseline 0.003 -13"><span class='ocrx_word' id='word_1_797' title='bbox 1343 3281 1426 3322; x_wconf 91' lang='lat' dir='ltr'>pter</span> <span class='ocrx_word' id='word_1_798' title='bbox 1454 3274 1548 3319; x_wconf 87' lang='lat' dir='ltr'>hoc,</span> <span class='ocrx_word' id='word_1_799' title='bbox 1579 3272 1668 3320; x_wconf 90' lang='lat' dir='ltr'>quia</span> <span class='ocrx_word' id='word_1_800' title='bbox 1706 3272 1785 3320; x_wconf 89' lang='lat' dir='ltr'>ipse</span> <span class='ocrx_word' id='word_1_801' title='bbox 1823 3271 1899 3308; x_wconf 90' lang='lat' dir='ltr'>iam</span> <span class='ocrx_word' id='word_1_802' title='bbox 1937 3272 2177 3309; x_wconf 88' lang='lat' dir='ltr'>resuscitatus</span> <span class='ocrx_word' id='word_1_803' title='bbox 2211 3281 2285 3320; x_wconf 89' lang='lat' dir='ltr'>est,</span> <span class='ocrx_word' id='word_1_804' title='bbox 2315 3274 2404 3312; x_wconf 90' lang='lat' dir='ltr'>dicit</span> 
     </span>
     <span class='ocr_line' id='line_1_114' title="bbox 1344 3325 2403 3374; baseline 0.002 -12"><span class='ocrx_word' id='word_1_805' title='bbox 1344 3326 1550 3374; x_wconf 91' lang='lat' dir='ltr'>Apostolus</span> <span class='ocrx_word' id='word_1_806' title='bbox 1579 3325 1685 3372; x_wconf 92' lang='lat' dir='ltr'>quod</span> <span class='ocrx_word' id='word_1_807' title='bbox 1714 3325 1819 3360; x_wconf 92' lang='lat' dir='ltr'>Deus</span> <span class='ocrx_word' id='word_1_808' title='bbox 1841 3337 1912 3361; x_wconf 90' lang='lat' dir='ltr'>nos</span> <span class='ocrx_word' id='word_1_809' title='bbox 1941 3325 2234 3373; x_wconf 90' lang='lat' dir='ltr'>quodammodo</span> <span class='ocrx_word' id='word_1_810' title='bbox 2259 3326 2292 3363; x_wconf 91' lang='lat' dir='ltr'>ei</span> <span class='ocrx_word' id='word_1_811' title='bbox 2316 3339 2403 3364; x_wconf 91' lang='lat' dir='ltr'>con-</span> 
     </span>
    </p>
   </div>
   <div class='ocr_carea' id='block_1_38' title="bbox 1401 3455 2403 3493">
    <p class='ocr_par' dir='ltr' id='par_1_49' title="bbox 1401 3455 2403 3493">
     <span class='ocr_line' id='line_1_115' title="bbox 1401 3455 2403 3493; baseline 0.006 -13"><span class='ocrx_word' id='word_1_812' title='bbox 1401 3455 1425 3490; x_wconf 82' lang='grc' dir='ltr'>ὃ)</span> <span class='ocrx_word' id='word_1_813' title='bbox 1446 3457 1471 3480; x_wconf 84' lang='lat' dir='ltr'>in</span> <span class='ocrx_word' id='word_1_814' title='bbox 1491 3457 1643 3488; x_wconf 82' lang='lat' dir='ltr'>potioribus</span> <span class='ocrx_word' id='word_1_815' title='bbox 1668 3456 1739 3481; x_wconf 84' lang='lat' dir='ltr'>meis.</span> <span class='ocrx_word' id='word_1_816' title='bbox 1757 3470 1775 3475; x_wconf 83' lang='lat'>—</span> <span class='ocrx_word' id='word_1_817' title='bbox 1794 3457 1944 3488; x_wconf 80' lang='lat' dir='ltr'>potioribus</span> <span class='ocrx_word' id='word_1_818' title='bbox 1963 3458 2027 3483; x_wconf 82' lang='lat' dir='ltr'>meis</span> <span class='ocrx_word' id='word_1_819' title='bbox 2045 3459 2074 3489; x_wconf 85' lang='lat' dir='ltr'>E,</span> <span class='ocrx_word' id='word_1_820' title='bbox 2094 3459 2119 3484; x_wconf 83' lang='lat' dir='ltr'>in</span> <span class='ocrx_word' id='word_1_821' title='bbox 2139 3460 2290 3491; x_wconf 79' lang='lat' dir='ltr'>potioribus</span> <span class='ocrx_word' id='word_1_822' title='bbox 2308 3461 2357 3493; x_wconf 85' lang='lat' dir='ltr'>pG,</span> <span class='ocrx_word' id='word_1_823' title='bbox 2378 3461 2403 3485; x_wconf 89' lang='lat' dir='ltr'>in</span> 
     </span>
    </p>
   </div>
   <div class='ocr_carea' id='block_1_39' title="bbox 1342 3491 2405 3528">
    <p class='ocr_par' dir='ltr' id='par_1_50' title="bbox 1342 3491 2405 3528">
     <span class='ocr_line' id='line_1_116' title="bbox 1342 3491 2405 3528; baseline 0.006 -13"><span class='ocrx_word' id='word_1_824' title='bbox 1342 3492 1492 3524; x_wconf 79' lang='lat' dir='ltr'>potioribus</span> <span class='ocrx_word' id='word_1_825' title='bbox 1511 3492 1584 3516; x_wconf 80' lang='lat' dir='ltr'>bonis</span> <span class='ocrx_word' id='word_1_826' title='bbox 1604 3491 1649 3522; x_wconf 89' lang='lat' dir='ltr'>sG,</span> <span class='ocrx_word' id='word_1_827' title='bbox 1670 3491 1695 3516; x_wconf 82' lang='lat' dir='ltr'>in</span> <span class='ocrx_word' id='word_1_828' title='bbox 1716 3492 1789 3517; x_wconf 76' lang='lat' dir='ltr'>bonis</span> <span class='ocrx_word' id='word_1_829' title='bbox 1805 3493 1955 3524; x_wconf 85' lang='lat' dir='ltr'>potioribus</span> <span class='ocrx_word' id='word_1_830' title='bbox 1974 3493 2037 3518; x_wconf 84' lang='lat' dir='ltr'>meis</span> <span class='ocrx_word' id='word_1_831' title='bbox 2055 3494 2117 3524; x_wconf 80' lang='lat' dir='ltr'><strong><em>Hbc.</em></strong></span> <span class='ocrx_word' id='word_1_832' title='bbox 2138 3495 2163 3519; x_wconf 85' lang='lat' dir='ltr'>in</span> <span class='ocrx_word' id='word_1_833' title='bbox 2185 3496 2248 3520; x_wconf 83' lang='lat' dir='ltr'>meis</span> <span class='ocrx_word' id='word_1_834' title='bbox 2267 3496 2341 3521; x_wconf 83' lang='lat' dir='ltr'>bonis</span> <span class='ocrx_word' id='word_1_835' title='bbox 2355 3503 2405 3528; x_wconf 79' lang='lat' dir='ltr'>po-</span> 
     </span>
    </p>
   </div>
   <div class='ocr_carea' id='block_1_40' title="bbox 1347 3527 2213 3595">
    <p class='ocr_par' dir='ltr' id='par_1_51' title="bbox 1347 3527 2213 3595">
     <span class='ocr_line' id='line_1_117' title="bbox 1347 3527 1500 3552; baseline 0 -1"><span class='ocrx_word' id='word_1_836' title='bbox 1347 3527 1459 3552; x_wconf 82' lang='lat' dir='ltr'>tioribus</span> <span class='ocrx_word' id='word_1_837' title='bbox 1473 3527 1500 3551; x_wconf 86' lang='lat' dir='ltr'>P.</span> 
     </span>
     <span class='ocr_line' id='line_1_118' title="bbox 1400 3561 2213 3595; baseline 0.005 -9"><span class='ocrx_word' id='word_1_838' title='bbox 1400 3564 1422 3595; x_wconf 84' lang='grc' dir='ltr'>ε)</span> <span class='ocrx_word' id='word_1_839' title='bbox 1442 3562 1528 3586; x_wconf 81' lang='lat' dir='ltr'>minus</span> <span class='ocrx_word' id='word_1_840' title='bbox 1549 3562 1604 3587; x_wconf 85' lang='lat' dir='ltr'>ulli.</span> <span class='ocrx_word' id='word_1_841' title='bbox 1621 3575 1639 3580; x_wconf 89' lang='lat'>-—</span> <span class='ocrx_word' id='word_1_842' title='bbox 1658 3561 1681 3593; x_wconf 79' lang='lat'>13</span> <span class='ocrx_word' id='word_1_843' title='bbox 1701 3562 1787 3595; x_wconf 78' lang='lat' dir='ltr'>magis</span> <span class='ocrx_word' id='word_1_844' title='bbox 1805 3563 1872 3587; x_wconf 81' lang='lat' dir='ltr'>nulli</span> <span class='ocrx_word' id='word_1_845' title='bbox 1890 3563 1918 3592; x_wconf 84' lang='grc' dir='ltr'>Ρ,</span> <span class='ocrx_word' id='word_1_846' title='bbox 1939 3563 2024 3588; x_wconf 86' lang='lat' dir='ltr'>minus</span> <span class='ocrx_word' id='word_1_847' title='bbox 2044 3565 2110 3589; x_wconf 83' lang='lat' dir='ltr'>nulli</span> <span class='ocrx_word' id='word_1_848' title='bbox 2128 3565 2213 3591; x_wconf 82' lang='lat' dir='ltr'>ceteri.</span> 
     </span>
    </p>
   </div>
   <div class='ocr_carea' id='block_1_41' title="bbox 2433 2283 2571 2363">
    <p class='ocr_par' dir='ltr' id='par_1_52' title="bbox 2433 2283 2571 2363">
     <span class='ocr_line' id='line_1_119' title="bbox 2433 2283 2571 2311; baseline -0.014 -6"><span class='ocrx_word' id='word_1_849' title='bbox 2433 2285 2441 2293; x_wconf 90' lang='grc'><em>“</em></span> <span class='ocrx_word' id='word_1_850' title='bbox 2457 2283 2522 2305; x_wconf 82' lang='lat' dir='ltr'>Vers.</span> <span class='ocrx_word' id='word_1_851' title='bbox 2539 2290 2571 2311; x_wconf 87' lang='lat'>¹3·</span> 
     </span>
     <span class='ocr_line' id='line_1_120' title="bbox 2529 2339 2544 2363; baseline 0 0"><span class='ocrx_word' id='word_1_852' title='bbox 2529 2339 2544 2363; x_wconf 83' lang='grc' dir='ltr'><strong>Υ</strong></span> 
     </span>
    </p>
   </div>
   <div class='ocr_carea' id='block_1_42' title="bbox 2432 2387 2629 2439">
    <p class='ocr_par' dir='ltr' id='par_1_53' title="bbox 2432 2387 2629 2439">
     <span class='ocr_line' id='line_1_121' title="bbox 2432 2387 2629 2423; baseline 0.005 -15"><span class='ocrx_word' id='word_1_853' title='bbox 2432 2387 2441 2396; x_wconf 83' lang='grc'><strong>”</strong></span> <span class='ocrx_word' id='word_1_854' title='bbox 2457 2387 2629 2423; x_wconf 37' lang='grc' dir='ltr'>ῦΙοεεζιοηὼ.</span> 
     </span>
     <span class='ocr_line' id='line_1_122' title="bbox 2528 2423 2542 2439; baseline 0 0"><span class='ocrx_word' id='word_1_855' title='bbox 2528 2423 2542 2439; x_wconf 86' lang='grc' dir='ltr'>ο</span> 
     </span>
    </p>
   </div>
   <div class='ocr_carea' id='block_1_43' title="bbox 2534 2549 2544 2565">
    <p class='ocr_par' dir='ltr' id='par_1_54' title="bbox 2534 2549 2544 2565">
     <span class='ocr_line' id='line_1_123' title="bbox 2534 2549 2544 2565; baseline 0 0"><span class='ocrx_word' id='word_1_856' title='bbox 2534 2549 2544 2565; x_wconf 82' lang='grc' dir='ltr'>Ε</span> 
     </span>
    </p>
   </div>
   <div class='ocr_carea' id='block_1_44' title="bbox 2432 2649 2629 2676">
    <p class='ocr_par' dir='ltr' id='par_1_55' title="bbox 2432 2649 2629 2676">
     <span class='ocr_line' id='line_1_124' title="bbox 2432 2649 2629 2676; baseline 0 -6"><span class='ocrx_word' id='word_1_857' title='bbox 2432 2650 2440 2658; x_wconf 91' lang='grc'><em>·</em></span> <span class='ocrx_word' id='word_1_858' title='bbox 2456 2650 2505 2670; x_wconf 86' lang='lat' dir='ltr'>Art.</span> <span class='ocrx_word' id='word_1_859' title='bbox 2524 2649 2629 2676; x_wconf 80' lang='lat' dir='ltr'>praeced.</span> 
     </span>
    </p>
   </div>
  </div>
 </body>
</html>
