2872 3970
990 281 1252 328 QUAESTIO
1281 283 1383 330 XVI,
1418 282 1709 320 ARTICULUS
1737 283 1771 318 V

290 362 419 402 propria
441 361 575 391 homini.
599 361 640 391 Et
663 365 830 401 propterea
854 360 997 390 Christus
1020 369 1093 390 vere
1109 359 1223 390 dicitur
1246 361 1349 390 omni·
1373 358 1376 410 Ι

290 410 414 446 potens,
439 410 594 440 aeternus,
619 404 767 440 Creator;
792 409 823 434 et
843 409 935 434 natus
951 413 989 434 ex
1005 403 1144 443 Virgine,
1169 403 1348 440 crucifixus,

289 454 436 479 mortuus
459 453 490 479 et
512 448 666 488 sepultus.
689 466 712 470 —
734 448 807 478 Hoc
830 447 890 478 fuit
913 447 1030 487 dogma
1052 447 1199 478 Nestorii.

345 491 504 524 Catholici
525 497 633 523 autem
663 491 820 522 affirmant
841 492 979 522 univoce
1010 497 1144 531 utraque
1170 491 1348 531 praedicata

289 545 362 569 vere
385 536 542 567 enuntiari
565 535 605 567 de
627 545 837 576 quocumque
852 536 984 565 nomine
1007 536 1161 571 subiecto,
1185 536 1250 565 sive
1274 545 1348 575 pro-

328 580 334 586 '
382 581 448 611 sive
471 580 654 611 communi:
678 584 714 609 ut
736 584 823 619 patet
844 588 883 609 ex
907 578 1018 619 Cyrilli
1041 580 1236 609 auctoritate.

343 624 395 655 111.
419 622 537 662 Quoad
558 623 737 654 secundum
748 624 776 658 ἦ
792 623 872 653 ratio
893 622 1078 653 Catholicae
1101 623 1281 653 assertionis
1301 627 1348 652 est

287 667 433 700 identitas
462 667 640 709 hypostasis
668 667 834 706 utriusque
863 672 995 697 naturae
1024 667 1058 696 in
1088 666 1226 697 Christo.
1262 667 1347 697 Hinc

287 712 373 743 enim
388 710 426 742 fit
445 717 484 742 ut
505 721 570 742 una
584 710 762 751 eademque
784 711 963 751 hypostasis
982 716 1182 750 supponatur
1204 711 1346 750 utrisque

286 755 488 786 nominibus:
513 760 545 786 et
559 754 649 795 quod
664 755 793 795 propria
807 755 879 785 Deo
902 755 1104 785 inveniantur
1118 754 1291 794 praedicari
1307 754 1346 784 de

285 799 448 840 hypostasi
470 798 590 835 divinae
615 804 646 829 et
664 799 793 839 propria
816 799 940 829 homini
963 798 1002 829 de
1018 799 1181 839 hypostasi
1197 799 1346 828 humana.

2386 282 2460 319 205

1402 360 1470 390 Nec
1494 365 1620 400 oportet
1649 361 1700 390 hic
1728 360 1906 390 immorari:
1939 361 2014 400 quia
2042 370 2079 390 ex
2102 370 2196 400 supra
2215 362 2230 377 *
2255 359 2344 390 dictis
2375 365 2461 400 patet

1401 404 1534 434 nomina
1557 404 1741 434 communia
1764 409 1912 434 concreta
1935 413 2028 443 posse
2050 413 2108 444 pro
2129 405 2269 444 qualibet
2285 414 2341 434 sua
2357 405 2460 444 hypo-

1401 448 1474 477 stasi
1497 457 1688 487 supponere.

1456 491 1507 522 1V.
1525 488 1642 529 Quoad
1653 492 1780 522 tertium
1792 492 1818 527 ³⁶,
1830 491 2061 522 documentum
2075 492 2278 522 Catholicum
2295 497 2340 522 est
2359 491 2458 532 quod,

1399 535 1473 565 licet
1496 545 1563 565 non
1586 535 1847 575 distinguendum
1869 536 1918 571 sit,
1943 545 2017 565 cum
2041 536 2200 571 Nestorio‚
2225 536 2403 566 subiectum
2419 535 2459 566 de

1400 588 1467 618 quo
1480 579 1586 609 divina
1602 585 1632 609 et
1648 580 1787 609 humana
1798 579 2036 619 praedicantum
2058 579 2278 618 distinguenda
2294 585 2400 609 tamen
2413 585 2460 610 est

1399 623 1479 653 ratio
1495 623 1629 653 subiecti
1642 632 1706 663 qua
1717 622 1823 653 divina
1839 623 1877 653 de
1893 624 1964 663 ipso
1981 623 2139 659 dicuntur,
2153 633 2171 652 a
2183 623 2304 653 ratione
2321 632 2384 662 qua
2399 624 2459 653 hu—

1399 676 1493 696 mana
1509 666 1548 697 de
1565 666 1680 697 eodem
1693 667 1906 697 enuntiantur.
1927 667 2009 697 Nam
2025 677 2089 697 una
2102 667 2277 706 eademque
2294 673 2340 696 est
2356 667 2459 707 hypo-

1400 711 1488 740 stasis
1503 711 1536 740 in
1553 710 1681 741 diversis
1697 711 1815 741 naturis
1832 711 2020 741 subsistens:
2046 717 2076 741 et
2091 716 2259 751 propterea
2279 710 2459 740 discernen-

1389 754 1478 784 ·dum
1495 760 1585 784 caute
1610 760 1666 790 est,
1683 764 1750 785 non
1772 754 1805 784 id
1828 754 1867 785 de
1891 764 1957 794 quo
1981 755 2140 791 dicuntur,
2156 754 2212 784 sed
2234 754 2267 784 id
2282 753 2459 784 secundum

1401 798 1490 838 quod
1512 798 1670 828 dicuntur.
1695 799 1736 829 Et
1758 799 1820 829 hoc
1845 798 2050 829 confirmatur
2068 799 2254 829 auctoritate
2278 798 2458 838 Augustini.

1067 951 1385 993 ARTICULUS
1417 951 1672 999 QUINTUS

489 1051 645 1082 UTRUM
668 1051 726 1082 EA
749 1051 868 1090 QUAE
892 1052 1006 1083 SUNT
1030 1052 1248 1083 HUMANAE
1271 1053 1481 1083 NATURAE
1504 1052 1682 1084 POSSINT
1706 1053 1793 1084 D1C1
1818 1054 1875 1084 DE
1898 1053 2079 1084 NATURA
2103 1053 2251 1083 DIVINA

714 1137 745 1162 111
765 1137 847 1168 Sent„
868 1138 926 1163 dist.
944 1146 968 1169 V,
987 1146 1031 1171 qu.
1050 1146 1068 1167 ι.
1087 1144 1133 1163 art.
1153 1146 1176 1170 2,
1195 1139 1227 1163 ad
1246 1147 1275 1170 4;
1295 1146 1343 1172 qu..
1357 1146 1388 1170 11,
1408 1144 1455 1164 art.
1477 1146 1499 1169 2,
1520 1139 1550 1163 ad
1570 1147 1599 1170 45
1619 1139 1627 1163 l
1646 1139 1683 1164 ad
1704 1140 1780 1169 Corn,
1801 1147 1855 1171 cap.
1876 1147 1903 1170 u,
1922 1141 1980 1165 lect.
1999 1147 2027 1165 u.

474 1328 478 1331 ’
494 1330 568 1367 dici
595 1330 643 1367 de
671 1337 808 1367 natura
842 1331 983 1368 divina.
1020 1333 1077 1368 Ea
1105 1332 1208 1369 enirn
1244 1345 1343 1382 quae

336 1405 338 1410 κ
420 1410 426 1415 „
494 1390 583 1420 sunt
610 1384 804 1420 humanae
833 1391 1010 1431 naturae,
1039 1385 1308 1434 praedicantur
1328 1391 1344 1406 α

283 1435 332 1473 de
351 1434 447 1473 Filio
466 1436 550 1483 Dei,
571 1443 608 1473 et
627 1436 674 1473 de
694 1437 790 1474 Deo.
811 1437 889 1474 Sed
908 1438 1014 1474 Deus
1034 1446 1088 1474 est
1108 1450 1177 1475 sua
1196 1446 1342 1475 natura.

283 1489 385 1536 Ergo
420 1500 466 1525 ea
493 1501 592 1538 quae
627 1497 716 1526 sunt
747 1497 906 1527 naturae
940 1491 1154 1538 humanae,
1182 1499 1344 1540 possunt

282 1540 493 1591 praedicari
521 1542 570 1578 de
597 1541 728 1579 divina
755 1549 901 1579 natura.

338 1605 372 1631 2.
403 1595 641 1641 PRAETEREA,
670 1606 759 1632 caro
796 1595 957 1644 pertinet
985 1597 1034 1633 ad
1061 1604 1238 1633 naturam
1272 1598 1343 1633 hu-

282 1658 452 1684 manam.
489 1647 584 1694 Sed,
614 1647 711 1684 sicut
738 1647 827 1685 dicit
853 1648 1133 1696 Damascenus‚
1163 1649 1201 1686 in
1229 1650 1274 1686 III
1303 1649 1343 1686 li-

282 1699 353 1736 bro
371 1699 412 1746 ²⁸,
441 1699 596 1737 dicimus
630 1706 803 1738 naturam
839 1702 950 1739 Verbi
984 1704 1218 1739 incarnatam
1246 1715 1342 1749 esse,

281 1753 483 1790 secundum
517 1754 641 1790 beatos
667 1754 912 1791 Athanasium
945 1761 977 1791 et
1008 1755 1202 1804 Cyrillum.
1241 1756 1343 1803 Ergo

282 1805 435 1843 videtur
461 1806 581 1854 quod,
611 1806 694 1855 pari
722 1806 879 1853 ratione,
900 1819 944 1844 ea
972 1819 1071 1856 quae
1092 1815 1180 1844 sunt
1207 1809 1343 1844 huma-

283 1869 355 1895 nae
383 1865 553 1905 naturae,
582 1858 728 1908 possint
756 1859 830 1896 dici
858 1860 905 1896 de
934 1860 1064 1897 divina
1091 1867 1237 1897 natura.

339 1910 372 1947 3.
402 1911 641 1956 ΡΚΑΕΤΕΚΕΑ,
672 1924 716 1948 ea
744 1924 844 1961 quae
873 1920 960 1949 sunt
989 1912 1140 1949 divinae
1169 1920 1342 1959 naturae,

282 1963 518 2000 conveniunt
551 1964 746 2001 humanae
784 1972 941 2002 naturae
969 1965 1008 2002 in
1038 1965 1209 2002 Christo:
1249 1965 1344 2002 sicut

282 2027 512 2064 cognoscere
531 2016 669 2064 futura,
685 2024 722 2053 et
740 2014 882 2054 habere
901 2017 1133 2055 salutiferam
1151 2018 1342 2055 virtutem.

283 2069 384 2117 Ergo
411 2069 563 2106 videtur
586 2070 716 2119 quod,
744 2070 827 2119 pari
855 2070 1018 2118 ratione,
1048 2083 1093 2108 ea
1121 2083 1221 2120 quae
1257 2079 1344 2107 sunt

282 2122 477 2159 humanae
505 2130 674 2169 naturae,
695 2123 841 2172 possint
868 2123 943 2160 dici
971 2123 1018 2160 de
1037 2123 1169 2161 divina
1196 2132 1342 2161 natura.

337 2175 411 2211 SED
440 2187 586 2212 CONTRA
612 2187 677 2212 EST
701 2176 809 2224 quod
827 2177 1091 2213 Damascenus
1119 2176 1220 2224 dicit,
1240 2177 1279 2214 in
1298 2178 1343 2214 ΙΙΙ

220 2237 242 2252 v·
283 2226 379 2264 libro
398 2227 435 2263 *ε
465 2229 647 2265 Deitatem
685 2229 830 2277 quidem
858 2229 1034 2276 dicentes,
1065 2242 1139 2266 non
1175 2231 1344 2267 nomina-

282 2292 365 2317 mus
391 2280 437 2316 de
463 2293 508 2318 ea
536 2293 631 2330 quae
657 2282 892 2319 humanitatis
920 2282 1107 2329 idiomata,
1134 2282 1229 2319 idest
1256 2295 1344 2332 pro-

282 2332 479 2383 prietates:
514 2346 589 2370 non
622 2335 720 2372 enim
754 2335 908 2372 dicimus
941 2335 1110 2372 deitatem
1133 2336 1344 2385 passibilem

282 2386 341 2423 vel
367 2386 576 2424 creabilem.
615 2387 744 2425 Deitas
780 2395 910 2424 autem
948 2396 1003 2425 est
1030 2387 1160 2425 divina
1196 2396 1341 2425 natura.

283 2438 385 2487 Ergo
413 2451 459 2476 ea
486 2451 586 2489 quae
615 2449 703 2478 sunt
730 2441 925 2478 humanae
953 2448 1123 2489 naturae,
1147 2453 1228 2478 non
1255 2453 1343 2490 pos-

283 2499 372 2528 sunt
398 2491 474 2529 dici
501 2492 550 2530 de
578 2492 709 2546 diyina
737 2501 884 2530 natura.

335 2545 560 2582 REsPounEo
588 2546 770 2584 DiCENDUM
798 2546 906 2596 quod
933 2558 978 2583 ea
1006 2558 1105 2595 quae
1141 2554 1228 2584 sunt
1255 2559 1343 2596 pro-

283 2596 364 2646 prie
383 2595 399 2627 β
427 2597 560 2643 unius,
589 2611 668 2636 non
696 2607 857 2648 possunt
884 2611 974 2636 vere
1003 2599 1050 2636 de
1079 2599 1207 2648 aliquo
1235 2612 1343 2649 prae-

284 2649 402 2687 dicari
428 2649 500 2687 nisi
518 2651 566 2688 de
585 2663 632 2689 eo
652 2652 760 2702 quod
788 2660 842 2689 est
869 2651 974 2689 idem
992 2652 1062 2689 illi:
1093 2652 1188 2689 sicut
1207 2653 1344 2690 risibile

283 2714 364 2740 non
390 2702 568 2740 convenit
587 2703 658 2741 nisi
677 2704 712 2742 ei
731 2705 838 2754 quod
865 2713 920 2742 est
938 2706 1071 2742 homo.
1100 2706 1141 2742 In
1161 2706 1342 2755 mysterio

283 2763 411 2793 autem
447 2754 716 2794 incarnationis
743 2770 823 2795 non
858 2765 913 2795 est
949 2758 1086 2795 eadem
1121 2758 1251 2795 divina
1278 2771 1343 2796 na-

283 2815 369 2845 tura
387 2815 423 2845 et
442 2809 629 2846 humana:
655 2810 722 2847 sed
741 2818 797 2847 est
815 2810 952 2848 eadem
971 2811 1186 2860 hypostasis
1206 2811 1342 2848 utrius-

284 2873 360 2911 que
379 2869 549 2898 naturae.
577 2863 625 2899 Et
642 2861 730 2900 ideo
749 2875 795 2900 ea
813 2875 912 2912 quae
933 2871 1020 2900 sunt
1039 2863 1153 2900 unius
1172 2872 1341 2910 naturae,

283 2926 365 2951 non
388 2922 549 2963 possunt
577 2915 624 2952 de
652 2915 725 2952 alia
751 2915 973 2965 praedicari,
993 2917 1208 2953 secundum
1236 2917 1343 2966 quod

283 2965 324 3004 in
357 2967 543 3004 abstracto
580 2967 842 3016 significantur
860 2973 886 3005 Υ.
919 2968 1090 3006 Nomina
1121 2981 1214 3006 vero
1252 2982 1342 3006 con-

284 3027 385 3057 creta
404 3028 629 3069 supponunt
648 3020 886 3070 hypostasim
914 3029 1081 3058 naturae.
1111 3022 1159 3058 Et
1180 3022 1267 3059 ideo
1287 3022 1342 3058 in-

284 3072 503 3110 differenter
524 3073 734 3123 praedicari
760 3081 922 3123 possunt
941 3085 986 3110 ea
1004 3086 1103 3122 quae
1123 3074 1172 3111 ad
1200 3082 1342 3112 utram-

284 3137 360 3176 que
389 3133 567 3163 naturam
594 3125 793 3175 pertinent,
815 3126 862 3163 de
890 3125 1113 3163 nominibus
1138 3127 1340 3164 concretis:

283 3177 364 3215 sive
392 3178 486 3216 illud
513 3191 658 3216 nomen
677 3179 724 3215 de
744 3190 823 3228 quo
851 3178 1031 3215 dicuntur
1057 3179 1120 3215 det
1138 3179 1341 3228 intelligere

303 3341 307 3344 Ι
337 3308 366 3343 α)
380 3311 584 3343 praedicantur.
602 3325 622 3330 -
637 3314 750 3343 possunt
765 3310 921 3343 praedIcarn'
939 3311 1014 3336 ΑΒΕ.

283 3385 311 3406 et
328 3344 499 3407 elgtssripgrie.
512 3347 655 3379 -propria
669 3347 688 3371 F
702 3352 728 3371 et
740 3347 812 3371 tertia
826 3351 926 3378 praeter
939 3346 970 3371 G.
985 3346 1034 3370 Pro
1047 3346 1080 3371 de
1093 3347 1190 3379 aquuo,
1205 3347 1238 3372 de
1251 3346 1305 3372 alio
1319 3347 1341 3371 Η

1398 1235 1602 1276 utramque
1639 1235 1836 1274 naturam,
1866 1227 1962 1264 sicut
1990 1228 2065 1264 hoc
2096 1239 2240 1264 nomen
2272 1229 2455 1274 Christus,

1397 1280 1436 1317 in
1455 1292 1535 1329 quo
1555 1280 1770 1328 intelligitur
1787 1286 1820 1316 et
1838 1281 2008 1317 divinitas
2035 1292 2178 1329 ungens
2199 1286 2233 1316 et
2251 1282 2459 1318 humanitas

1398 1339 1508 1369 uncta
1527 1331 1540 1354 δ
1559 1332 1596 1377 *ς
1627 1332 1706 1369 sive
1726 1334 1853 1369 solum
1875 1332 2045 1369 divinam
2065 1340 2252 1379 naturam,
2270 1332 2365 1369 sicut
2384 1334 2459 1370 hoc

1397 1397 1543 1422 nomen
1562 1387 1674 1431 Deus,
1695 1386 1756 1422 vel
1774 1386 1890 1422 Filius
1907 1387 1999 1429 Dei;
2027 1385 2106 1421 sive
2135 1387 2262 1422 solum
2282 1394 2458 1423 naturam

1398 1439 1624 1485 humanam,
1637 1437 1733 1475 sicut
1752 1439 1827 1475 hoc
1842 1450 1987 1475 nomen
2001 1439 2124 1484 homo,
2136 1439 2198 1474 vel
2212 1440 2325 1475 Iesus.
2346 1439 2457 1476 Unde

1396 1492 1478 1528 Leo
1498 1492 1603 1540 Papa
1623 1491 1721 1538 dicit,
1743 1491 1781 1527 in
1801 1491 1971 1540 Epistola
1990 1491 2040 1528 ad
2055 1491 2282 1528 Palaestinos
2300 1491 2337 1527 *ε
2367 1492 2457 1529 Non

1397 1546 1542 1581 interest
1561 1556 1610 1580 ex
1629 1557 1701 1593 qua
1715 1545 1878 1581 Christus
1895 1546 2095 1581 substantia
2115 1546 2342 1580 nominetur.-
2360 1557 2456 1590 cum,

1397 1597 1691 1646 inseparabiliter
1717 1603 1890 1634 manente
1917 1598 2053 1633 unitate
2074 1609 2271 1646 personae,
2293 1597 2388 1634 idem
2415 1599 2459 1634 sit

1397 1656 1430 1686 et
1449 1656 1542 1686 totus
1559 1651 1717 1687 hominis
1735 1650 1852 1687 Filius
1869 1655 2020 1699 propter
2041 1661 2205 1695 carnem,
2226 1655 2259 1686 et
2276 1655 2370 1686 totus
2387 1651 2461 1686 Dei

1398 1703 1512 1739 Filius
1534 1709 1690 1752 propter
1718 1715 1832 1739 unam
1860 1715 1943 1739 cum
1971 1704 2083 1739 Patre
2110 1702 2344 1739 divinitatem.

1451 1756 1508 1792 AD
1537 1768 1671 1792 PRIMUM
1700 1767 1797 1792 ERGO
1817 1767 1997 1792 DICENDUM
2017 1755 2124 1803 quod
2152 1754 2190 1791 in
2219 1754 2357 1791 divinis
2379 1767 2458 1792 rea-

2488 365 2498 375 ⁸
2511 365 2562 386 Art.
2579 372 2598 387 ι.

2487 497 2497 508 ⁴
2511 497 2548 518 Cf.
2563 503 2626 519 num.
2639 503 2657 519 1.

2487 1381 2496 1389 ·
2510 1354 2635 1406 1bid.,0lib.
2654 1379 2693 1407 IV,

2485 1411 2535 1433 cap.
2550 1412 2595 1427 xiv.

2486 1493 2496 1502 ·
2506 1491 2577 1519 Epist.
2589 1491 2693 1518 CXXIV,

2483 1518 2522 1566 εἰ..
2531 1517 2623 1545 xcvu,
2643 1524 2693 1545 cap.

1397 1807 1479 1844 liter
1506 1816 1561 1844 est
1589 1808 1693 1844 idem
1720 1819 1885 1856 persona
1913 1819 2004 1844 curn
2032 1815 2167 1843 natura
2185 1807 2219 1843 *ι
2250 1815 2285 1843 et
2313 1807 2458 1844 ratione
2487 1813 2496 1823 ·
2554 1819 2575 1833 ¹¹

1398 1860 1514 1897 huius
1549 1860 1770 1906 identitatis,
1801 1860 1930 1896 divina
1967 1867 2102 1896 natura
2138 1858 2378 1908 praedicatur
2411 1861 2458 1897 de

1398 1912 1494 1949 Filio
1523 1913 1606 1949 Dei.
1646 1914 1737 1949 Non
1765 1921 1894 1949 tamen
1923 1920 1977 1949 est
2004 1912 2107 1949 idem
2144 1912 2286 1948 modus
2319 1912 2458 1961 signifi-

1399 1965 1521 2002 candi.
1560 1966 1608 2002 Et
1636 1966 1723 2002 ideo
1761 1966 1953 2014 quaedam
1982 1965 2160 2001 dicuntur
2187 1965 2235 2001 de
2263 1965 2359 2002 Filio
2388 1966 2459 2002 Dei

1399 2031 1498 2067 quae
1526 2031 1607 2055 non
1635 2018 1815 2055 dicuntur
1833 2019 1880 2055 de
1907 2018 2037 2055 divina
2065 2026 2216 2054 natura:
2247 2018 2342 2054 sicut
2370 2018 2459 2056 dici-

1398 2084 1487 2108 mus
1515 2072 1622 2121 quod
1650 2071 1768 2108 Filius
1787 2071 1859 2108 Dei
1887 2079 1942 2107 est
1969 2070 2128 2119 genitus,
2150 2083 2228 2107 non
2257 2079 2386 2108 tamen
2405 2071 2459 2108 di-

1398 2124 1522 2170 cimus
1550 2124 1657 2173 quod
1681 2123 1811 2161 divina
1830 2131 1965 2161 natura
1984 2123 2029 2160 sit
2056 2123 2191 2171 genita,
2213 2131 2254 2160 ut
2273 2123 2312 2160 in
2331 2124 2460 2162 Prima

1399 2178 1508 2213 Parte
1527 2177 1547 2198 *
1575 2177 1749 2214 habitum
1778 2184 1843 2213 est.
1873 2177 1921 2213 Et
1947 2176 2116 2213 similiter
2135 2176 2174 2212 in
2194 2176 2375 2225 mysterio
2403 2177 2458 2213 in-

1399 2229 1626 2267 carnationis
1654 2229 1818 2266 dicimus
1846 2229 1952 2278 quod
1980 2229 2098 2265 Filius
2127 2228 2199 2265 Dei
2227 2237 2281 2265 est
2310 2241 2457 2278 passus,

1398 2294 1479 2319 non
1498 2291 1627 2320 autem
1647 2282 1810 2319 dicimus
1829 2283 1935 2330 quod
1963 2290 2098 2318 natura
2122 2281 2251 2318 divina
2270 2281 2316 2318 sit
2334 2294 2456 2331 passa.

1451 2337 1507 2372 AD
1536 2348 1724 2373 SECUNDUM
1751 2347 1931 2372 DJCENDUM
1959 2335 2066 2383 quod
2094 2333 2302 2371 incarnatio
2338 2334 2457 2383 magis

1398 2388 1579 2437 importat
1605 2388 1792 2425 unionem
1820 2388 1869 2424 ad
1897 2399 2052 2424 carnem
2079 2399 2199 2435 quam
2219 2386 2341 2423 carnis
2368 2399 2456 2436 pro-

1397 2441 1607 2490 prietatem.
1638 2442 1806 2489 Utraque
1834 2448 1964 2477 autem
1991 2448 2127 2476 natura
2155 2447 2209 2475 est
2236 2439 2275 2475 in
2305 2438 2455 2476 Christo

1397 2494 1504 2531 unita
1532 2493 1636 2531 alteri
1660 2494 1699 2530 in
1727 2505 1909 2542 persona:
1940 2492 2084 2530 ratione
2111 2491 2220 2528 cuius
2239 2491 2394 2528 unionis
2420 2499 2456 2528 et

1397 2554 1533 2584 natura
1561 2546 1691 2583 divina
1719 2546 1855 2583 dicitur
1882 2548 2096 2591 incarnata,
2126 2552 2162 2581 et
2190 2545 2361 2581 humana
2389 2556 2455 2581 na-

1396 2608 1482 2637 tura
1509 2600 1689 2648 deificata,
1719 2607 1760 2636 ut
1788 2611 1904 2648 supra
1922 2599 1941 2620 *
1970 2598 2114 2635 dictum
2143 2605 2207 2634 est.

1450 2654 1507 2689 An
1534 2664 1692 2690 TERTIUM
1720 2664 1900 2689 DICENDUM
1935 2651 2042 2700 quod
2070 2663 2115 2687 ea
2142 2662 2240 2699 quae
2256 2659 2261 2664 ·
2277 2657 2364 2686 sunt
2399 2649 2454 2686 di-

1395 2706 1509 2743 vinae
1537 2713 1707 2752 naturae,
1728 2705 1907 2741 dicuntur
1933 2705 1981 2740 de
2009 2705 2180 2740 humana
2208 2710 2354 2748 natura,
2374 2714 2454 2738 non

1396 2759 1612 2795 secundum
1639 2758 1746 2807 quod
1775 2756 2018 2794 essentialiter
2044 2763 2267 2804 competunt
2302 2754 2453 2792 divinae

1396 2819 1570 2858 naturae,
1600 2811 1666 2847 sed
1695 2811 1909 2847 secundum
1938 2809 2043 2858 quod
2071 2807 2328 2857 participative
2357 2807 2454 2844 deri-

1396 2872 1535 2901 vantur
1571 2864 1620 2900 ad
1657 2864 1870 2900 humanam
1907 2870 2094 2898 naturam.
2132 2860 2242 2897 Unde
2274 2871 2319 2896 ea
2353 2872 2453 2909 quae

1395 2916 1611 2966 participari
1639 2927 1718 2952 non
1745 2922 1906 2964 possunt
1934 2927 1956 2951 a
1983 2921 2119 2950 natura
2145 2914 2328 2960 humana,
2358 2912 2454 2950 sicut

1396 2982 1478 3006 esse
1512 2969 1720 3005 increatum
1751 2975 1816 3004 aut
1848 2966 2168 3015 omnipotentem,
2198 2966 2304 3002 nullo
2332 2965 2452 3002 modo

1396 3023 1443 3059 de
1463 3023 1634 3058 humana
1653 3028 1788 3056 natura
1807 3019 1995 3055 dicuntur.
2016 3018 2155 3055 Divina
2174 3025 2300 3054 autem
2318 3025 2453 3055 natura

1396 3074 1489 3111 nihil
1516 3072 1774 3122 participative
1803 3071 1933 3120 recipit
1960 3071 2008 3108 ab
2036 3072 2208 3107 humana
2228 3078 2375 3107 natura.
2393 3071 2453 3107 »Et

1395 3127 1482 3164 ideo
1502 3138 1547 3163 ea
1566 3137 1665 3174 quae
1685 3132 1773 3162 sunt
1800 3125 1993 3161 humanae
2012 3131 2182 3167 naturae,
2202 3124 2307 3159 nullo
2331 3123 2451 3160 modo

1395 3186 1557 3228 possunt
1585 3177 1658 3214 dici
1687 3178 1734 3214 de
1763 3177 1903 3215 divina.

1450 3310 1477 3343 γ)
1495 3310 1688 3344 significantur.
1706 3325 1725 3329 —
1742 3310 1897 3343 significant
1915 3309 1943 3339 F,
1962 3309 2130 3342 significatur
2149 3309 2171 3333 H
2192 3314 2217 3333 et
2235 3309 2369 3334 editiones.

1450 3345 1474 3380 δ)
1494 3352 1621 3379 ungens...
1641 3349 1728 3371 uncta.
1746 3359 1766 3364 -
1784 3345 1902 3371 uniens...
1921 3345 1996 3369 unita
2015 3345 2047 3370 H.

2486 2178 2496 2188 ⁸
2507 2178 2553 2205 Qu.
2564 2183 2642 2205 xxxix,
2653 2181 2696 2199 art.

2485 2210 2504 2231 5.

2482 2641 2581 2672 masc'en.
2596 2651 2626 2672 de
2633 2651 2691 2672 Fide

2482 2676 2563 2703 Orth„
2587 2677 2627 2698 lib.
2652 2678 2692 2703 111.

2481 2708 2531 2731 cap.
2542 2709 2573 2731 vt,
2587 2709 2620 2731 ιι,
2635 2710 2690 2726 xvn.
