2872 3970
171 749 182 759 ⁸
198 749 248 769 Art.
270 746 385 775 praeced,

171 774 200 796 ad
214 781 234 796 2.

171 1002 181 1013 ⁴
190 1002 237 1029 Qu.
248 1008 286 1029 xv,
296 1006 337 1024 art.
350 1009 384 1024 in.

418 285 488 321 160

413 375 513 413 quae
551 375 621 412 per
649 374 784 399 sensus
821 361 1079 411 accipiuntur,
1110 367 1335 409 sequeretur
1371 359 1478 408 quod

413 428 549 453 sensus
569 416 705 452 frustra
724 414 882 452 fuissent
901 414 939 451 in
960 413 1089 450 anima
1109 412 1269 450 Christi:
1296 413 1403 462 quod
1424 419 1479 449 est

414 468 702 506 inconveniens,
731 468 893 505 Videtur
912 466 1024 516 igitur
1051 467 1156 516 quod
1187 465 1316 503 anima
1339 464 1478 502 Christi

412 534 493 560 non
520 520 687 572 potuerit
714 520 919 569 intelligere
957 519 1028 557 nisi
1056 519 1318 557 convertendo
1357 531 1396 556 se
1429 518 1478 556 ad

412 576 693 625 phantasmata.

467 629 541 666 SED
571 639 715 665 CONTRA
743 638 809 663 Esr
837 626 945 676 quod
973 625 1102 663 anima
1131 624 1271 662 Christi
1299 623 1479 672 cognovit

413 681 607 731 quaedam
644 692 744 729 quae
773 691 843 729 per
875 680 1144 729 phantasmata
1181 677 1360 726 cognosci
1398 688 1478 714 non

412 742 590 785 possunt,
625 732 765 770 scilicet
799 731 1028 769 substantias
1067 738 1257 781 separatas
1277 730 1307 767 *.
1351 729 1480 767 Potuit

411 787 524 837 igitur
559 785 763 834 intelligere
798 797 879 822 non
915 784 1176 822 convertendo
1210 796 1249 821 se
1279 783 1328 821 ad
1355 783 1478 834 phan-

412 847 584 878 tasmata.

465 895 691 930 RasPONDEo
729 903 911 928 DICENDUM
949 890 1057 939 quod
1096 889 1270 927 Christus
1306 889 1345 926 in
1381 897 1479 926 statu

412 954 499 983 ante
528 944 749 994 passionem
777 943 846 980 fuit
874 943 989 980 simul
1008 943 1132 980 viator
1161 951 1196 980 et
1225 943 1480 992 comprehen-

412 1011 486 1046 sor,
516 1006 558 1035 ut
586 997 682 1034 infra
700 996 720 1018 '¹‘
748 996 869 1045 magis
897 995 1051 1046 patebit.
1084 997 1132 1033 Et
1160 995 1367 1046 praecipue
1396 995 1479 1044 qui-

412 1052 502 1089 dem
541 1050 781 1088 conditiones
809 1049 964 1087 viatoris
1000 1049 1135 1087 habuit
1170 1061 1216 1086 ex
1251 1056 1358 1098 parte
1397 1060 1479 1086 cor-

411 1105 527 1155 poris,
549 1104 781 1153 inquantum
809 1103 878 1140 fuit
898 1102 1094 1152 passibile:
1125 1101 1366 1140 conditiones
1385 1114 1479 1139 vero

412 1157 748 1207 comprehensoris
775 1156 944 1194 maxime
964 1155 1099 1193 habuit
1127 1168 1173 1192 ex
1201 1162 1307 1205 parte
1327 1155 1479 1192 animae

411 1211 672 1248 intellectivae.
712 1211 779 1247 Est
816 1218 946 1247 autem
985 1210 1081 1246 haec
1117 1208 1286 1246 conditio
1326 1208 1479 1246 animae

412 1262 768 1314 comprehensoris,
799 1271 841 1299 ut
878 1263 984 1299 nullo
1022 1261 1143 1299 modo
1182 1261 1370 1299 subdatur
1406 1273 1478 1299 suo

412 1318 565 1368 corpori
602 1325 667 1355 aut
705 1317 753 1354 ab
791 1329 838 1354 eo
877 1316 1107 1365 dependeat,
1146 1315 1213 1353 sed
1250 1314 1414 1352 totaliter
1445 1314 1479 1352 ei

412 1370 650 1408 dominetur:
681 1369 785 1407 unde
813 1377 848 1407 et
873 1377 959 1419 post
985 1367 1305 1406 resurrectionem
1331 1381 1378 1405 ex
1400 1368 1479 1406 ani-

411 1437 477 1462 ma
503 1423 623 1472 gloria
651 1422 881 1460 redundabit
908 1422 947 1459 in
975 1434 1128 1471 corpus.
1159 1422 1217 1458 Ex
1246 1422 1322 1458 hoc
1349 1429 1477 1458 autem

412 1477 540 1515 anima
570 1476 738 1513 hominis
765 1475 922 1512 viatoris
957 1475 1100 1523 indiget
1127 1475 1175 1511 ad
1211 1475 1481 1524 phantasmata

411 1529 632 1576 converti'*,
662 1529 770 1578 quod
790 1537 845 1566 est
864 1527 1016 1578 corpori
1037 1527 1211 1575 obligata,
1234 1535 1270 1563 et
1288 1527 1480 1576 quodam-

411 1584 531 1621 modo
561 1583 595 1620 ei
624 1582 794 1620 subiecta
822 1589 858 1619 et
886 1582 934 1619 ab
963 1594 1010 1618 eo
1040 1581 1275 1631 dependens.
1316 1581 1363 1617 Et
1392 1580 1480 1617 ideo

411 1637 563 1675 animae
592 1637 743 1683 beatae,
774 1643 809 1672 et
837 1643 925 1674 ante
961 1633 1281 1672 resurrectionem
1316 1641 1353 1670 et
1379 1641 1479 1682 post,

410 1691 616 1739 intelligere
645 1696 807 1739 possunt
827 1689 974 1737 absque
996 1686 1251 1725 conversione
1279 1687 1326 1724 ad
1356 1687 1480 1735 phan-

410 1751 572 1781 tasmata
590 1743 621 1779 *.
662 1743 710 1780 Et
745 1743 822 1778 hoc
859 1741 1018 1790 quidem
1038 1746 1053 1769 Υ
1082 1747 1233 1790 oportet
1268 1739 1394 1776 dicere
1431 1740 1479 1776 de

411 1797 541 1835 anima
559 1795 709 1843 Christi,
731 1807 831 1845 quae
850 1796 963 1844 plene
984 1793 1118 1831 habuit
1136 1793 1353 1830 facultatem
1373 1805 1479 1829 com-

409 1849 667 1901 prehensoris.
921 1877 931 1883 .

463 1905 521 1940 An
551 1915 685 1940 ptumum
714 1914 813 1939 ERGO
842 1913 1024 1938 mcaNDUM
1053 1900 1161 1949 quod
1184 1898 1392 1936 similitudo
1418 1898 1479 1936 illa

461 2019 489 2052 γ)
508 2018 622 2051 quidem.
639 2031 659 2035 —
677 2017 757 2042 etiam
779 2015 842 2044 1³01,
861 2023 913 2041 orn.
934 2014 998 2040 Hbc.

462 2055 487 2089 ὃ)
506 2053 632 2080 conditio.
650 2067 670 2072 —
687 2052 806 2085 cognitio
825 2051 896 2077 EsH.

1131 279 1395 327 QUAEsrlo
1425 280 1495 325 xl,

1524 278 1816 317 ARTICULUS
1844 279 1874 316 11

1532 371 1651 407 quam
1681 358 1942 408 Philosophus
1969 358 2096 408 ponit,
2126 371 2205 396 non
2234 358 2438 396 attenditur
2470 371 2592 409 quan-

1532 420 1616 448 tum
1645 412 1694 449 ad
1722 411 1866 449 omnia.
1895 411 2142 449 Manifestum
2171 419 2226 448 est
2247 411 2350 449 enim
2370 412 2477 462 quod
2504 411 2593 449 finis

1531 465 1724 515 potentiae
1762 464 1906 502 visivae
1942 472 1998 501 est
2034 476 2264 513 cognoscere
2299 465 2467 502 colores:
2505 464 2593 502 finis

1533 526 1663 555 autem
1691 517 1883 567 potentiae
1911 515 2160 555 intellectivae
2179 529 2260 555 non
2289 525 2343 555 est
2363 529 2592 567 cognoscere

1532 571 1800 620 phantasmata
1818 569 1857 618 ²⁸²,
1885 570 1953 613 sed
1981 582 2212 619 cognoscere
2247 570 2402 620 species*
2425 569 2593 619 intelligi-
2622 571 2632 582 ⁸
2669 585 2675 592 ·

1533 623 1645 670 biles,
1675 635 1772 673 quas
1800 623 2053 672 apprehendit
2079 636 2103 661 a
2129 623 2460 673 phantasmatibus
2492 631 2528 660 et
2555 623 2594 660 in

1532 675 1876 727 phantasmatibus,
1901 676 2116 713 secundum
2145 683 2285 714 statum
2313 675 2521 727 praesentis
2539 675 2595 713 vi-

1533 737 1604 767 tae.
1642 730 1708 767 Est
1736 729 1847 778 igitur
1883 727 2091 766 similitudo
2129 737 2318 779 quantum
2353 729 2402 767 ad
2439 729 2515 767 hoc
2542 728 2596 766 'ad

1533 783 1641 833 quod
1661 782 1793 833 aspicit
1820 789 1982 832 utraque
2001 781 2186 832 potentia:
2216 794 2295 820 non
2316 790 2447 820 autem
2474 792 2595 832 quan-

1532 845 1617 874 tum
1653 836 1703 874 ad
1731 836 1807 873 hoc
1841 835 1881 873 in
1909 835 2018 884 quod
2045 834 2244 885 utriusque
2278 835 2469 885 potentiae
2505 847 2596 873 con-

1532 889 1625 927 ditio
1645 887 1658 912 δ
1685 888 1921 926 terminatur.
1951 887 2058 925 Nihil
2086 895 2214 925 autem
2243 889 2431 937 prohibet,
2461 899 2596 926 secun-

1533 943 1630 980 dum
1666 942 1839 979 diversos
1873 948 2010 987 statuS,
2039 953 2086 978 ex
2114 941 2274 978 diversis
2307 953 2391 978 rem
2426 941 2595 992 aliquam

1534 996 1582 1033 ad
1616 1007 1732 1032 suum
1767 994 1889 1031 finem
1923 993 2099 1031 tendere:
2133 993 2221 1031 finis
2254 1001 2383 1031 autem
2417 994 2597 1044 proprius

1533 1048 1693 1086 alicuius
1722 1047 1776 1085 rei
1795 1059 1949 1097 semper
1966 1054 2023 1085 est
2050 1059 2164 1085 unus.
2193 1047 2242 1084 Et
2269 1046 2369 1094 ideo,
2389 1045 2474 1085 licet
2492 1044 2597 1086 visus

1533 1102 1628 1140 nihil
1656 1109 1860 1150 cognoscat
1887 1101 2034 1149 absque
2063 1101 2202 1146 colore,
2223 1099 2432 1138 intellectus
2454 1108 2596 1148 tamen,

1533 1155 1751 1192 secundum
1766 1153 1936 1203 aliquem
1950 1161 2103 1199 statum,
2118 1161 2243 1203 potest
2262 1165 2494 1202 cognoscere
2513 1154 2598 1191 abs-

1534 1221 1610 1258 que
1638 1209 1924 1258 phantasmate:
1959 1207 2027 1243 sed
2054 1217 2134 1243 non
2163 1206 2309 1256 absque
2338 1206 2463 1257 specie
2491 1206 2598 1258 intel⁴

1524 1261 1673 1311 ligibili.

1585 1316 1643 1352 Ao
1663 1325 2049 1366 SECUNDUM-chENDUM
2069 1312 2188 1362 quod,
2203 1312 2289 1350 licet
2308 1311 2438 1351 anima
2457 1299 2598 1351 Christi

1532 1367 1644 1406 fuerit
1681 1366 1857 1405 eiusdem
1892 1373 2049 1404 naturae
2078 1377 2170 1403 cum
2205 1365 2408 1403 animabus
2440 1364 2597 1411 nostriS,

1534 1420 1669 1459 habuit
1696 1429 1826 1458 tamen
1846 1418 2015 1468 aliquem
2043 1426 2183 1456 statum
2203 1430 2323 1468 quem
2351 1418 2504 1457 animae
2527 1430 2598 1455 no·
2624 1422 2634 1433 ²

1534 1483 1632 1512 strae
1661 1485 1741 1510 non
1769 1473 1912 1510 habent
1939 1483 2044 1508 nunc
2071 1471 2111 1508 in
2140 1483 2191 1518 re,
2212 1471 2280 1509 sed
2299 1473 2427 1509 solum
2455 1471 2494 1509 in
2516 1483 2596 1522 spe,

1534 1527 1674 1564 scilicet
1702 1533 1843 1563 statum
1872 1523 2231 1575 comprehensionis
2249 1529 2273 1561 ι.
2533 1523 2538 1526 ”

1586 1581 1644 1617 An
1671 1590 1831 1617 TERTIUM
1849 1589 2031 1615 montinum
2059 1578 2178 1627 quod,
2198 1577 2284 1614 licet
2309 1577 2440 1614 anima
2459 1577 2600 1615 Christi

1532 1632 1700 1683 potuerit
1727 1630 1933 1679 intelligere
1952 1642 2032 1667 non
2060 1630 2322 1668 convertendo
2344 1642 2384 1667 se
2404 1629 2454 1668 ad
2475 1630 2600 1679 phan—

1533 1694 1705 1732 tasmata,
1735 1692 1883 1734 poterat
1909 1691 2041 1721 tamen
2059 1683 2265 1732 intelligere
2293 1695 2333 1720 se
2361 1683 2411 1720 ad
2438 1683 2600 1732 phanta-

1533 1747 1656 1777 smata
1683 1737 1958 1776 convertendo.
1989 1737 2039 1773 Et
2065 1736 2153 1774 ideo
2181 1748 2317 1777 sensus
2336 1747 2417 1773 non
2444 1735 2601 1778 fuerunt

1532 1793 1669 1830 frustra
1707 1791 1745 1829 in
1782 1791 1866 1841 ipso
1893 1789 1923 1827 t:
1961 1789 2186 1839 praesertim
2221 1801 2312 1827 cum
2347 1800 2483 1826 sensus
2519 1785 2600 1837 np'n

1532 1846 1672 1882 dentur
1699 1843 1849 1881 homini
1869 1844 1995 1880 solum
2025 1842 2075 1879 ad
2101 1841 2299 1880 scientiam
2318 1841 2600 1890 intellectivam,

1533 1899 1600 1936 sed
1629 1898 1744 1935 etiam
1772 1897 1822 1934 ad
1849 1895 2114 1934 necessitatem
2141 1895 2242 1933 vitae
2271 1894 2457 1934 animalis.

1582 2012 1604 2045 ε)
1623 2015 1724 2038 statum
1738 2011 1988 2044 comprehensionis.
1998 2025 2018 2029 —
2029 2013 2129 2036 statum
2146 2008 2210 2044 (om.
2224 2009 2262 2035 εΗ
2277 2015 2301 2035 et
2316 2009 2357 2044 bc)
2370 2004 2603 2043 comprehenmrffs

1529 2048 1608 2118 Hlsg
1625 2049 1731 2116 3⁷⁵2?—
1749 2083 1808 2115 Ipsa
1827 2082 1856 2108 P.

1086 2174 1423 2207 Commentario.
1444 2172 1699 2207 Oarfflnalis
1721 2171 1924 2205 Caietam

410 2279 577 2345 Trrurus
607 2268 710 2298 clarus
737 2271 794 2296 est.
818 2284 837 2287 -
863 2265 898 2295 In
930 2274 1065 2304 corpore
1096 2264 1190 2294 unica
1215 2269 1262 2294 est
1291 2262 1476 2293 conclusio:
1501 2259 1505 2299 I
1529 2262 1655 2293 vinctus
1680 2261 1840 2301 experitur
1869 2260 2161 2300 phantasmatibus,
2191 2268 2226 2291 se
2255 2265 2378 2290 teneat:
2410 2268 2451 2290 an
2480 2259 2603 2292 scilieet

469 2314 586 2345 Anima
620 2311 740 2342 Christi
766 2309 942 2341 secundum
975 2309 1142 2340 scientiam
1177 2308 1320 2350 infusam
1344 2311 1478 2347 poterat

408 2359 591 2399 intelligere
613 2357 731 2396 absque
754 2354 966 2386 conversione
985 2354 1028 2384 ad
1045 2353 1286 2393 phantasmata.
1310 2351 1476 2382 Probatur.

409 2403 564 2434 Conditio
588 2402 713 2432 animae
729 2399 1007 2439 comprehensoris
1024 2403 1071 2428 est
1086 2403 1122 2428 ut
1137 2396 1228 2428 nullo
1243 2395 1345 2427 modo
1361 2395 1477 2426 subda-

408 2455 459 2479 tur
478 2458 538 2479 suo
555 2446 684 2486 corpori
700 2450 755 2475 aut
770 2444 809 2473 ab
827 2453 866 2474 eo
884 2442 1073 2483 dependeat.
1097 2442 1183 2482 Ergo
1207 2441 1332 2471 animae
1356 2440 1476 2475 beatae,

408 2498 482 2523 ante
512 2498 543 2523 et
573 2496 647 2531 post
677 2488 953 2523 resurrectionem,
978 2487 1154 2526 intelligere
1188 2490 1325 2525 possunt
1357 2484 1477 2524 absque

408 2537 619 2567 conversione
648 2533 687 2564 ad
715 2533 944 2573 phantasmata.
978 2531 1064 2571 Ergo
1093 2530 1199 2560 anima
1223 2529 1341 2560 Christi
1371 2529 1478 2570 potuit

407 2581 584 2621 intelligere
608 2579 729 2618 absque
753 2576 963 2607 conversione
988 2575 1027 2605 ad
1050 2575 1280 2615 phantasmata.

463 2623 666 2656 Antecedens
689 2621 916 2652 manifestatur.
941 2620 1036 2658 Quia,
1053 2625 1127 2660 post
1142 2619 1417 2654 resurrectionem,
1440 2628 1477 2648 ex

408 2671 514 2701 anima
529 2667 718 2699 redundabit
731 2666 832 2706 gloria
848 2665 887 2696 ad
904 2674 1030 2704 corpus.
1043 2683 1066 2686 —
1077 2664 1118 2694 Et
1134 2664 1235 2703 prima
1247 2664 1478 2703 consequentia

408 2715 570 2755 probatur.
602 2713 687 2750 Quia
713 2710 854 2750 indigere
882 2709 1092 2740 conversione
1123 2708 1162 2738 ad
1189 2708 1408 2748 phantasmata
1432 2713 1478 2737 est

408 2770 447 2790 ex
470 2759 533 2789 hoc
557 2757 646 2798 quod
670 2756 777 2786 anima
801 2760 848 2786 est
870 2754 999 2794 corpori
1016 2753 1164 2793 obligata,
1182 2758 1214 2782 et
1233 2751 1477 2792 quodammodo

408 2805 438 2834 ei
462 2803 602 2833 subiecta
636 2807 666 2832 et
693 2801 732 2830 ab
757 2810 795 2830 eo
824 2798 1018 2839 dependens,
1042 2815 1065 2819 -
1088 2796 1235 2828 Secunda
1258 2806 1334 2827 vero
1366 2806 1478 2826 conse-

409 2848 539 2888 quentia
569 2847 731 2887 probatur.
763 2844 847 2882 Quia
872 2843 1017 2874 Christus
1045 2847 1117 2872 ante
1145 2841 1327 2882 passionem
1356 2840 1415 2871 fuit
1438 2842 1478 2871 si-

408 2892 477 2923 mul
501 2892 602 2921 viator
626 2897 657 2921 et
681 2889 947 2929 comprehensor:
973 2887 1223 2927 comprehensor
1245 2886 1417 2925 praecipue
1441 2895 1478 2915 ex

408 2942 497 2977 parte
521 2937 645 2966 animae
668 2934 897 2968 intellectivae;
922 2933 1024 2962 viator
1048 2941 1086 2962 ex
1108 2936 1196 2971 parte
1221 2930 1374 2971 corporis.

465 2981 501 3011 ll.
527 2979 620 3010 Circa
645 2978 818 3010 efficaciam
841 2978 930 3007 istius
949 2985 1117 3016 processus
1142 2974 1276 3005 dubium
1304 2975 1408 3004 statim
1425 2984 1479 3004 oc-

409 3026 516 3061 currit,
541 3025 626 3065 quia,
651 3031 806 3054 concesso
825 3027 906 3057 toto,
931 3031 998 3051 non
1018 3019 1151 3051 infertur
1174 3019 1357 3060 propositae
1382 3028 1479 3059 quae-

409 3070 520 3100 stionis
536 3069 657 3099 intenta
673 3067 851 3098 conclusio.
872 3066 955 3097 Nam
971 3065 1138 3096 conclusio
1151 3063 1315 3095 inferenda
1327 3069 1373 3094 est
1389 3063 1478 3103 quod

410 3115 515 3145 anima
539 3113 656 3143 Christi
680 3117 786 3152 potest
814 3111 934 3150 absque
965 3109 1174 3140 conversione
1197 3108 1238 3139 ad
1261 3109 1479 3148 phantasmata

410 3158 584 3197 intelligere
608 3155 786 3187 secundum
810 3155 975 3185 scientiam
1002 3153 1151 3184 infusam.
1188 3153 1223 3183 In
1247 3153 1348 3183 littera
1371 3157 1478 3182 autem

410 3202 552 3237 infertur,
577 3210 643 3231 non
668 3199 751 3230 dicta
778 3198 955 3234 conclusio,
980 3198 1035 3228 sed
1063 3198 1207 3228 absolute
1239 3196 1328 3238 quod
1359 3197 1478 3237 absque

411 3245 622 3277 conversione
634 3243 672 3274 ad
685 3244 903 3284 phantasmata
920 3243 1024 3272 anima
1037 3242 1154 3273 Christi
1170 3242 1277 3282 potuit
1292 3241 1477 3281 intelligere.

466 3290 516 3320 Ad
540 3290 602 3319 hoc
627 3288 742 3318 dicitur
765 3286 854 3327 quod
877 3287 1001 3317 Auctor
1024 3287 1178 3316 sollicitus
1203 3286 1278 3322 suit,
1306 3295 1374 3316 non
1397 3285 1479 3316 circa

412 3335 515 3369 verba,
541 3332 596 3364 sed
619 3333 702 3364 circa
725 3331 804 3362 illud
827 3332 859 3361 in
876 3340 943 3370 quo
968 3331 1111 3361 consistit
1131 3330 1306 3361 difficultas.
1332 3330 1478 3360 Concur-

412 3379 554 3409 rentibus
570 3383 677 3408 autem
702 3375 829 3406 duobus
845 3374 939 3405 simul
963 3373 1001 3404 ad
1026 3375 1223 3414 propositam
1246 3374 1478 3415 quaestionem,

413 3422 531 3452 scilicet
555 3422 699 3462 potentia
722 3419 913 3451 intellectiva
937 3424 967 3448 et
991 3418 1099 3448 habitu
1119 3419 1267 3449 scientiae
1284 3418 1423 3454 infusae;
1449 3424 1479 3449 et

414 3475 487 3496 cum
505 3476 542 3496 ex
559 3471 646 3506 parte
663 3465 811 3495 scientiae
829 3473 865 3494 ex
883 3472 941 3493 suo
954 3471 1069 3502 genere
1086 3461 1207 3492 infusae
1225 3462 1311 3492 nulla
1327 3463 1479 3492 habeatur

413 3511 492 3540 ratio
518 3510 636 3540 vinculi
663 3509 701 3539 ad
726 3509 960 3549 phantasmata,
994 3507 1071 3546 quin
1102 3507 1210 3545 potius
1242 3516 1278 3536 ex
1305 3507 1364 3537 hac
1390 3511 1478 3547 parte

414 3555 547 3584 habetur
571 3554 705 3584 elevatio
730 3562 824 3592 supra
848 3552 1083 3591 phantasmata;
1115 3555 1208 3580 restat
1239 3556 1274 3580 ut
1301 3555 1367 3580 tota
1398 3549 1478 3580 diffi-

414 3598 515 3628 cultas
540 3608 575 3628 ex
602 3604 688 3637 parte
714 3597 908 3630 intellectus,
934 3595 988 3635 qui
1013 3594 1145 3624 naturali
1170 3593 1402 3624 necessitudine
1426 3593 1479 3624 de-

1530 2306 1673 2337 naturale
1696 2305 1863 2336 vinculum
1885 2306 1968 2336 inter
1990 2305 2188 2336 intellectum
2211 2304 2391 2335 humanum
2414 2309 2446 2335 et
2467 2304 2606 2344 phanta—

1530 2356 1631 2381 smata
1654 2350 1769 2382 efficiat
1791 2355 1919 2381 ut-non
1941 2349 2043 2390 possit
2066 2349 2163 2380 etiam
2185 2347 2290 2379 infusa
2313 2348 2362 2379 uti
2383 2348 2516 2380 scientia
2535 2349 2602 2380 nisi

1530 2394 1749 2427 convertendo
1773 2404 1807 2426 se
1831 2394 1871 2425 ad
1886 2394 2115 2434 phantasmata.
2139 2393 2182 2424 Et
2196 2391 2281 2428 ideo,
2297 2391 2489 2423 difficultatis
2504 2393 2601 2424 huit-

1529 2440 1660 2471 veritate
1683 2444 1801 2480 aperta,
1822 2438 2032 2470 monstrando
2049 2437 2139 2478 quod
2154 2437 2334 2468 intellectus
2349 2437 2601 2477 comprehenso·

1530 2494 1612 2520 rum,
1637 2494 1674 2516 ac
1697 2493 1755 2524 per
1777 2484 1840 2514 hoc
1864 2483 1989 2514 animae
2013 2481 2140 2518 Christi,
2163 2490 2232 2512 non
2255 2481 2414 2521 obligatur
2437 2480 2477 2511 ad
2498 2481 2600 2522 phan-

1530 2534 1679 2565 tasmata3
1703 2538 1763 2569 pro
1788 2528 1946 2558 constanti
1970 2532 2002 2558 et
2024 2526 2110 2557 claro
2134 2525 2302 2557 dimissum
2321 2531 2368 2556 est
2390 2525 2469 2565 quid
2492 2524 2601 2557 dieen-

1531 2573 1608 2604 dum
1625 2574 1664 2604 sit
1684 2572 1723 2603 ad
1739 2572 1936 2613 quaesitum:
1962 2571 2082 2602 scilicet
2105 2569 2194 2611 quod
2217 2570 2332 2610 potuit,
2357 2569 2536 2600 secundum
2551 2570 2600 2600 in-

1531 2618 1634 2648 fusam
1658 2618 1833 2652 scientiam,
1859 2616 1976 2647 Christi
2000 2616 2105 2646 anima
2128 2615 2304 2654 intelligere
2328 2614 2448 2655 absque
2467 2623 2600 2645 conver-

1530 2663 1621 2693 sione
1645 2661 1685 2692 ad
1708 2662 1938 2702 phantasmata.

1586 2707 1637 2737 111.
1662 2706 1697 2736 In
1721 2705 1837 2736 eodem
1861 2714 2013 2745 processu
2040 2703 2175 2735 dubium
2203 2704 2342 2735 occurrit
2365 2713 2403 2734 ex
2427 2703 2599 2741 Durando,

1530 2752 1564 2782 in
1581 2751 1621 2782 111
1639 2750 1736 2786 Sent„
1757 2749 1826 2781 dist.
1844 2759 1906 2785 xrv,
1923 2759 1977 2790 qu.
1994 2759 2017 2779 11
2028 2750 2055 2785 ⁵⁵,
2072 2754 2202 2779 tenente
2218 2748 2402 2789 oppositam
2418 2748 2600 2780 conclusio-

1531 2805 1624 2831 nem,
1648 2795 1711 2826 hoc
1736 2800 1798 2830 est,
1831 2793 1921 2834 quod
1952 2793 2097 2824 Christus
2127 2793 2289 2834 indigebat
2319 2792 2530 2823 conversione
2560 2792 2600 2823 ad

1531 2841 1750 2881 phantasmata
1773 2839 1807 2869 in
1822 2848 1883 2869 usu
1899 2838 2050 2868 scientiae
2066 2837 2199 2868 infusae.
2225 2837 2266 2868 Et
2281 2838 2360 2868 ratio
2377 2837 2446 2867 eius
2461 2842 2509 2867 est
2524 2836 2600 2877 quia

1531 2885 1662 2915 scientia
1678 2883 1782 2914 infusa
1799 2888 1864 2914 erat
1879 2882 2034 2923 perfectio
2047 2882 2171 2912 animae
2185 2881 2303 2912 Christi
2318 2880 2498 2912 secundum
2509 2880 2600 2922 quod

1532 2935 1597 2960 erat
1620 2929 1737 2959 viator:
1762 2927 1912 2958 naturalis
1936 2933 2044 2958 autem
2060 2925 2204 2957 conditio
2220 2926 2349 2956 viatoris
2365 2931 2412 2956 est
2426 2925 2599 2966 indigentia

1531 2975 1791 3014 phantasmatum
1815 2971 1855 3002 ad
1878 2981 1974 3002 usum
1997 2972 2158 3002 scientiae.

1588 3017 1651 3048 Sed
1666 3018 1745 3048 haec
1761 3017 1840 3047 ratio
1858 3016 1949 3046 facile
1965 3021 2095 3056 apparet
2111 3014 2237 3046 infirma
2251 3023 2288 3045 ac
2299 3013 2486 3045 voluntaria.
2506 3012 2598 3052 Quo-

1532 3063 1619 3092 niam
1643 3062 1774 3092 scientia
1797 3061 1902 3092 infusa
1925 3065 1972 3091 est
1994 3059 2149 3100 perfectio
2173 3059 2299 3091 animae
2322 3057 2439 3089 Christi
2466 3062 2522 3088 aut
2543 3057 2598 3087 ab-

1532 3107 1654 3137 solute:
1685 3111 1740 3136 aut
1763 3104 1944 3137 secundum
1968 3103 2058 3145 quod
2087 3109 2160 3136 nata
2185 3109 2231 3134 est
2253 3101 2492 3134 communicare
2522 3110 2599 3132 cum

1532 3150 1652 3191 angelis
1675 3151 1708 3180 in
1731 3147 1880 3180 habendo
1904 3149 2069 3180 scientiam
2088 3148 2237 3184 infusam,
2261 3144 2351 3188 quod
2373 3151 2497 3177 constat
2520 3155 2598 3177 con-

1532 3196 1639 3226 venire
1664 3195 1788 3225 animae
1812 3195 1972 3225 humanae
1998 3202 2066 3224 non
2089 3193 2122 3224 in
2146 3191 2212 3228 via,
2243 3189 2300 3221 sed
2322 3190 2355 3222 in
2378 3189 2534 3226 termino,
2564 3190 2598 3220 in

1532 3245 1614 3270 statu
1631 3239 1750 3270 scilicet
1766 3238 1982 3279 separationis.
1999 3237 2080 3268 Utro
2093 3242 2200 3268 autem
2211 3232 2312 3266 modo
2326 3233 2376 3270 sit,
2391 3233 2494 3274 liquet
2508 3233 2599 3274 quod

1532 3293 1599 3315 non
1623 3289 1670 3315 est
1692 3283 1847 3324 perfectio
1872 3282 1989 3313 Christi
2012 3282 2204 3322 inquantum
2228 3283 2294 3310 erat
2315 3277 2426 3308 viator.
2451 3277 2492 3308 Et
2516 3287 2599 3318 quo-

1532 3329 1619 3360 niam
1650 3333 1716 3359 erat
1746 3327 1840 3358 simul
1864 3327 1965 3357 viator
1991 3332 2023 3357 et
2046 3324 2311 3365 comprehensor,
2342 3330 2380 3353 ex
2406 3322 2509 3353 littera
2539 3322 2598 3353 hac

1532 3373 1629 3404 habes
1653 3373 1809 3403 rationem
1833 3380 1931 3412 quare
1954 3370 2054 3411 magis
2077 3378 2154 3401 usus
2171 3367 2267 3399 huius
2281 3366 2431 3397 scientiae
2454 3366 2599 3407 sequitur

1533 3416 1734 3448 conditiones
1758 3413 2034 3456 comprehensoris
2058 3421 2155 3454 quam
2170 3410 2314 3442 viatoris:
2339 3410 2414 3450 quia
2430 3410 2549 3441 scilicet
2563 3411 2598 3441 in

1533 3461 1660 3492 Christo
1677 3461 1755 3491 haec
1771 3459 1930 3490 invenitur
1945 3456 2129 3492 differentia,
2147 3453 2235 3496 quod
2252 3453 2453 3485 conditiones
2469 3454 2599 3484 viatoris

1533 3505 1642 3535 habuit
1666 3515 1703 3535 ex
1726 3509 1814 3544 parte
1834 3502 1987 3543 corporis,
2011 3500 2212 3532 conditiones
2228 3507 2304 3528 vero
2321 3499 2598 3539 comprehensoris

1534 3549 1643 3579 habuit
1674 3549 1811 3579 maxime
1842 3557 1880 3578 ex
1906 3551 1994 3587 parte
2017 3545 2141 3575 animae
2171 3542 2398 3578 intellectivae,
2430 3542 2469 3573 ad
2500 3551 2597 3583 quam

1535 3597 1657 3623 constat
1681 3598 1821 3632 spectare
1845 3590 2008 3622 scientiam
2024 3587 2171 3619 infusam.
2197 3586 2326 3618 Falsum
2343 3592 2388 3618 est
2405 3596 2480 3627 ergo
2497 3587 2599 3618 scien-

2628 2754 2795 2783 ·Al.qn.m.
2834 2768 2836 2770 -
