2872 3970
256 2376 266 2386 ⁸
280 2376 307 2397 D.
322 2375 375 2403 906.

355 2484 370 2517 β

261 2646 270 2655 ·
286 2644 365 2672 τορὶο.
385 2644 425 2665 nb.
442 2643 469 2670 11,

260 2677 311 2698 cup.
325 2676 356 2697 xi,
371 2676 392 2691 n.
408 2676 430 2695 4.

270 3063 342 3089 ‘Arm
356 3062 404 3084 Sed
416 3064 476 3083 conl.

479 319 558 367 484

1264 443 1581 488 ARTICULUS
1611 442 1867 495 QUINTUS

779 539 936 572 UTRUM
959 538 1118 571 FUERlT
1142 537 1250 569 IDEM
1272 535 1460 568 NUMERo
1484 534 1654 566 coapus
1676 533 1850 566 cnms‘ri
1871 532 2074 566 V1VENT1s
2095 532 2154 565 ΕΤ
2177 531 2349 564 MORTm

1114 617 1210 647 Quodl.
1229 616 1257 647 11,
1277 623 1322 648 qu.
1340 621 1358 643 ι,
1377 618 1424 639 art.
1445 620 1455 638 ι
1466 621 1474 644 ;
1493 613 1534 644 111,
1553 620 1598 645 qu.
1615 619 1643 644 11,
1663 617 1709 638 art.
1730 619 1754 642 2.
1767 612 1799 637 ad
1819 619 1830 637 ι
1841 620 1849 643 ;
1867 611 1909 642 tv.
1928 619 1974 644 qu,
1991 619 2016 636 v.

514 715 581 748 272³(
596 718 652 744 »α
689 711 712 736 D
732 708 891 741 Qum-rum
911 708 962 733 s1c
982 705 1217 732 moeson-ua.
1246 692 1408 730 Videtur
1431 690 1538 739 quod

508 742 663 810 ἱςαῇζιό,
690 762 771 787 non
807 748 876 786 fuit
912 747 1016 784 idem
1050 756 1215 784 numero
1253 755 1394 794 corpus
1430 741 1539 780 Chri-

500 805 547 858 ’,ςῇ
560 819 619 846 ν,
634 794 680 847 ἦ*
692 803 736 840 sti
772 799 934 838 viventis
972 807 1008 836 et
1035 797 1188 836 mortui.
1229 796 1400 834 Christus
1435 791 1540 832 enim

509 852 513 856 ’
538 831 634 887 (3³³⁴)
649 848 782 891 &vere
801 859 978 890 mortuus
1005 851 1084 898 fuit,
1105 850 1200 887 sicut
1228 857 1264 885 et
1283 848 1344 886 alii
1363 846 1540 885 homines

482 908 710 946 moriuntur.
741 906 817 944 Sed
837 915 977 954 corpus
997 902 1277 951 cuiuscumque
1297 899 1448 938 alterius
1472 900 1541 936 ho-

483 961 596 998 minis
623 971 704 996 non
723 965 778 995 est
797 956 1015 1006 simpliciter
1033 955 1137 992 idem
1156 965 1321 991 nurnero
1342 959 1542 989 mortuum

483 1020 519 1049 et
555 1012 709 1048 vivum:
749 1010 839 1059 quia
875 1008 1057 1045 differunt
1093 1005 1280 1044 essentiali
1318 1003 1540 1042 differentia.

483 1065 584 1112 Ergo
603 1075 731 1113 neque
751 1073 891 1111 corpus
907 1059 1046 1097 Christi
1065 1067 1120 1096 est
1139 1058 1242 1096 idem
1256 1068 1420 1095 numero
1440 1067 1542 1094 mor-

483 1125 595 1154 tuum
623 1123 659 1153 et
675 1115 812 1152 vivum
840 1112 1059 1163 simpliciter
1078 1117 1106 1148 ⁴².

539 1180 572 1205 2.
604 1169 842 1212 PRAETEREA,
869 1165 1086 1203 secundum
1113 1163 1414 1212 Philosophum,
1443 1162 1482 1199 in
1509 1161 1545 1198 V

351 1231 363 1246 0
388 1229 459 1277 30¹2&
484 1222 696 1270 Metaphys.
717 1219 756 1267 ²¹²,
786 1229 1057 1268 quaecumque
1094 1224 1183 1254 sunt
1214 1215 1365 1253 diversa
1398 1213 1543 1264 specie,

485 1281 574 1311 sunt
599 1273 749 1310 diversa
777 1271 891 1308 etiam
919 1281 1096 1307 numero.
1132 1269 1209 1306 Sed
1236 1279 1378 1317 corpus
1405 1265 1545 1304 Christi

485 1325 620 1363 vivum
648 1333 685 1362 et
711 1331 911 1362 mortuum
939 1321 1008 1359 fuit
1044 1321 1241 1359 diversum
1269 1319 1414 1370 specie:
1455 1318 1546 1368 quia

486 1390 566 1416 non
594 1377 730 1415 dicitur
758 1377 893 1414 oculus
921 1381 987 1412 aut
1013 1385 1103 1411 caro
1137 1372 1280 1411 mortui
1312 1371 1384 1410 nisi
1416 1371 1546 1421 aequi—

486 1443 595 1478 voce,
615 1438 658 1467 ut
683 1437 785 1479 patet
811 1439 881 1479 per
903 1426 1197 1476 Philosophum,
1218 1433 1255 1462 et
1279 1424 1319 1462 in
1343 1425 1374 1462 ΙΙ
1393 1425 1438 1462 de
1455 1425 1546 1461 Ani-

449 1497 459 1502 ·
487 1495 550 1520 ma
564 1483 584 1505 *
607 1491 643 1519 et
656 1483 722 1519 VII
735 1482 949 1530 Metaphys.
965 1479 1005 1501 *³¹⁸
1025 1480 1127 1528 Ergo
1146 1490 1288 1528 corpus
1308 1476 1448 1523 Christi
1467 1488 1548 1514 non

487 1535 555 1573 fuit
583 1534 802 1584 simpliciter
819 1533 923 1571 idem
942 1543 1107 1569 numero
1123 1530 1260 1568 vivum
1280 1538 1316 1567 et
1334 1537 1546 1567 mortuum.

543 1588 577 1624 3.
607 1589 846 1634 PRAETEREA,
875 1597 981 1622 mors
1018 1592 1074 1621 est
1110 1583 1304 1633 corruptio
1342 1582 1547 1632 quaedam.

490 1640 566 1678 Sed
591 1639 683 1677 illud
703 1639 810 1689 quod
829 1637 1088 1686 corrumpitur
1107 1635 1352 1686 corruptione
1375 1634 1549 1672 substan-

487 1692 575 1739 tiali,
595 1700 803 1743 postquam
830 1698 1057 1739 corruptum
1076 1696 1142 1736 est,
1163 1689 1241 1726 iam
1260 1699 1340 1725 non
1360 1695 1429 1724 est:
1459 1686 1551 1736 quia

452 1763 463 1769 -
489 1745 683 1794 corruptio
704 1751 759 1781 est
778 1745 930 1780 mutatio
949 1743 995 1779 de
1013 1754 1089 1779 esse
1107 1743 1144 1778 in
1165 1753 1240 1778 non
1255 1753 1332 1778 esse
1344 1740 1375 1776 *.
1398 1740 1551 1789 Corpus

438 1795 462 1826 *¹3
490 1797 600 1847 igitur
629 1796 780 1842 Christi,
809 1802 1017 1846 postquam
1043 1801 1244 1831 mortuum
1271 1793 1358 1839 fuit,
1386 1804 1466 1829 non
1494 1804 1551 1829 re-

490 1849 629 1887 mansit
656 1849 761 1886 idem
780 1859 962 1886 numero:
993 1858 1081 1884 cum
1103 1857 1209 1883 mors
1233 1845 1278 1882 sit
1297 1844 1552 1882 substantialis

491 1901 696 1951 corruptio.

546 1955 619 1992 SED
649 1965 793 1990 CONTRA
820 1964 885 1989 EST
905 1951 1013 2002 quod
1033 1950 1263 1987 Athanasius
1282 1949 1382 1995 dicit,
1403 1949 1443 1986 in
1462 1947 1552 1998 Epi—

458 2027 465 2034 ·
492 2008 587 2044 stola
614 2007 665 2044 ad
689 2007 894 2055 Epictetum
913 2004 949 2040 ³¹¹.-
980 2004 1207 2040 circumciso
1235 2014 1404 2051 corpore,
1429 2007 1462 2038 et
1483 2013 1553 2051 po-

492 2065 565 2097 tato
593 2065 626 2095 et
653 2058 901 2095 manducante
932 2062 966 2093 et
991 2057 1200 2102 laborante,
1229 2061 1262 2092 et
1290 2057 1327 2091 in
1355 2054 1460 2104 ligno
1497 2054 1553 2092 af-

482 2114 583 2161 fixo,
604 2117 683 2148 erat
706 2110 927 2160 impassibile
953 2112 987 2145 ‘et
1005 2110 1267 2158 incorporeum
1286 2107 1360 2143 Dei
1374 2107 1555 2144 Verbum:

492 2166 562 2202 hoc
581 2169 660 2200 erat
685 2165 723 2200 in
746 2162 914 2212 sepulcro
937 2163 1110 2210 positum.
1141 2160 1217 2197 Sed
1245 2171 1387 2208 corpus
1416 2157 1555 2196 Christi

492 2216 628 2253 vivum
646 2215 716 2252 fuit
734 2214 1005 2252 circumcisum
1025 2220 1060 2249 et
1079 2212 1119 2249 in
1138 2212 1239 2261 ligno
1263 2211 1442 2248 affixum:
1472 2223 1554 2248 cor-

493 2281 567 2318 pus
595 2276 725 2305 autem
754 2266 893 2304 Christi
921 2273 1121 2303 mortuum
1149 2265 1218 2302 suit
1243 2263 1415 2314 positum
1439 2263 1479 2300 in
1498 2275 1554 2300 se-

494 2323 639 2370 pulcro.
669 2321 771 2368 Ergo
795 2321 871 2356 hoc
890 2318 994 2355 idern
1022 2330 1163 2367 corpus
1185 2317 1293 2366 quod
1320 2316 1389 2353 fuit
1406 2316 1554 2363 vivum,

494 2374 563 2411 fuit
590 2381 626 2410 et
653 2381 853 2409 mortuum
871 2371 901 2407 ³¹⁶.

548 2427 771 2463 Respoxmsso
790 2436 972 2462 DICENDUM
991 2423 1099 2472 quod
1127 2424 1204 2460 hoc
1231 2422 1338 2472 quod
1357 2421 1443 2459 dico
1470 2423 1556 2458 sim-

491 2479 647 2528 pliciter,
663 2485 787 2527 potest
801 2476 1001 2526 dupliciter
1020 2475 1150 2525 accipi.
1176 2475 1265 2513 Uno
1287 2474 1419 2522 modo,
1436 2474 1536 2523 quod
1543 2471 1558 2503 β

495 2531 708 2582 simpliciter
734 2529 839 2566 idem
867 2536 921 2566 est
949 2529 1056 2579 quod
1083 2528 1267 2565 absolute.-
1301 2527 1397 2564 sicut
1423 2527 1557 2576 simpli-

497 2585 586 2620 citer
613 2583 745 2620 dicitur
772 2582 870 2631 quod
896 2582 997 2619 nullo
1030 2580 1157 2630 addito*
1180 2581 1333 2626 dicitur,
1362 2586 1404 2616 ut
1431 2579 1558 2616 Philo-

498 2636 644 2685 sophus
664 2634 752 2671 dicit
770 2634 800 2671 *.
831 2634 879 2671 Et
898 2634 974 2671 hoc
992 2633 1112 2670 modo
1132 2645 1274 2682 corpus
1294 2631 1433 2669 Christi
1456 2644 1558 2669 mor-

498 2697 611 2725 tuum
630 2695 665 2724 et
683 2687 819 2724 vivum
838 2686 1057 2735 simpliciter
1077 2686 1146 2723 fuit
1165 2685 1268 2722 idem
1287 2697 1464 2722 numero.
1494 2684 1559 2721 Di-

499 2741 596 2778 citur
623 2739 727 2776 enim
755 2739 899 2788 aliquid
919 2751 1000 2776 esse
1020 2738 1125 2775 idem
1144 2750 1308 2776 numero
1328 2737 1559 2787 simpliciter,

500 2792 591 2842 quia
619 2799 673 2828 est
701 2791 900 2840 supposito
929 2791 1044 2828 idem.
1084 2791 1236 2840 Corpus
1264 2797 1395 2828 autem
1422 2789 1560 2827 Christi

500 2845 637 2882 vivum
669 2852 706 2880 et
732 2852 932 2881 mortuum
968 2843 1037 2881 fuit
1073 2843 1272 2893 supposito
1309 2843 1433 2880 idem:
1469 2842 1561 2891 quia

501 2909 581 2935 non
600 2896 734 2934 habuit
753 2896 866 2934 aliam
881 2895 1119 2946 hypostasim
1137 2896 1274 2933 vivum
1293 2903 1329 2932 et
1348 2902 1559 2942 mortuum,

501 2957 651 3000 praeter
677 2949 914 2998 hypostasim
935 2949 1007 2986 Dei
1025 2948 1154 2996 Verbi,
1176 2956 1219 2986 ut
1237 2959 1354 2998 supra
1370 2948 1392 2970 ¹⁸⁸
1416 2947 1562 2985 dictum

503 3010 569 3038 est.
599 3002 647 3038 Et
665 3002 742 3038 hoc
769 3001 888 3039 modo
917 3000 1087 3051 loquitur
1105 3000 1337 3039 Athanasius
1363 3000 1404 3038 in
1431 3007 1561 3038 aucto-

504 3053 609 3091 ritate
637 3053 792 3091 inducta
810 3053 840 3091 ²¹⁶.

557 3106 642 3144 Alio
670 3107 802 3153 modo,
822 3107 1035 3156 simpliciter
1062 3106 1163 3143 idem
1193 3114 1249 3143 est
1276 3105 1383 3155 quod
1410 3106 1563 3143 omnino

506 3160 566 3195 vel
588 3159 754 3196 totaliter.
792 3160 840 3196 Et
867 3158 920 3196 sic
947 3170 1088 3209 corpus
1117 3158 1256 3196 Christi
1290 3165 1491 3195 mortuum
1527 3164 1564 3194 et

510 3333 619 3350 numero
636 3333 658 3351 c.

562 3360 587 3393 β)
606 3362 685 3392 quod.
701 3374 721 3379 -
738 3360 882 3385 secundum
901 3361 971 3392 quod
990 3361 1018 3387 Ρ.

561 3395 587 3428 γ)
609 3396 806 3420 Gaianitarum.
823 3409 843 3414 -
861 3395 930 3426 PsC3
953 3396 1158 3425 Gratantur-um,-
1176 3396 1210 3421 ita
1227 3403 1288 3420 rnox
1309 3396 1451 3421 Galanum.

563 3429 588 3463 ὅ)
608 3431 678 3462 quia.
695 3444 714 3449 —
732 3431 765 3462 Ρ;
784 3438 837 3456 om.

1203 312 1465 361 QUAESTIO
1493 313 1546 358 L,
1575 310 1867 348 ARTICULUS
1892 310 1930 347 V

559 3291 587 3324 α)
604 3290 769 3322 simpliciter.
786 3304 806 3309 -
823 3290 885 3315 Om.
903 3289 976 3320 GHb,
996 3296 1055 3315 ante
1077 3290 1146 3315 idem
1165 3291 1238 3323 ponit
1255 3290 1284 3322 P,
1304 3294 1364 3323 poet
1380 3290 1451 3316 idem
1470 3290 1490 3328 1,
1508 3296 1568 3323 post
1672 3289 1696 3323 ε)
1714 3289 1741 3314 in
1761 3289 1830 3316 aliis.
1849 3302 1868 3308 —
1885 3288 1948 3314 Om.
1967 3288 1985 3319 1,
2003 3273 2065 3322 post
2081 3290 2200 3313 πων-ατ
2214 3285 2286 3320 ponit
2303 3285 2336 3318 G,
2351 3286 2378 3312 in
2400 3284 2507 3311 Christo
2524 3284 2566 3317 P;·
2577 3265 2681 3337 &a

1592 688 1729 726 vivum
1762 700 1844 726 non
1870 688 1940 726 fuit
1967 688 2186 739 simpliciter
2212 688 2317 727 idem
2344 700 2520 738 numero.
2559 735 2561 737 ι

1593 752 1674 778 non
1701 740 1770 778 fuit
1796 740 1958 778 totaliter
1984 740 2104 779 idem:
2134 752 2225 779 cum
2252 740 2331 779 vita
2357 740 2403 782 sit
2429 737 2599 791 aliqui&

1594 793 1757 831 essentia
1783 793 1954 844 corporis
1981 792 2156 839 viventis,
2178 801 2233 830 est
2261 792 2366 831 enim
2391 789 2526 844 praedi
2544 791 2550 795 “
2575 839 2580 842 ,
2609 835 2612 839 ,

1595 845 1804 892 essentiale,
1826 857 1907 882 non
1934 845 2182 893 accidentale3
2211 845 2315 884 unde
2335 853 2595 897 consequens:
2608 863 2615 872 2

1596 898 1704 948 quod
1731 908 1873 948 corpus
1900 898 2008 947 quod
2035 897 2171 935 desinit
2198 909 2280 936 esse
2307 897 2467 946 vivum,
2490 895 2590 937 non'

1595 950 1717 988 taliter
1743 950 1848 987 idem
1875 957 2070 988 remaneat
2087 950 2118 987 *.

1651 1003 1692 1041 Si
1719 1010 1849 1040 autem
1877 1002 2066 1040 diceretur
2091 1001 2198 1052 quod
2225 1013 2366 1053 corpus
2386 1001 2526 1041 Christi

1597 1063 1710 1093 tuum
1737 1055 1899 1093 totaliter
1926 1054 2030 1092 idem
2053 1062 2279 1102 remaneret,
2299 1055 2524 1104 sequeretur

1597 1119 1678 1145 non
1707 1114 1804 1145 esset
1839 1114 2086 1157 corruptum,
2114 1107 2360 1157 corruptione
2395 1106 2482 1145 dico
2500 1118 2561 1154 mv

1599 1161 1719 1208 Quod
1747 1167 1802 1198 est
1829 1160 1996 1198 haeresis
2016 1158 2283 1198 ,Gaianitarum
2301 1164 2329 1207 Υ,
2356 1166 2400 1197 ut
2416 1157 2585 1202 Isidorus

1599 1212 1649 1250 cit
1666 1212 1698 1260 ²⁸³,
1719 1220 1756 1250 et
1783 1212 1946 1250 habetur
1969 1211 2008 1250 in
2035 1211 2217 1258 Decretis,
2237 1211 2372 1259 XXIV,
2392 1223 2458 1261 qu.
2478 1223 2511 1249 111
2527 1204 2581 1249 ¹·ss

1600 1266 1865 1303 Damascenus
1892 1263 1992 1313 dicit,
2021 1264 2060 1302 in
2087 1265 2133 1302 111
2161 1264 2258 1303 libro
2272 1264 2303 1311 ¹⁸,
2329 1264 2435 1314 quod
2453 1275 2492 1302 c
2550 1302 2552 1304 ,

1601 1319 1657 1355 nis
1676 1330 1811 1355 nomen
1831 1318 1904 1355 duo
1921 1318 2125 1368 sigmflcat:
2151 1329 2226 1355 uno
2244 1316 2367 1363 modo,
2385 1312 2557 1367 ,ςερανῇἔῖ

1601 1371 1751 1408 animae
1777 1382 1802 1408 a
1829 1382 1998 1420 corpore,
2018 1375 2052 1406 et
2079 1369 2154 1407 alia
2180 1369 2392 1407 huiusmodi
2395 1382 2409 1414 ;
2433 1365 2523 1410 alio'ss
2542 1366 2561 1371 *'

1595 1424 1803 1474 perfectam
1831 1423 2101 1460 dissolutionem
2129 1423 2181 1459 in'
2195 1422 2384 1459 elementa.
2412 1418 2558 1473 Ergo

1602 1475 1770 1526 ruptibile
1804 1475 1927 1512 dicere
1961 1486 2095 1524 corpus
2121 1474 2288 1521 Domini,
2319 1472 2550 1518 secundum(

1603 1540 1693 1565 num
1720 1533 1754 1564 et
1785 1528 1984 1574 Gaianum,
2001 1527 2204 1564 secundum
2226 1528 2394 1577 primum
2417 1538 2461 1564 co
2511 1526 2521 1575 ‘,

1603 1581 1775 1626 modum,
1805 1585 1890 1617 ante
1925 1581 2252 1626 resurrectionem,
2282 1585 2333 1616 est
2363 1576 2519 1630 impium
2527 1579 2546 1618 ’3,

1604 1644 1745 1682 corpus
1765 1632 1904 1670 Christi
1923 1644 1998 1669 non
2018 1638 2107 1670 esset
2125 1632 2431 1670 consubstantiale
2449 1625 2556 1672 nobi}

1605 1687 1642 1722 in
1670 1687 1822 1724 veritate
1848 1690 2036 1722 mortuum
2063 1690 2172 1730 esset;
2199 1697 2267 1722 nec
2299 1684 2506 1728 secundum.
2533 1679 2559 1722 ὖ

1604 1743 1677 1776 tem
1703 1738 1836 1776 salvati
1852 1749 2021 1775 essemus.
2051 1737 2219 1775 Secundo
2247 1742 2370 1777 autem.
2387 1730 2548 1786 modos]

1610 1791 1747 1828 Christi
1760 1791 1840 1839 suit
1866 1792 2133 1840 incorruptum.
2517 1781 2530 1792 ''

1659 1844 1716 1880 An
1745 1855 1880 1880 ptumum
1912 1854 2010 1880 eaeo
2037 1844 2219 1880 DICENDUM
2253 1841 2364 1891 quod
2395 1852 2497 1894 corp
2566 1883 2571 1890 ὲ
2688 1862 2695 1885 χ

1605 1903 1718 1932 tuum
1746 1895 2026 1944 cuiuscumque
2054 1894 2207 1935 alterius
2234 1893 2403 1932 hominis
2434 1897 2527 1949 nnn}
2542 1904 2719 1947 Ἢ
2746 1931 2748 1935 .

1607 1955 1671 1984 net
1690 1947 1844 1992 unitum
1862 1947 1982 1988 alicui.
1989 1946 2184 1996 hypostasi
2202 1944 2455 1996 permanenti,
2468 1941 2666 1999 εἷςιῃῳτ-

1607 2013 1681 2051 pus
1708 2007 1909 2038 mortuum
1937 1998 2087 2036 Christi.
2116 1999 2165 2036 Et
2191 1998 2278 2037 ideo
2298 2010 2440 2049 corpus
2464 1990 2669 2058 ῃᾲρξῃψεμ
2691 2018 2716 2042 ‹¹

1608 2053 1889 2101 cuiuscumque
1918 2051 2070 2089 alterius
2089 2050 2257 2090 hominis
2275 2063 2357 2088 non
2375 2058 2430 2089 est
2448 2046 2557 2095 idem.
2631 2046 2646 2051 ω
2662 2046 2667 2051 ’
2700 2053 2715 2075 ’ἴ

1608 2105 1772 2161 pliciter,
1801 2105 1868 2142 sed
1896 2103 2111 2141 secundum
2139 2103 2251 2152 quid:
2281 2102 2372 2154 quia
2398 2111 2456 2141 est
2479 2096 2585 2157 Q

1609 2157 1783 2196 cundum
1811 2156 2027 2202 materiam,
2055 2167 2136 2193 non
2164 2163 2295 2194 autem
2321 2155 2449 2194 idem'
2479 2172 2562 2208 ¹¹⁷.

1609 2211 1786 2248 formam.
1828 2209 1980 2259 Corpus
2005 2211 2148 2247 'autem
2185 2207 2324 2247 Christi
2359 2204 2546 2257 remandi,-

1611 2262 1839 2312 simpliciter,
1867 2269 2026 2312 propter
2052 2259 2287 2299 identitatem
2313 2254 2536 2313 suppositi5⁴3
2572 2302 2596 2313 ss

1611 2323 1717 2353 ctum
1745 2322 1801 2352 est
1817 2314 1848 2351 *.
1917 2321 1919 2323 “

1663 2369 1721 2405 An
1749 2371 1939 2406 SECUNDUM
1957 2378 2139 2405 DICENDUM
2166 2365 2291 2416 quod,
2314 2365 2407 2416 quia
2426 2363 2441 2389 ⁸
2467 2356 2549 2418 i
2555 2383 2562 2398 ι
2578 2356 2588 2366 ⁴
2612 2362 2613 2365 ’

1611 2433 1720 2458 mero
1740 2419 1877 2458 dicitur
1894 2418 2039 2468 aliquid
2057 2418 2275 2457 secundum
2291 2416 2563 2471 suppositurus

1612 2481 1743 2511 autem
1771 2471 1896 2522 specie
1921 2479 1980 2509 est
2006 2471 2112 2510 idem
2139 2470 2355 2510 secundum
2380 2466 2564 2525 somam,

1612 2538 1782 2575 cumque
1801 2524 2046 2575 suppositum
2069 2522 2235 2563 subsistit
2261 2523 2301 2563 in
2319 2535 2406 2562 una*
2425 2520 2540 2571 5014

1614 2586 1764 2629 oportet
1789 2577 1915 2627 quod,
1945 2577 2093 2615 sublata
2109 2576 2261 2624 ‚unitate
2296 2572 2455 2626 speciei,
2489 2592 2557 2607 ;«

1613 2631 1738 2669 unitas
1766 2629 1984 2668 numeralis.
2015 2629 2092 2667 Sed
2118 2626 2333 2679 hypostasis
2357 2624 2475 2667 Verbi
2492 2614 2570 2667 15ὲί

1614 2684 1708 2721 sistit
1726 2683 1765 2720 in
1784 2683 1936 2720 duabus
1954 2681 2109 2719 naturis.
2137 2682 2186 2719 Et
2204 2681 2304 2728 ideo,
2319 2680 2498 2731 quamvis
2511 2680 2552 2719 in

1615 2749 1695 2774 non
1723 2742 1919 2773 remaneat
1955 2746 2096 2784 corpus
2123 2733 2228 2771 idem
2255 2733 2472 2772 secundum

1615 2791 1810 2827 humanae
1849 2795 2026 2834 naturae,
2063 2793 2235 2824 remanet
2274 2794 2404 2824 tamen
2443 2785 2484 2823 in
2531 2790 2557 2819 0⁴

1615 2842 1719 2879 idem
1747 2852 1913 2878 numero
1939 2839 2156 2877 secundum
2183 2838 2427 2889 suppositum
2445 2836 2564 2876 Verbi
2706 2885 2711 2891 ,

1669 2895 1726 2931 An
1744 2905 1903 2931 TER-rium
1930 2904 2111 2930 monimum
2138 2891 2247 2941 quod
2277 2889 2472 2941 corruptio
2506 2898 2544 2939 et
2558 2928 2560 2931 ,
2687 2895 2709 2931 ἓῑ·’

1616 2958 1698 2985 non
1725 2945 1908 2996 competit
1940 2944 2092 2983 Christo
2126 2942 2273 2982 ratione
2305 2941 2514 2994 suppositi,
2685 2939 2703 2995 ,¹

1616 2999 1713 3048 dum
1741 2998 1849 3048 quod
1867 2996 2111 3047 suppositum
2129 2995 2142 3022 t
2169 2995 2374 3034 attenditur
2391 2994 2517 3034 unius
2549 3013 2556 3027 ε
2578 3013 2597 3026 =·
2686 3022 2693 3031 ,

1617 3051 1718 3089 ralis:
1757 3051 1825 3088 sed
1852 3050 1998 3088 ratione
2025 3057 2183 3087 naturae
2217 3049 2431 3095 humanae,
2470 3067 2501 3079 κ
2534 3061 2594 3080 ‚m

1617 3115 1736 3154 quam
1778 3103 1971 3141 invenitur
2006 3101 2046 3140 in
2082 3112 2245 3152 corpore
2285 3100 2424 3139 Christi
2471 3099 2546 3133 ιἾΔ

1617 3156 1750 3195 mortis
1778 3164 1814 3193 et
1840 3155 1951 3200 vitae,

2538 1820 2552 1832 ς,

2507 1839 2511 1841 ,
2534 1834 2555 1844 ,ρ

2549 1880 2555 1887 .

1623 3325 1730 3351 Gir-isto
1747 3332 1800 3350 om.
1819 3324 1883 3350 Pet.

1672 3358 1699 3394 ζ)
1716 3359 1890 3392 suppositum.
1901 3373 1922 3378 —
1938 3358 1965 3384 in
1984 3357 2120 3391 supposito
2139 3357 2177 3387 bc,
2196 3364 2250 3383 om.
2269 3355 2314 3387 1²13
2334 3356 2479 3382 numeralis
2495 3363 2549 3382 om.
2567 3355 2611 3388 ΡΗ
2628 3354 2691 3382 λα’-43
2705 3358 2718 3383 ’ἰ

1620 3402 1715 3421 manae
1733 3400 1759 3420 et
1775 3395 1801 3420 in
1821 3400 1934 3427 corpore
1954 3393 2055 3420 Gir-isti
2071 3400 2124 3419 om.
2143 3391 2226 3418 tertia.
2701 3392 2703 3394 “
2720 3390 2723 3413 ἱ
