2872 3970
68 1010 114 1028 en.
130 1004 164 1027 16.

41 1316 113 1354 ἶνα-ι.
127 1322 161 1345 ²3·

42 1571 117 1609 L’Ven.
131 1582 153 1610 6,
167 1588 188 1610 7.

27 1679 31 1706 -ἶ
54 1688 154 1712 'rr-ctat.
173 1688 237 1715 xxx,

949 268 1210 315 QUAESTIO
1238 269 1335 315 VIII,

1371 267 1660 306 ARTICULUS
1688 268 1736 303 lV
2352 280 2364 304 1
2375 267 2416 303 31

1031 400 1346 442 ARTICULUS
1376 400 1647 450 QUARTUS

573 493 730 524 UTRUM
753 491 974 528 CHRISTUS,
999 491 1237 523 SECUNDUM
1260 492 1384 530 QUOD
1407 492 1548 528 Homo,
1573 492 1639 523 SIT
1663 492 1808 523 CAPUT
1831 492 2106 541 ANoELORUM

363 572 394 597 111
414 571 496 600 Sem„
515 571 574 596 dist.
593 577 646 599 xm,
665 578 709 602 qu.
728 577 755 599 n,
775 574 821 594 art.
841 576 864 599 2,
884 568 934 601 qu⁸
954 575 984 596 ις
1003 569 1045 599 IV,
1064 568 1122 594 dist.
1140 576 1173 599 tx,
1193 574 1240 594 art.
1261 576 1284 599 2,
1303 569 1352 600 qu*
1372 568 1401 598 5;
1421 569 1480 594 dist.
1498 577 1563 598 ηπ,
1583 577 1627 601 qu.
1646 576 1680 597 tv.
1699 574 1745 594 art.
1763 577 1788 600 4,
1808 570 1839 594 ad
1860 568 1889 598 53
1909 569 1951 594 De
1968 569 2056 600 Verit„
2076 577 2120 602 qu.
2139 577 2204 599 xxix,
2223 575 2269 595 art.
2287 578 2319 602 43

687 604 829 636 Compend.
852 603 948 632 Tneol„
967 611 1023 636 cap.
1042 611 1131 634 ccx1v3
1152 603 1160 628 1
1179 604 1216 628 ad
1236 604 1306 632 Cor„
1325 611 1381 636 cap.
1398 612 1432 633 xi,
1451 605 1508 630 lect.
1527 611 1549 634 13
1567 605 1610 628 Ad
1630 605 1733 636 Ephes„
1754 612 1808 636 cap.
1827 612 1844 634 ι,
1864 605 1921 630 lect.
1939 612 1994 629 vm.

346 701 352 713 ν
379 711 419 730 a.
442 704 445 710 ν
467 698 489 722 D
509 696 680 727 QUARTUM
698 695 750 720 sm
769 695 1002 720 Pnocnorrua.
1027 683 1187 720 Videtur
1206 684 1312 731 quod

419 734 450 790 ἶ
470 736 653 779 Christus,
683 736 898 772 secundum
933 735 1040 784 quod
1072 736 1204 782 homo,
1234 747 1313 772 non

281 819 299 832 ,Α
324 826 326 829 ,
384 808 388 810 >
417 792 439 827 ’ἢ
455 784 514 826 sit
547 795 661 837 caput
697 789 932 836 angelorum.
977 788 1103 836 Caput
1140 787 1244 824 enim
1279 795 1315 824 et

270 852 275 859 ·
317 867 322 872 .,
429 832 644 878 membra
671 848 759 876 sunt
777 839 892 876 unius
911 847 1079 876 naturae.
1111 839 1186 876 Sed
1207 840 1315 876 Chri-

260 902 350 941 stus,
379 894 594 931 secundum
622 892 729 941 quod
756 893 890 935 homo,
918 904 999 929 non
1027 899 1082 928 est
1109 891 1316 928 conformis

259 947 299 985 in
326 954 461 983 natura
489 957 580 982 cum
607 944 759 992 angelis,
788 945 855 981 sed
878 945 1006 980 solum
1033 956 1121 980 cum
1151 943 1316 981 homini-

259 998 391 1036 nibus:
425 997 533 1046 quia,
562 1005 604 1034 ut
630 997 767 1033 dicitur
793 998 891 1033 Heb.
918 1008 939 1033 11
962 996 999 1033 *ε
1029 997 1225 1045 Nusquam
1253 1008 1317 1032 an-

289 1051 364 1088 elos
382 1050 631 1100 apprehendit,
650 1049 716 1085 sed
730 1061 853 1085 semen
873 1050 1050 1085 Abrahae
1067 1049 1315 1098 apprehendit.

259 1063 363 1152 Ergo
393 1102 576 1145 Christus,
605 1101 821 1138 secundum
849 1101 956 1149 quod
985 1101 1126 1148 homo,
1156 1113 1235 1137 non
1264 1107 1319 1137 est

261 1162 376 1205 caput
402 1155 637 1203 angelorum.

315 1219 350 1244 2.
380 1207 610 1252 Pmnraam,
639 1205 793 1242 illorum
822 1205 995 1242 Christus
1023 1213 1078 1242 est
1105 1213 1220 1253 caput
1252 1204 1320 1253 qui

260 1259 449 1309 pertinent
467 1259 516 1295 ad
543 1258 764 1303 Ecclesiam,
785 1270 879 1306 quae
906 1264 956 1294 est
974 1270 1108 1306 corpus
1135 1260 1210 1294 eius
1231 1262 1258 1304 α,
1278 1265 1320 1293 ut

261 1311 398 1349 dicitur
422 1310 634 1360 Ephes.1*.
678 1310 755 1347 Sed
789 1309 910 1357 angeli
944 1322 1025 1346 non
1055 1309 1245 1358 pertinent
1271 1310 1320 1346 ad

261 1363 490 1402 Ecclesiam:
530 1374 621 1399 nam
658 1362 827 1399 Ecclesia
863 1369 918 1398 est
954 1362 1194 1410 congregatio
1226 1361 1320 1398 fide-

261 1416 378 1462 lium;
406 1415 503 1452 fides
530 1422 660 1452 autem
688 1426 767 1450 non
795 1422 850 1450 est
868 1413 907 1450 in
927 1414 1087 1462 angelis;
1117 1426 1197 1450 non
1216 1414 1320 1451 enim

262 1468 451 1506 ambulant
482 1479 554 1517 per
577 1467 718 1515 fidem,
755 1467 822 1503 sed
848 1479 921 1515 per
945 1467 1123 1516 speciem,
1152 1466 1321 1515 alioquin

256 1522 592 1570 peregrinarentur
612 1532 636 1556 a
653 1521 830 1565 Domino,
858 1519 1074 1556 secundum
1093 1519 1200 1567 quod
1219 1521 1322 1567 Apo-

263 1574 382 1610 stolus
409 1579 705 1620 argumentatur,
734 1573 764 1608 ΙΙ
787 1572 873 1608 Cor.
894 1584 917 1607 v
935 1571 966 1607 ²¹⁶.
996 1572 1097 1618 Ergo
1128 1571 1320 1618 Christus,

264 1625 479 1662 secundum
501 1624 608 1673 quod
627 1625 759 1670 homo,
779 1631 934 1660 nonest
952 1631 1066 1672 caput
1084 1625 1320 1671 angelorum.

319 1677 352 1714 3.
383 1678 612 1722 PRAETEREA,
642 1675 877 1724 Augustinus
905 1675 1004 1720 dicit,
1032 1688 1143 1725 super
1166 1675 1274 1712 Ioan.
1290 1675 1320 1722 ²⁸,

220 1738 222 1742 '
264 1730 371 1778 quod
399 1729 494 1766 sicut
529 1731 686 1766 Verbum
715 1729 814 1777 quod
838 1734 918 1765 erat
944 1741 967 1764 a
983 1726 997 1756 β
1010 1730 1196 1777 principio
1224 1729 1325 1777 apud

263 1784 424 1828 Patrem,
444 1780 612 1817 vivificat
631 1781 788 1826 animas,
818 1780 867 1817 ita
894 1781 1052 1817 Verbum
1071 1792 1162 1817 caro
1173 1781 1322 1828 factum

263 1833 432 1871 vivificat
450 1845 630 1882 corpora:
660 1833 800 1881 quibus
821 1832 942 1880 angeli
963 1839 1102 1868 carent.
1133 1832 1209 1868 Sed
1236 1834 1322 1868 Ver-

264 1889 351 1924 bum
379 1898 468 1923 caro
486 1886 635 1933 sactum
671 1893 725 1921 est
757 1885 929 1921 Christus
965 1884 1180 1921 secundum
1216 1885 1322 1933 quod

264 1940 398 1976 homo.
441 1939 542 1986 Ergo
578 1937 771 1983 ChristuS,
801 1937 1014 1974 secundum
1045 1936 1151 1985 quod
1180 1937 1321 1983 homo,

264 2003 345 2029 non
372 1990 497 2028 influit
514 1989 633 2027 vitam
652 1989 803 2037 angelis.
834 1990 881 2026 Et
900 1989 960 2035 ita,
981 1989 1196 2026 secundum
1216 1990 1322 2038 quod

265 2045 398 2091 homo,
427 2055 507 2080 non
535 2050 590 2079 est
618 2049 732 2091 caput
759 2043 995 2089 angelorum.

319 2097 392 2134 SED
407 2107 551 2133 CONTRA
565 2107 630 2132 EST
644 2094 752 2143 quod
765 2095 972 2142 Apostolus
987 2093 1086 2139 dicit,
1106 2094 1320 2130 Coloss.11*:

271 2150 346 2192 Qui
371 2154 422 2185 est
448 2153 556 2196 caput
583 2149 703 2184 omnis
724 2148 955 2195 principatus
982 2152 1015 2182 et
1037 2147 1233 2195 potestatis.
1277 2147 1324 2182 Et

266 2201 400 2238 eadem
422 2200 516 2236 ratio
536 2207 591 2236 est
609 2199 656 2236 de
671 2198 811 2246 angelis
830 2198 991 2235 aliorum
1009 2198 1200 2234 ordinum.
1223 2199 1323 2246 Ergo

268 2253 441 2291 Christus
469 2259 524 2288 est
551 2259 664 2300 caput
691 2251 926 2299 angelorum.

319 2307 542 2343 RESPONDEO
570 2315 750 2340 manDUM
778 2303 896 2352 quod,
926 2303 1021 2339 sicut
1048 2302 1193 2339 dictum
1220 2310 1274 2339 est
1292 2302 1322 2349 *,

266 2357 334 2396 ubi
361 2365 416 2394 est
443 2368 568 2394 unum
596 2368 747 2404 corpus,
776 2367 930 2392 necesse
952 2362 1007 2392 est
1034 2367 1179 2403 ponere
1200 2367 1323 2392 unum

266 2417 391 2459 caput.
411 2410 544 2447 Unum
563 2416 693 2445 autem
711 2420 852 2456 corpus
870 2407 1170 2444 similitudinarie
1190 2407 1326 2444 dicitur

266 2475 346 2500 una
371 2461 576 2499 multitudo
605 2460 777 2497 ordinata
799 2460 838 2496 in
857 2472 982 2496 unum
1010 2460 1223 2496 secundum
1251 2459 1324 2496 dis-

266 2515 402 2552 tinctos
429 2521 536 2551 actus
562 2513 641 2550 sive
670 2512 806 2550 officia.
840 2512 1086 2549 Manifestum
1114 2519 1168 2549 est
1195 2519 1325 2548 autem

268 2567 376 2616 quod
403 2567 451 2603 ad
478 2578 603 2603 unum
621 2565 753 2612 finem,
773 2564 840 2614 qui
859 2572 914 2601 est
931 2564 1049 2612 gloria
1068 2563 1219 2602 divinae
1238 2565 1325 2601 frui-

268 2619 398 2665 tionis,
435 2617 659 2655 ordinantur
692 2626 728 2654 et
762 2617 940 2654 homines
975 2624 1010 2653 et
1038 2616 1170 2664 angeli.
1213 2617 1324 2654 Unde

269 2683 409 2720 corpus
436 2670 626 2707 Ecclesiae
654 2669 860 2720 mysticum
891 2681 971 2706 non
1000 2670 1126 2706 solum
1159 2669 1326 2706 consistit

322 2783 350 2817 α)
369 2784 433 2809 etus.
450 2798 469 2802 -
486 2783 506 2808 F
526 2788 551 2808 et
569 2783 641 2808 tertia
659 2788 760 2816 praeter
778 2783 814 2813 G;
833 2791 886 2809 om.

323 2818 349 2853 β)
368 2826 394 2844 α.
412 2834 431 2838 -
450 2819 476 2843 in
495 2818 576 2843 tertia.

321 2856 349 2888 γ)
368 2858 395 2879 et
413 2854 445 2879 de
462 2854 527 2878 eius.
545 2867 564 2871 —
582 2853 645 2877 HsG
663 2857 689 2877 et
707 2853 845 2883 editiones3
865 2854 898 2879 de
915 2854 971 2879 eius
990 2854 1086 2884 ABCF,
1106 2853 1138 2878 de
1156 2854 1230 2879 cuius
1246 2854 1276 2883 D,
1295 2853 1328 2878 de

269 2890 326 2915 eius
344 2890 414 2915 enim
432 2889 485 2920 Ea;
503 2888 550 2914 sed
569 2888 675 2913 etiam...
693 2888 812 2913 homines
829 2896 882 2914 orn.
901 2889 962 2921 lpG.

1371 695 1416 720 ex
1446 683 1678 730 hominibus,
1709 685 1774 720 sed
1803 684 1918 721 etiam
1946 697 1992 721 ex
2020 685 2172 732 angelis.
2201 685 2339 722 Totius
2365 698 2427 722 au-

1371 743 1446 772 tem
1477 736 1592 772 huius
1613 736 1865 773 multitudinis
1894 736 2067 773 Christus
2095 745 2150 774 est
2177 746 2308 786 caput:
2339 738 2428 786 quia

1371 788 1625 836 propinquius
1660 801 1699 825 se
1738 789 1851 825 habet
1888 790 1936 825 ad
1971 790 2121 836 Deum,
2160 798 2195 826 et
2228 790 2429 839 perfectius

1371 840 1568 889 participat
1586 841 1689 877 dona
1708 840 1836 889 ipsius,
1858 853 1936 877 non
1956 843 2082 878 solum
2101 854 2220 890 quam
2240 842 2428 889 homines,

1372 892 1439 928 sed
1459 892 1569 929 etiam
1594 905 1710 941 quam
1728 893 1868 940 angeli;
1889 901 1924 930 et
1943 894 1991 930 de
2011 894 2117 930 eiust
2138 894 2335 932 influentia
2350 907 2429 932 non

1373 945 1499 980 solum
1527 945 1704 981 homines
1733 945 1930 994 recipiunt,
1960 946 2026 982 sed
2055 946 2166 983 etiam
2197 947 2330 994 angeli.
2364 947 2429 984 Di-

1373 996 1470 1032 citur
1488 996 1591 1032 enim
1609 998 1740 1046 Ephes.
1763 1009 1771 1033 1
1790 997 1820 1043 ²⁸,
1850 998 1956 1046 quod
1975 1000 2154 1035 constituit
2173 1011 2268 1045 eum,
2293 999 2430 1036 scilicet

1375 1048 1567 1084 Christum
1598 1049 1703 1085 Deus
1732 1050 1852 1096 Pater,
1882 1050 1932 1086 ad
1953 1050 2142 1087 dexteram
2168 1063 2274 1088 suam
2294 1053 2331 1088 in
2351 1064 2430 1089 cae-

1373 1101 1533 1146 lestibus,
1565 1113 1678 1149 supra
1706 1114 1853 1138 omnem
1880 1103 2130 1151 principatum
2159 1109 2191 1139 et
2217 1109 2430 1152 potestatem

1374 1158 1406 1189 et
1432 1154 1601 1189 virtutem
1621 1159 1653 1189 et
1671 1153 1970 1199 dominationem,
1990 1160 2023 1190 et
2044 1167 2154 1191 omne
2173 1168 2306 1192 nomen
2335 1157 2433 1205 quod

1375 1206 1588 1241 nominatur
1615 1218 1688 1241 non
1717 1206 1835 1242 solum
1855 1207 1891 1242 in
1912 1207 1981 1242 hoc
1998 1208 2158 1252 saeculo,
2184 1209 2248 1244 sed
2265 1210 2373 1244 etiam
2393 1210 2429 1244 in

1364 1258 1517 1304 futuro,
1551 1263 1584 1293 et
1602 1255 1615 1278 δ
1643 1259 1770 1294 omnia
1803 1259 1951 1294 subiecit
1983 1260 2049 1295 sub
2075 1259 2229 1307 pedibus
2256 1262 2342 1296 eius.
2384 1262 2431 1297 Et

1375 1309 1462 1346 ideo
1483 1309 1656 1345 Christus
1675 1321 1755 1345 non
1774 1311 1901 1346 solum
1920 1317 1975 1346 est
1994 1319 2107 1359 caput
2127 1311 2343 1358 hominum,
2365 1314 2430 1349 sed

1376 1361 1490 1398 etiam
1518 1363 1752 1409 angelorum.
1783 1362 1893 1399 Unde
1916 1363 2050 1399 Matth.
2072 1375 2106 1399 1v
2124 1363 2143 1384 '¹‘
2171 1364 2304 1411 legitur
2326 1366 2431 1413 quod

1375 1420 1605 1451 accesserunt
1632 1414 1760 1463 angeli
1785 1420 1818 1450 et
1845 1416 2100 1452 ministrabant
2127 1418 2170 1452 ei.

1429 1467 1486 1503 AD
1501 1478 1635 1503 PRIMUM
1650 1479 1747 1503 ERGO
1761 1478 1941 1504 DICENDUM
1961 1468 2067 1516 quod
2082 1468 2279 1506 influentia
2295 1470 2432 1507 Christi

1377 1531 1492 1567 super
1526 1530 1662 1555 omnes
1697 1518 1873 1555 homines
1908 1519 2162 1568 principaliter
2193 1521 2350 1569 quidem
2379 1531 2432 1559 est

1377 1579 1565 1620 quantum
1600 1571 1647 1607 ad
1683 1571 1846 1607 animas:
1883 1573 2097 1609 secundum
2126 1585 2220 1621 quas
2255 1575 2432 1611 homines

1377 1623 1611 1660 conveniunt
1639 1635 1730 1659 cum
1758 1624 1898 1671 angelis
1927 1624 1965 1660 in
1993 1633 2128 1661 natura
2155 1627 2319 1673 generis,
2349 1627 2432 1663 licet

1377 1687 1456 1712 non
1491 1675 1530 1712 in
1565 1682 1700 1712 natura
1734 1675 1883 1724 speciei.
1927 1677 1975 1712 Et
2011 1677 2125 1714 huius
2161 1679 2433 1715 conformitatis

1377 1727 1522 1764 ratione
1562 1727 1733 1764 Christus
1770 1735 1893 1776 potest
1930 1728 2003 1765 dici
2044 1737 2158 1777 caput
2198 1732 2432 1778 angelorum,

1377 1780 1461 1816 licet
1495 1778 1646 1815 deficiat
1681 1780 1924 1816 conformitas
1959 1789 2148 1828 quantum
2180 1782 2227 1818 ad
2260 1794 2432 1832 corpora.

1429 1833 1486 1868 AD
1506 1843 1693 1868 sECUNDUM
1706 1843 1887 1869 DICENDUM
1906 1834 2012 1880 quod
2033 1833 2201 1870 Ecclesia
2220 1836 2433 1872 secundum

1378 1891 1517 1920 statum
1536 1883 1620 1920 viae
1649 1891 1704 1920 est
1725 1884 1964 1932 congregatio
1984 1885 2175 1922 fidelium:
2207 1887 2273 1922 sed
2302 1899 2434 1924 secun-

1378 1937 1470 1973 dum
1501 1943 1641 1972 statum
1667 1936 1810 1984 patriae
1839 1944 1894 1973 est
1921 1937 2161 1985 congregatio
2183 1940 2435 1987 comprehen—

1378 1988 1562 2025 dentium.
1595 1989 1768 2025 Christus
1795 1997 1925 2026 autem
1953 2001 2033 2026 non
2053 1992 2179 2027 solum
2206 1990 2275 2028 fuit
2302 1991 2434 2038 viator,

1378 2041 1444 2078 sed
1473 2040 1587 2077 etiam
1615 2041 1927 2090 comprehensor.
1957 2043 2005 2078 Et
2031 2042 2119 2079 ideo
2147 2055 2227 2080 non
2247 2045 2373 2080 solum
2392 2045 2435 2081 fi-

1377 2093 1533 2139 delium,
1563 2093 1630 2129 sed
1658 2093 1772 2129 etiam
1800 2095 2213 2142 comprehendentium
2235 2104 2290 2132 est
2309 2106 2434 2145 caput,

1377 2153 1508 2194 utpote
1536 2145 1754 2193 plenissime
1783 2146 1929 2182 habens
1956 2146 2111 2194 gratiam
2142 2155 2178 2184 et
2204 2148 2375 2196 gloriam.

1431 2199 1487 2234 AD
1514 2209 1672 2234 TERTIUM
1700 2209 1879 2235 DICENDUM
1907 2199 2014 2247 quod
2042 2200 2276 2247 Augustinus
2305 2201 2356 2238 ibi
2385 2203 2435 2238 lo-

1378 2250 1507 2298 quitur
1526 2249 1739 2286 secundum
1759 2250 1954 2298 quandam
1969 2251 2280 2289 assimilationem
2299 2265 2435 2290 causae

1377 2302 1426 2339 ad
1455 2302 1645 2348 effectum,
1674 2310 1789 2350 prout
1816 2302 1955 2339 scilicet
1981 2315 2040 2339 res
2068 2305 2274 2352 corporalis
2300 2305 2373 2352 agit
2396 2306 2434 2342 in

1378 2366 1551 2403 corpora,
1581 2362 1616 2391 et
1644 2366 1703 2390 res
1731 2354 1931 2402 spiritualis
1958 2355 1998 2391 in
2027 2367 2085 2391 res
2107 2356 2328 2404 spirituales.
2359 2358 2434 2394 Ta-

1378 2419 1469 2444 men
1497 2406 1714 2443 humanitas
1744 2406 1892 2453 Christi,
1922 2419 1967 2444 ex
1986 2407 2123 2444 virtute
2150 2408 2350 2457 spiritualis
2369 2421 2434 2446 na-

1378 2467 1496 2505 turae,
1526 2459 1663 2495 scilicet
1682 2458 1844 2504 divinae,
1873 2466 1996 2507 potest
2019 2459 2161 2508 aliquid
2180 2472 2335 2497 causare
2355 2473 2435 2498 non

1379 2513 1505 2548 solum
1533 2511 1572 2548 in
1601 2511 1792 2560 spiritibus
1820 2511 2036 2557 hominum,
2066 2513 2132 2548 sed
2160 2512 2273 2549 etiam
2301 2513 2340 2549 in
2360 2513 2434 2562 spi—

1378 2564 1510 2601 ritibus
1536 2565 1770 2611 angelorum,
1794 2572 1949 2612 propter
1966 2564 2175 2600 maximam
2194 2565 2434 2602 coniunctio-

1378 2629 1470 2653 nem
1498 2615 1579 2652 eius
1607 2616 1655 2652 ad
1683 2617 1822 2663 Deum,
1851 2616 1988 2653 scilicet
2016 2617 2229 2653 secundum
2249 2617 2432 2655 unionem

1379 2669 1633 2718 personalem.

1433 2782 1458 2816 ὃ)
1477 2786 1510 2808 et.
1523 2796 1541 2801 -
1553 2782 1653 2813 Tertia;
1668 2785 1694 2806 et
1708 2782 1775 2806 illud
1787 2781 1886 2806 Psalmi
1899 2782 1981 2813 prima
1999 2787 2023 2806 et
2038 2781 2083 2813 pE,
2098 2781 2239 2806 secundum
2253 2781 2322 2806 illud
2334 2782 2435 2806 Psalmi

1382 2818 1425 2847 sE,
1444 2821 1470 2843 et
1488 2818 1630 2842 secundum
1651 2817 1717 2841 illud
1735 2817 1835 2841 Psalmi
1853 2816 1964 2846 (Omnia
1983 2816 2125 2847 subiecisti)
2144 2816 2190 2840 Fa.
2336 2821 2340 2823 ’

943 2949 1273 2982 Commentaria
1296 2948 1544 2982 cardinalis
1566 2947 1764 2980 Caietani

330 3030 437 3051 nutus
461 3020 562 3050 clarus
586 3025 640 3049 est.
666 3019 700 3049 In
724 3028 858 3059 corpore
882 3019 1003 3049 articuli
1018 3029 1083 3049 una
1099 3025 1144 3049 est
1160 3019 1324 3050 conclusio

273 3032 515 3104 Tresponsiva
538 3063 698 3103 quaesito:
722 3062 868 3092 Christus
883 3071 947 3092 non
963 3063 1067 3093 solum
1084 3068 1131 3093 est
1152 3068 1248 3103 caput
1269 3063 1325 3093 ho-

270 3108 402 3144 minum,
417 3107 474 3139 sed
488 3107 583 3138 etiam
598 3106 801 3148 angelorum.
825 3106 979 3135 Probatur
999 3106 1183 3146 dupliciter:
1208 3106 1326 3136 scilicet

271 3152 413 3188 ratione;
438 3157 469 3181 et
491 3151 686 3181 auctoritate.
1097 3163 1103 3166 ·

325 3195 462 3225 Ratione
492 3194 640 3235 quidem,
671 3195 724 3223 sic.
760 3193 917 3223 Homines
950 3198 981 3222 et
1010 3193 1112 3232 angeli
1142 3192 1327 3223 ordinantur

273 3237 313 3269 ad
335 3247 438 3269 unum
459 3237 567 3274 finem,
591 3238 710 3268 scilicet
735 3237 868 3276 gloriam
895 3236 1019 3266 divinae
1049 3235 1217 3266 fruitionis.
1241 3236 1325 3276 Ergo

273 3290 391 3323 corpus
413 3282 583 3323 mysticum
607 3281 766 3311 Ecclesiae
790 3289 857 3310 non
880 3280 986 3310 solum
1009 3289 1046 3309 ex
1062 3279 1256 3315 hominibus,
1272 3279 1327 3309 sed

274 3326 368 3356 etiam
392 3334 430 3356 ex
453 3326 571 3365 angelis
595 3325 746 3355 consistit.
772 3324 856 3363 Ergo
879 3324 977 3353 totius
1000 3323 1094 3353 huius
1117 3322 1327 3352 multitudinis

274 3375 321 3399 est
346 3374 442 3408 caput
471 3378 583 3404 unum,
612 3367 701 3408 quod
728 3373 773 3398 est
800 3367 952 3397 Christus.
989 3367 1084 3406 Igitur
1112 3366 1254 3396 Christus
1282 3371 1328 3396 est

274 3418 370 3452 caput
391 3422 459 3442 non
474 3412 580 3443 solum
602 3412 781 3447 hominum,
798 3410 853 3441 sed
876 3411 1070 3450 angelorum.
1087 3428 1110 3432 -
1132 3410 1235 3440 Prima
1251 3419 1327 3439 con-

275 3457 439 3495 sequentia
471 3456 631 3496 probatur.
667 3455 751 3493 Quia
785 3464 900 3494 corpus
934 3452 1182 3484 similitudinarie
1216 3453 1329 3483 dicitur

276 3507 496 3539 quaecumque
519 3509 584 3530 una
605 3498 776 3529 multitudo
809 3498 950 3528 ordinata
973 3498 1005 3527 in
1028 3506 1129 3527 unum
1152 3496 1328 3527 secundum

275 3541 438 3573 distinctos
461 3548 548 3573 actus
572 3552 628 3573 seu
652 3542 765 3573 officia.
789 3542 874 3572 Hinc
898 3542 982 3571 enim
1006 3546 1111 3580 aperte
1134 3546 1220 3580 patet
1239 3540 1327 3580 quod

1379 3018 1550 3049 multitudo
1575 3018 1761 3057 angelorum
1785 3022 1815 3046 et
1838 3017 2016 3052 hominum,
2041 3026 2078 3046 ex
2098 3026 2136 3046 eo
2162 3017 2249 3056 quod
2273 3017 2434 3048 ordinatur

1380 3062 1419 3092 ad
1442 3071 1543 3091 unum
1567 3060 1674 3095 finem,
1699 3066 1745 3090 est
1763 3070 1865 3090 unum
1881 3069 1997 3099 corpus
2012 3061 2159 3100 mystice:
2184 3061 2270 3090 nulla
2286 3062 2371 3091 enim
2388 3067 2433 3092 est

1380 3106 1566 3144 ambiguitas
1591 3105 1667 3143 quin
1691 3105 1724 3133 in
1747 3104 1794 3133 his
1818 3104 1856 3133 sit
1879 3103 2038 3134 diversitas
2062 3109 2191 3134 actuum
2207 3110 2238 3134 et
2254 3104 2432 3135 officiorum

1380 3150 1414 3179 in
1437 3148 1547 3178 ordine
1578 3147 1616 3178 ad
1640 3147 1807 3178 caelestem
1830 3147 2020 3177 felicitatem.
2044 3166 2067 3169 —
2089 3147 2235 3178 Secunda
2257 3157 2332 3178 vero
2357 3158 2433 3179 con-

1381 3192 1544 3232 sequentia
1560 3191 1654 3221 habet
1669 3190 1746 3221 duas
1761 3196 1880 3230 partes:
1896 3191 1998 3230 prima
2010 3196 2056 3221 est
2071 3191 2159 3231 quod
2174 3191 2324 3221 inferatur
2339 3199 2433 3232 caput

1380 3245 1496 3271 unum;
1517 3234 1654 3265 secunda
1670 3240 1716 3264 est
1733 3234 1820 3274 quod
1836 3234 1915 3265 illud
1930 3240 2026 3274 caput
2041 3235 2079 3264 sit
2095 3235 2247 3265 Christus.
2272 3235 2311 3265 Et
2327 3236 2433 3275 quoad

1380 3280 1525 3321 primam,
1549 3278 1701 3318 probatur
1717 3287 1754 3308 ex
1770 3287 1809 3308 eo
1826 3278 1924 3318 quod,
1945 3279 1999 3308 ubi
2016 3284 2062 3308 est
2077 3288 2178 3309 unum
2195 3288 2319 3318 corpus,
2337 3289 2432 3318 opor-

1381 3328 1426 3352 tet
1449 3331 1515 3352 esse
1540 3327 1634 3362 caput
1657 3331 1768 3352 unum.
1791 3340 1815 3344 —
1837 3321 1954 3359 Quoad
1980 3322 2151 3352 secundam
2173 3332 2259 3357 vero,
2283 3323 2433 3362 probatur

1382 3365 1558 3406 dupliciter.
1589 3365 1712 3401 Primo,
1741 3375 1779 3395 ex
1802 3366 1900 3396 tribus
1931 3365 2166 3396 conditionibus
2197 3366 2306 3405 capitis
2329 3371 2401 3396 ante
2416 3367 2432 3383 ⁴*

1381 3409 1482 3444 dictis,
1506 3409 1624 3439 scilicet
1645 3410 1812 3449 primitate,
1836 3408 2031 3449 perfectione
2055 3415 2086 3439 et
2101 3410 2223 3444 virtute,
2246 3410 2380 3439 inventis
2399 3411 2432 3440 in

1382 3453 1522 3483 Christo:
1541 3454 1615 3492 quia
1630 3453 1841 3493 propinquior
1857 3459 1902 3483 est
1917 3453 1998 3488 Deo,
2011 3458 2042 3482 et
2057 3452 2224 3492 perfectius
2240 3453 2333 3483 habet
2349 3452 2432 3483 dona

1382 3497 1451 3532 Dei,
1476 3502 1507 3526 et
1530 3496 1633 3527 influit
1654 3497 1687 3526 in
1703 3497 1849 3527 homines
1865 3502 1895 3527 et
1911 3497 2048 3536 angelos.
2074 3496 2232 3533 Secundo,
2249 3497 2431 3527 auctoritate

1382 3540 1539 3580 Apostoli,
1564 3540 1603 3570 ad
1625 3541 1739 3581 Ephes.
1756 3551 1776 3570 1.

2552 906 2568 930 Υ

2458 1002 2466 1010 ·
2481 1000 2546 1021 Vers.
2558 1005 2587 1021 20
2602 1005 2653 1027 sqq.

2459 1361 2468 1371 ⁸
2484 1360 2548 1382 Vers.
2566 1367 2598 1382 n.

2460 3369 2470 3378 ⁸
2483 3369 2532 3391 Art.
2550 3376 2567 3390 1.
