2872 3970
53 810 114 860 „⁷
365 827 470 853 EINDE
505 813 831 851 considerandum
867 820 922 849 est
957 813 1004 849 de
1034 812 1188 849 scientia
1223 812 1340 849 indita

68 871 99 895 α
124 878 155 900 ‘¹¹¹
177 878 193 893 ¹
215 871 241 894 ¹¹¹
285 825 425 908 Dvel
453 867 577 904 infus‘a
605 866 757 904 animae
787 864 926 902 Christi
943 865 974 901 ²¹².

281 922 329 958 Et
356 921 456 958 circa
483 921 559 957 hoc
586 926 826 969 quaeruntur
853 931 929 955 sex.

333 974 484 1011 Primo:
524 980 656 1009 utrum
693 983 762 1021 per
796 972 896 1008 hanc
931 970 1128 1008 scientiam
1167 970 1340 1007 Christus

386 1027 478 1064 sciat
506 1025 648 1062 omnia.

334 1079 535 1118 Secundo:
566 1086 697 1115 utrum
725 1078 798 1114 hac
817 1076 972 1115 scientia
993 1077 1048 1114 uti
1066 1076 1232 1125 potuerit
1259 1089 1341 1113 non

387 1132 648 1170 convertendo
678 1143 718 1167 se
747 1131 796 1167 ad
824 1130 1103 1179 phantasmata.

414 1549 440 1563 „s
489 1532 512 1557 n
539 1531 674 1557 PRxMUM
702 1531 754 1556 s1c
782 1530 1018 1556 PRoOEnrrua.
1047 1518 1209 1556 Videtur
1236 1519 1343 1568 quod

328 1564 339 1595 ἶ
348 1572 354 1581 ⁴
375 1593 383 1604 x
422 1567 462 1623 ξ’
464 1591 469 1608 s
490 1573 707 1610 secundum
731 1573 832 1609 hanc
851 1572 1045 1609 seientiam
1069 1571 1242 1609 Christus
1261 1585 1342 1609 non

315 1662 319 1675 ³
342 1668 344 1671 .
415 1602 712 1674 Ἒεοὲηονεῑὶῖ
740 1625 883 1662 omnia.
919 1626 1026 1662 Haec
1055 1625 1160 1662 enim
1188 1625 1343 1662 scientia

336 1694 345 1714 e
392 1669 481 1715 Μ
491 1679 610 1716 indita
637 1686 693 1715 est
713 1678 864 1715 Christo
893 1679 942 1715 ad
970 1678 1245 1727 perfectionem
1273 1691 1342 1727 po-

135 1738 152 1755 0‘
277 1731 448 1769 tentiae⁰‘
467 1731 678 1769 intellectus
697 1732 790 1769 eius.
821 1732 899 1769 Sed
918 1732 1127 1769 intellectus
1152 1731 1342 1780 possibilis

277 1784 430 1822 animae
449 1785 644 1822 humanae
664 1797 745 1822 non
763 1785 915 1822 videtur
943 1797 1024 1822 esse
1045 1784 1083 1821 in
1102 1785 1273 1834 potentia
1292 1785 1341 1822 ad

277 1837 409 1874 omnia
437 1837 666 1887 simpliciter,
688 1838 754 1875 sed
775 1838 823 1876 ad
852 1837 913 1875 illa
932 1837 1040 1874 sola‘
1032 1850 1070 1874 m
1091 1850 1190 1887 quae
1217 1845 1341 1887 potest

276 1890 408 1928 reduci
427 1890 467 1927 in
486 1898 615 1928 actum
634 1903 704 1940 per
730 1891 963 1928 intellectum
991 1898 1178 1939 agentem,
1199 1891 1267 1940 qui
1286 1899 1342 1928 est

275 1943 479 1993 proprium
506 1944 675 1982 activum
694 1944 835 1993 ipsius:
866 1956 966 1993 quae
990 1944 1150 1993 quidem
1170 1951 1259 1981 sunt
1277 1957 1340 1981 co-

275 1996 499 2045 gnoscibilia
522 1998 739 2034 secundum
768 1997 957 2035 rationem
980 1999 1206 2034 naturalem.
1237 1999 1339 2046 Ergo

136 2050 151 2084 β
277 2051 493 2087 secundum
511 2052 612 2088 hanc
631 2050 825 2088 scientiam
847 2062 927 2087 non
947 2049 1127 2099 cognovit
1141 2049 1156 2080 β
1175 2063 1220 2087 ea
1239 2063 1339 2100 quae

276 2105 490 2141 naturalem
519 2103 708 2141 rationem
736 2104 937 2141 excedunt.

331 2168 366 2193 2.
396 2157 637 2204 PRAETEREA,
666 2157 934 2206 phantasmata
962 2169 1002 2193 se
1030 2157 1173 2194 habent
1206 2157 1254 2194 ad
1282 2157 1338 2194 in-

41 2243 54 2248 ,
276 2210 469 2246 tellectum
497 2211 717 2247 humanum
746 2209 842 2247 sicut
870 2211 1018 2248 colores
1046 2210 1095 2247 ad
1123 2210 1267 2257 visum,
1297 2218 1340 2247 ut

38 2261 249 2313 ·J⁶¹1{’0¹{,{¹.·,³i
277 2261 415 2299 dicitur
441 2262 481 2299 in
509 2264 554 2299 III
583 2263 628 2299 de
653 2264 794 2300 Anima
815 2263 845 2299 ²¹².
886 2263 963 2300 Sed
991 2275 1071 2300 non
1098 2263 1262 2312 pertinet
1289 2264 1338 2301 ad

3 2340 5 2345 ,
39 2319 110 2377 “³'th
112 2320 185 2363 piel}
191 2320 248 2362 ’ζ
231 2321 249 2341 ²
275 2315 550 2364 perfectionem
564 2315 712 2352 virtutis
731 2315 875 2353 visivae
891 2321 905 2345 Υ
925 2328 1156 2364 cognoscere
1176 2329 1221 2353 ea
1238 2328 1338 2365 quae

47 2371 51 2373 ’
136 2377 152 2402 τ
277 2376 366 2405 sunt
385 2368 546 2405 omnino
567 2369 713 2418 absque
733 2370 873 2406 colore.
904 2370 1006 2418 Ergo
1026 2381 1152 2419 neque
1181 2370 1229 2406 ad
1253 2382 1338 2419 per-

276 2421 481 2459 fectionem
508 2422 719 2459 intellectus
739 2421 902 2459 humani
920 2421 1083 2472 pertinet
1107 2435 1338 2471 cognoscere

278 2487 324 2512 ea
342 2487 512 2524 quorum
536 2486 616 2525 non
643 2483 806 2524 possunt
825 2488 907 2512 esse
926 2477 1212 2524 phantasmata:
1243 2475 1340 2513 sicut

278 2535 367 2564 sunt
394 2527 625 2565 substantiae
653 2537 859 2578 separatae.
901 2529 963 2565 Sic
991 2528 1116 2577 igitur,
1147 2541 1238 2565 cum
1266 2530 1338 2566 hu-

278 2580 447 2618 iusmodi
475 2580 628 2618 scientia
664 2581 775 2618 fuerit
803 2581 842 2618 in
872 2581 1023 2618 Christo
1059 2582 1107 2618 ad
1141 2582 1338 2631 perfectio-

278 2645 370 2670 nem
407 2633 558 2671 animae
595 2634 841 2672 intellectivae
875 2633 1013 2684 ipsius,
1042 2634 1195 2672 videtur
1231 2636 1339 2684 quod

278 2699 348 2736 per
384 2685 609 2724 huiusmodi
642 2687 836 2725 scientiam
874 2700 955 2724 non
992 2688 1215 2736 cognoverit
1250 2689 1339 2726 sub-

280 2739 433 2776 stantias
461 2747 663 2789 separatas.

335 2793 369 2829 3.
400 2793 630 2837 Pius-mam,
651 2794 700 2830 ad
718 2793 992 2842 perfectionem
1021 2794 1230 2831 intellectus
1258 2807 1338 2831 non

278 2845 441 2894 pertinet
455 2857 684 2894 cognoscere
699 2846 912 2895 singularia.
932 2847 1093 2884 Videtur
1106 2847 1218 2895 igitur
1232 2849 1339 2897 quod

278 2910 349 2947 per
374 2898 599 2936 huiusmodi
625 2899 821 2937 scientiam
849 2900 979 2937 anima
1007 2899 1147 2937 Christi
1168 2913 1248 2938 non
1276 2914 1339 2938 co-

279 2951 455 3000 gnoverit
482 2951 697 3000 singularia.

333 3004 408 3042 SED
423 3016 567 3042 CONTRA
582 3017 647 3042 EST
661 3006 770 3054 quod
788 3005 924 3043 dicitur
937 3005 1054 3043 Isaiae
1068 3019 1102 3043 xi
1116 3007 1146 3054 ²¹⁶,
1163 3008 1270 3056 quod
1286 3020 1339 3044 re-

274 3057 390 3107 plebit
401 3070 486 3094 eum
501 3059 657 3107 Spiritus
673 3060 874 3108 sapientiae
892 3065 926 3096 et
944 3060 1152 3107 intellectus,
1167 3062 1341 3097 scientiae

281 3115 314 3147 et
341 3111 503 3148 consilii:
530 3111 602 3148 sub
631 3111 772 3160 quibus
798 3113 1181 3162 comprehenduntur
1208 3113 1340 3150 omnia

281 3163 560 3212 cognoscibilia.
590 3164 694 3201 Nam
714 3165 763 3202 ad
783 3164 1008 3215 sapientiam
1030 3165 1192 3215 pertinet
1213 3166 1340 3214 cogni-

281 3215 334 3254 tio
348 3215 571 3262 divinorum
586 3217 780 3263 omnium;
801 3218 850 3255 ad
865 3218 1096 3256 intellectum
1111 3227 1241 3256 autem
1256 3231 1340 3267 per—

281 3268 374 3306 tinet
392 3270 556 3318 cognitio
584 3270 762 3307 omnium
789 3270 1115 3315 immaterialium;
1146 3272 1194 3308 ad
1221 3271 1340 3307 scien-

282 3321 375 3359 tiam
394 3330 523 3360 autem
548 3323 710 3372 pertinet
737 3323 901 3372 cognitio
921 3324 1099 3362 omnium
1128 3323 1340 3361 conclusio-

11 3003 14 3021 1
44 3011 78 3034 ‘‡.
90 3010 133 3027 en.
147 3010 168 3032 α,
182 3011 202 3034 3.

1009 251 1272 297 QUAESTIO
1302 252 1369 297 XI,
1399 251 1691 288 ARTICULUS
1720 252 1733 287 1

2391 249 2460 296 157

931 482 1344 560 QUAESTIO
1383 483 1811 538 UNDECIMA

572 604 656 644 DE
689 602 969 644 SCIENTIA
1003 602 1214 643 INDITA
1246 603 1367 642 VEL
1402 603 1626 644 INFUSA
1660 602 1897 643 ANIMAE
1932 603 2171 644 CHRISTI

1122 719 1157 744 IN
1185 720 1251 744 SEX
1278 720 1478 745 ARTICULOS
1506 720 1618 745 DIVISA

1446 813 1598 850 Tertio:
1629 821 1760 850 utrum
1788 815 1883 851 haec
1912 814 2065 852 scientia
2092 815 2202 852 fuerit
2222 815 2406 853 collativa.

1449 877 1617 923 Quarto:
1654 877 1702 914 de
1730 878 2017 927 comparatione
2054 879 2169 916 huius
2203 879 2379 917 scientiae
2408 881 2456 917 ad

1501 941 1697 978 scientiam
1725 942 1945 990 angelicam.

1449 1005 1615 1051 Quinto:
1646 1013 1776 1042 utrum
1805 1007 1915 1043 fuerit
1943 1007 2096 1044 scientia
2125 1009 2336 1046 habitualis.

1451 1068 1585 1105 Sexto:
1616 1077 1747 1106 utrum
1772 1070 1883 1107 fuerit
1910 1070 2084 1108 distincta
2102 1084 2171 1120 per
2194 1072 2366 1110 diversos
2391 1074 2456 1110 ha-

1505 1130 1616 1166 bitus.

1091 1240 1409 1282 ARTICULUS
1442 1240 1646 1282 PRIMUS

406 1343 562 1374 UTRUM
585 1342 825 1374 SECUNDUM
849 1342 1085 1373 SCIENTIAM
1110 1342 1295 1372 INDITAM
1319 1342 1404 1372 VEL
1428 1342 1618 1373 INFUSAM
1643 1342 1855 1374 CHRISTUS
1879 1342 2164 1374 COGNOVERIT
2190 1343 2331 1375 OMNIA

507 1430 582 1461 Infra,
602 1438 647 1463 qu.
665 1437 708 1459 πυ,
728 1435 774 1455 art.
796 1436 823 1461 1;
844 1430 876 1454 m
896 1430 979 1458 Sent„
999 1430 1057 1455 dist.
1076 1437 1126 1459 xiv,
1146 1435 1192 1455 art.
1213 1430 1236 1461 3,
1255 1430 1305 1462 qu*
1326 1436 1355 1460 ις
1377 1430 1418 1455 De
1442 1430 1532 1461 Verit.‚
1551 1438 1594 1463 qu.
1613 1438 1652 1460 xx.
1673 1435 1718 1455 art.
1737 1429 1753 1455 6
1760 1438 1767 1460 ;
1789 1431 1932 1463 Compend.
1955 1431 2052 1461 Theoi„
2071 1440 2126 1465 cap.
2145 1439 2228 1458 ccxvr.

1397 1531 1512 1566 num;
1543 1519 1590 1569 ad
1612 1518 1815 1556 consilium
1835 1527 1962 1556 autem
1991 1520 2155 1568 cognitio
2183 1522 2360 1559 omnium
2380 1522 2454 1571 agi-

1395 1571 1542 1609 bilium.
1573 1573 1674 1620 Ergo
1702 1572 1855 1610 videtur
1882 1573 1988 1622 quod
2019 1573 2208 1621 Christus,
2239 1576 2454 1613 secundum

1396 1626 1593 1662 scientiam
1630 1625 1700 1662 sibi
1737 1625 1896 1662 inditam
1929 1639 1998 1674 per
2035 1626 2217 1675 Spiritum
2257 1629 2452 1677 Sanctum,

1395 1678 1571 1715 habuerit
1599 1678 1778 1715 omnium
1806 1679 2074 1726 cognitionem.

1448 1733 1673 1768 RESPONDEO
1693 1743 1874 1768 DICENDUM
1893 1733 2011 1780 quod,
2033 1732 2128 1769 sicut
2146 1733 2252 1782 prius
2266 1734 2286 1755 ’¹‘
2310 1734 2452 1771 dictum
2483 1745 2492 1752 ·
2533 1750 2546 1764 u

1396 1793 1461 1831 est,
1477 1783 1712 1821 conveniens
1732 1784 1800 1820 fuit
1819 1792 1860 1821 ut
1884 1784 2013 1821 anima
2034 1786 2184 1822 Christo
2203 1798 2273 1835 per
2296 1787 2427 1824 omnia
2442 1785 2454 1809 δ

1395 1845 1493 1874 esset
1519 1838 1696 1886 perfecta,
1725 1849 1795 1886 per
1822 1838 1898 1874 hoc
1926 1838 2032 1886 quod
2061 1838 2188 1875 omnis
2217 1839 2298 1876 eius
2321 1849 2455 1888 poten-

1394 1890 1528 1928 tialitas
1557 1890 1602 1926 sit
1630 1890 1786 1927 reducta
1815 1891 1863 1927 ad
1899 1899 2038 1927 actum.
2076 1893 2142 1928 Est
2170 1900 2299 1929 autem
2333 1893 2455 1930 consi—

1394 1943 1611 1980 derandum
1640 1943 1775 1992 quod
1767 1955 1805 1979 1n
1825 1943 1955 1980 anima
1982 1945 2165 1982 humana.
2187 1945 2283 1982 sicut
2302 1946 2341 1982 in
2362 1959 2455 1996 qua-

1393 1997 1484 2034 libet
1510 2004 1694 2043 creatura,
1717 1995 1980 2033 consideratur
2007 1998 2150 2057 duplex
2172 1999 2342 2047 potentia
2369 2012 2454 2049 pas-

1394 2049 1491 2087 siva:
1522 2062 1600 2086 una
1629 2026 1789 2098 quidem
1816 2062 1886 2098 per
1914 2050 2244 2099 comparationem
2271 2053 2319 2089 ad
2339 2065 2454 2101 agens

1393 2103 1583 2148 naturale3
1613 2102 1685 2139 alia
1703 2115 1797 2139 vero
1816 2115 1886 2151 per
1908 2103 2239 2152 comparationem
2263 2105 2311 2142 ad
2339 2118 2454 2154 agens

1392 2156 1584 2206 primum,
1614 2155 1682 2205 qui
1707 2161 1719 2176 ⁵
1747 2163 1871 2205 potest
1907 2157 2118 2206 quamlibet
2149 2166 2363 2196 creaturam
2398 2172 2454 2196 re-

1392 2210 1533 2247 ducere
1553 2208 1592 2245 in
1612 2216 1741 2245 actum
1760 2209 1928 2258 aliquem
1948 2210 2134 2258 altiorem,
2151 2210 2190 2247 in
2209 2223 2328 2260 quem
2347 2223 2426 2248 non
2443 2212 2454 2238 ζ

1392 2262 1588 2300 reducitur
1615 2273 1685 2311 per
1712 2274 1827 2310 agens
1855 2264 2046 2310 naturale3
2076 2271 2112 2301 et
2139 2265 2235 2301 haec
2255 2265 2454 2302 consuevit

1391 2315 1522 2353 vocari
1551 2316 1716 2365 potentia
1749 2316 1974 2353 obedientiae
2001 2316 2040 2353 in
2068 2325 2250 2354 creatura.
2285 2319 2453 2367 Utraque

1392 2377 1522 2407 autem
1557 2368 1728 2418 potentia
1755 2368 1907 2406 animae
1945 2369 2085 2407 Christi
2117 2370 2186 2407 fuit
2223 2371 2377 2407 reducta
2414 2371 2453 2408 in

1392 2430 1521 2460 actum
1550 2422 1766 2458 secundum
1795 2423 1895 2469 hanc
1923 2422 2120 2460 scientiam
2148 2423 2328 2460 divinitus
2356 2423 2453 2460 indi-

1391 2484 1482 2512 tam.
1513 2476 1561 2512 Et
1584 2475 1671 2512 ideo
1699 2476 1915 2512 secundum
1943 2488 2030 2513 eam
2058 2476 2187 2513 anima
2215 2475 2353 2513 Christi
2379 2476 2452 2524 pri-

1391 2541 1459 2566 mo
1494 2528 1653 2578 quidem
1689 2528 1868 2576 cognovit
1906 2541 2175 2578 quaecumque
2211 2530 2258 2566 ab
2295 2529 2451 2566 homine

1392 2580 1572 2630 cognosci
1604 2589 1767 2634 possunt
1799 2593 1869 2630 per
1900 2582 2081 2619 virtutem
2120 2582 2273 2619 luminis
2311 2581 2452 2618 intelle-

1392 2643 1475 2672 ctus
1494 2634 1656 2683 agentis:
1685 2634 1781 2671 sicut
1800 2642 1888 2671 sunt
1908 2648 2177 2684 quaecumque
2197 2634 2384 2683 pertinent
2403 2635 2452 2671 ad

1392 2688 1566 2726 scientias
1586 2689 1788 2725 humanas.
1816 2689 1995 2725 Secundo
2015 2702 2040 2724 v
2043 2701 2108 2725 ero
2127 2700 2196 2736 per
2214 2688 2313 2724 hanc
2332 2687 2452 2724 scien-

1391 2742 1484 2779 tiam
1512 2741 1692 2789 cognovit
1721 2741 1894 2777 Christus
1924 2741 2054 2777 omnia
2082 2741 2143 2777 illa
2171 2752 2269 2793 quae
2297 2752 2366 2788 per
2394 2752 2450 2777 re-

1391 2794 1625 2832 velationem
1644 2788 1817 2830 divinam
1837 2793 2060 2830 hominibus
2080 2793 2340 2829 innotescunt:
2371 2792 2450 2829 sive

1391 2848 1606 2898 pertineant
1634 2847 1682 2883 ad
1710 2847 1860 2883 donum
1889 2845 2104 2895 sapientiae,
2126 2846 2204 2882 sive
2233 2845 2281 2882 ad
2301 2845 2452 2882 donum

1393 2899 1629 2951 prophetiae,
1650 2899 1730 2935 sive
1750 2899 1798 2936 ad
1818 2900 2094 2947 quodcumque
2116 2898 2266 2934 donum
2289 2898 2451 2946 Spiritus

1394 2953 1533 2992 Sancti.
1565 2951 1709 2989 Omnia
1737 2951 1838 2988 enim
1868 2951 1937 2988 ista
1965 2950 2222 2988 abundantius
2247 2958 2283 2987 et
2301 2951 2452 2999 plenius

1393 3006 1525 3044 ceteris
1551 3004 1730 3052 cognovit
1758 3004 1885 3040 anima
1906 3003 2055 3040 Christi.
2086 3004 2211 3052 Ipsam
2231 3011 2359 3040 tamen
2380 3004 2451 3040 Dei

1393 3058 1593 3097 essentiam
1622 3069 1691 3106 per
1710 3057 1808 3093 hanc
1830 3056 2026 3093 scientiam
2055 3069 2134 3093 non
2156 3056 2353 3104 cognovit:
2384 3057 2451 3093 sed

1394 3114 1521 3149 solum
1548 3122 1617 3159 per
1644 3109 1821 3158 primam,
1847 3109 1895 3146 de
1924 3122 2001 3158 qua
2029 3121 2145 3158 supra
2163 3109 2183 3131 *
2211 3109 2356 3146 dictum
2384 3117 2449 3146 est.

1447 3166 1503 3200 An
1532 3174 1666 3199 PRIMUM
1694 3174 1792 3199 ERGO
1820 3175 2001 3199 DICENDUM
2030 3163 2136 3211 quod
2165 3162 2224 3199 illa
2244 3162 2337 3199 ratio
2363 3175 2451 3211 pro—

1395 3217 1493 3254 cedit
1520 3216 1567 3252 de
1596 3214 1743 3251 actione
1764 3220 1782 3242 η
1811 3215 1972 3252 naturali
2005 3215 2155 3252 animae
2193 3215 2450 3262 intellectivae,

1395 3281 1494 3318 quae
1533 3267 1670 3304 scilicet
1708 3275 1762 3304 est
1789 3280 1859 3317 per
1894 3269 2220 3318 comparationem
2261 3269 2308 3304 ad
2337 3280 2452 3316 agens

1367 3340 1368 3345 =
1394 3322 1576 3367 naturale,
1607 3321 1713 3370 quod
1743 3329 1798 3358 est
1826 3321 2035 3358 intellectus
2064 3333 2190 3370 agens

335 3455 560 3485 mpotentiae—
541 3455 709 3487 -possibilis
727 3455 755 3484 Ρ,
773 3463 827 3481 om.
846 3463 871 3482 a.

336 3487 350 3521 β
381 3489 513 3523 cognovit.
530 3503 549 3509 —
566 3491 701 3524 cognoscit
720 3490 856 3524 (cognovit
875 3491 905 3524 Ρ)
928 3491 1048 3516 Christus
1066 3490 1139 3514 tertia
1158 3494 1258 3521 praeter
1277 3489 1296 3514 1.

335 3523 363 3593 γζ
382 3524 489 3550 virtutis
507 3525 615 3551 visivae.
632 3540 652 3544 -
669 3526 768 3551 visivae
782 3527 920 3558 potentiae
938 3526 1019 3550 tertia.

377 3565 429 3591 per
446 3560 544 3586 munia.
561 3574 580 3580 -
598 3561 705 3587 omnino
724 3562 804 3587 tertia.

1447 3452 1470 3485 e)
1489 3453 1543 3485 qui.
1561 3467 1580 3471 -
1597 3453 1668 3485 quod
1686 3453 1722 3484 la,
1741 3460 1808 3485 quae
1827 3453 1856 3478 F.

1447 3488 1472 3519 ζ)
1492 3489 1518 3513 in
1538 3496 1614 3520 quem
1633 3496 1695 3514 non.
1714 3502 1732 3507 -
1749 3492 1810 3513 actu
1830 3489 1856 3513 in
1877 3495 1952 3520 quem
1972 3489 2052 3513 tertia.

1446 3524 1473 3557 η)
1491 3524 1604 3550 actione.
1622 3539 1641 3543 —
1652 3524 1774 3557 factione
1792 3525 1840 3557 pE,
1858 3524 2008 3557 cognitione
2027 3524 2055 3554 F,
2070 3524 2193 3555 potentia
2212 3525 2294 3549 tertia.

2480 3121 2489 3129 ·
2505 3119 2551 3146 Qu.

2568 3120 2672 3147 praeced.

2577 3232 2591 3254 η
