2912 4030
394 276 399 283 ¹
453 267 511 292 XIV

506 342 545 363 lx.
570 334 595 361 3.
618 343 641 362 ε.
1317 330 1373 357 Per
1394 329 1521 357 calorem

593 373 669 401 enim
692 371 854 409 disponitur
875 371 993 400 materia
1007 371 1043 400 ad
1059 370 1274 407 suscipiendum
1297 369 1417 398 formam
1437 367 1521 406 ignis,

535 422 590 451 qua
610 420 707 442 tamen
728 412 898 441 adveniente
919 411 1001 440 calor
1022 421 1082 440 non
1103 417 1196 439 cessat

535 462 606 491 quae
627 461 724 481 tamen
745 452 915 480 adveniente
936 451 1018 479 calor
1040 459 1101 479 non
1122 457 1215 479 cessat

535 502 607 531 quae
627 499 725 521 tamen
746 491 915 520 adveniente
937 490 1035 520 calore
1057 500 1118 519 non
1138 497 1241 519 cessat.

509 599 539 618 x.
563 591 588 618 3.
612 600 630 617 t.

538 630 650 658 diversa
670 629 798 658 subiecta

538 670 666 699 diversas
686 669 815 697 subiecta

538 710 665 738 diversas
686 709 870 737 substantias.

511 809 571 830 xw.
597 811 620 830 1.
666 822 672 828 .

540 841 612 869 sicut
633 811 718 869 eiiam
740 848 840 868 omnes
862 839 952 876 (offis)
975 837 1063 867 sancti
1085 836 1138 865 viri
1161 836 1294 866 dicuntur
1315 835 1353 864 dii

541 881 612 910 sicut
633 880 718 909 etiarn
739 879 862 907 dicimus
884 879 976 916 (dffls)
998 877 1089 906 sancti
1109 877 1162 905 viri
1184 876 1319 905 dicuntur
1340 875 1379 903 dii

541 921 613 949 sicut
634 920 719 949 etiam
741 919 863 947 dicimus
884 919 959 956 quod
980 917 1069 946 sancti
1091 917 1142 945 viri
1165 916 1300 945 dicuntur
1321 915 1370 944 dii.

515 1011 633 1080 lbiiindzf
645 1050 866 1087 supponendo...
889 1049 1011 1077 dicimus

540 1092 623 1119 Unde
645 1090 867 1126 supponendum
890 1089 992 1126 (est)...
1015 1088 1139 1116 dicimus

540 1132 624 1159 Unde
645 1130 868 1167 supponendum
890 1134 962 1157 est...
985 1128 1119 1156 Dicimus
1139 1128 1227 1156 enim.

515 1231 606 1252 xxvu.
628 1230 655 1250 2.
678 1233 697 1251 ι.

541 1273 592 1300 per
612 1263 668 1291 hoc
689 1262 765 1299 quod
778 1261 892 1299 sestam
914 1259 1112 1298 conceptionis
1133 1260 1296 1288 celebratur

542 1312 593 1340 per
613 1304 669 1330 hoc
683 1303 796 1340 festum
819 1301 1018 1337 conceptionis
1039 1299 1202 1328 celebratur

543 1352 593 1380 per
614 1343 669 1370 hoc
689 1342 797 1378 festum
819 1340 1016 1378 conceptionis
1038 1340 1221 1369 celebratum.

516 1448 595 1468 xxlx.
619 1447 645 1467 2.
669 1449 695 1466 α.

543 1480 578 1507 ob
600 1480 656 1507 hoc
677 1488 694 1506 a
715 1477 851 1516 coniugio

543 1520 578 1547 ab
600 1519 655 1546 hoc
676 1527 694 1546 a
715 1517 850 1556 coniugio

543 1559 578 1587 ab
599 1559 654 1587 hoc
670 1557 807 1596 coniugio
822 1556 930 1585 Mariae
944 1556 1137 1593 separandum
1153 1555 1336 1592 Evangelista
1351 1561 1464 1591 putaret
1474 1561 1528 1582 etc.

1156 1437 1223 1464 Non
1244 1442 1287 1464 est
1311 1436 1352 1463 fas
1373 1442 1404 1464 ut
1425 1435 1529 1471 loseph

517 1666 555 1686 iv.
576 1667 605 1693 4.
629 1667 652 1686 ε,
877 1656 927 1684 Est
949 1661 1049 1684 contra
1070 1653 1213 1682 rationem
1235 1653 1345 1681 formae
1366 1651 1530 1681 communis

544 1704 575 1726 ut
596 1697 632 1725 sit
654 1697 683 1725 in
701 1705 830 1734 persona
851 1695 918 1733 quia
939 1695 968 1723 in
986 1703 1117 1732 persona
1139 1692 1334 1721 individuatur

544 1744 576 1766 ut
597 1737 634 1765 sit
654 1736 684 1765 in
703 1745 830 1774 persona
851 1734 1047 1763 individuatur

544 1785 576 1805 ut
597 1777 638 1805 sic
661 1777 689 1805 in
706 1785 834 1815 persona
856 1774 1059 1803 individuetur.

520 1883 621 1914 Nobis
637 1880 761 1911 videtur
777 1879 925 1910 credibile
941 1884 977 1909 ut
992 1889 1025 1909 11.
1038 1887 1066 1908 2.
1078 1889 1111 1913 η,
1125 1878 1180 1908 ubi
1196 1877 1291 1913 enim,
1304 1882 1335 1908 et
1351 1887 1455 1908 xrvm.
1468 1887 1498 1908 2.
1511 1886 1533 1907 οι

467 1929 522 1960 ubi
539 1937 603 1958 non
622 1925 828 1966 expulsimus,
842 1924 991 1963 antiquus
1007 1928 1111 1953 textus
1127 1932 1146 1952 a
1161 1927 1341 1952 correctore
1357 1931 1468 1962 passus
1484 1923 1532 1953 sit.

526 1972 575 2002 13.
599 1970 668 2001 Nisi
683 1970 729 2000 rei
745 1969 885 2009 speciem
901 1977 960 2008 pro
977 1967 1107 1997 veritate
1123 1966 1290 2006 amplexus
1305 1975 1388 2003 sum,
1403 1967 1439 1997 in
1454 1968 1534 1998 anti-

468 2027 534 2058 quo
557 2020 646 2046 textu
669 2014 800 2053 vestigia
823 2011 998 2043 ostendisse
1021 2011 1101 2042 mihi
1123 2010 1235 2041 videor
1259 2011 1476 2048 correctionis,
1501 2012 1535 2042 in

467 2060 659 2092 lectionibus
675 2058 795 2089 scilicet
818 2066 900 2098 quae
917 2067 935 2087 a
949 2056 1090 2096 reliquiis
1115 2065 1259 2086 errorum
1281 2065 1349 2085 non
1368 2056 1535 2096 expunctis

469 2113 619 2137 erroneae
644 2103 743 2134 factae
759 2107 843 2137 sunt,
861 2106 892 2131 et
907 2102 941 2132 in
957 2101 1024 2131 aliis
1040 2101 1074 2130 in
1090 2100 1218 2140 quibus,
1235 2100 1434 2130 correctione
1450 2106 1536 2131 extra

469 2150 581 2181 erroris
604 2148 715 2179 locum
741 2146 884 2182 cadente,
908 2144 941 2176 id
965 2144 1055 2185 quod
1087 2149 1212 2175 tantum
1242 2143 1319 2174 falsa
1340 2145 1430 2175 verbi
1452 2150 1536 2176 tran-

469 2194 599 2234 scriptio
623 2197 697 2228 erat,
721 2192 755 2221 in
778 2190 888 2221 falsam
911 2189 1129 2220 redactionem
1153 2194 1320 2219 extensum
1343 2194 1400 2225 est,
1424 2195 1480 2220 aut
1501 2191 1536 2220 in

469 2239 565 2270 talem
598 2236 773 2273 dictionem
806 2244 904 2274 quam
937 2233 1023 2274 apud
1050 2233 1213 2264 Thomam
1243 2242 1310 2263 non
1343 2239 1535 2274 expectares.

470 2282 668 2314 Correctoris
690 2290 767 2311 vero
792 2279 936 2310 officium
959 2277 1045 2318 apud
1068 2277 1136 2308 sola
1158 2277 1231 2308 loca
1253 2282 1386 2318 propter
1408 2278 1536 2310 inadae-

469 2332 599 2368 quatam
633 2325 866 2356 correctionem
888 2322 1054 2354 noscibilia
1076 2321 1191 2362 procul
1215 2321 1314 2352 dubio
1342 2331 1411 2352 non
1433 2324 1536 2360 stetit;

468 2372 560 2412 plura
583 2371 665 2400 bene
689 2378 787 2409 quam
810 2368 893 2398 male
917 2367 1089 2398 correxisse
1108 2365 1287 2397 credendus
1310 2371 1366 2397 est.
1390 2367 1430 2397 Ei
1450 2369 1536 2399 enim

469 2415 581 2447 eadem
605 2424 641 2444 ac
665 2413 809 2454 scriptori
832 2413 911 2442 ratio
941 2410 1221 2451 cognoscibilitatis
1249 2411 1406 2451 competit
1428 2412 1538 2452 quoad

468 2470 549 2491 nos:
575 2459 656 2489 sicut
679 2458 867 2498 scriptorem
889 2466 956 2487 non
980 2455 1207 2495 cognoscimus
1229 2455 1291 2486 nisi
1307 2455 1376 2495 ipse
1390 2465 1449 2496 per
1464 2458 1538 2488 artis

469 2514 544 2536 suae
565 2503 708 2534 defectus
731 2511 764 2532 se
787 2501 903 2542 prodit,
920 2501 963 2531 ita
979 2500 1206 2540 cognoscimus
1229 2501 1418 2531 correctoris
1441 2502 1538 2532 inter-

469 2554 602 2580 ventum
626 2557 663 2578 ex
687 2546 862 2577 defectibus
895 2545 1123 2581 correctionis3
1156 2544 1239 2574 sicut
1270 2544 1406 2584 scriptor
1433 2546 1537 2577 multo

469 2594 588 2634 pluries
620 2595 705 2622 recte
738 2600 836 2631 quam
869 2589 945 2620 false
978 2589 1098 2624 scribit,
1130 2588 1173 2619 ita
1206 2594 1376 2625 corrector,
1410 2591 1467 2630 qui
1500 2600 1539 2622 ex

471 2637 669 2677 autographo
705 2636 861 2675 corrigere
893 2634 1015 2674 potuit,
1044 2633 1147 2663 multo
1181 2632 1301 2673 pluries
1334 2639 1408 2673 apte
1439 2644 1538 2675 quam

470 2683 578 2722 inepte
603 2681 759 2720 corrigere
784 2679 903 2710 debuit.

531 2734 579 2764 14.
601 2726 634 2756 Si
658 2723 838 2755 consideras
862 2733 926 2763 qua
941 2723 1082 2752 bonitate
1106 2722 1257 2761 antiquus
1281 2727 1384 2753 textus
1407 2724 1457 2760 sit,
1474 2733 1540 2764 qua

473 2771 618 2801 distantia
642 2770 783 2810 optimus
807 2767 944 2808 quisque
969 2766 1069 2797 codex
1093 2766 1258 2806 singularis
1283 2767 1312 2796 ei
1334 2768 1368 2797 in
1391 2775 1540 2808 respectu

474 2814 616 2854 puritatis
636 2813 766 2844 inferior
789 2813 838 2848 sit,
855 2821 923 2842 non
946 2816 1038 2851 potes
1055 2819 1122 2840 non
1146 2810 1273 2841 credere
1299 2811 1445 2842 codicem
1461 2823 1540 2853 apo-

474 2859 647 2898 graphum,
672 2863 767 2897 caput
791 2856 941 2887 codicum
969 2855 1090 2895 primae
1113 2854 1229 2890 classis,
1253 2865 1360 2886 rerum
1384 2856 1540 2889 adiunctis

475 2902 650 2942 specialiter
674 2901 840 2932 fortunatis
865 2905 1026 2930 exaratum
1061 2908 1138 2929 esse.
1175 2899 1299 2939 Singuli
1323 2900 1449 2931 codices
1472 2912 1540 2933 uno

476 2946 620 2976 Articulo
650 2946 766 2986 pluries
797 2950 971 2985 peccarunt
998 2953 1096 2984 quam
1119 2942 1172 2973 ille
1196 2943 1229 2974 in
1252 2949 1319 2974 tota
1342 2945 1541 2983 Quaestione

477 2991 587 3021 erravit
601 3001 608 3026 ;
634 2991 724 3020 cuius
739 2991 784 3020 rei
800 2990 924 3029 saepius
949 2988 1204 3028 experimentum
1221 2987 1292 3018 feci.
1317 2989 1393 3020 Meo
1409 2990 1540 3028 iudicio,

477 3035 612 3075 vulgaris
635 3035 794 3074 scriptoris
814 3043 874 3064 nec
891 3033 1051 3072 diligentia
1070 3031 1166 3062 solito
1186 3033 1297 3068 maior,
1314 3043 1375 3063 nec
1398 3044 1542 3066 errorum

477 3079 641 3119 vestigatio
653 3079 769 3109 usitato
786 3077 931 3108 subtilior
943 3082 974 3106 et
986 3076 1192 3112 constantior,
1206 3077 1427 3109 excellentiam
1438 3085 1542 3111 textus

479 3124 600 3163 antiqui
623 3123 695 3152 satis
719 3122 886 3162 explicant.
920 3121 1092 3150 Versamur
1114 3120 1149 3149 ni
1172 3120 1263 3151 fallor
1287 3127 1373 3152 extra
1395 3123 1542 3155 ordinem

479 3166 629 3198 codicum
654 3165 877 3196 communium
901 3164 1041 3194 melioris
1065 3169 1096 3194 et
1120 3165 1261 3203 optimae
1279 3171 1386 3197 notae.
1409 3168 1463 3198 An
1481 3174 1543 3199 ter-

480 3212 584 3241 minos
609 3211 653 3241 rei
676 3209 851 3240 verisimilis
875 3214 906 3238 et
929 3207 1100 3248 probabilis
1129 3208 1288 3246 egredior,
1314 3211 1444 3251 quando
1468 3214 1543 3243 scri-

481 3255 653 3296 ptorcm'et
676 3259 887 3284 correctorem
911 3252 1035 3282 scivisse
1060 3256 1151 3291 puto,
1169 3261 1250 3291 opus
1274 3264 1369 3286 suurn
1389 3261 1542 3297 tanquam

537 3394 544 3408 ¹
566 3395 713 3419 Nullimode
728 3395 792 3424 dim,
806 3395 830 3418 in
849 3395 984 3420 traditione
998 3396 1082 3420 nullas
1103 3396 1255 3428 autographi
1274 3397 1406 3426 lectiones,
1420 3406 1478 3424 esse
1497 3399 1545 3423 nisi

483 3430 588 3462 quaein
602 3430 685 3462 primo
704 3429 852 3462 apographo
871 3430 919 3454 iam
941 3430 1042 3455 fuerint.
1062 3431 1114 3455 Eae
1134 3431 1231 3455 scilicet
1249 3432 1376 3456 variantes
1395 3433 1425 3457 ab
1440 3434 1546 3466 antiquo
1598 3439 1654 3459 turn
1673 3434 1785 3463 invenio.
1799 3440 1888 3460 notam
1907 3434 1963 3460 eiua

484 3470 552 3489 textu
581 3473 646 3497 quae
675 3466 809 3490 lectionem
830 3465 854 3489 in
874 3473 905 3489 eo
924 3466 1050 3490 turbatam
1079 3466 1218 3490 restituunt
1236 3472 1261 3490 et
1280 3467 1356 3491 simul
1383 3469 1546 3493 occasionem

485 3501 564 3524 falsae
592 3501 731 3532 scripturae
759 3500 922 3525 materialiter
950 3501 1122 3531 manifestant,
1142 3501 1168 3526 in
1187 3501 1346 3534 autographo
1373 3502 1453 3527 fuisse
1478 3504 1546 3528 credi

486 3541 602 3567 possunt.
622 3536 672 3559 Sed
692 3535 739 3560 hoc
758 3536 961 3568 argumentando
984 3541 1008 3560 et
1027 3535 1162 3561 inferendo
1187 3537 1301 3566 scimus,
1321 3543 1373 3561 non
1392 3536 1424 3561 ab
1443 3542 1547 3563 attesta-

486 3571 554 3595 tione
574 3570 802 3595 instrumentorum
822 3571 973 3597 traditionis,

1579 327 1794 359 authenticam
1810 326 2099 367 transumptionem
2121 324 2298 355 adhibitum
2321 324 2358 354 iri
2371 321 2383 354 ?
2405 323 2470 360 An,
2485 324 2511 354 si
2527 324 2649 365 primus

1578 372 1782 411 transcriptor
1806 376 1837 400 et
1859 375 2021 401 corrector
2043 370 2104 410 ipsi
2129 377 2339 400 amanuenses
2355 367 2386 399 S.
2401 367 2548 399 Thomae
2572 367 2650 399 fuis-

1579 421 1659 452 sent,
1677 415 1732 456 qui
1753 414 1942 455 autographi
1965 415 2154 455 scripturam
2177 414 2211 444 in
2234 413 2445 454 legibiliorem
2469 417 2501 442 et
2520 412 2650 453 politio-

1579 469 1647 491 rem
1664 459 1801 490 formam
1817 457 1995 494 refuserint,
2013 463 2054 495 et,
2067 457 2168 489 lituris
2189 457 2324 493 omissis,
2342 457 2488 487 ultimam
2512 456 2650 487 auctoris

1580 504 1798 536 redactionem
1815 503 1847 533 in
1865 503 2058 534 continuum
2080 507 2204 533 textum
2220 502 2390 537 univerint,
2407 505 2512 531 textus
2528 500 2651 541 antiqui

1581 548 1725 580 conditio
1750 547 1810 578 alia
1834 555 1902 578 esse
1925 546 2036 578 debuit
2052 556 2088 577 ac
2104 547 2139 577 in
2155 555 2220 586 qua
2243 554 2319 576 eum
2342 545 2459 576 versari
2480 542 2652 576 videmus?

1581 593 1711 623 Errores
1734 591 1985 632 transcriptionis
2015 596 2091 632 post
2113 591 2348 621 correctionem
2377 589 2560 630 superstites
2582 596 2652 620 non

1581 646 1665 677 opus
1689 641 1736 667 est
1759 641 1795 666 ut
1818 644 2018 676 quemquam
2040 634 2263 666 scandalizent.
2289 633 2355 672 Qui
2378 634 2431 674 pie
2455 632 2652 664 credendum

1582 690 1649 712 esse
1680 685 1843 716 autumat,
1873 680 2062 720 autographi
2091 684 2230 715 textum,
2255 686 2312 719 per
2339 678 2418 709 tales
2444 677 2531 708 viros
2562 677 2652 708 omni

1582 725 1771 765 exceptione
1794 724 1931 754 maiores
1947 723 1987 754 ad
2002 722 2284 764 multiplicandum
2307 722 2499 763 dispositum
2519 727 2550 752 et
2565 726 2653 763 apta—

1582 776 1662 806 tum,
1679 769 1769 799 omni
1794 778 1831 798 ex
1855 774 1944 808 parte
1966 776 2028 798 nec
2051 767 2119 798 ullo
2142 767 2217 798 loco
2242 772 2377 808 excepto
2401 776 2419 797 a
2437 766 2598 807 scriptoris
2623 771 2655 797 et

1583 813 1770 844 correctoris
1786 811 1911 843 influxu
1926 812 2063 843 liberum
2080 811 2225 842 futurum
2241 811 2356 848 fuisse;
2378 811 2416 841 ab
2429 819 2469 841 eo
2481 819 2585 841 unum
2601 819 2654 841 so-

1583 859 1651 889 lum
1667 857 1852 897 exemplum
1875 865 2008 898 quaero,
2025 865 2063 887 ex
2079 856 2231 886 omnibus
2254 855 2340 886 libris
2356 863 2503 895 unquam
2519 855 2653 895 scriptis,

1582 911 1624 933 ne
1648 901 1813 933 codicibus
1837 900 1974 941 ‚quidem
1998 900 2111 932 Sacrae
2135 899 2317 941 Scripturae
2341 900 2498 940 exceptis,
2521 899 2556 929 in
2586 907 2653 940 quo

1583 952 1775 987 perventum
1799 951 1846 976 est
1875 945 1915 975 ad
1938 945 2072 985 gradum
2100 949 2206 975 tantae
2229 943 2435 984 perfectionis
2459 947 2613 984 quantam
2637 953 2655 974 a

1583 991 1791 1031 scriptoribus
1807 990 1838 1020 S.
1852 989 2002 1020 Thomae
2016 989 2168 1030 postulat.
2190 988 2218 1019 Is
2233 997 2301 1019 non
2318 987 2486 1028 cognoscit
2500 987 2655 1018 terminos

1584 1036 1641 1066 arti
1664 1035 1850 1075 scriptoriae
1881 1033 2061 1074 praefixos;
2094 1033 2197 1064 nescit
2227 1041 2325 1073 quam
2355 1031 2492 1063 arduum
2519 1035 2601 1062 esset
2624 1035 2656 1062 et

1584 1080 1716 1110 librariis
1748 1087 1875 1119 semper
1907 1083 1992 1109 recte
2025 1078 2178 1113 scribere,
2208 1082 2240 1107 et
2268 1076 2502 1108 correctoribus
2533 1084 2655 1107 errores

1584 1125 1706 1164 ubique
1729 1123 1770 1153 ad
1793 1124 1913 1153 bonam
1943 1122 2069 1162 frugem
2098 1121 2251 1162 redigere.
2284 1120 2525 1152 Animadvertat
2546 1121 2655 1161 potius

1585 1178 1683 1209 quam
1704 1168 1780 1204 cito,
1797 1173 1970 1208 postquam
1986 1167 2128 1207 primum
2144 1165 2367 1207 apographum
2383 1166 2416 1196 in
2434 1172 2550 1196 manus
2566 1172 2657 1195 corn-

1584 1213 1732 1244 munium
1757 1212 1958 1243 librariorum
1974 1210 2126 1242 traditum
2149 1215 2225 1247 erat,
2241 1215 2347 1241 textus
2370 1209 2521 1250 antiquus
2543 1209 2577 1239 in
2593 1209 2656 1240 sin·

1584 1257 1667 1298 gulis
1696 1256 1783 1287 libris
1810 1255 2097 1286 innumerabilibus
2129 1255 2288 1285 erroribus
2321 1252 2509 1285 defoedatus
2541 1253 2599 1290 sit,
2625 1258 2656 1284 et

1585 1301 1796 1342 adaequatam
1818 1301 1989 1331 notionem
2013 1299 2220 1331 excellentiae
2245 1299 2448 1330 nanciscetur
2470 1297 2555 1328 illius
2578 1306 2656 1338 apo-

1584 1346 1707 1387 graphi,
1724 1345 1814 1386 quod
1829 1354 1943 1376 omnes
1963 1343 2092 1375 codices
2107 1344 2229 1384 primae
2245 1343 2352 1374 classis
2367 1343 2509 1384 primum
2526 1341 2657 1382 originis

1584 1391 1635 1421 sui
1658 1390 1782 1421 fontem
1805 1389 2015 1429 proclamant,
2039 1397 2058 1419 a
2081 1398 2149 1429 quo
2173 1389 2269 1418 etiam
2296 1388 2402 1418 omnis
2425 1386 2549 1426 reliqua
2571 1391 2657 1417 tran-

1585 1435 1714 1475 scriptio
1739 1435 1823 1470 exiit,
1840 1434 1932 1464 cuius
1950 1433 2094 1474 scriptor,
2111 1432 2281 1463 traditione
2300 1431 2416 1467 iudice,
2434 1431 2522 1462 solus
2539 1436 2571 1461 et
2585 1431 2658 1462 uni-

1585 1489 1642 1510 cus
1665 1479 1752 1509 testis
1779 1478 1917 1509 ocularis
1940 1477 2001 1508 fuit
2023 1478 2198 1518 scripturae
2221 1476 2422 1517 autographi.

1645 1524 1693 1553 ¹5.
1718 1523 1793 1553 Hoc
1817 1523 1903 1553 enim
1918 1522 2098 1552 necessario
2115 1521 2275 1562 sequitur:
2301 1521 2334 1552 Si
2353 1528 2467 1551 omnes
2488 1519 2659 1560 scriptores

1586 1567 1737 1598 codicum
1761 1571 1946 1597 nostrorum
1970 1566 2066 1596 unius
2089 1566 2231 1606 supremi
2255 1565 2416 1605 scriptoris
2441 1572 2525 1604 opus
2548 1573 2660 1605 repro-

1585 1611 1719 1647 ducunt,
1747 1611 1801 1641 ille
1834 1611 1922 1641 solus
1945 1619 1964 1640 a
1986 1609 2157 1640 traditione
2187 1608 2286 1640 fidem
2315 1609 2455 1639 ocularis
2483 1608 2660 1640 testimonii

1585 1656 1711 1696 accipit.
1736 1655 1860 1686 Omnes
1882 1655 1944 1690 alii,
1961 1655 2160 1694 ubicumque
2185 1662 2260 1684 cum
2278 1658 2368 1684 textu
2387 1653 2524 1694 antiquo
2543 1659 2660 1685 conso·-

1585 1706 1681 1736 nant,
1707 1700 1776 1730 eius
1808 1699 2030 1730 testimonium
2062 1699 2145 1729 circa
2175 1698 2365 1739 autographi
2395 1698 2661 1730 constitutionem

1586 1749 1736 1785 repetunt
1759 1749 1790 1774 et
1813 1749 2002 1784 propagant,
2022 1743 2221 1783 ubicumque
2243 1751 2321 1773 vero
2346 1741 2506 1779 differunt,
2526 1752 2544 1774 a
2565 1741 2662 1774 tradi-

1587 1790 1676 1819 tione
1699 1789 1758 1818 sibi
1781 1787 1859 1828 ipsis
1881 1787 2106 1827 relinquuntur
2124 1792 2144 1818 ¹.
2172 1786 2339 1818 Disiuncta
2362 1791 2394 1817 et
2417 1785 2553 1818 confusa
2576 1786 2663 1828 opti-³

1588 1842 1714 1863 marum
1736 1832 1789 1863 vel
1819 1832 1915 1862 etiam
1946 1831 2201 1862 authenticarum
2224 1831 2415 1862 variantium
2445 1839 2503 1872 per
2533 1830 2662 1863 codices

1588 1878 1727 1908 invicem
1751 1876 1979 1907 dissimillimos
1995 1875 2184 1911 distributio,
2201 1875 2286 1906 viam
2303 1875 2342 1906 ad
2365 1883 2476 1906 earum
2500 1885 2558 1907 exe
2617 1876 2664 1907 lai·-

1591 1922 1685 1953 nobis
1718 1921 1899 1961 praeclusit.
1939 1919 1975 1951 In
2009 1920 2089 1950 alios
2123 1920 2221 1950 libros
2255 1920 2294 1950 ab
2325 1919 2393 1950 aliis
2427 1918 2600 1952 correctori
2623 1929 2663 1952 ua

1589 1967 1779 2006 importatae
1795 1970 1967 2006 apparent;
1987 1963 2076 1995 unde
2090 1964 2202 1995 allatae
2218 1964 2281 1994 sint
2295 1972 2364 1994 non
2379 1969 2520 2005 apparet.
2539 1962 2663 1996 ornnes

1590 2010 1677 2051 apud
1699 2015 1842 2040 mentem
1866 2015 1898 2040 et
1915 2009 2115 2040 voluntatem
2139 2013 2358 2039 correctorum
2380 2008 2522 2049 incipere
2545 2008 2665 2050 potue-³

1590 2060 1674 2090 runt,
1691 2059 1747 2085 aut
1761 2055 1826 2084 iam
1842 2054 1875 2084 in
1891 2053 1959 2084 aliis
1982 2053 2068 2084 libris
2088 2062 2175 2083 nunc
2199 2052 2340 2093 perditis,
2357 2058 2412 2083 aut
2435 2052 2514 2084 aliae
2537 2053 2571 2084 in
2595 2052 2663 2085 sola

1591 2105 1811 2130 correctorum
1833 2103 1942 2128 mente
1958 2097 2038 2128 aliae
2054 2098 2086 2128 in
2103 2097 2280 2132 codicibus,
2298 2106 2316 2127 a
2331 2106 2474 2138 quorum
2497 2098 2662 2130 consortio

1591 2143 1827 2184 autographum
1842 2151 1911 2173 non
1927 2141 2074 2178 excludo,
2091 2140 2223 2172 fortasse
2243 2142 2510 2182 praeextiterunt:
2534 2141 2662 2174 traditio

1591 2189 1675 2219 circa
1695 2188 1759 2218 hoc
1774 2192 1864 2218 muta
1880 2191 1938 2218 est.
1954 2187 2005 2217 Ab
2020 2186 2074 2217 illa
2089 2195 2157 2217 non
2173 2186 2337 2227 accipiunt
2350 2187 2513 2227 potiorem
2529 2187 2664 2218 authen-

1590 2233 1718 2263 ticitatis
1741 2232 1996 2262 aestimationem
2017 2240 2115 2272 quam
2132 2240 2196 2271 qua
2212 2239 2322 2261 earum
2345 2230 2442 2267 testis,
2459 2231 2510 2262 vel
2533 2231 2663 2263 testium

1592 2277 1754 2317 antiquior
1777 2276 1925 2318 quisque,
1950 2285 2002 2306 eas
2025 2274 2088 2306 frui
2110 2275 2273 2316 permittit.
2302 2274 2424 2306 Textus
2451 2276 2560 2307 autem
2583 2276 2664 2307 anti-

1593 2330 1676 2362 quus
1693 2331 1711 2351 a
1726 2321 1832 2361 primo
1848 2320 2035 2361 apographo
2050 2324 2262 2356 mensuratur,
2283 2319 2418 2360 eiusque
2441 2318 2664 2352 auctoritatem

1593 2371 1624 2396 et
1648 2365 1870 2406 antiquitatem
1893 2365 2015 2406 ubique
2039 2370 2071 2395 et
2093 2372 2220 2405 semper
2242 2373 2354 2397 secum
2377 2362 2447 2396 fert.

1708 2484 1725 2522 §
1749 2483 1787 2513 V.
1811 2501 1834 2504 —
1857 2482 1915 2513 DE
1939 2481 2063 2512 NOTA
2087 2479 2290 2512 CODICUM
2316 2480 2570 2513 BRIXIENSIS.

1950 2525 2008 2556 ET
2039 2525 2307 2556 AMBROSIANI

1653 2638 1702 2668 16.
1738 2638 1801 2668 Hic
1839 2637 1931 2668 locus
1969 2641 2174 2677 opportunus
2208 2641 2256 2666 est
2289 2635 2445 2676 loquendi
2480 2635 2520 2667 de
2554 2636 2664 2678 aliquo

1594 2683 1726 2713 homine
1761 2691 1941 2722 anonymo,
1967 2682 2023 2721 qui
2054 2681 2289 2721 autographum
2322 2681 2498 2721 inspexisse
2529 2680 2665 2719 videtur,

1594 2733 1659 2757 tam
1683 2725 1884 2757 confidenter
1907 2725 1946 2756 de
1966 2735 2005 2756 eo
2028 2725 2245 2756 ratiocinatur.
2269 2725 2305 2756 In
2328 2724 2393 2756 fine
2417 2725 2537 2756 scilicet
2559 2725 2665 2766 operis

1594 2772 1763 2812 scriptores
1783 2770 1934 2801 codicum
1952 2770 2123 2800 Brixiensis
2139 2769 2197 2810 (Q)
2215 2775 2247 2800 et
2261 2769 2466 2800 Ambrosiani
2483 2769 2537 2810 (R)
2553 2775 2666 2801 notam

1594 2820 1775 2846 memoratu
1799 2814 1928 2855 dignam
1953 2814 2111 2850 exhibent,
2129 2823 2227 2854 quam
2246 2814 2298 2845 hic
2322 2814 2560 2845 transcribimus
2575 2817 2598 2851 ²,
2623 2819 2665 2850 et,

1595 2860 1741 2900 quamvis
1775 2860 1809 2889 in
1844 2859 1978 2889 alterurn
2016 2864 2142 2889 nostrae
2182 2858 2331 2890 editionis
2361 2859 2526 2890 Volumen
2563 2858 2667 2890 maior

1595 2905 1745 2935 materiae
1780 2903 1995 2934 discutiendae
2030 2913 2102 2943 pars
2137 2903 2233 2939 cadit,
2265 2909 2366 2934 totam
2397 2904 2461 2934 iam
2491 2903 2555 2934 hoc
2588 2902 2664 2934 loco

1595 2949 1734 2989 pleniori
1757 2947 2005 2979 considerationi
2029 2948 2225 2978 subiicimus.
2681 2978 2685 2982 ,

1650 2993 1840 3034 Paragraphi
1868 2993 2056 3032 incipientes
2079 3002 2136 3033 per
2158 2991 2305 3034 Explicit
2326 2997 2358 3023 et
2380 2990 2664 3037 Incipiuntsrubr'o

1597 3037 1713 3068 exarati
1731 3042 1815 3073 sunt,
1833 3036 1889 3067 sed
1905 3045 2031 3077 semper
2045 3037 2079 3067 in
2096 3037 2274 3067 charactere
2298 3037 2491 3076 scriptorum
2513 3033 2669 3068 codicum

1595 3081 1736 3112 illorum.
1771 3081 1911 3112 Ultimus
1944 3081 2160 3123 paragraphus
2194 3081 2267 3112 Inct‘
2286 3081 2361 3114 'iunt
2391 3084 2450 3110 etc.
2480 3078 2514 3110 in
2541 3078 2571 3110 R
2597 3072 2666 3118 nori

1597 3126 1740 3166 sequitur
1763 3125 1946 3156 immediate
1964 3131 2039 3166 post
2054 3130 2176 3162 notam,
2193 3124 2249 3156 sed
2277 3122 2344 3156 olio
2360 3122 2518 3164 sequenti.
2535 3119 2669 3159 Variam

1596 3176 1643 3200 tes
1663 3170 1702 3206 R,
1719 3170 1757 3200 ab
1773 3169 1919 3211 Explicit
1933 3169 2018 3207 inde,
2035 3176 2115 3201 noto
2131 3169 2172 3200 ad
2186 3171 2310 3200 textum
2325 3166 2366 3206 Q,
2384 3167 2440 3199 sed
2454 3176 2667 3199 numerorum
2702 3167 2706 3171 ”

1595 3215 1714 3245 variam
1738 3215 1926 3255 scripturam
1951 3220 1982 3245 et
2004 3215 2078 3245 talia
2099 3213 2233 3244 minima
2256 3212 2440 3253 supprimo;
2466 3221 2484 3242 c
2501 3221 2561 3253 pro
2578 3217 2592 3243 t
2605 3221 2666 3244 nec

1595 3264 1676 3289 noto
1706 3269 1766 3290 nec
1790 3259 1913 3296 scrib0;
1937 3258 2230 3300 interpunctionem
2252 3257 2405 3298 tantisper
2426 3256 2558 3289 mutavi.

2102 3328 2146 3356 ,ιμ’

1653 3398 1663 3413 “
1683 3399 1712 3424 ln
1729 3398 1842 3424 Archivo
1861 3402 1952 3434 nostro
1970 3397 2039 3458 apud
2063 3394 2159 3430 codicis
2177 3394 2343 3426 Ambrosiani
2370 3394 2570 3429 descriptionem
2594 3401 2668 3421 nota—

1994 3432 2009 3458 e
2023 3439 2074 3465 qua
2092 3431 2178 3465 agitur
2189 3431 2284 3456 editam
2303 3434 2372 3463 esse,
2385 3436 2436 3457 non
2457 3431 2513 3456 sine
2534 3428 2664 3464 aliquibus

1601 3469 1711 3500 mendis,
1726 3469 1752 3494 in
1774 3469 1882 3495 Vestino
1899 3469 1929 3495 dt·
1947 3469 1976 3494 S.
1993 3467 2143 3495 statuum,
2163 3474 2243 3500 quem
2262 3466 2356 3492 librum
2373 3466 2415 3492 vel
2433 3466 2594 3499 periodicum
2613 3466 2668 3491 Me-

1602 3505 1694 3529 diolani
1714 3509 1740 3528 et
1758 3505 1858 3530 Romae
1872 3511 1930 3536 ,non
1947 3504 2101 3534 invenimus.
2119 3503 2235 3529 Annon
2249 3509 2279 3528 ex
2293 3501 2419 3529 Brix‘ienni
2437 3508 2554 3535 unquam
2572 3501 2668 3534 publici

1602 3539 1663 3564 iuris
1683 3539 1748 3565 facta
1766 3540 1800 3565 sit
1818 3540 1915 3567 nescio.
