2872 3970
202 2442 211 2452 ⁸
225 2443 295 2465 Num.
311 2449 342 2464 iv.

202 2666 274 2686 ‘Art
290 2671 309 2686 2.

215 2692 286 2712 ⁸Art.
301 2697 321 2712 2.

437 307 514 344 224

435 381 562 411 nuatur,
586 375 663 406 dum
687 375 819 405 solvitur
842 379 1064 414 argumentum
1089 383 1126 404 ex
1142 373 1302 403 identitate
1319 378 1448 402 naturae
1465 377 1495 401 et

435 429 591 459 personae
620 420 653 449 in
677 419 806 454 divinis,
836 424 867 448 et
889 418 1060 448 affirmatur
1091 417 1311 448 conditionalis
1339 415 1444 456 quod,
1468 415 1496 446 si

437 464 480 494 ibi
502 468 583 493 esset
605 463 696 493 aliud
718 472 784 493 esse
808 467 945 493 naturae
968 467 998 492 et
1020 461 1111 491 aliud
1133 471 1200 491 esse
1216 469 1392 501 personae,
1417 464 1497 490 esset

437 507 556 547 triplex
579 517 654 537 esse.
690 507 778 537 Haec
808 507 893 536 enim
922 505 1038 535 solutio
1066 505 1205 535 insinuat
1232 503 1334 543 quod,
1365 504 1440 543 quia
1462 503 1496 533 in

437 551 585 581 humanis
609 557 639 581 et
662 551 694 581 in
719 551 846 581 Christo
870 559 1005 590 persona
1027 559 1094 579 non
1119 554 1165 578 est
1187 547 1273 578 idem
1295 557 1369 577 cum
1385 552 1497 588 natura

437 601 608 635 assumpta,
633 594 718 625 aliud
742 600 788 624 est
811 604 878 624 esse
901 603 1055 633 personae
1072 598 1103 623 et
1119 592 1204 622 aliud
1220 597 1363 622 naturae:
1388 601 1424 621 ac
1440 600 1497 630 per

437 640 511 675 hoc,
536 639 601 669 duo
630 643 703 668 sunt
725 639 758 668 in
782 637 908 668 Christo
933 647 1010 667 esse.

494 683 529 713 In
559 683 745 723 oppositum
774 687 880 712 autem
911 686 956 711 est
978 689 1145 720 processus
1173 679 1295 710 articuli
1319 678 1497 709 secundum

438 727 573 767 planum
595 727 679 756 illius
703 735 841 756 sensum.

494 771 532 801 V.
555 769 607 800 Ad
629 771 692 800 hoc
722 769 836 799 dicitur
866 768 955 809 quod
977 768 1089 807 procul
1114 767 1212 797 dubio
1243 776 1354 797 sensus
1377 764 1497 796 litterae

438 815 542 850 huius,
568 820 598 844 et
621 813 763 844 doctrina
785 813 934 842 Auctoris
958 817 1003 842 est
1018 812 1051 841 in
1068 811 1195 841 Christo
1211 821 1277 840 non
1293 811 1427 840 inveniri
1442 810 1497 840 ali—

439 857 529 898 quod
559 867 625 887 esse
648 857 778 887 actualis
812 856 994 886 existentiae
1017 854 1220 885 substantiale
1255 855 1316 884 nisi
1343 863 1410 884 esse
1434 855 1498 884 exi—

439 902 569 932 stentiae
594 900 746 931 divinum.
771 899 862 930 Clare
886 898 1043 939 siquidem
1066 904 1152 938 patet
1173 908 1211 928 ex
1226 907 1379 938 processu
1402 898 1498 928 huius

438 945 559 976 articuli
583 945 651 975 tolli
674 954 692 974 a
715 943 841 974 Christo
866 953 963 973 omne
987 952 1053 972 esse
1084 941 1172 982 quod
1195 952 1213 972 a
1236 951 1441 982 quacumque
1464 952 1498 973 re

437 989 596 1029 personali
618 989 651 1018 in
676 987 802 1018 Christo
828 993 873 1017 est
897 987 957 1016 nisi
980 996 998 1016 a
1021 986 1144 1016 deitate.
1169 985 1334 1017 Fundatur
1350 987 1436 1017 enim
1451 987 1498 1028 vis

436 1033 566 1063 rationis
588 1032 708 1062 litterae
731 1040 827 1070 super
849 1031 911 1061 hoc
935 1029 1042 1070 quod,
1066 1031 1131 1060 sive
1155 1029 1258 1060 forma
1281 1031 1347 1060 sive
1369 1030 1499 1061 materia

437 1077 501 1106 sive
526 1086 596 1116 pars
615 1076 679 1105 sive
702 1080 813 1105 natura
837 1083 1061 1114 quaecumque
1085 1075 1124 1104 sit
1154 1079 1299 1113 spectans
1323 1073 1366 1114 vad
1388 1083 1498 1115 perso-

436 1121 597 1150 nalitatem
614 1119 756 1154 alicuius,
769 1128 836 1149 non
852 1117 940 1148 affert
956 1127 1050 1148 suum
1067 1127 1144 1149 esse.
1161 1118 1202 1148 Et
1217 1123 1386 1158 propterea
1401 1128 1498 1159 opor-

436 1170 481 1195 tet
504 1165 637 1194 alterum
661 1163 799 1194 duorum
815 1162 935 1192 dicere:
960 1167 1015 1192 aut
1038 1161 1127 1202 quod
1149 1167 1261 1193 natura
1275 1163 1416 1193 humana
1430 1173 1497 1194 non

437 1214 558 1248 spectet
581 1207 620 1238 ad
642 1207 899 1248 personalitatem
923 1206 1054 1242 Christi;
1079 1211 1134 1236 aut
1157 1205 1247 1247 quod
1268 1216 1337 1237 non
1360 1207 1498 1238 attulerit

437 1252 564 1283 Christo
589 1261 655 1282 esse
679 1251 768 1291 quod
791 1250 927 1281 dedisset
949 1259 1104 1290 personae
1126 1251 1285 1281 humanae
1306 1260 1404 1291 quam
1420 1261 1497 1282 con—

437 1297 586 1328 stituisset
606 1297 631 1326 si
649 1306 715 1326 non
732 1295 841 1326 fuisset
857 1299 1027 1334 assumpta.
1051 1294 1103 1324 Ad
1118 1294 1182 1325 hoc
1197 1304 1338 1335 namque
1354 1295 1498 1326 fundavit

437 1350 470 1371 se
492 1341 615 1371 Auctor
642 1349 737 1379 super
760 1339 948 1379 pertinentia
971 1338 1021 1368 vel
1051 1338 1290 1379 impertinentia
1313 1339 1434 1370 formae
1458 1339 1498 1370 ad

436 1385 691 1425 personalitatem
714 1383 863 1418 alicuius,
894 1388 930 1413 ut
956 1382 1146 1422 pertinentia
1175 1382 1214 1413 ad
1240 1384 1497 1424 personalitatem

437 1429 569 1459 alicuius
600 1429 719 1468 privata
746 1427 814 1458 fore
841 1427 971 1466 singulis
1002 1427 1138 1467 propriis
1165 1436 1249 1463 esse,
1278 1437 1316 1458 ex
1338 1428 1403 1458 hoc
1425 1429 1496 1468 ipso

437 1472 526 1513 quod
542 1472 580 1502 ad
596 1473 722 1502 alterius
738 1471 996 1511 personalitatem
1011 1476 1165 1511 spectant,
1181 1477 1380 1502 monstraret.
1405 1471 1497 1510 Quo-

435 1517 522 1547 niam
545 1518 579 1546 in
601 1517 663 1546 hoc
688 1515 835 1546 differunt
858 1515 1039 1555 personales
1063 1525 1081 1545 a
1104 1525 1171 1546 non
1193 1515 1414 1555 personalibus
1434 1516 1497 1547 for-

436 1562 506 1597 mis,
532 1560 620 1601 quod
643 1570 709 1590 non
726 1559 907 1600 personales
931 1559 1048 1589 habent
1066 1559 1208 1599 singulae
1224 1559 1348 1600 singula
1370 1561 1498 1601 propria

437 1615 514 1641 esse,
538 1610 574 1635 ut
590 1610 675 1644 patet
699 1604 738 1634 de
754 1603 909 1640 albedine,
927 1603 1105 1639 dulcedine,
1123 1604 1308 1643 quantitate,
1326 1609 1401 1640 etc.;
1426 1614 1497 1644 per—

436 1649 556 1679 sonalia
579 1654 686 1679 autem
710 1654 817 1678 carent
846 1647 976 1687 singulis
1000 1657 1078 1678 esse.
1109 1647 1150 1677 Et
1179 1653 1348 1688 propterea
1371 1649 1413 1685 si,
1437 1659 1496 1689 pro

436 1694 522 1734 quia,
547 1693 725 1723 humanitas
741 1693 774 1723 in
791 1692 918 1722 Christo
935 1691 1109 1731 personalis
1125 1701 1174 1722 res
1190 1697 1246 1728 est,
1264 1698 1393 1732 oportet
1409 1693 1498 1733 quod

437 1743 539 1768 careat
563 1747 621 1767 suo
646 1738 776 1777 proprio
802 1746 879 1772 esse,
905 1735 992 1776 quod
1009 1741 1132 1766 constat
1150 1737 1258 1766 vocari
1277 1746 1345 1767 esse
1367 1737 1498 1767 actualis

437 1782 635 1817 existentiae,
658 1787 769 1811 natum
793 1781 974 1821 principiari
1003 1781 1041 1810 ab
1065 1781 1277 1816 humanitate,
1307 1790 1364 1811 seu
1386 1786 1498 1812 natum

438 1836 506 1856 esse
528 1826 731 1856 humanitatis
754 1831 790 1855 ut
812 1825 960 1865 principii
984 1834 1060 1864 qu0.
1086 1823 1179 1855 Unde
1202 1824 1334 1864 perinde
1351 1830 1432 1856 esset
1451 1824 1497 1856 di-

438 1880 509 1901 cere
532 1870 761 1900 humanitatem
776 1870 809 1899 in
826 1868 952 1899 Christo
977 1869 1092 1899 habere
1111 1869 1273 1908 propriam
1289 1870 1496 1906 existentiam,

438 1914 494 1944 sed
516 1914 602 1944 illam
625 1923 692 1944 non
715 1923 782 1944 esse
805 1913 988 1953 simpliciter
1004 1918 1058 1943 aut
1073 1913 1282 1953 principalem
1301 1914 1498 1944 existentiam

439 1957 566 1994 Christi,
586 1957 640 1988 sed
663 1957 881 1988 secundariam
897 1962 951 1987 aut
966 1956 1144 1987 secundum
1161 1957 1249 1997 quid,
1264 1963 1343 1998 puta
1361 1958 1498 1998 inquan-

438 2008 508 2033 tum
531 2007 576 2032 est
598 2002 714 2039 homo;
740 2007 770 2032 et
786 2001 943 2032 collocare
958 2001 1188 2031 humanitatem
1205 2001 1322 2032 Christi
1337 2002 1370 2032 in
1386 2001 1498 2032 ordine

439 2046 613 2077 formarum
637 2056 692 2076 seu
715 2052 898 2076 naturarum
921 2054 988 2075 non
1010 2046 1239 2085 pertinentium
1262 2045 1302 2076 ad
1325 2046 1498 2086 personali-

438 2096 545 2126 tatem,
570 2091 685 2130 quibus
710 2091 859 2120 convenit
882 2090 990 2120 afferre
1014 2099 1124 2120 secum
1147 2099 1204 2120 sua
1227 2090 1350 2130 singula
1373 2100 1451 2126 esse,
1469 2095 1500 2121 et

438 2139 607 2174 propterea
629 2134 839 2174 multiplicare
862 2134 914 2164 illa
937 2135 970 2164 in
993 2143 1057 2164 una
1073 2139 1104 2164 et
1119 2133 1231 2164 eadem
1246 2144 1398 2174 persona:
1424 2144 1499 2165 cum

438 2185 545 2209 tamen
569 2178 729 2209 evidenter
751 2179 784 2208 in
807 2178 908 2208 littera
932 2178 1052 2208 clarum
1073 2178 1113 2208 sit
1134 2178 1366 2209 humanitatem
1382 2178 1501 2209 Christi

438 2223 575 2253 locatam
599 2233 666 2253 esse
693 2223 774 2252 inter
796 2223 969 2262 spectantia
999 2221 1038 2252 ad
1060 2222 1334 2262 personalitatem,
1365 2228 1397 2253 et
1425 2223 1499 2254 ideo

439 2277 506 2298 non
530 2266 638 2297 afferre
660 2267 826 2307 proprium
850 2276 934 2303 esse;
965 2267 1054 2307 quia,
1079 2266 1104 2296 si
1127 2265 1251 2297 afferret
1272 2266 1368 2303 illud,
1391 2267 1500 2297 multi-

439 2311 607 2351 plicaretur
629 2312 662 2341 in
685 2321 749 2341 una
772 2317 803 2341 et
827 2310 937 2341 eadem
960 2319 1097 2351 persona
1121 2320 1188 2340 esse
1210 2310 1393 2351 personale,
1419 2320 1500 2351 quo-

438 2356 525 2386 niam
549 2365 615 2385 esse
638 2355 804 2395 proprium
827 2361 957 2385 naturae
979 2355 1138 2385 humanae
1162 2360 1208 2384 est
1232 2364 1299 2385 esse
1321 2355 1499 2395 personale,

439 2405 486 2430 est
509 2400 593 2429 enirn
618 2409 684 2429 esse
708 2398 845 2429 Socratis
868 2404 922 2429 aut
944 2399 1094 2434 Platonis,
1112 2403 1171 2428 etc.

493 2444 546 2473 Vl.
570 2443 621 2473 Ad
645 2443 769 2473 obiecta
792 2448 899 2473 autem
922 2443 955 2472 in
975 2442 1191 2482 oppositum*
1206 2441 1443 2482 respondendo,
1461 2443 1500 2473 ad

438 2488 578 2528 primum
602 2487 715 2518 dicitur
739 2486 828 2527 quod
852 2487 963 2526 opinio
979 2487 1042 2522 illa,
1066 2487 1170 2525 posita
1185 2486 1218 2516 in
1234 2486 1432 2524 Quaestione
1447 2487 1501 2517 illa

438 2532 477 2562 de
496 2532 622 2562 Unione
642 2531 742 2567 Verbi,
766 2537 802 2561 ut
817 2535 980 2561 retractata
996 2529 1154 2560 censenda
1170 2535 1230 2560 est:
1255 2530 1316 2560 nisi
1331 2531 1403 2570 quis
1419 2530 1500 2561 adeo

439 2575 571 2616 desipiat
594 2581 629 2606 ut
652 2581 743 2615 putet
766 2574 943 2605 doctrinam
966 2575 999 2604 in
1021 2574 1085 2605 hoc
1109 2574 1222 2604 ultimo
1238 2573 1320 2604 libro
1343 2574 1499 2611 traditam,

439 2626 470 2650 et
492 2621 524 2650 in
549 2620 737 2650 authenticis
759 2619 845 2648 libris
875 2619 970 2648 etiam
993 2618 1080 2658 prius
1110 2618 1293 2657 probatam,
1321 2618 1441 2649 scilicet
1466 2619 1500 2649 in

439 2664 479 2694 111
496 2664 593 2700 Sent„
614 2663 683 2693 dist.
700 2673 741 2699 vr,
766 2672 820 2702 qu.
838 2672 860 2692 11
871 2663 898 2698 ἦ
923 2667 954 2692 et
970 2662 1002 2692 in
1018 2661 1150 2699 Quolib.
1167 2661 1220 2698 IX,
1238 2671 1292 2702 qu.
1308 2672 1331 2691 ιι
1346 2663 1390 2699 “,
1407 2662 1500 2693 redu-

439 2707 572 2738 cendam
597 2717 663 2737 esse
688 2707 727 2737 ad
750 2705 1024 2746 quaestiunculam
1039 2707 1091 2735 vix
1115 2706 1276 2745 cognitam
1299 2706 1380 2737 inter
1403 2716 1500 2747 opera

438 2753 596 2787 Auctoris,
614 2757 645 2781 et
660 2751 755 2790 longe
772 2756 844 2780 ante
860 2750 984 2780 factam.
1010 2749 1101 2788 Quae
1124 2749 1341 2780 rationabilius
1364 2750 1501 2781 creditur

439 2795 619 2836 colligendo
644 2795 772 2826 condita
795 2795 876 2824 inter
899 2793 1064 2824 schedulas
1091 2793 1343 2834 disputationum
1361 2794 1499 2831 inventa,

440 2850 536 2880 quam
552 2849 696 2879 unquam
720 2838 802 2869 edita
826 2849 843 2868 a
867 2837 940 2868 divo
965 2838 1101 2868 Thoma.
1135 2837 1269 2868 Constat
1293 2838 1379 2868 enim
1402 2848 1500 2879 quae-

440 2885 575 2914 stionem
599 2884 684 2913 illam
701 2882 740 2913 de
763 2888 849 2913 tanta
871 2892 914 2918 re,
931 2883 994 2913 hoc
1018 2887 1065 2912 est
1088 2881 1126 2912 de
1149 2882 1270 2912 unione
1286 2882 1383 2912 Verbi
1398 2883 1498 2913 incar—

439 2928 514 2963 nati,
531 2927 802 2967 imperfectissime
818 2927 981 2957 materiam
1004 2926 1133 2956 unionis
1151 2931 1293 2962 tractare,
1310 2931 1341 2956 et
1364 2936 1421 2967 per
1435 2927 1499 2958 hoc

441 2971 599 3001 dissonare
615 2972 653 3001 ab
673 2971 740 3001 aliis
757 2971 1006 3009 Quaestionibus
1022 2970 1196 3010 Disputatis
1212 2969 1372 3007 eiusdem3
1398 2976 1429 3001 et
1451 2981 1499 3001 ra-

440 3016 580 3045 tionibus
602 3015 740 3046 multum
765 3015 920 3046 debilibus
944 3015 1000 3051 uti,
1017 3020 1053 3045 ut
1068 3020 1155 3055 patet
1173 3013 1350 3045 conferenti
1364 3014 1436 3045 illos
1452 3025 1499 3046 ar-

441 3059 555 3089 ticulos
578 3059 732 3089 similibus
754 3060 787 3089 in
811 3060 874 3090 hoc
898 3069 1012 3099 opere;
1038 3064 1069 3089 et
1085 3059 1228 3099 quinque
1244 3064 1369 3089 tantum
1385 3059 1499 3090 articu-

441 3102 478 3132 lis
507 3112 574 3133 rem
604 3108 722 3133 tantam
753 3103 925 3134 absolvere.
949 3103 1026 3133 Prae
1049 3112 1082 3134 se
1107 3102 1212 3133 ferunt
1239 3102 1397 3143 siquidem
1420 3104 1499 3135 haec

442 3146 530 3186 quod
554 3146 699 3176 diximus.

496 3190 546 3220 Ad
570 3189 756 3226 secundum,
780 3196 943 3230 sumptum
967 3200 1004 3221 ex
1024 3200 1158 3231 corpore
1182 3190 1276 3222 huius
1300 3191 1432 3228 articuli,
1453 3191 1500 3222 di-

443 3234 523 3264 citur
547 3233 634 3272 quod
658 3233 735 3262 nihil
759 3234 870 3263 obstat.
900 3235 1062 3271 Quoniam
1086 3245 1153 3265 esse
1177 3235 1352 3274 personale,
1377 3241 1408 3266 et
1431 3245 1499 3267 esse

443 3277 644 3307 substantiale
660 3277 884 3316 personalium,
904 3278 989 3317 apud
1004 3279 1178 3310 Auctorem
1195 3279 1280 3310 idem
1297 3285 1352 3310 est.
1377 3279 1417 3310 Et
1435 3280 1499 3311 iam

444 3321 635 3351 declaratum
659 3326 723 3350 erat
746 3321 778 3350 in
802 3320 926 3351 hacmet
950 3322 1050 3352 littera
1071 3323 1144 3359 hoc,
1169 3323 1298 3363 quando
1315 3323 1437 3355 illatum
1454 3330 1500 3355 est

444 3365 476 3394 in
501 3364 627 3394 Christo
650 3373 717 3393 non
740 3363 886 3393 advenire
910 3374 1030 3395 novum
1054 3376 1120 3396 esse
1144 3367 1319 3406 personale.
1351 3368 1443 3399 Unde
1467 3368 1500 3410 ly

440 3408 613 3446 personale
639 3407 773 3437 sumitur
799 3407 843 3437 ibi
873 3412 907 3437 ut
931 3407 1130 3447 distinguitur
1161 3417 1270 3441 contra
1292 3411 1499 3443 accidentale.

446 3451 529 3487 Quia
554 3452 638 3481 enim
668 3451 745 3481 haec
769 3449 834 3481 duo
859 3456 982 3481 tantum
1013 3453 1134 3483 essendi
1164 3463 1279 3493 genera
1308 3456 1341 3485 in
1364 3465 1500 3496 persona

447 3493 669 3530 declaraverat;
701 3500 730 3524 et
758 3494 840 3524 Filio
865 3494 924 3524 Dei
955 3504 991 3524 ex
1019 3495 1212 3527 humanitate
1240 3505 1400 3539 assumpta
1431 3510 1498 3530 non

447 3536 572 3566 advenit
595 3547 715 3567 novum
740 3548 806 3567 esse
826 3537 1033 3573 accidentale;
1058 3539 1115 3568 sub
1133 3549 1198 3578 quo
1215 3542 1417 3573 substantiale
1433 3553 1500 3574 esse

448 3581 626 3610 existentiae
651 3581 752 3611 claudi
778 3587 920 3620 oportet,
953 3582 1105 3620 quoniam
1131 3583 1270 3614 humana
1292 3590 1403 3616 natura
1432 3596 1499 3616 non

447 3624 505 3653 nisi
530 3624 729 3654 substantiale
753 3635 818 3654 esse
843 3625 1023 3655 existentiae
1047 3635 1155 3655 secum
1180 3626 1283 3662 affert,
1308 3627 1396 3667 quod
1420 3630 1500 3659 acci-

1127 295 1390 342 QUAESTIO
1419 294 1541 340 XVII,
1570 294 1862 332 ARTICULUS
1890 295 1921 332 11

1550 371 1674 402 dentale
1697 379 1779 402 esset
1802 372 1883 402 Filio
1907 372 1986 402 Dei:
2017 371 2108 407 ideo,
2131 371 2173 402 ad
2196 371 2404 404 differentiam
2426 372 2612 406 huiusmodi

1549 415 1749 446 accidentalis
1772 425 1850 452 esse,
1873 415 1992 447 addidit
2014 416 2047 456 ly
2056 417 2241 456 personale.
2264 416 2430 457 Alioquin,
2446 417 2613 461 conclusio

1549 468 1672 489 novum
1694 459 1867 490 terminum
1890 459 2099 500 apposuisset,
2124 465 2155 490 et
2177 469 2245 490 non
2268 465 2454 521 sequeretur
2468 470 2507 492 ex
2521 455 2614 503 pr'ae-

1550 503 1664 533 missis.

1605 546 1656 577 Ad
1678 547 1817 583 tertium,
1842 551 2008 587 sumptum
2031 555 2069 577 ex
2091 548 2302 587 responsione
2325 548 2365 579 ad
2386 549 2542 589 primurn,
2565 548 2617 580 di·-

1551 591 1632 620 citur
1662 590 1751 630 quod
1775 591 1971 631 comparatio
1996 590 2078 622 cadit
2101 601 2196 632 supra
2218 601 2346 629 causas,
2374 598 2406 623 et
2427 602 2495 623 non
2518 602 2614 633 supra

1551 633 1692 664 effectus.
1728 634 1839 665 Unitas
1871 635 1957 665 enim
1987 644 2142 675 personae
2173 641 2205 666 et
2227 635 2360 666 dualitas
2382 641 2512 667 naturae
2538 642 2615 668 sunt

1552 687 1683 708 causae:
1707 679 1812 709 unitas
1834 678 1885 709 vel
1908 678 2041 709 dualitas
2065 688 2134 710 esse
2157 685 2204 710 est
2227 679 2368 711 effectus.
2402 680 2507 719 Docet
2534 690 2614 721 ergo

1551 721 1652 752 littera
1676 722 1783 762 quod,
1808 723 1883 762 quia
1906 731 1974 753 esse
1996 722 2036 753 ad
2058 729 2204 755 naturam
2233 733 2267 754 se
2289 724 2384 755 habet
2406 729 2442 755 ut
2464 723 2506 756 ad
2526 725 2613 766 prin-

1552 766 1672 805 cipium
1697 775 1774 806 quo,
1799 765 1838 797 ad
1860 775 2032 807 personam
2053 776 2130 798 vero
2153 776 2187 798 se
2209 767 2304 798 habet
2325 773 2362 799 ut
2383 767 2423 799 ad
2444 768 2619 810 proprium

1551 809 1732 840 subiectum
1755 809 1854 850 quod,
1877 809 1953 841 ideo
1974 811 2076 852 magis
2090 816 2183 851 urget
2197 811 2301 842 unitas
2315 821 2472 852 personae
2487 811 2528 844 ad
2541 811 2615 845 uni-

1551 858 1648 884 tatem
1667 863 1736 884 esse
1751 863 1849 894 quam
1868 853 2000 885 dualitas
2021 859 2152 886 naturae
2172 854 2212 886 ad
2228 854 2293 887 duo
2309 865 2392 887 esse:
2415 865 2453 887 ac
2467 865 2525 897 per
2538 856 2613 892 hoc,

1553 898 1628 938 quia
1651 907 1746 928 causa
1769 897 1927 928 efficacior
1949 897 2099 929 effectum
2121 899 2237 930 habere
2259 898 2371 936 debet,
2394 899 2547 941 ponenda
2567 905 2616 931 est

1552 942 1666 978 unitas,
1691 947 1722 972 et
1743 951 1812 972 non
1835 941 1967 973 dualitas
1991 952 2058 973 esse
2081 942 2116 973 in
2139 941 2279 974 Christo.
2311 943 2375 975 Hic
2398 949 2446 975 est
2466 953 2560 975 verus
2582 949 2615 975 et

1551 986 1692 1016 intentus
1713 995 1824 1017 sensus
1845 985 1984 1023 litterae3
2009 992 2040 1017 et
2062 987 2228 1027 responsio
2247 986 2396 1022 satisfacit
2406 993 2613 1028 argumento,

1551 1035 1588 1060 ut
1609 1035 1712 1070 patet;
1744 1035 1776 1060 et
1802 1035 1959 1061 consonat
1981 1031 2110 1081 corpori
2132 1030 2273 1068 atticum
2301 1040 2364 1062 nec
2391 1031 2491 1063 ullam
2518 1031 2616 1070 habet

1552 1073 1789 1105 dissonantiam.
1821 1073 1862 1104 Et
1889 1074 1915 1104 si
1937 1074 1984 1104 vis
2014 1074 2111 1105 etiam
2139 1075 2343 1125 grammatice
2371 1075 2507 1107 litteram
2536 1084 2616 1110 conv

1551 1123 1681 1154 struere,
1706 1117 1840 1158 dispone
1857 1117 2072 1149 construendo
2094 1118 2128 1160 ly
2144 1118 2250 1161 magis
2272 1128 2368 1160 supra
2389 1119 2433 1160 ly
2440 1118 2621 1159 secundum.

1552 1162 1707 1192 unitatem
1722 1161 1916 1204 lypostasis,
1929 1167 1962 1193 et
1971 1162 2113 1194 similiter
2127 1162 2160 1204 ly
2171 1171 2269 1204 quam
2283 1172 2380 1204 supra
2392 1163 2426 1213 ly
2439 1159 2615 1209 secundm
2651 1195 2656 1200 ,
2688 1185 2695 1194 ,

1551 1205 1740 1237 dualitatem
1755 1211 1903 1242 naturae,
1928 1211 1960 1237 et
1975 1206 2139 1247 exponito,
2161 1206 2206 1238 Et
2221 1204 2292 1238 ideo
2313 1207 2419 1250 magis
2439 1199 2622 1250 secundm

1552 1250 1706 1282 unitatem
1723 1250 1907 1292 hypostasis
1923 1250 2039 1281 retinet
2053 1250 2217 1288 unitatem,
2233 1260 2330 1292 quam
2344 1251 2522 1283 secundum

1551 1294 1672 1325 litatem
1696 1299 1834 1326 naturae
1855 1292 1972 1326 habeat
1992 1293 2201 1332 dualitatem:
2223 1300 2255 1326 et
2276 1294 2397 1326 videbis
2420 1293 2510 1336 quod
2525 1299 2618 1337 oon-1

1549 1339 1672 1378 paratio
1695 1338 1732 1369 fit
1755 1337 1795 1369 ad
1818 1348 1938 1375 causas,
1962 1343 1994 1369 et
2015 1347 2085 1369 non
2106 1337 2147 1370 ad
2169 1338 2311 1370 effectus.

1604 1382 1747 1413 V11.Ad
1763 1387 1922 1424 quartum,
1939 1387 2105 1423 sumptum
2121 1392 2159 1413 ex
2181 1383 2401 1424 responsione
2412 1382 2453 1414 ad
2474 1365 2616 1420 tertium,

1551 1425 1665 1457 dicitur
1681 1426 1771 1467 quod
1785 1427 1951 1467 responsio
1967 1427 2026 1458 ista
2041 1427 2195 1468 supponit
2213 1436 2316 1459 unum
2330 1427 2615 1469 singularissimum

1550 1480 1679 1507 verum,
1703 1471 1737 1502 in
1759 1470 1865 1501 Prima
1886 1471 1978 1502 Parte
1993 1471 2010 1488 ⁴*
2032 1470 2194 1522 habitum,
2224 1471 2345 1503 scilicet
2367 1469 2457 1512 quod
2485 1471 2520 1502 in
2541 1470 2617 1506 solo
2641 1471 2651 1483 ⁶

1550 1514 1621 1545 Deo
1645 1524 1713 1545 esse
1736 1520 1783 1546 est
1805 1520 1936 1546 naturae
1957 1515 2135 1566 proprium,
2158 1515 2203 1546 ita
2224 1515 2314 1556 quod
2336 1515 2436 1555 ipsius
2455 1520 2503 1546 est
2525 1519 2558 1546 et
2577 1520 2618 1547 ut

1550 1568 1613 1600 quo
1638 1564 1669 1589 et
1691 1563 1728 1589 ut
1749 1558 1836 1600 quod
1859 1564 1914 1590 est.
1946 1558 1982 1589 In
2006 1559 2117 1590 ceteris
2146 1569 2287 1600 namque
2315 1569 2383 1590 esse
2410 1564 2457 1590 est
2483 1555 2616 1605 natutae

1550 1608 1587 1633 ut
1608 1613 1682 1644 quo,
1706 1612 1863 1643 personae
1886 1608 2004 1639 autem,
2029 1612 2112 1644 quae
2135 1608 2183 1634 est
2197 1602 2285 1634 aliud
2300 1602 2380 1644 quid
2394 1612 2413 1633 a
2426 1608 2551 1640 namra,
2564 1599 2617 1634 est

1550 1653 1587 1678 ut
1609 1646 1704 1688 quod.
1740 1647 1826 1677 Hinc
1852 1647 1940 1678 enim
1965 1647 2109 1687 sequitur
2137 1647 2305 1687 responsio
2327 1647 2466 1678 litterae·
2496 1646 2619 1681 scilicet

1551 1690 1651 1731 quod,
1674 1691 1751 1732 quia
1768 1700 1914 1732 persona
1937 1690 1969 1722 in
1993 1690 2111 1722 divinis
2134 1695 2181 1722 est
2203 1690 2285 1722 idem
2300 1690 2388 1732 quod
2402 1696 2533 1728 natura,
2549 1700 2616 1724 non

1551 1740 1598 1766 est
1619 1735 1712 1766 aliud
1733 1744 1800 1766 esse
1815 1744 1980 1776 personae
1996 1740 2132 1776 praeter
2154 1744 2221 1766 esse
2244 1740 2391 1767 naturae.

1606 1779 1647 1810 Et
1670 1780 1752 1810 bene
1775 1785 1852 1810 nota
1874 1779 1907 1820 ly
1924 1784 2068 1820 praeter.
2097 1779 2182 1817 Quia
2205 1789 2243 1810 ex
2265 1780 2329 1810 hoc
2350 1779 2450 1810 verbo
2477 1779 2536 1810 in*

1552 1823 1642 1864 quod
1672 1824 1864 1864 supponitur
1894 1823 1984 1864 quod
2010 1833 2078 1854 esse
2108 1823 2148 1854 sit
2172 1828 2305 1854 naturae
2337 1823 2384 1854 'Et
2417 1832 2493 1855 cum
2521 1814 2618 1860 ἅεῖῐ,

1553 1878 1617 1899 non
1649 1873 1696 1898 est
1724 1867 1828 1903 aliud,
1852 1866 1988 1898 intendit
2018 1866 2057 1898 de
2086 1867 2140 1899 illa
2169 1867 2293 1898 alietate
2320 1876 2385 1908 qua
2410 1874 2548 1908 persona
2569 1873 2623 1910 est

1552 1911 1639 1943 aliud
1661 1922 1679 1942 a
1701 1917 1822 1943 natura.
1853 1911 1889 1942 In
1911 1912 1949 1943 iis
1979 1913 2066 1942 enim
2086 1912 2122 1942 in
2144 1911 2261 1952 quibus
2283 1921 2421 1952 persona
2449 1915 2482 1945 et
2504 1916 2619 1946 naam

1553 1955 1731 1987 secundum
1759 1965 1828 1986 rem
1855 1955 2020 1992 differunt,
2051 1956 2134 1987 sicut
2161 1965 2299 1996 persona
2329 1961 2376 1986 est
2407 1954 2496 1987 aliud
2520 1964 2540 1987 a
2558 1964 2618 1989 na-

1552 2006 1638 2038 tura,
1661 2001 1704 2031 ita
1732 2009 1800 2031 esse
1827 2009 1983 2040 personae
2015 1999 2158 2041 debiturn
2181 2005 2228 2031 est
2250 1998 2336 2031 aliud
2365 1998 2404 2030 ab
2434 2009 2504 2031 esse
2524 2004 2619 2038 natu-

1552 2055 1615 2076 rae.
1639 2043 1738 2075 Aliud
1759 2049 1877 2080 autem,
1901 2053 1969 2075 non
1991 2053 2049 2084 per
2068 2039 2264 2084 positionem
2280 2043 2419 2075 duorum
2443 2052 2512 2075 esse
2533 2052 2619 2087 quo·-

1553 2098 1625 2119 rum
1648 2098 1750 2119 unum
1774 2088 1813 2118 sit
1835 2087 1921 2118 aliud
1944 2089 1982 2118 ab
2006 2088 2079 2124 alio,
2104 2087 2160 2118 sed
2182 2097 2239 2128 per
2253 2087 2422 2125 alietatem,
2445 2093 2482 2119 ut
2502 2087 2548 2119 ita
2570 2087 2619 2122 di-

1553 2133 1663 2169 xerim,
1687 2132 1891 2163 naturalem:
1914 2133 1990 2172 quia
2011 2132 2138 2163 alterius
2153 2137 2284 2163 naturae
2299 2137 2346 2163 est
2361 2141 2429 2163 esse
2445 2128 2538 2173 quod
2548 2140 2618 2165 non

1554 2177 1687 2208 debetur
1708 2182 1840 2208 naturae
1862 2177 1923 2207 nisi
1945 2185 2003 2217 per
2025 2185 2216 2217 personam,
2245 2177 2298 2207 cui
2319 2176 2425 2216 primo
2448 2176 2622 2214 conveniu

1555 2227 1586 2252 et
1605 2221 1732 2252 alterius
1746 2227 1877 2252 naturae
1901 2226 1982 2251 esset
1997 2230 2065 2251 esse
2081 2220 2172 2261 quod
2186 2221 2337 2252 convenit
2350 2225 2482 2252 naturae
2496 2214 2623 2263 8589ιῄ

1555 2266 1774 2306 expectatione
1797 2275 1815 2295 a
1838 2274 1985 2305 persona,
2009 2264 2125 2305 quod'
2117 2274 2151 2295 m
2165 2264 2237 2295 solo
2253 2264 2324 2296 Deo
2339 2264 2511 2297 invenitur
2527 2261 2626 2307 Q

1554 2310 1650 2350 igitur
1671 2310 1705 2340 in
1729 2308 1842 2341 divinis
1871 2317 2008 2349 persona
2028 2314 2075 2340 est
2096 2307 2183 2339 idem
2206 2318 2281 2339 cum
2304 2313 2416 2339 natura
2436 2298 2623 2351 vindicante

1555 2355 1613 2384 sibi
1637 2363 1704 2384 esse
1727 2358 1764 2384 ut
1786 2353 1963 2394 proprium,
1986 2351 2061 2383 ideo
2083 2361 2152 2383 non
2168 2357 2215 2383 est
2233 2350 2320 2383 aliud
2338 2361 2406 2383 esse
2422 2347 2625 2385 convenient

1554 2407 1709 2438 personae
1733 2407 1831 2438 quam
1855 2406 1922 2427 esse
1944 2397 2111 2437 proprium
2133 2401 2273 2426 naturae.
2301 2395 2343 2426 Et
2364 2395 2439 2427 ideo
2461 2400 2525 2426 tres
2544 2404 2620 2437 pet-

1555 2452 1652 2473 sonae
1672 2451 1740 2472 non
1755 2442 1874 2472 habent
1887 2441 1949 2471 nisi
1963 2450 2068 2472 unum
2082 2449 2161 2471 esse.
2184 2440 2225 2470 Et
2242 2439 2395 2470 haberent
2409 2437 2523 2480 triplex
2537 2448 2616 2476 onte,

1553 2487 1635 2517 sicut
1659 2492 1705 2517 est
1727 2486 1771 2516 ibi
1786 2485 1900 2525 triplex
1914 2494 2061 2525 persona,
2077 2484 2104 2514 si
2117 2493 2273 2524 personae
2289 2492 2357 2514 esse
2373 2482 2618 2534 distinguentur

1554 2531 1592 2560 ab
1617 2540 1684 2560 esse
1707 2535 1857 2560 naturae:
1880 2529 1944 2559 hoc
1967 2533 2024 2565 est,
2047 2528 2073 2559 si
2095 2537 2251 2568 personae
2267 2526 2435 2558 deberetur
2449 2524 2620 2569 proprium.

1555 2584 1622 2604 esse
1645 2574 1773 2604 alterius
1795 2573 1926 2603 rationis
1949 2572 1988 2602 ab
2007 2581 2047 2602 eo
2071 2570 2160 2612 quod
2183 2570 2316 2602 debetur
2331 2576 2462 2602 naturae
2485 2569 2618 2613 quando

1555 2627 1622 2648 esse
1646 2623 1693 2648 est
1715 2617 1883 2667 proprium
1905 2621 2046 2646 naturae.
2119 2622 2123 2626 ·

1609 2662 1650 2692 Et
1672 2662 1759 2692 hunc
1783 2670 1850 2691 esse
1872 2661 2032 2690 intentum
2053 2669 2198 2696 sensum,
2222 2658 2329 2690 videre
2351 2664 2462 2700 potes,
2484 2663 2571 2691 tum
2577 2667 2618 2693 ex

1555 2715 1594 2736 eo
1619 2705 1708 2746 quod
1737 2714 1798 2735 nec
1819 2705 1853 2735 in
1876 2704 2042 2740 creaturis,
2069 2703 2156 2744 apud
2178 2703 2371 2740 Auctorem,
2403 2712 2472 2735 esse
2498 2699 2624 2745 duplet

1554 2750 1698 2790 ponitur,
1729 2758 1831 2779 unum
1853 2753 1983 2778 naturae
2007 2753 2039 2778 et
2061 2747 2147 2778 aliud
2169 2757 2335 2788 personae.
2357 2765 2381 2770 —
2403 2747 2492 2779 Tum
2513 2756 2554 2779 et
2574 2756 2617 2786 ᾳ)

1555 2793 1643 2834 quod
1666 2803 1733 2824 non
1757 2792 1886 2833 triplex,
1918 2791 1973 2822 sed
1997 2791 2195 2832 quadruplex
2222 2801 2290 2822 esse
2315 2791 2470 2833 haberent
2491 2783 2617 2823 divinae

1553 2847 1718 2888 personae,
1743 2837 1768 2867 si
1792 2846 1859 2867 esse
1882 2845 2038 2876 personae
2062 2841 2143 2866 esset
2165 2835 2252 2867 aliud
2267 2836 2306 2866 ab
2323 2845 2392 2867 esse
2405 2841 2539 2867 naturae
2558 2844 2619 2879 W

1554 2882 1749 2932 positionem
1778 2880 1920 2921 plurium
1948 2889 2015 2911 esse
2045 2880 2079 2910 in
2101 2889 2239 2920 persona
2269 2885 2302 2911 et
2322 2880 2357 2911 in
2378 2885 2508 2912 natura:
2539 2878 2619 2921 quia

1553 2926 1762 2961 inveniretur,
1787 2930 1910 2965 praeter
1933 2933 2001 2955 esse
2023 2930 2171 2960 naturae,
2194 2924 2228 2955 in
2251 2933 2318 2965 quo
2341 2919 2618 2957 communicarent
2641 2923 2643 2927 ’

1553 2979 1718 3020 personae,
1743 2969 1856 3009 triplex
1879 2978 1948 2999 esse
1970 2977 2126 3008 personae
2149 2967 2290 3009 triplicis
2325 2967 2359 2999 In
2382 2967 2486 2999 littera
2507 2971 2617 3002 aman

1552 3024 1619 3045 non
1650 3014 1711 3044 nisi
1733 3013 1845 3054 triplex
1874 3012 2006 3043 infertur
2029 3022 2096 3043 esse
2126 3013 2152 3043 si
2175 3010 2261 3044 aliud
2291 3017 2374 3044 emet
2395 3020 2464 3043 esse
2484 3015 2618 3046 namne

1553 3059 1592 3088 ab
1617 3067 1684 3088 esse
1707 3067 1872 3098 personae.
1895 3075 1919 3079 -
1942 3057 2029 3088 Tum
2059 3057 2135 3098 quia
2163 3056 2239 3087 hinc
2269 3053 2380 3087 satisfit
2407 3060 2614 3096 argumento,

1554 3101 1643 3143 quod
1665 3111 1732 3132 non
1757 3107 1804 3132 est
1826 3100 1938 3132 eadem
1961 3101 2041 3132 ratio
2065 3100 2105 3132 de
2120 3101 2242 3131 unitate
2256 3098 2308 3132 vel
2321 3099 2501 3140 pluralitate
2515 3098 2622 3140 ipsius

1554 3156 1621 3177 esse
1644 3155 1742 3186 penes
1765 3150 1910 3176 naturam
1932 3145 1984 3176 vel
2006 3153 2177 3196 personam
2198 3145 2232 3175 in
2255 3142 2419 3179 Trinitate,
2443 3147 2476 3174 et
2495 3142 2531 3174 in
2544 3151 2616 3185 my-

1553 3191 1648 3221 sterio
1671 3190 1824 3220 incarnati
1847 3189 1952 3220 Verbi.
1985 3189 2070 3228 Quia
2091 3189 2125 3219 in
2148 3188 2303 3220 Trinitate
2325 3196 2394 3220 esse
2416 3192 2463 3219 est
2483 3192 2615 3219 naturae

1552 3235 1729 3275 proprium,
1753 3239 1784 3264 et
1807 3233 1881 3264 ideo
1905 3234 1973 3265 eius
1988 3234 2143 3265 unitatem
2165 3231 2319 3274 sequitur,
2342 3237 2375 3262 et
2395 3235 2482 3262 non·
2484 3230 2615 3271 plurali-

1552 3283 1649 3310 tatem
1673 3287 1891 3319 personarum,
1915 3278 2067 3308 existente
2085 3285 2222 3318 persona
2235 3274 2323 3308 idem
2343 3284 2419 3307 cum
2432 3280 2554 3306 nauata.
2578 3272 2617 3307 In

1553 3328 1713 3363 assumpta
1736 3328 1844 3353 autem
1866 3327 1979 3353 natura
2000 3331 2018 3352 a
2040 3321 2165 3358 Verbo,
2195 3329 2262 3352 etse
2285 3324 2332 3351 est
2351 3316 2520 3371 proprium
2541 3327 2615 3360 per-

1553 3377 1666 3403 sonae,
1701 3367 1775 3407 quia
1802 3375 1939 3407 persona
1961 3364 2047 3396 aliud
2070 3370 2117 3396 est
2139 3374 2158 3395 a
2178 3369 2309 3400 natura,
2339 3362 2422 3395 sicut
2446 3362 2479 3394 in
2502 3363 2615 3394 ceteris

1552 3411 1738 3442 hominibus
1761 3420 1839 3446 esse,
1864 3410 2010 3452 quamvis
2032 3409 2074 3440 sit
2094 3418 2113 3439 a
2127 3413 2249 3445 natura,
2271 3416 2340 3438 non
2363 3412 2410 3438 est
2432 3411 2539 3438 tamen
2557 3416 2615 3438 na·

1553 3461 1656 3491 turae,
1681 3454 1736 3486 sed
1758 3463 1914 3495 personae
1936 3453 2119 3495 proprium:
2153 3457 2184 3484 et
2206 3456 2374 3493 propterea
2396 3450 2437 3482 ad
2458 3450 2616 3483 unitatem

1553 3509 1708 3539 personae
1732 3499 1875 3539 sequitur
1890 3498 1993 3533 unitas
2009 3506 2087 3534 esse,
2104 3502 2136 3528 et
2150 3495 2191 3528 ad
2204 3495 2386 3538 pluritatem
2401 3499 2532 3526 naturae
2545 3503 2614 3526 non

1555 3543 1697 3583 sequitur
1719 3542 1880 3582 pluralitas
1901 3542 2002 3583 ipsius
2021 3551 2138 3573 esse.—
2159 3540 2228 3572 Nec
2243 3537 2405 3571 satisfieret
2425 3543 2615 3580 argumento

1555 3587 1579 3616 si
1597 3592 1808 3626 exponeretur
1823 3586 1925 3617 littera
1941 3584 2040 3627 quod,
2056 3585 2112 3616 ubi
2127 3593 2263 3626 persona
2282 3589 2328 3615 est
2343 3582 2430 3614 aliud
2451 3592 2470 3614 a
2490 3587 2614 3618 natura

1555 3630 1598 3659 ibi
1621 3636 1694 3660 sunt
1717 3629 1782 3660 duo
1807 3639 1891 3666 esse,
1916 3639 2017 3660 unum
2041 3635 2170 3660 naturae
2195 3634 2226 3659 et
2249 3625 2334 3658 aliud
2356 3636 2526 3667 personae:
2558 3625 2615 3657 sed
