2872 3970
5 530 15 539 *v
48 530 55 540 ζ

0 542 5 550 ³
48 543 122 578 ‘51⁵0-
134 557 206 579 mu,
215 555 275 572 vers.

60 592 64 600 ,

60 756 145 805 Fan.
165 780 184 799 i,
203 772 276 794 Com-

68 824 74 834 Υ,
103 812 113 822 A·
130 815 136 822 .
152 805 215 832 num.
230 805 262 820 vi.

134 2781 140 2787 .
154 2765 268 2793 praeced:

83 2923 134 2951 -ῧί,
149 2926 179 2948 de
188 2927 282 2953 Cau-ris,

82 2964 111 3006 m*
123 2953 282 3003 ·.8x'1:·.—S.Th.

96 3046 112 3055 .
168 3029 184 3060 t

1017 300 1281 346 QUAESTIO
1311 300 1381 346 xl,

301 377 472 419 perfectius
496 387 704 418 quocumque
728 378 841 417 angelo
864 378 1009 407 intuitive
1033 378 1218 417 cognoverit
1240 378 1272 407 in
1289 387 1363 417 pro-

301 423 372 463 prio
385 431 500 462 genere
517 422 674 462 quidquid
686 422 801 452 intueri
817 422 943 461 utn'que
958 421 1067 451 datum
1080 428 1135 451 est.
1156 422 1197 451 Et
1211 422 1291 451 ratio
1308 431 1364 451 sua

303 471 359 502 est,
377 466 452 506 quia
475 466 638 496 obiectum
662 471 708 496 est
730 465 816 495 idem
832 471 978 505 respectu
997 466 1172 505 utriusque,
1190 471 1221 495 et
1242 466 1364 495 intelle-

301 515 372 541 ctus
390 511 514 540 animae
527 509 645 540 Christi
660 515 708 540 est
717 508 934 549 imperfectior
945 519 1044 549 quam
1059 509 1238 539 intellectus
1250 509 1363 548 angeli.

356 553 571 594 Reprimenda
592 563 666 589 vox,
684 562 812 593 ponens
835 562 872 583 os
895 553 927 583 in
951 554 1075 583 caelum
1091 554 1124 583 *z
1150 553 1205 583 sed
1229 554 1304 593 quia
1328 563 1365 583 ex

302 606 408 629 errore
438 598 471 628 in
500 598 663 637 principiis
690 597 850 636 procedit,
883 597 1062 627 excusanda
1084 597 1180 627 venit.
1215 597 1366 627 Provenit

302 642 388 672 enim
411 641 463 672 hic
486 651 573 671 error
595 650 634 672 ex
657 641 712 671 illo
729 640 808 671 falso
825 641 1000 680 principio:
1025 641 1150 671 Notitia
1167 641 1315 671 intuitiva
1332 641 1364 671 in

295 685 434 726 proprio
449 694 570 726 genere
593 694 657 715 non
677 690 724 715 est
740 695 803 725 per
817 685 971 725 speciem‚·
994 690 1025 714 et
1040 695 1163 715 rursus:
1188 685 1238 715 Ad
1256 685 1366 715 huius-

300 729 388 760 modi
409 729 555 760 notitiam
578 729 746 759 concurrit
758 729 848 759 solus
864 729 1042 759 intellectus
1057 738 1129 759 cum
1146 729 1276 759 obiecto.
1301 729 1366 759 Pri-

301 781 393 803 mum
416 773 502 803 enim
525 773 588 802 iarn
612 782 650 803 ex
674 772 765 803 dictis
781 774 797 789 ⁸*
820 778 907 812 patet
930 782 997 803 esse
1021 772 1145 803 falsum.
1181 773 1367 803 Secundum

301 825 378 847 vero
401 826 439 846 ex
461 817 615 856 requisito
639 816 760 847 lumine
783 816 891 847 infuso
915 816 955 846 ad
974 817 1192 856 cognitionem
1215 826 1367 856 superna-

300 860 436 891 turalem
458 869 566 891 rerum
588 861 622 891 in
645 861 777 900 proprio
801 870 927 900 genere,
952 861 1093 900 arguitur
1115 861 1266 891 falsitatis.

1410 300 1701 337 ARTICULUS
1729 301 1763 337 V
2407 302 2477 339 163

1475 379 1515 408 Et
1538 384 1630 418 potes
1654 384 1688 408 tu
1705 389 1749 417 ,ex
1774 379 1837 409 hoc
1860 379 1951 419 lapsu
1975 389 2105 419 arguere
2133 381 2287 420 principia
2311 381 2388 411 haec
2413 391 2480 411 esse

1419 421 1513 458 falsa,
1545 428 1657 462 utpote
1689 422 1877 452 deducentia
1907 423 1946 453 ad
1977 423 2139 454 infandam
2166 425 2204 454 de
2233 425 2348 454 Christi
2376 426 2480 455 anima

1419 467 1617 497 sententiam.
1643 467 1698 496 Est
1721 476 1870 506 namque,
1896 468 2073 498 secundum
2095 469 2228 507 gratuita
2249 468 2333 498 dona
2357 470 2480 499 animae

1419 511 1639 543 intellectivae.
1663 520 1731 540 non
1754 511 1931 541 minoratus
1954 513 1993 541 ab
2017 512 2146 551 angelis,
2172 512 2227 542 sed
2250 522 2345 552 super
2368 523 2481 544 omnes

1420 554 1549 594 angelos
1573 554 1776 584 sublimatus:
1810 564 1885 584 cum
1906 565 1975 585 non
1998 556 2057 586 nisi
2079 557 2181 596 paulo
2206 557 2324 591 minus,
2349 558 2411 587 hoc
2435 563 2481 587 est

1419 598 1592 628 secundum
1620 599 1767 638 corporis
1787 599 1986 639 passionem,
2018 605 2054 629 ut
2080 601 2211 639 exponit
2233 601 2418 640 Apostolus,
2439 601 2482 631 ad

1420 642 1501 672 Heb.
1526 653 1548 671 11
1571 643 1604 677 *,
1629 642 1724 672 fuerit
1753 643 1934 673 minoratus
1957 644 1996 673 ab
2019 644 2155 684 angelis.
2195 644 2371 684 Cognoscit
2405 655 2480 685 ergo

1421 686 1526 715 anima
1549 686 1676 722 Christi,
1697 692 1762 716 tam
1786 687 1970 717 abstractive
1991 697 2088 727 quam
2111 688 2267 724 intuitive,
2283 698 2340 728 per
2363 689 2481 719 infusas

1420 731 1541 769 species
1560 731 1593 760 in
1616 731 1747 770 proprio
1771 740 1886 770 genere
1910 741 1958 762 res
1981 732 2076 771 longe
2097 731 2267 771 perfectius
2291 742 2388 772 quam
2412 734 2481 772 qui-

1422 783 1560 813 cumque
1592 775 1711 813 angeli:
1744 780 1774 804 et
1798 775 1859 805 hoc
1888 785 1925 805 ex
1950 776 2165 806 excellentiori
2194 777 2316 807 lumine
2345 778 2480 816 gratuito

1421 818 1480 847 sibi
1499 818 1616 891 εὲΙΙειῑο
1641 828 1738 858 quam
1761 819 1800 848 sit
1815 819 1925 849 lumen
1944 820 2085 850 naturale
2105 821 2301 859 angelorum,
2318 827 2355 851 ut
2376 822 2409 851 in
2433 821 2482 851 lit-

1421 867 1487 891 tera
1531 862 1635 892 icitur.

1094 996 1413 1038 ARTICULUS
1443 997 1700 1047 QUINTUS

480 1080 637 1111 UTRUM
661 1079 862 1111 SCIENTIA
886 1080 1036 1111 1NmTA
1059 1080 1140 1111 SEU
1164 1080 1320 1111 lNFUSA
1343 1081 1387 1110 IN
1411 1081 1602 1112 CHRISTO
1627 1083 1787 1113 FUERIT
1812 1084 2076 1115 HAssiTUAms
2099 1085 2301 1116 SCIENTIA

914 1150 945 1174 111
965 1149 1047 1178 Sent„
1067 1150 1125 1176 dist.
1143 1158 1194 1180 xm,
1216 1155 1263 1176 art.
1283 1157 1307 1179 1.
1326 1151 1376 1183 qu⁸
1397 1158 1420 1181 2,
1442 1150 1471 1182 3;
1494 1151 1533 1175 De
1558 1151 1646 1179 Verit„
1666 1160 1709 1184 qu.
1728 1161 1767 1183 xx,
1787 1158 1834 1178 art.
1855 1161 1878 1179 2.

348 1248 383 1285 q]
425 1247 494 1306 ἕρ(
515 1241 538 1265 1)
558 1240 720 1271 Qum-rum
739 1239 792 1264 s1c:
811 1239 1047 1265 PRocEnrrUR.
1078 1228 1239 1266 Videtur
1260 1230 1368 1278 quod

472 1320 489 1333 .-
516 1293 556 1318 m
577 1280 729 1318 Christo
749 1292 829 1317 non
848 1280 960 1317 fuerit
978 1281 1181 1318 habitualis
1200 1281 1366 1319 scientia.

420 1351 437 1386 ἡ·
461 1336 488 1371 ‘6
502 1333 674 1370 Dictum
693 1341 748 1370 est
766 1333 786 1354 ‘¹‘
814 1333 919 1370 enim
938 1334 1046 1382 quod
1065 1334 1238 1371 animam
1259 1335 1367 1371 Chri-

366 1414 372 1419 „
397 1386 403 1393 ‘
440 1400 449 1412 r
499 1386 563 1423 sti
586 1385 713 1423 decuit
735 1386 905 1423 maxima
928 1386 1108 1435 perfectio
1125 1393 1153 1423 α.
1187 1388 1264 1424 Sed
1287 1400 1367 1424 ma-

304 1440 362 1478 ior
390 1446 446 1476 est
464 1438 645 1488 perfectio
665 1438 842 1476 scientiae
870 1438 1060 1476 existentis
1079 1439 1119 1476 in
1140 1447 1227 1477 actu
1249 1452 1368 1489 quam

303 1491 589 1545 praeexistentis
609 1490 624 1521 β
647 1491 686 1528 in
706 1491 858 1529 habitu?
877 1492 979 1540 Ergo
999 1493 1235 1530 c'onveniens
1254 1493 1369 1530 fuisse

305 1546 457 1584 videtur
493 1545 601 1595 quod
637 1545 770 1582 omnia
807 1544 917 1582 sciret
944 1545 983 1582 in
1011 1553 1110 1582 actu.
1149 1547 1251 1594 Ergo
1288 1558 1368 1583 non

303 1598 439 1637 habuit
466 1597 702 1635 habitualem
731 1597 939 1635 scientiam.

360 1663 396 1688 2.
415 1653 648 1697 PRAETEREA,
663 1663 755 1687 cum
775 1650 927 1687 habitus
943 1651 1141 1688 ordinetur
1159 1652 1207 1688 ad
1227 1659 1367 1697 actum,

304 1706 442 1742 frustra
460 1703 613 1740 videtur
634 1716 715 1740 esse
736 1703 938 1740 habitualis
965 1704 1121 1741 scientia
1144 1717 1243 1753 quae
1270 1717 1368 1741 nun-

306 1769 426 1807 quam
454 1756 494 1794 in
521 1764 650 1794 actum
679 1756 884 1793 reducitur.
915 1757 1017 1793 Cum
1046 1765 1175 1794 autem
1196 1757 1370 1794 Christus

306 1809 457 1847 sciverit
485 1809 628 1855 omnia,
658 1809 754 1846 sicut
782 1809 860 1846 iam
878 1809 898 1831 '¹‘
927 1809 1073 1846 dictum
1101 1818 1166 1855 est,
1196 1822 1277 1846 non
1300 1822 1369 1859 po-

306 1862 438 1900 tuisset
466 1861 599 1899 omnia
626 1862 687 1899 illa
715 1869 802 1898 actu
820 1867 835 1890 Υ
864 1862 1105 1899 considerare
1130 1875 1256 1899 unum
1284 1870 1371 1911 post
1397 1880 1398 1892 ÷

306 1916 411 1953 aliud
429 1915 717 1963 cognoscendo:
747 1914 838 1963 quia
865 1914 1014 1951 infinita
1037 1927 1117 1951 non
1137 1923 1192 1951 est
1211 1927 1370 1952 enume-
1397 1924 1399 1959 ὲ

306 1969 428 2006 rando
443 1967 682 2018 pertransire.
705 1968 859 2004 Frustra
874 1980 964 2016 ergo
984 1967 1114 2004 fuisset
1134 1967 1173 2004 in
1188 1980 1234 2005 eo
1250 1968 1370 2005 scien·
1397 1963 1399 1979 ³

306 2022 357 2059 tia
375 2020 389 2043 δ
418 2021 637 2058 habitualis:
675 2021 783 2069 quod
817 2028 872 2057 est
900 2020 1188 2058 inconveniens.
1225 2021 1372 2058 Habuit

307 2074 420 2123 igitur
447 2075 634 2111 actualem
671 2073 867 2110 scientiam
903 2074 1081 2110 omnium
1116 2086 1216 2122 quae
1252 2074 1370 2121 scivit,

308 2136 344 2165 et
371 2139 452 2164 non
479 2126 729 2164 habitualem.

363 2181 397 2216 3.
427 2181 661 2225 PRAETEREA,
682 2179 836 2216 scientia
864 2179 1067 2216 habitualis
1095 2187 1150 2216 est
1178 2179 1371 2228 quaedam
1399 2174 1400 2199 ³

308 2232 488 2282 perfectio
526 2228 687 2269 scientis.
726 2232 910 2269 Perfectio
948 2240 1078 2269 autem
1115 2240 1170 2269 est
1207 2232 1373 2269 nobilior

308 2285 540 2335 perfectibili.
571 2285 611 2322 Si
639 2284 751 2333 igitur
769 2284 808 2321 in
827 2285 956 2322 anima
976 2285 1115 2322 Christi
1142 2285 1212 2322 fuit
1236 2285 1372 2334 aliquis

309 2338 462 2376 habitus
482 2337 658 2375 scientiae
678 2345 837 2383 creatus,
859 2346 1082 2386 sequeretur
1101 2338 1208 2387 quod
1227 2338 1372 2387 aliquid

309 2399 482 2429 creatum
501 2398 598 2428 esset
616 2390 783 2427 nobilius
803 2390 932 2427 anima
946 2396 958 2412 ε
979 2391 1128 2428 Christi.
1150 2392 1242 2427 Non
1261 2391 1374 2439 igitur

308 2445 349 2482 in
376 2444 507 2482 anima
535 2443 674 2482 Christi
702 2443 771 2480 fuit
799 2443 953 2480 scientia
981 2443 1194 2480 habitualis.

363 2498 438 2535 SED
466 2509 621 2543 CONTRA,
651 2496 806 2533 scientia
835 2496 974 2533 Christi
1002 2497 1050 2533 de
1078 2509 1157 2546 qua
1184 2509 1290 2534 nune
1317 2499 1371 2534 lo-

310 2550 479 2600 quimur,
508 2550 675 2587 univoca
701 2549 770 2586 fuit
798 2549 975 2586 scientiae
1004 2558 1174 2587 nostrae:
1213 2550 1309 2586 sicut
1337 2558 1373 2587 et

311 2603 441 2640 anima
468 2602 550 2640 eius
569 2603 638 2640 fuit
665 2602 779 2639 unius
799 2602 938 2652 speciei
966 2614 1057 2639 cum
1081 2603 1211 2640 anima
1230 2611 1370 2640 nostra.

312 2657 390 2694 Sed
417 2655 572 2693 scientia
599 2663 728 2693 nostra
756 2663 811 2692 est
838 2655 877 2692 in
904 2667 1042 2703 genere
1071 2655 1234 2692 habitus.
1270 2657 1371 2704 Ergo

311 2717 348 2747 et
375 2709 531 2746 scientia
559 2708 698 2745 Christi
725 2708 795 2745 fuit
822 2708 1037 2745 habitualis.

364 2763 588 2800 RespoNnEo
607 2773 789 2799 DICENDUM
805 2761 926 2810 quod,
943 2761 1038 2798 sicut
1057 2774 1173 2810 supra
1187 2761 1207 2783 '¹‘
1225 2762 1371 2799 dictum

311 2822 376 2860 est,
398 2815 539 2852 modus
558 2814 674 2851 huius
697 2813 875 2851 scientiae
894 2813 1034 2851 inditae
1060 2814 1211 2851 animae
1233 2815 1371 2852 Christi

310 2868 379 2905 fuit
406 2867 641 2904 conveniens
668 2867 740 2916 ipsi
759 2867 930 2904 subiecto
959 2867 1171 2916 recipienti:
1202 2880 1293 2905 nam
1315 2881 1371 2905 re-

311 2929 467 2971 ceptum
487 2927 542 2957 est
559 2920 598 2957 in
618 2919 821 2969 recipiente
840 2932 909 2969 per
927 2920 1092 2957 modum
1112 2920 1325 2969 recipientis
1339 2921 1369 2958 ²¹².

311 2975 379 3011 Est
405 2981 536 3011 autem
565 2973 627 3010 hic
659 2973 800 3010 modus
828 2973 1085 3010 connaturalis
1120 2973 1271 3011 animae
1300 2975 1371 3011 hu-

310 3039 460 3074 manae,
481 3034 524 3063 ut
542 3026 778 3075 quandoque
798 3025 843 3062 sit
861 3025 1071 3063 intellectus
1091 3025 1102 3051 t
1131 3034 1228 3073 actu,
1250 3039 1371 3076 quan-

311 3081 441 3129 doque
469 3079 508 3116 in
536 3078 716 3128 potentia.
745 3078 922 3115 Medium
951 3086 1081 3115 autem
1109 3078 1205 3116 inter
1231 3092 1369 3129 puram

310 3132 522 3182 potentiam
542 3139 578 3168 et
597 3139 725 3168 actum
746 3132 982 3180 completum
1002 3139 1056 3169 est
1075 3131 1240 3168 habitus.
1261 3132 1370 3169 Eius·
1398 3162 1399 3171 ,

311 3186 402 3223 dem
430 3193 560 3222 autem
587 3184 735 3232 generis
764 3191 819 3221 est
846 3183 1021 3220 medium
1049 3192 1086 3220 et
1113 3192 1293 3222 extrema.
1325 3186 1372 3221 Et
1398 3201 1399 3222 z

311 3238 365 3276 sic
391 3245 494 3287 patet
521 3237 630 3286 quod
657 3237 800 3274 modus
836 3237 1091 3274 connaturalis
1120 3237 1270 3274 animae
1299 3238 1370 3273 hu-

311 3303 450 3328 manae
478 3298 534 3327 est
560 3298 602 3327 ut
621 3289 776 3339 recipiat
803 3289 999 3326 seientiam
1020 3302 1090 3339 per
1111 3291 1275 3327 modum
1304 3290 1370 3326 ha-

1422 1229 1535 1266 bitus.
1566 1231 1613 1266 Et
1641 1230 1728 1267 ideo
1749 1228 1959 1268 dicendum
1978 1240 2033 1269 est
2061 1234 2168 1281 quod
2188 1234 2340 1271 scientia
2368 1236 2484 1274 indita

1423 1283 1575 1320 animae
1597 1283 1735 1320 Christi
1762 1284 1831 1320 fuit
1856 1285 2075 1321 habitualis:
2105 1294 2253 1334 poterat
2272 1288 2375 1324 enim
2395 1294 2412 1315 η
2441 1302 2485 1325 ea

1423 1336 1478 1372 uti
1507 1337 1665 1384 quando
1694 1337 1848 1374 volebat
1866 1337 1897 1374 *.

1477 1390 1534 1425 An
1554 1401 1690 1426 PRIMUM
1710 1401 1807 1426 ERGO
1827 1402 2008 1428 DICENDUM
2037 1392 2145 1440 quod
2170 1391 2209 1428 in
2229 1392 2358 1430 anima
2379 1394 2486 1431 Chri-

1424 1441 1469 1478 sti
1496 1441 1565 1478 fuit
1600 1441 1742 1490 duplex
1778 1443 1960 1490 cognitio:
1998 1451 2033 1480 et
2060 1452 2222 1493 utraque
2258 1458 2329 1482 suo
2365 1447 2485 1484 modo

1395 1524 1397 1556 Ι
1423 1494 1707 1543 perfectissima.
1738 1496 1823 1532 Una
1847 1495 2006 1544 quidem
2028 1498 2216 1534 excedens
2235 1499 2399 1535 modum
2419 1512 2485 1537 na-

1423 1555 1530 1584 turae
1560 1548 1775 1584 humanae:
1806 1560 1883 1596 qua
1911 1549 2049 1585 scilicet
2068 1550 2162 1587 vidit
2183 1551 2254 1587 Dei
2283 1552 2485 1589 essentiam

1395 1605 1397 1644 ξ
1425 1607 1461 1636 et
1488 1600 1561 1637 alia
1589 1600 1627 1636 in
1657 1600 1748 1648 ipsa.
1789 1601 1836 1637 Et
1864 1602 1960 1638 haec
1986 1601 2055 1638 fuit
2091 1603 2362 1651 perfectissima
2397 1605 2485 1641 sim-

1424 1652 1579 1701 pliciter.
1611 1654 1658 1689 Et
1685 1653 1767 1693 talis
1795 1653 1959 1701 cognitio
1989 1667 2068 1691 non
2090 1656 2158 1692 fuit
2186 1656 2397 1703 habitualis,
2419 1659 2486 1694 sed

1425 1705 1581 1742 actualis
1609 1714 1783 1754 respectu
1821 1707 1999 1743 omnium
2028 1720 2127 1756 quae
2155 1709 2231 1745 hoc
2267 1710 2387 1746 modo
2423 1723 2486 1747 co-

1396 1790 1398 1795 .
1424 1758 1567 1806 gnovit.
1589 1781 1613 1784 -
1643 1758 1727 1795 Alia
1755 1766 1885 1795 autem
1914 1759 2078 1807 cognitio
2107 1761 2176 1797 fuit
2195 1761 2233 1797 in
2255 1762 2405 1798 Christo
2431 1775 2486 1799 se-

1426 1811 1600 1847 cundum
1619 1811 1784 1846 modum
1803 1812 2138 1860 proportionatum
2165 1814 2359 1851 humanae
2379 1823 2487 1851 natu-

1426 1875 1500 1905 rae,
1522 1870 1637 1911 prout
1656 1863 1795 1899 scilicet
1814 1865 1993 1911 cognovit
2012 1877 2071 1901 res
2090 1878 2159 1914 per
2178 1867 2321 1914 species
2345 1867 2414 1904 sibi
2434 1868 2487 1904 di-

1426 1915 1567 1952 vinitus
1587 1915 1740 1952 inditas:
1763 1916 1810 1952 de
1831 1929 1908 1965 qua
1923 1918 2137 1964 cognitione
2155 1931 2259 1955 nunc
2278 1920 2486 1968 loquimur.

1426 1969 1474 2005 Et
1489 1969 1585 2005 haec
1604 1968 1769 2015 cognitio
1785 1981 1865 2006 non
1884 1970 1953 2006 fuit
1967 1970 2185 2019 simpliciter
2199 1973 2486 2020 perfectissima:

1427 2022 1494 2058 sed
1513 2021 1785 2071 perfectissima
1809 2022 1847 2058 in
1876 2034 2013 2069 genere
2038 2025 2231 2061 humanae
2251 2025 2487 2072 cognitionis.

1427 2074 1538 2111 Unde
1559 2086 1639 2110 non
1659 2075 1828 2123 oportuit
1847 2077 1954 2124 quod
1974 2088 2126 2125 semper
2145 2085 2241 2113 esset
2261 2077 2299 2114 in
2328 2086 2424 2115 actu.

1478 2128 1538 2163 —An
1566 2139 1756 2164 SECUNDUM
1784 2140 1965 2165 DICENDUM
1994 2130 2101 2178 quod
2125 2130 2277 2166 habitus
2297 2131 2490 2168 reducitur

1427 2180 1467 2216 in
1492 2187 1620 2216 actum
1650 2180 1698 2216 ad
1727 2180 1934 2229 imperium
1962 2183 2188 2219 voluntatis:
2218 2196 2308 2220 nam
2338 2184 2489 2221 habitus

1428 2240 1483 2269 est
1503 2245 1574 2281 quo
1595 2235 1674 2281 quis
1693 2235 1771 2282 agit
1798 2246 1883 2270 cum
1911 2235 2067 2271 voluerit
2085 2234 2115 2271 ²¹⁶.
2146 2237 2332 2272 Voluntas
2361 2245 2488 2274 autem

1428 2298 1467 2322 se
1496 2286 1611 2322 habet
1631 2286 1679 2322 ad
1699 2285 1847 2323 infinita
1867 2286 2168 2325 indeterminate.
2198 2290 2246 2325 Et
2265 2297 2394 2326 tamen
2414 2291 2488 2326 hoc

1427 2350 1509 2375 non
1529 2346 1583 2374 est
1602 2339 1749 2379 frustra,
1771 2339 1854 2376 licet
1882 2351 1962 2376 non
1981 2340 2020 2376 in
2040 2341 2171 2378 omnia
2190 2341 2383 2378 actualiter
2410 2350 2488 2381 ten-

1428 2391 1509 2437 dat,
1540 2391 1758 2428 dummodo
1787 2393 1916 2429 tendat
1936 2393 2130 2430 actualiter
2148 2393 2187 2430 in
2207 2394 2244 2430 id
2264 2395 2369 2443 quod
2399 2407 2488 2431 con-

1427 2444 1533 2480 venit
1561 2445 1647 2480 loco
1668 2451 1703 2480 et
1722 2445 1898 2494 tempori.
1929 2446 1977 2482 Et
1996 2445 2082 2483 ideo
2104 2446 2217 2483 etiam
2237 2446 2388 2483 habitus
2407 2459 2487 2484 non

1428 2505 1483 2534 est
1511 2498 1659 2543 frustra,
1681 2497 1765 2534 licet
1792 2510 1872 2534 non
1892 2498 2025 2535 omnia
2053 2499 2282 2536 reducantur
2301 2499 2339 2536 in
2359 2507 2486 2536 actum

1399 2593 1401 2604 Ι
1428 2563 1528 2599 quae
1557 2550 1704 2586 habitui
1733 2551 1946 2596 subiacent,
1976 2552 2192 2588 dummodo
2219 2552 2422 2588 reducatur
2448 2553 2487 2589 in

1429 2611 1558 2640 actum
1579 2603 1618 2639 id
1638 2604 1746 2651 quod
1766 2604 1939 2651 congruit
1958 2605 2005 2641 ad
2025 2604 2198 2641 debitum
2217 2604 2336 2640 finem
2350 2607 2486 2641 volun-

1427 2656 1512 2693 tatis
1541 2656 1756 2693 secundum
1790 2656 2015 2704 exigentiam
2049 2657 2289 2704 negotiorum
2325 2665 2360 2693 et
2392 2665 2486 2694 tem-

1427 2708 1545 2758 poris.

1482 2763 1540 2798 AD
1567 2774 1726 2799 TERTIUM
1754 2774 1935 2799 DICENDUM
1964 2762 2070 2810 quod
2100 2762 2247 2798 bonum
2274 2770 2309 2798 et
2329 2775 2395 2798 ens
2415 2763 2485 2799 du-

1428 2814 1573 2864 pliciter
1608 2814 1755 2851 dicitur.
1794 2816 1881 2851 Uno
1919 2815 2058 2859 modo,
2089 2813 2314 2862 simpliciter.
2354 2816 2401 2851 Et
2434 2815 2486 2852 sic

1429 2868 1580 2904 bonum
1609 2876 1644 2904 et
1672 2879 1739 2903 ens
1776 2867 1912 2903 dicitur
1948 2867 2173 2912 substantia,
2203 2879 2302 2914 quae
2339 2867 2377 2903 in
2413 2880 2484 2905 suo

1429 2933 1511 2957 esse
1540 2928 1576 2956 et
1603 2920 1642 2956 in
1671 2932 1739 2956 sua
1768 2919 1933 2956 bonitate
1962 2919 2137 2955 subsistit.
2168 2919 2252 2955 Alio
2281 2920 2401 2957 modo
2429 2921 2484 2957 di-

1429 2973 1525 3010 citur
1544 2985 1611 3009 ens
1626 2980 1661 3008 et
1681 2973 1829 3008 bonum
1845 2971 2059 3007 secundum
2079 2971 2183 3019 quid.
2205 2973 2253 3008 Et
2269 2973 2345 3008 hoc
2363 2973 2483 3010 modo

1428 3026 1565 3063 dicitur
1593 3037 1660 3061 ens
1688 3024 1862 3060 accidens
1881 3022 1911 3059 ⁰:
1948 3035 2027 3059 non
2056 3023 2146 3072 quia
2180 3024 2308 3072 ipsum
2346 3026 2484 3063 habeat

1428 3091 1510 3115 esse
1539 3086 1574 3114 et
1602 3076 1828 3121 bonitatem,
1859 3076 1925 3112 sed
1953 3076 2043 3124 quia
2079 3083 2152 3113 eo‘
2181 3077 2395 3114 subiectum
2429 3087 2483 3115 est

1429 3143 1495 3167 ens
1524 3138 1559 3166 et
1587 3130 1747 3165 bonum.
1778 3128 1839 3164 Sic
1864 3128 1975 3175 igitur
2002 3128 2156 3166 scientia
2175 3130 2375 3167 habitualis
2403 3143 2482 3168 non

1427 3191 1482 3219 est
1509 3181 1727 3230 simpliciter
1761 3180 1897 3217 melior
1925 3189 1990 3217 aut
2025 3181 2173 3229 dignior
2207 3195 2326 3231 quarn
2354 3183 2482 3221 anima

1398 3246 1399 3249 ’
1428 3234 1585 3280 Christi,
1616 3234 1682 3270 sed
1711 3233 1925 3270 secundum
1953 3233 2064 3282 quid:
2104 3247 2194 3272 nam
2222 3243 2299 3272 tota
2334 3236 2482 3274 bonitas

1396 3288 1399 3329 ᾖ
1426 3286 1626 3324 habitualis
1655 3285 1831 3322 scientiae
1859 3286 1957 3323 cedit
1976 3293 1992 3308 ²
2019 3286 2058 3323 in
2082 3287 2291 3324 bonitatem
2311 3288 2479 3326 subiecti.

365 3404 392 3437 α)
408 3405 547 3438 perfectis).
559 3419 580 3423 -
590 3404 717 3430 scientiae
735 3404 804 3429 addit
818 3405 845 3430 P.
857 3418 876 3422 —
889 3404 943 3429 Sed
962 3404 1049 3429 maior
1068 3407 1107 3429 est
1121 3403 1251 3436 perfectio
1266 3410 1318 3427 om.
1332 3403 1370 3426 bc.

364 3438 390 3474 β)
404 3440 624 3472 praeexistentis.
637 3441 656 3459 ἐ-
667 3439 809 3465 existentis
827 3440 870 3464 CD
889 3446 915 3464 et
933 3441 1014 3465 tertia.
1026 3454 1045 3458 —
1063 3440 1113 3464 Pro
1132 3438 1231 3466 habitu,
1247 3437 1370 3469 potentia

312 3475 354 3500 νει
371 3475 462 3500 habitu
481 3475 504 3500 H
524 3481 550 3500 et
568 3475 702 3500 editiones.

363 3509 391 3543 γ)
409 3511 499 3535 omnia
518 3510 564 3535 illa
581 3514 652 3536 actu.
664 3525 684 3528 —
701 3511 752 3540 Ba3
778 3514 839 3535 actu
858 3511 948 3535 omnia
967 3511 1013 3534 illa
1033 3509 1114 3538 tertia,
1133 3508 1223 3533 omnia
1241 3510 1302 3532 actu
1323 3507 1369 3531 illa

313 3546 398 3571 ceteri.
415 3559 435 3564 -
453 3546 502 3570 Pro
520 3546 711 3579 cognoscendo,
730 3546 874 3579 cogitando
895 3546 922 3570 P.

363 3578 388 3612 δ)
407 3580 525 3606 scientia.
542 3595 563 3599 —
581 3581 748 3612 quorundam
767 3581 878 3606 scientia
897 3581 978 3605 tertia.

366 3614 388 3649 ε)
407 3615 506 3640 anima.
524 3630 543 3634 -
560 3623 639 3648 quam
658 3616 749 3640 anima
768 3616 848 3641 tertia.

1476 3400 1501 3431 ζ)
1522 3401 1676 3425 intellectus.
1695 3414 1713 3418 —
1731 3401 1881 3434 intelligens
1902 3402 2031 3427 PEGHIa.

1476 3435 1502 3467 η)
1519 3438 1628 3467 poterat
1646 3435 1724 3461 enim.
1742 3451 1761 3455 —
1779 3439 1805 3461 et
1820 3440 1930 3468 poterat
1948 3438 2028 3462 tertia.

1475 3469 1500 3504 θ)
1519 3478 1565 3495 ens
1583 3471 1712 3496 accidens.
1724 3486 1744 3490 -
1756 3472 1777 3496 D
1797 3477 1822 3496 et
1840 3472 1912 3496 tertia
1933 3478 2033 3504 praeter
2053 3473 2084 3503 Ρ;
2105 3480 2149 3497 ens
2168 3477 2229 3498 actu
2249 3474 2341 3503 ABCa,
2355 3481 2401 3499 ens
2413 3475 2482 3499 acci-

1422 3507 1487 3531 dens
1506 3509 1566 3531 actu
1585 3506 1613 3536 F,
1633 3506 1755 3531 accidens
1773 3514 1819 3531 ens
1838 3510 1863 3531 et
1882 3507 1976 3531 bonum
1998 3508 2026 3536 E,
2046 3515 2091 3532 ens
2110 3511 2135 3532 et
2154 3509 2248 3533 bonum
2268 3509 2390 3534 accidens
2409 3510 2436 3534 P.

1475 3542 1493 3573 ι)
1513 3549 1551 3566 eo.
1570 3556 1589 3560 -
1607 3541 1628 3565 D
1649 3546 1674 3566 et
1693 3542 1765 3566 tertia
1784 3548 1885 3574 praeter
1905 3543 1938 3571 Ρ;
1958 3543 1982 3567 ei
2001 3543 2097 3574 ABCE,
2117 3544 2172 3567 eius
2192 3544 2258 3569 PFa.

1473 3577 1498 3610 κ)
1519 3584 1608 3602 nam...
1628 3577 1705 3602 cedit.
1724 3592 1742 3596 —
1761 3585 1846 3602 cum...
1865 3578 1940 3602 cedat
1960 3579 2040 3603 tertia.

2510 647 2519 656 ⁸
2535 646 2600 668 Vers.
2616 653 2636 675 7,
2652 654 2674 675 9.

2609 1301 2624 1323 η

2518 1346 2569 1366 'CL
2585 1351 2644 1373 resp.
2659 1346 2687 1367 ad
2701 1351 2723 1367 2.

2518 2244 2527 2252 ·
2541 2243 2620 2263 Averr.
2633 2243 2662 2264 de
2670 2243 2728 2264 Ani-

2516 2269 2727 2293 ma.1ib.111‚c0m—

2517 2299 2586 2316 ment.
2602 2301 2664 2317 xvin.
