2872 3970
208 1302 218 1312 ‘
226 1301 281 1328 Arg.
293 1300 341 1322 Sed
351 1300 421 1323 Cont.

212 1434 222 1443 ⁸
231 1432 268 1454 Cf.
282 1438 345 1454 num.
360 1438 391 1453 iv.

206 1519 217 1530 ⁸
231 1519 266 1541 Cf.
282 1526 344 1541 num.
356 1526 403 1548 seq.

205 1611 216 1621 ⁴
231 1610 265 1632 Cf,
281 1616 343 1631 num.
360 1617 381 1631 v.

209 1870 219 1880 ·
230 1869 267 1891 Cf.
282 1876 344 1891 num.
360 1875 389 1891 vt.

208 3137 218 3147 ⁸
232 3136 292 3158 Num
318 3143 340 3158 ιι.

458 281 535 328 276

458 360 537 404 teri,
565 365 598 395 et
623 371 696 395 non
721 360 844 408 magis
863 371 938 396 una
962 359 1180 396 adoratione
1197 361 1419 407 honorificat
1436 361 1523 397 Em-

457 413 678 457 manuelem,
706 413 907 450 secundum
937 414 1036 462 quod
1049 414 1199 462 factum
1228 419 1279 450 est
1306 425 1397 450 caro
1438 415 1522 450 Ver-

454 468 562 503 hum.-
588 466 787 504 anathema
813 468 868 503 sit.

509 519 566 555 AD
600 530 734 556 ramum
767 531 865 557 anco
897 531 1079 557 DICENDUM
1116 519 1224 568 quod
1260 519 1300 555 in
1337 517 1521 556 Trinitate

453 579 544 608 sunt
571 578 646 609 tres
674 573 741 622 qui
769 574 1020 619 honorantur,
1050 572 1118 610 sed
1145 584 1224 609 una
1243 579 1299 609 est
1316 582 1433 610 causa
1450 572 1521 610 ho-

454 626 570 663 noris.
600 627 641 663 In
665 625 847 676 mysterio
866 634 997 663 autem
1016 625 1287 663 incarnationis
1315 633 1370 662 est
1389 637 1409 662 e
1429 637 1520 662 con-

453 691 578 716 verso.
618 681 666 717 Et
693 679 780 717 ideo
809 679 883 717 alio
912 679 1032 716 modo
1066 687 1121 716 est
1148 691 1250 716 unus
1278 678 1407 715 honor
1434 677 1519 715 Tri-

453 732 588 779 nitatis,
618 741 654 769 et
681 732 755 769 alio
783 733 903 770 modo
933 740 987 770 est
1015 744 1117 769 unus
1146 734 1274 769 honor
1302 730 1453 769 Christi.

506 787 563 822 An
591 797 780 823 SECUNDUM
808 798 989 823 memnon
1017 786 1125 834 quod
1154 784 1324 835 operatio
1353 797 1434 822 non
1463 791 1519 820 est

450 849 551 886 quae
579 839 808 883 honoratur,
838 838 905 875 sed
933 846 988 874 est
1016 838 1110 875 ratio
1139 838 1309 875 honoris.
1354 839 1402 875 Et
1429 837 1517 874 ideo

450 902 522 939 per
547 891 623 927 hoc
650 891 756 940 quod
776 891 816 927 in
837 890 990 928 Christo
1019 898 1107 927 sunt
1134 891 1235 928 duae
1262 890 1516 940 operationes,

1157 281 1421 328 QUAESTIO
1450 283 1575 330 XXV,
1605 284 1898 324 ARTICULUS
1925 287 1939 324 Ι

1578 374 1659 399 non
1688 363 1901 401 ostenditur
1927 365 2034 414 quod
2062 365 2136 403 sint
2163 366 2263 404 duae
2291 367 2543 418 adorationes,
2573 371 2640 408 sed

1578 415 1686 464 quod
1714 415 1787 453 sint
1814 416 1914 454 duae
1942 418 2174 456 adorationis
2201 431 2350 457 causae.

1630 468 1688 504 An
1715 480 1874 506 Tannum
1909 482 2091 509 DICENDUM
2126 472 2233 520 quod
2265 472 2395 510 anima
2423 473 2579 523 Christi,
2609 475 2640 513 si

1576 532 1658 557 non
1691 529 1788 558 esset
1822 521 1928 559 unita
1962 523 2034 560 Dei
2062 524 2212 571 Verbo,
2249 533 2346 562 esset
2377 525 2415 563 id
2450 528 2557 575 quod
2585 535 2640 565 est

1575 572 1940 622 principalissimum
1954 575 1993 613 in
2007 575 2166 614 homine
2181 576 2256 615 illo.
2277 579 2326 615 Et
2339 577 2428 616 ideo
2442 578 2513 616 sibi
2531 592 2639 630 prae·

1575 625 1688 675 cipue
1717 626 1922 664 deberetur
1948 629 2093 666 honor:
2123 629 2215 678 quia
2233 630 2356 668 homo
2375 639 2431 668 est
2457 633 2565 681 quod
2584 641 2640 670 est

1574 678 1820 728 potissimum
1847 679 1887 717 in
1915 692 1963 718 eo
1981 681 2012 718 ²¹².
2043 682 2120 719 Sed
2148 682 2240 731 quia
2267 683 2397 720 anima
2416 683 2556 722 Christi
2583 693 2639 723 est

1574 731 1681 768 unita
1707 743 1896 780 personae
1925 732 2106 781 digniori,
2135 734 2186 772 illi
2217 747 2404 784 personae
2432 737 2638 788 praecipue

1574 784 1736 821 debetur
1753 785 1882 822 honor
1908 786 1971 822 cui
1990 786 2119 824 anima
2139 787 2278 825 Christi
2297 788 2438 827 unitur.
2468 791 2551 828 Nec
2568 803 2639 842 per

1572 837 1648 874 hoc
1683 845 1813 874 tamen
1845 838 2073 877 diminuitur
2107 839 2267 888 dignitas
2298 841 2450 880 animae
2485 843 2636 892 Christi,

1573 889 1641 927 sed
1669 898 1846 938 augetur:
1863 898 1920 928 ⁴ut
1946 904 2063 941 supra
2081 892 2102 914 '⁸
2128 892 2275 931 dictum
2303 901 2369 932 est.

1126 996 1461 1029 Commentario.
1483 994 1737 1030 cardinalis
1759 995 1961 1029 Caietam

451 1085 615 1148 Tri-urus
643 1085 711 1105 non
735 1075 775 1105 de
806 1075 977 1115 qualitate,
1006 1075 1062 1106 sed
1085 1075 1124 1106 de
1147 1075 1311 1107 identitate
1340 1076 1392 1106 vel
1415 1075 1517 1106 diver·
1569 1070 1654 1112 sunt,
1678 1076 1808 1116 proprie
1830 1072 2007 1116 quuendo.
2031 1076 2117 1115 Quia
2132 1082 2240 1109 tamen
2258 1078 2419 1110 invenitur
2441 1067 2637 1130 quandoque

508 1120 598 1150 sitate
628 1119 822 1150 adorationis
855 1121 993 1160 quaerit:
1026 1130 1067 1150 an
1094 1120 1215 1151 scilicet
1242 1129 1307 1150 una
1339 1119 1516 1160 eademque
1569 1119 1691 1150 dictum
1713 1119 1753 1150 de
1769 1120 1954 1151 huiusmodi
1970 1120 2060 1161 quod
2074 1121 2273 1153 honorantur
2288 1123 2340 1154 vel
2355 1122 2536 1160 adomnane,
2549 1120 2636 1165 ideo,

447 1163 601 1199 adoratio,
626 1163 870 1204 qualiscumque
893 1164 932 1194 sit
955 1164 1017 1200 illa,
1041 1164 1228 1195 terminetur
1251 1163 1291 1194 ad
1315 1163 1433 1194 Christi
1455 1164 1515 1194 hu-

446 1209 651 1244 manitatem,
677 1217 759 1247 quae
783 1207 822 1238 ad
845 1208 928 1238 illius
951 1209 1139 1239 terminatur
1162 1208 1368 1239 divinitatem.
1404 1207 1445 1238 Et
1469 1213 1515 1238 est

446 1253 526 1283 ratio
550 1251 639 1282 dubii
658 1252 754 1282 huius
769 1261 846 1283 usus
862 1252 1035 1289 Ecclesiae,
1052 1258 1084 1283 et
1099 1252 1263 1283 decretum
1279 1252 1420 1290 Quintae
1432 1252 1514 1293 Syn—

447 1296 511 1332 odi,
529 1296 618 1336 quod
633 1296 667 1326 in
682 1296 785 1326 littera
800 1295 928 1327 affertur
943 1298 975 1326 ἐ
1001 1302 1216 1337 tractaturque
1239 1297 1318 1327 haec
1334 1297 1464 1327 materia
1480 1297 1513 1326 in

446 1341 487 1370 III
505 1340 602 1375 Sent„
627 1340 697 1371 dist.
714 1350 755 1370 1x.

501 1385 538 1414 11.
563 1385 598 1414 ln
623 1394 758 1424 corpore
782 1385 905 1415 articuli
930 1384 994 1415 duo
1012 1384 1109 1415 fiunt:
1134 1385 1250 1425 primo,
1275 1384 1514 1425 distinguuntur

445 1429 588 1465 termini;
613 1428 728 1459 deinde
751 1428 963 1468 respondetur
987 1429 1132 1468 quaesito
1149 1430 1175 1459 “.
1200 1429 1413 1469 Distinguitur
1436 1437 1512 1468 ergo

445 1474 561 1513 primo,
586 1472 618 1502 id
642 1471 731 1512 quod
754 1472 946 1509 honoratur3
971 1472 1125 1508 secundo,
1150 1474 1254 1503 unitas
1276 1473 1327 1503 vel
1350 1472 1512 1512 pluralitas

445 1517 577 1547 honoris
592 1518 619 1546 ’ἢ

501 1561 747 1601 Distinguuntur
762 1561 857 1601 igitur
880 1561 913 1591 in
929 1561 1088 1591 honorato
1113 1570 1162 1591 res
1178 1561 1345 1596 honorata,
1370 1566 1401 1590 et
1418 1570 1512 1591 causa

444 1606 576 1635 honoris
592 1606 618 1635 ἦ
650 1605 690 1635 Et
714 1605 828 1635 dicitur
859 1605 948 1644 quod
970 1614 1019 1635 res
1042 1605 1199 1635 honorata
1223 1610 1269 1634 est
1292 1609 1417 1634 tanturn
1440 1613 1511 1644 per-

444 1659 533 1686 sona,
550 1658 607 1679 seu
622 1654 728 1679 toturn
744 1649 927 1679 subsistens.
952 1649 992 1679 Et
1008 1649 1161 1688 probatur
1178 1647 1378 1679 excludendo
1394 1654 1510 1688 partes,

445 1703 483 1724 ex
505 1703 567 1724 usu
589 1693 761 1733 loquendi:
793 1694 868 1733 quia
890 1702 958 1723 non
982 1692 1118 1723 dicimus
1144 1701 1278 1723 manum
1303 1693 1465 1723 honorari.
1489 1711 1511 1715 -

444 1738 485 1768 Et
508 1738 583 1778 quia
612 1738 676 1767 hoc
698 1737 823 1768 videtur
850 1737 915 1777 pati
939 1737 1149 1773 calumniam,
1180 1736 1393 1776 respondetur
1422 1737 1510 1767 obie-

445 1782 544 1813 ctioni
567 1781 656 1822 quod
679 1787 784 1821 partes
807 1780 1005 1821 quandoque
1028 1780 1178 1811 dicuntur
1200 1781 1361 1816 honorari,
1378 1790 1447 1811 non
1461 1790 1510 1811 se-

445 1825 587 1856 cundum
603 1835 647 1862 se,
671 1824 727 1855 sed
743 1830 778 1855 ut
794 1830 899 1855 totum
914 1825 1101 1855 honoretur.
1126 1824 1167 1854 Et
1190 1823 1366 1854 declaratur
1381 1834 1399 1854 a
1415 1824 1510 1855 simili

444 1871 477 1900 in
500 1874 604 1905 veste,
628 1870 760 1905 nuntio,
778 1874 837 1899 etc.
853 1886 876 1891 —
898 1869 961 1899 Ubi
990 1868 1087 1898 habes
1118 1868 1212 1898 aliam
1239 1867 1476 1898 distinctionem
1492 1869 1509 1885 '⁹

444 1913 609 1944 honorati:
643 1913 762 1943 scilicet
794 1912 972 1943 secundum
996 1921 1046 1948 se;
1076 1912 1127 1942 vel
1153 1911 1332 1942 secundum
1362 1911 1448 1942 aliud
1476 1913 1509 1942 in

444 1967 488 1988 se.
518 1957 641 1987 Totum
674 1958 760 1987 enim
783 1957 960 1986 honoratur
993 1955 1172 1986 secundum
1203 1965 1253 1986 se:
1278 1965 1350 1995 pars
1381 1961 1508 1992 autem,

444 2003 551 2041 imago
583 2006 614 2031 et
643 2002 794 2037 nuntius,
819 2000 998 2031 secundum
1033 2000 1136 2036 aliud;
1159 2000 1224 2030 hoc
1247 2005 1313 2036 est,
1337 2005 1443 2030 totum
1475 2001 1509 2030 in

444 2056 478 2077 se
501 2051 605 2086 parte,
630 2050 901 2085 repraesentatum
923 2045 957 2075 in
980 2054 1013 2074 se
1036 2045 1192 2084 imagine,
1215 2044 1395 2074 mittentem
1418 2044 1452 2074 in
1474 2054 1508 2074 se

443 2090 570 2120 nuntio.

499 2133 604 2164 Causa
628 2138 735 2163 autern
757 2133 890 2163 honoris
913 2138 960 2162 est
982 2131 1015 2162 id
1037 2131 1124 2162 unde
1142 2132 1237 2162 habet
1259 2131 1435 2162 honoratus
1455 2141 1507 2162 ex—

444 2178 633 2208 cellentiam.
666 2177 830 2207 Probatur.
865 2176 951 2214 Quia
973 2177 1079 2206 honor
1102 2181 1149 2206 est
1171 2175 1347 2206 reverentia
1371 2175 1508 2206 exhibita

444 2222 538 2252 alicui
561 2226 691 2262 propter
714 2221 762 2251 sui
786 2221 1015 2251 excellentiam.

499 2266 550 2296 111.
574 2266 685 2296 Unitas
707 2274 783 2295 vero
808 2270 839 2295 et
860 2265 1022 2305 pluralitas
1040 2264 1172 2294 honoris
1189 2263 1401 2303 distinguitur,
1418 2264 1508 2304 quod

442 2315 549 2351 potest
572 2309 690 2340 attendi
713 2309 763 2339 vel
791 2308 970 2339 secundum
993 2317 1122 2338 causam
1144 2308 1291 2344 honoris;
1320 2308 1371 2338 vel
1394 2317 1508 2338 secun-

443 2354 521 2385 dum
541 2354 714 2384 terminum
736 2363 793 2393 per
809 2362 842 2383 se
858 2353 1025 2392 proprium
1041 2351 1244 2382 adorationis.
1268 2351 1310 2382 Et
1327 2357 1506 2392 propterea,

443 2399 468 2428 si
491 2398 646 2437 contingit
669 2398 702 2427 in
723 2407 790 2427 uno
807 2397 923 2427 eodem
938 2397 1071 2426 homine
1094 2396 1229 2426 inveniri
1244 2395 1381 2426 diversas
1398 2405 1507 2427 causas

442 2442 590 2478 honoris,
622 2442 679 2472 erit
711 2441 795 2471 illius
822 2441 929 2471 honor
951 2450 1052 2477 unus,
1078 2446 1109 2470 et
1131 2439 1314 2480 multiplex:
1344 2449 1444 2477 unus,
1469 2450 1507 2471 ex

441 2492 530 2526 parte
545 2494 710 2526 personae,
728 2495 810 2525 quae
826 2485 980 2515 terminus
997 2489 1059 2521 est;
1078 2484 1256 2524 multiplex,
1274 2493 1312 2514 ex
1326 2490 1416 2524 parte
1432 2494 1506 2515 cau-

441 2540 494 2560 sae
516 2530 717 2570 multiplicis;
741 2535 777 2559 ut
799 2534 886 2569 patet
907 2528 946 2559 de
962 2539 1029 2559 uno
1046 2529 1178 2559 homine
1194 2529 1354 2559 honorato
1378 2534 1409 2559 et
1431 2539 1506 2569 pro-

441 2580 511 2615 pter
534 2574 715 2608 scientiam,
740 2579 771 2604 et
793 2579 924 2614 propter
947 2573 1099 2603 virtutem
1120 2573 1276 2603 moralem
1300 2582 1358 2603 seu
1380 2573 1506 2604 theolo-

463 2619 555 2649 alem.

441 2628 462 2659 g
497 2663 549 2693 IV.
575 2662 751 2693 Conclusio
775 2662 960 2702 responsiva
979 2662 1124 2702 quaesito
1149 2667 1210 2692 est:
1235 2660 1394 2692 Adoratio
1413 2661 1506 2691 Chri-

441 2707 482 2737 sti
505 2712 552 2737 est
575 2716 639 2737 una
663 2715 704 2736 ex
722 2710 819 2746 parte
836 2715 998 2746 personae
1021 2705 1188 2741 adoratae,
1212 2711 1244 2736 et
1265 2710 1312 2736 est
1327 2705 1442 2745 plures
1465 2715 1506 2736 ex

436 2756 533 2791 parte
547 2760 674 2785 causae,
691 2750 819 2781 divinae
833 2750 955 2780 scilicet
969 2750 1020 2781 vel
1034 2750 1204 2780 humanae.
1229 2750 1384 2780 Probatur
1399 2750 1505 2790 primo

443 2795 607 2825 conclusio
639 2794 747 2834 quoad
777 2795 913 2834 primam
936 2800 1077 2834 partem:
1113 2795 1189 2834 quia
1218 2794 1252 2824 in
1284 2793 1411 2824 Christo
1441 2804 1505 2824 una

442 2844 565 2869 tantum
589 2845 635 2869 est
657 2839 845 2879 hypostasis.
873 2838 991 2876 Quoad
1014 2838 1204 2868 secundam:
1240 2838 1316 2878 quia
1343 2838 1403 2868 alia
1424 2839 1504 2868 ratio

442 2883 573 2913 honoris
597 2889 642 2913 est
666 2883 819 2922 sapientia
842 2883 956 2919 divina,
981 2883 1040 2913 alia
1063 2883 1217 2922 sapientia
1239 2883 1390 2912 humana.

497 2926 620 2957 Deinde
644 2927 796 2967 probatur
819 2937 856 2957 ex
880 2927 1048 2967 opposito:
1082 2927 1157 2966 quia
1179 2926 1314 2962 scilicet,
1347 2926 1372 2956 si
1401 2932 1505 2957 essent

443 2970 549 3010 plures
571 2971 756 3011 hypostases
780 2972 813 3001 in
837 2971 975 3007 Christo,
1000 2970 1143 3001 adoratio
1167 2971 1235 3001 eius
1258 2980 1326 3001 non
1343 2976 1424 3001 esset
1440 2980 1504 3001 una

444 3015 537 3045 etiam
561 3025 599 3045 ex
622 3021 709 3055 parte
733 3014 867 3051 adorati,
891 3015 946 3045 sed
969 3015 1106 3045 totaliter
1130 3014 1272 3046 adoratio
1296 3014 1414 3045 Christi
1436 3024 1503 3045 non

443 3065 523 3089 esset
553 3069 631 3095 una,
664 3058 719 3089 sed
749 3058 879 3089 diversa.
914 3059 954 3089 Et
983 3060 1047 3089 hoc
1077 3064 1124 3089 est
1150 3059 1336 3090 damnatum
1365 3059 1399 3089 in
1423 3059 1503 3099 Syn-

444 3102 522 3138 odis,
540 3109 599 3133 etc.

497 3147 535 3176 V.
560 3146 651 3176 Circa
672 3147 806 3186 primam
823 3146 1059 3177 distinctionem
1075 3148 1101 3184 ’ἢ
1125 3152 1202 3178 nota
1218 3147 1397 3178 cautissime
1414 3147 1503 3187 quod

443 3190 592 3220 honorari
616 3195 650 3220 ut
674 3199 800 3220 causam
823 3191 965 3226 honoris,
989 3199 1055 3221 non
1073 3196 1119 3221 est
1141 3192 1291 3222 honorari
1308 3191 1502 3231 simpliciter,

444 3233 498 3264 sed
522 3242 595 3264 cum
619 3234 671 3263 tali
688 3233 967 3264 determinatione:
991 3234 1035 3264 ita
1050 3234 1139 3274 quod
1154 3235 1187 3275 ly
1203 3241 1238 3266 ut
1253 3244 1351 3266 causa
1367 3235 1503 3266 honoris

445 3283 490 3307 est
513 3277 655 3308 conditio
687 3277 866 3307 diminuens
890 3277 1092 3308 honoratum.
1129 3279 1172 3308 Ita
1203 3278 1292 3319 quod
1320 3288 1388 3309 non
1420 3279 1502 3309 valet

444 3327 681 3360 argumentum:
707 3320 871 3360 Sapientia
885 3320 1068 3351 honoratur
1084 3327 1119 3352 ut
1133 3331 1232 3354 causa
1247 3323 1391 3354 honoris.
1407 3323 1500 3364 Ergo

445 3365 635 3394 honoratur.
660 3365 699 3394 Et
722 3365 784 3394 hoc
808 3364 934 3403 proprie
958 3364 1138 3403 loquendo:
1164 3367 1239 3405 quia
1261 3367 1411 3397 honorari
1433 3376 1501 3397 non

447 3414 492 3437 est
515 3409 573 3438 nisi
596 3408 790 3438 terminantis
813 3408 934 3447 passive
958 3413 1063 3437 actum
1087 3409 1281 3445 honorandi;
1305 3419 1372 3440 non
1395 3411 1501 3441 termi-

446 3457 499 3481 nat
516 3457 620 3481 autem
644 3453 774 3482 honoris
791 3457 896 3481 actum
913 3451 972 3481 nisi
987 3460 1123 3490 persona
1139 3453 1191 3482 cui
1207 3453 1370 3484 exhibetur
1386 3454 1500 3484 honor.

448 3495 487 3524 Et
510 3495 582 3524 hinc
606 3497 704 3526 oritur
727 3494 816 3535 quod
840 3495 966 3525 Christo
998 3494 1130 3524 debetur
1152 3496 1335 3535 simpliciter
1360 3507 1425 3527 una
1448 3497 1501 3528 ad-

447 3539 564 3567 oratio:
590 3544 619 3567 et
643 3539 731 3578 quod
754 3539 931 3569 humanitas
955 3539 1032 3574 eius,
1057 3543 1091 3568 ut
1111 3538 1258 3569 abstrahit
1274 3540 1312 3569 ab
1329 3540 1500 3581 hypostasi,

447 3587 493 3612 est
515 3582 723 3619 inadorabilis,
747 3583 827 3612 sicut
851 3588 972 3613 ceterae
993 3591 1105 3612 causae
1121 3581 1270 3612 adorandi
1294 3583 1501 3614 inadorabiles

1568 1173 1636 1194 non
1659 1163 1806 1195 faciendo
1822 1165 1889 1194 vim
1903 1165 1938 1195 in
1953 1165 2127 1202 vocabulis,
2151 1165 2285 1206 loquere
2308 1171 2345 1197 ut
2366 1167 2474 1207 plures
2496 1167 2636 1209 loquun-

1567 1213 1628 1238 tur.
1659 1208 1701 1238 Et
1723 1208 1864 1249 intellige
1887 1208 1977 1249 quod
2002 1208 2077 1240 ideo
2105 1210 2248 1241 Ecclesia
2270 1210 2434 1243 Christum
2464 1211 2561 1244 unies
2581 1211 2636 1244 ad-

1568 1252 1712 1283 orau‘one
1735 1251 1861 1288 adorat,
1894 1252 2031 1284 dicendo
2055 1253 2101 1290 ei,
2126 1254 2285 1286 Miserere
2307 1255 2416 1292 nobis,
2445 1261 2477 1286 et
2498 1265 2567 1288 non
2589 1255 2636 1288 di-

1568 1295 1672 1326 cendo
1696 1297 1740 1332 ei,
1765 1296 1924 1327 Miserere
1952 1302 1984 1327 et
2006 1297 2182 1334 intercede,
2215 1299 2290 1339 quia
2319 1298 2359 1330 ad
2385 1300 2541 1331 unitatem
2563 1309 2636 1341 per-

1567 1349 1665 1370 sonae
1688 1341 1826 1381 respicit.
1850 1341 1892 1371 Et
1914 1341 1989 1371 hinc
2012 1341 2134 1382 Synodi
2157 1343 2325 1373 anathema
2347 1344 2502 1383 processit
2524 1350 2636 1376 cona-a

1566 1383 1733 1415 adorantes
1764 1384 1928 1415 Christum
1955 1384 2078 1416 duabus
2106 1385 2363 1418 adorationibus:
2395 1388 2524 1428 proprie
2547 1389 2634 1420 enim

1565 1428 1666 1459 locuti
1689 1434 1764 1459 sunt
1787 1428 1827 1459 de
1850 1429 2008 1459 honorato
2033 1439 2090 1460 seu
2113 1429 2254 1462 adorato.

1620 1472 1759 1508 Rursus,
1791 1473 1874 1503 circa
1898 1472 2033 1503 eandem
2057 1473 2294 1506 distinctionem
2321 1481 2398 1506 nota
2427 1475 2517 1516 quod
2539 1485 2634 1508 causa

1565 1516 1697 1547 honoris
1721 1516 1836 1547 dicitur
1858 1515 1891 1547 id
1915 1526 1982 1557 quo
2005 1526 2142 1557 persona
2166 1519 2301 1549 excellit.
2325 1519 2399 1550 Hoc
2415 1525 2523 1550 autem
2544 1520 2634 1551 inve-

1565 1560 1650 1590 nitur
1674 1559 1858 1600 dupliciter:
1882 1561 1933 1591 vel
1956 1569 2014 1601 per
2036 1560 2172 1592 modum
2188 1562 2320 1599 formae,
2336 1569 2373 1593 ut
2392 1563 2556 1604 sapientia,
2571 1564 2634 1595 vir-

1565 1609 1626 1640 tus,
1651 1609 1766 1640 status;
1790 1605 1842 1635 vel
1865 1613 1922 1644 per
1944 1604 2080 1635 modum
2103 1607 2307 1645 operationis,
2332 1612 2368 1637 ut
2386 1616 2502 1643 creare,
2517 1607 2633 1648 guber-

1564 1657 1655 1683 nare,
1678 1648 1822 1684 vincere,
1847 1648 1977 1685 docere,
2001 1649 2160 1686 misereri,
2177 1655 2238 1680 etc.
2271 1650 2454 1691 Utrumque
2477 1648 2565 1683 enfn
2584 1656 2634 1684 est

1564 1691 1651 1722 unde
1681 1693 1753 1732 quis
1781 1691 1922 1723 excellit:
1954 1692 2115 1723 excellunt
2143 1694 2231 1724 enim
2257 1694 2406 1726 homines
2431 1703 2500 1727 non
2523 1692 2632 1727 solun

1563 1737 1736 1776 sapientia,
1759 1737 1919 1776 potentia,
1943 1737 2074 1773 virtute,
2099 1736 2251 1778 dignitate
2258 1748 2266 1775 ;
2290 1738 2347 1770 sed
2370 1739 2466 1771 etiam
2487 1738 2564 1780 quia
2584 1740 2632 1771 vi-

1564 1786 1686 1817 cerunt,
1707 1781 1783 1821 quia
1798 1780 1988 1816 docuerunt,
2005 1781 2082 1821 quia
2097 1781 2293 1818 ordinarunt,
2310 1787 2370 1814 etc.
2394 1783 2436 1814 Et
2457 1787 2631 1825 utrumque

1562 1825 1597 1854 in
1620 1823 1723 1855 littera
1744 1824 1804 1854 hac
1827 1824 1938 1855 habes:
1962 1825 2104 1864 primum
2119 1826 2153 1856 in
2169 1835 2314 1867 corpore,
2338 1826 2516 1858 secundum
2533 1825 2568 1858 in
2581 1828 2631 1858 r'e-

1563 1868 1737 1908 sponsione
1760 1867 1800 1898 ad
1823 1867 2013 1899 secundum.

1618 1911 1671 1942 VI.
1696 1911 1791 1942 Circa
1813 1911 2050 1943 distinctionem
2073 1913 2203 1944 alteram
2233 1923 2270 1944 ex
2293 1914 2396 1945 littera
2418 1920 2581 1956 sumptam
2595 1916 2629 1953 ⁰,
2661 1919 2671 1928 ”

1563 1955 1603 1986 de
1626 1955 1725 1986 modo
1749 1955 1870 1996 duplici
1894 1965 1961 1996 quo
1984 1965 2033 1987 res
2052 1956 2181 1987 adorata
2195 1957 2354 1995 adoratur,
2377 1958 2429 1989 vel
2450 1958 2630 1993 secundam

1562 2009 1596 2030 se
1618 1999 1670 2030 vel
1693 1999 1873 2030 secundum
1902 1999 1989 2030 aliud
2018 2001 2052 2031 in
2075 2009 2125 2031 se:
2151 2000 2278 2032 adverte
2308 2003 2433 2042 primo,
2466 2012 2506 2034 ex
2527 2003 2630 2039 littera

1562 2043 1649 2074 illam
1664 2044 1782 2080 haberi,
1807 2043 1886 2074 dum
1902 2043 2017 2074 dicitur
2033 2043 2072 2075 de
2088 2045 2230 2085 partibus
2253 2045 2343 2086 quod
2365 2055 2431 2077 non
2453 2046 2629 2079 secundum

1561 2097 1595 2118 se
1617 2088 1834 2123 honorantur,
1858 2087 1914 2118 sed
1937 2093 2038 2118 totum
2062 2089 2094 2118 in
2120 2089 2185 2120 illis
2207 2089 2401 2126 honoratur,
2418 2095 2450 2121 et
2472 2090 2628 2128 subditur,

1556 2140 1619 2172 per
1633 2141 1726 2172 quem
1742 2131 1871 2162 modum
1889 2136 1998 2172 potest
2012 2132 2130 2173 aliquis
2144 2133 2304 2164 honorari
2319 2133 2352 2164 in
2368 2134 2535 2172 exteriori,
2544 2140 2629 2177 puta

1562 2180 1655 2211 veste,
1681 2175 1823 2217 imagine
1845 2175 1896 2206 vel
1919 2176 2044 2206 nuntio.
2067 2176 2116 2206 Ex
2134 2177 2182 2207 his
2198 2177 2284 2208 enim
2299 2178 2383 2208 clara
2396 2177 2531 2210 habetur
2545 2178 2629 2211 dieta

1562 2219 1739 2250 distinctio:
1764 2219 1843 2250 dum
1865 2225 1971 2250 totum
1986 2219 2166 2251 secundum
2181 2230 2216 2252 se
2231 2221 2423 2259 honoratum
2439 2228 2481 2259 et,

1561 2269 1665 2304 partes
1680 2264 1889 2300 honorantur,
1912 2269 2018 2294 totum
2037 2265 2212 2295 honoratur
2226 2266 2262 2296 in
2276 2266 2428 2306 partibus.
2451 2267 2628 2306 Hoceaim

1562 2313 1609 2338 est
1630 2313 1755 2348 partem
1777 2308 1928 2343 honorari
1955 2308 2136 2339 secundum
2159 2308 2249 2349 quod
2274 2315 2380 2341 totum
2403 2315 2450 2342 est
2471 2310 2506 2343 in
2526 2316 2627 2353 parte.

1562 2352 1602 2382 Et
1625 2352 1768 2382 similiter
1789 2352 1884 2382 vestis
1907 2352 2084 2383 honoratur
2106 2353 2284 2384 secundum
2308 2353 2398 2394 quod
2419 2362 2558 2395 persona
2575 2359 2628 2387 est

1561 2397 1620 2426 sub
1643 2396 1706 2426 illa.
1731 2396 1840 2436 Imago
1857 2405 1990 2436 quoque
2004 2402 2173 2428 veneratur
2194 2396 2372 2428 secundum
2391 2397 2482 2438 quod
2501 2403 2626 2440 reprae-

1561 2445 1681 2470 sentata
1703 2449 1842 2480 persona
1865 2445 1912 2470 est
1933 2441 1967 2471 in
1989 2441 2052 2471 illa.
2076 2441 2118 2471 Et
2139 2441 2282 2472 similiter
2303 2442 2436 2472 nuntius
2450 2442 2627 2475 honoratur

1561 2484 1740 2515 secundum
1764 2484 1854 2525 quod
1875 2485 2025 2525 princeps
2049 2490 2097 2516 est
2117 2485 2152 2516 in
2173 2485 2241 2516 illo.

1615 2528 1753 2559 Adverte
1777 2528 1920 2559 secundo
1945 2528 2049 2569 quod,
2073 2529 2150 2569 quia
2171 2529 2230 2560 ista
2253 2529 2498 2570 quodammodo
2519 2531 2626 2563 hono-
2646 2550 2651 2554 ·

1560 2578 1669 2603 rantur
1692 2578 1723 2603 et
1746 2572 1989 2614 quodammodo
2012 2582 2094 2610 non,
2119 2573 2195 2613 quia
2217 2573 2397 2605 secundum
2419 2583 2452 2605 se
2474 2584 2544 2607 non
2564 2575 2626 2608 ho-

1559 2622 1728 2654 norantur,
1761 2616 1940 2648 secundum
1961 2626 2038 2647 vero
2067 2616 2153 2647 aliud
2175 2618 2209 2648 in
2231 2618 2307 2659 ipsis
2329 2619 2546 2650 honorantur:
2576 2616 2625 2651 id-

1560 2662 1645 2691 circo
1670 2661 1709 2692 de
1733 2662 1777 2692 eis
1801 2666 1832 2691 et
1852 2660 2036 2691 affirmativa
2052 2666 2084 2692 et
2098 2661 2243 2701 negativa
2265 2661 2478 2694 verificantur.
2500 2662 2626 2695 Dicitur

1559 2706 1645 2736 enim
1670 2705 1759 2746 quod
1782 2711 1886 2745 partes
1909 2710 1941 2735 et
1962 2705 2148 2736 huiusmodi
2171 2715 2239 2737 non
2261 2707 2477 2744 honorantur,
2504 2707 2626 2739 seilicet

1558 2750 1699 2790 proprie,
1717 2750 1792 2790 quia
1806 2759 1875 2780 non
1898 2749 2077 2780 secundum
2096 2758 2147 2780 se:
2173 2755 2205 2780 et
2228 2750 2317 2791 quod
2340 2751 2548 2788 honorantur,
2562 2752 2625 2784 aci-

1558 2794 1632 2824 licet
1655 2793 1834 2824 secundum
1857 2793 1944 2824 aliud
1962 2793 1996 2824 in
2018 2794 2105 2834 ipsis.

1613 2838 1654 2868 Et
1681 2839 1836 2878 quoniam
1860 2838 1955 2868 clavis
1986 2843 2032 2868 est
2054 2847 2119 2868 una
2147 2839 2237 2870 istius
2267 2844 2436 2875 tractatus,
2468 2838 2624 2871 sententia

1557 2882 1635 2913 haec
1652 2881 1853 2913 dilucidanda
1869 2882 2005 2922 amplius
2021 2887 2078 2918 est,
2095 2881 2295 2913 discutiendo
2311 2882 2408 2914 illam.
2425 2882 2512 2914 Scito
2527 2883 2624 2925 igitur

1556 2927 1660 2963 tertio,
1685 2925 1848 2967 duplicem
1872 2935 1940 2956 esse
1963 2926 2152 2966 opinionem
2176 2927 2259 2957 circa
2280 2927 2529 2958 honorationem
2549 2935 2623 2968 per-

1556 2980 1655 3001 sonae
1671 2971 1705 3001 in
1720 2971 1785 3001 suis
1801 2970 1992 3005 extrinsecis,
2009 2975 2087 3010 puta
2101 2971 2250 3011 imagine,
2263 2976 2323 3001 etc.
2348 2971 2455 3002 Altera
2470 2976 2518 3002 est
2532 2971 2623 3012 quod

1557 3024 1694 3055 persona
1716 3015 1893 3045 honoratur
1923 3015 1957 3045 in
1979 3015 2046 3045 istis
2076 3015 2152 3055 quia
2181 3015 2276 3046 habet
2305 3014 2470 3055 quoddam
2491 3022 2560 3047 esse
2585 3016 2622 3049 in

1556 3059 1626 3090 illis.
1651 3059 1759 3089 Altera
1783 3064 1830 3089 est
1853 3058 1942 3099 quod
1965 3068 2103 3099 persona
2124 3059 2301 3090 honoratur
2322 3060 2356 3090 in
2371 3059 2443 3096 illis,
2462 3069 2531 3090 non
2545 3060 2622 3101 quia

1555 3103 1651 3134 habet
1673 3112 1741 3133 esse
1764 3103 1797 3133 in
1820 3102 1890 3139 illis,
1914 3102 1971 3133 sed
1993 3103 2068 3143 quia
2089 3112 2148 3144 per
2170 3103 2223 3134 illa
2238 3103 2413 3134 excitantur
2428 3108 2620 3136 convertun-

1555 3152 1671 3187 turque
1694 3146 1842 3178 homines
1865 3146 1904 3178 ad
1923 3156 2095 3187 personam
2111 3147 2198 3178 illam
2213 3146 2446 3178 honorandam.
2470 3146 2515 3178 Ita
2530 3146 2621 3188 quod
2662 3167 2668 3171 -

1555 3191 1637 3221 inter
1659 3191 1715 3221 has
1738 3191 1909 3231 opiniones
1931 3196 2018 3222 tanta
2041 3196 2087 3222 est
2110 3191 2256 3222 distantia
2287 3190 2377 3232 quod
2402 3191 2505 3232 prima
2526 3191 2621 3232 ponit

1556 3235 1730 3265 extrinseca
1752 3235 1830 3265 haec
1862 3235 2031 3265 terminare
2054 3235 2319 3271 honorationem,
2346 3244 2414 3266 non
2440 3234 2619 3266 secundum

1555 3289 1599 3315 se,
1623 3278 1679 3309 sed
1702 3278 1881 3310 secundum
1904 3278 1994 3319 quod
2017 3288 2154 3319 persona
2177 3284 2224 3310 est
2246 3279 2280 3311 in
2302 3279 2380 3310 illis:
2404 3279 2544 3310 secunda
2562 3289 2619 3310 au—

1554 3329 1620 3353 tem
1650 3323 1742 3363 ponit
1774 3324 1947 3354 extrinseca
1976 3323 2055 3354 hae'c
2084 3333 2153 3354 non
2178 3324 2347 3354 terminare
2373 3323 2619 3355 honorationem

1555 3367 1670 3407 quovis
1693 3366 1804 3397 modo.
1836 3367 1877 3398 Et
1899 3367 1974 3397 hinc
1998 3366 2113 3398 distant
2135 3367 2297 3404 secundo,
2329 3367 2419 3407 quod
2440 3367 2618 3398 secundum

1555 3411 1700 3451 primam,
1725 3412 1898 3441 extrinseca
1921 3410 2070 3441 dicuntur
2084 3411 2248 3442 honorari:
2272 3412 2358 3442 iuxta
2373 3411 2546 3442 secundam
2562 3420 2618 3442 au·

1555 3460 1639 3490 tem,
1665 3455 1838 3485 extrinseca
1867 3464 1934 3485 non
1957 3455 2017 3486 nisi
2050 3456 2197 3491 abusive,
2229 3461 2260 3486 et
2283 3454 2554 3486 communicando
2583 3455 2618 3486 in

1555 3498 1739 3528 nominibus
1764 3507 1839 3528 cum
1861 3498 1976 3539 vulgo,
2010 3498 2159 3529 dicuntur
2187 3499 2347 3529 honorari.
2382 3498 2481 3536 Quod
2509 3503 2616 3530 autem

1555 3542 1672 3571 horum
1694 3542 1798 3572 verius
1821 3542 1876 3578 sit,
1907 3541 2038 3572 inferius
2054 3543 2071 3559 “
2094 3542 2223 3582 patebit.
2258 3541 2320 3573 Sed
2346 3542 2439 3578 hinc,
2471 3542 2616 3583 quamvis

1555 3594 1622 3614 non
1645 3585 1797 3615 habeatur
1820 3586 1858 3615 ab
1882 3586 2023 3615 Auctore
2047 3584 2149 3625 prima
2172 3586 2284 3625 opinio
2308 3585 2347 3617 de
2371 3586 2468 3616 verbo
2491 3585 2531 3617 ad
2546 3595 2615 3617 ver-

2607 939 2609 944 ,
2663 886 2787 942 22:221»
2844 912 2846 914 >

2665 695 2704 743 ina.
2715 708 2774 749 1¹,st

2665 753 2688 769 n.
2698 747 2725 775 σε
2738 753 2769 772 σω
2783 759 2789 775 2

2664 779 2696 796 1¹.
2775 781 2780 790 ’

2689 885 2713 914 Q
2764 871 2775 878 ,Α

2682 963 2684 967 ,
2699 948 2775 984 „wal

2764 1079 2776 1093 ,

2710 1114 2727 1131 ,2
2771 1120 2779 1125 .

2644 3543 2654 3555 ⁸
2671 3543 2722 3566 Art.
2758 3526 2794 3573 ‘⁸5'
2816 3552 2818 3559 v

2643 3572 2712 3592 ment.
2744 3583 2763 3599 „
2787 3596 2789 3598 ,

2642 3601 2693 3624 'qq-
