2872 3970
263 2667 357 2695 ὀεκρ
347 2668 384 2689 ι·.ι
394 2667 434 2688 nh>
443 2666 470 2693 11

261 2727 295 2747 ιι,
306 2700 424 2748 nurimuissi

343 2859 472 2887 Imeprs-t'n

392 2866 472 2907 homil.

263 2912 325 2933 lv.-
336 2912 395 2934 Inter
386 2913 471 2940 r.0pp

264 2938 344 2966 Chrys,

263 2860 363 2911 Μοΐὲι,

497 313 572 350 388

1025 533 1435 614 QUAEsTto
1473 491 2150 589 TRIGEsmANONA

1164 653 1247 694 DE
1280 650 1727 693 BAPTIZATIONE
1761 650 2000 694 CHRISTI

1311 767 1346 793 IN
1375 766 1473 792 OCTO
1501 765 1704 792 ARTICULOS
1735 765 1848 792 DIVISA

577 877 681 903 muniz
723 863 1048 928 considerandum
1096 869 1152 899 est
1201 861 1250 898 de
1299 859 1554 930 baptizatione

578 916 755 955 Christi*

493 972 541 1008 Et
569 970 667 1008 circa
694 971 770 1006 hoc
797 975 1036 1018 quaeruntur
1063 974 1162 1004 octo.

545 1023 695 1060 Primo:
726 1030 858 1059 utrum
886 1020 1059 1058 Christus
1087 1018 1262 1056 debuerit
1288 1017 1481 1069 baptizari.

547 1075 745 1113 Secundo:
783 1082 915 1111 utrum
952 1072 1125 1110 debuerit
1151 1071 1334 1122 baptizari
1362 1070 1554 1120 baptismo

598 1127 761 1165 Ioannis.

545 1180 698 1218 Tertio:
729 1180 776 1217 de
805 1188 979 1229 tempore
1007 1178 1197 1229 baptismi.

1304 1289 1622 1334 ARTICULUS
1655 1287 1860 1330 PRIMUS

1017 1381 1175 1413 UTRUM
1197 1381 1358 1412 FUERIT
1382 1380 1660 1412 CONVENIENS
1683 1379 1910 1411 CHRISTUM
1932 1378 2160 1410 BAPTlZAm

1113 1459 1148 1484 1v
1167 1459 1250 1489 Sent„
1270 1459 1328 1484 dist.
1347 1466 1390 1489 vu,
1410 1467 1456 1492 qu.
1474 1466 1511 1490 ux,
1531 1463 1577 1483 art.
1598 1466 1621 1490 2,
1640 1458 1690 1491 qu¹
1711 1465 1741 1489 1;
1761 1458 1791 1483 In
1811 1457 1922 1487 Matth.,
1942 1465 1998 1490 cap.
2016 1447 2072 1482 ux(

543 1593 551 1601 ,
576 1566 583 1581 ι
604 1571 659 1601 μζ
683 1562 724 1586 ι)
744 1561 878 1586 PRIMUM
907 1561 959 1586 εις
987 1559 1222 1585 Pnocssmrua.
1257 1546 1419 1584 Videtur
1449 1546 1557 1596 quod

770 1601 922 1661 ‘fuerit
950 1600 1185 1661 conveniens
1210 1599 1408 1659 Christum
1436 1599 1558 1649 bapti-

526 1689 563 1737 ’κ
580 1701 618 1733 -*
680 1715 762 1745 sto
791 1719 871 1744 non
906 1707 1087 1744 convenit
1121 1705 1245 1751 ablui,
1275 1705 1315 1742 in
1343 1717 1423 1755 quo
1452 1706 1558 1742 nulla

493 1761 563 1799 fuit
581 1760 790 1809 impuritas.
820 1761 922 1808 Ergo
949 1759 1102 1797 videtur
1125 1759 1232 1812 quod
1261 1757 1458 1796 Christum
1477 1769 1557 1795 non

495 1813 664 1852 decuerit
690 1813 882 1862 baptizari.

550 1879 584 1903 2.
614 1867 846 1912 PRAETEREA,
869 1864 1042 1902 Christus
1070 1863 1403 1901 circumcisionem
1431 1875 1558 1900 susee-

495 1919 550 1969 pit
577 1927 619 1956 ut
646 1919 820 1968 impleret
838 1919 972 1966 legem.
1003 1917 1080 1955 Sed
1098 1917 1312 1966 baptismus
1339 1928 1420 1953 non
1444 1915 1557 1965 perti-

496 1973 611 2009 nebat
639 1972 687 2008 ad
715 1973 850 2019 legem.
881 1971 982 2019 Ergo
1011 1982 1091 2006 non
1119 1970 1283 2007 debebat
1310 1969 1502 2018 baptizari.

552 2025 585 2061 3.
615 2026 846 2070 Pam-raam,
866 2023 1038 2072 primum
1057 2035 1220 2059 movens
1248 2021 1287 2059 in
1307 2021 1478 2071 quolibet
1495 2033 1557 2070 ge-

428 2086 468 2107 -21'0-
497 2089 587 2114 nere
623 2085 678 2114 est
712 2076 909 2113 immobile
945 2076 1160 2112 secundum
1195 2075 1304 2111 illum
1338 2082 1491 2111 motum
1516 2074 1555 2111 *z

365 2129 370 2137 '
431 2119 468 2160 ’νῖ
497 2131 592 2167 sicut
611 2131 772 2175 caelum,
794 2129 900 2178 quod
929 2136 983 2165 est
1001 2128 1172 2177 primum
1201 2129 1373 2174 alterans,
1394 2139 1474 2164 non
1503 2134 1559 2164 est

497 2183 699 2221 alterabile.
739 2182 815 2219 Sed
845 2181 1017 2219 Christus
1045 2188 1101 2217 est
1132 2180 1305 2230 primum
1339 2179 1556 2230 baptizans:

380 2248 405 2263 «τε
454 2247 469 2268 ¹›
497 2236 711 2273 secundum
731 2235 869 2271 illud*:
891 2236 1009 2284 Super
1029 2246 1135 2283 quem
1154 2234 1288 2272 videris
1302 2234 1478 2282 Spiritum
1497 2233 1563 2281 de·-

495 2289 726 2326 scendentem
746 2294 779 2324 et
797 2293 1018 2333 manentem,
1034 2288 1094 2324 hic
1112 2292 1162 2323 est
1181 2287 1245 2335 qui
1261 2287 1428 2336 baptizat.
1451 2286 1557 2335 Ergo

498 2341 694 2379 Christum
722 2353 802 2377 non
831 2339 958 2376 decuit
986 2338 1177 2388 baptizari.

551 2395 624 2432 SED
654 2405 798 2431 CONTRA
825 2405 890 2430 EST
909 2393 1017 2453 quod
1036 2391 1173 2429 dicitur
1191 2392 1325 2428 Matth.
1347 2403 1379 2428 111
1397 2391 1429 2438 ²¹⁸,
1449 2391 1558 2440 quod

496 2449 594 2486 venit
619 2449 722 2484 Iesus
749 2459 773 2483 a
796 2446 964 2484 Galilaea
992 2447 1029 2482 in
1054 2445 1256 2482 Iordanem
1285 2444 1335 2482 ad
1359 2445 1556 2491 Ioannem,
1575 2464 1577 2466 ·

498 2507 535 2537 ut
562 2502 807 2550 baptizaretur
833 2501 880 2536 ab
908 2511 962 2536 eo.

550 2554 774 2590 RESPONDEO
789 2564 970 2589 DICENDUM
989 2551 1096 2600 quod
1118 2550 1352 2588 conveniens
1365 2549 1434 2588 suit
1449 2549 1557 2587 Chri-

499 2614 600 2642 stum
628 2604 819 2654 baptizari.
849 2604 979 2641 Primo
1009 2603 1164 2653 quidem
1196 2603 1298 2653 quia,
1323 2611 1366 2640 ut
1393 2603 1557 2640 Ambro-

452 2700 462 2715 s
499 2659 576 2695 sius
604 2657 704 2704 dicit,
730 2670 841 2707 super
868 2659 957 2694 Luc.
978 2657 1015 2703 *,
1045 2659 1244 2706 baptizatus
1276 2662 1326 2693 est
1352 2657 1555 2702 Dominus,

465 2709 470 2715 ’
499 2725 573 2749 non
593 2711 769 2748 mundari
794 2710 931 2756 volem,
950 2710 1015 2747 sed
1031 2710 1215 2747 mundare
1237 2722 1364 2759 aquas,
1385 2715 1434 2756 ut,
1455 2709 1557 2746 ablu-

498 2771 557 2802 tae
584 2776 656 2813 per
692 2776 843 2800 carnem
876 2764 1028 2809 Christi,
1057 2775 1151 2812 quae
1171 2768 1367 2812 peccatum
1396 2775 1470 2799 non
1500 2774 1557 2799 co-

498 2819 637 2867 gnovit,
658 2818 882 2866 baptismatis
908 2817 982 2854 vim
1011 2817 1207 2853 haherent.-
1234 2823 1270 2852 et
1297 2821 1335 2852 ut
1352 2817 1558 2863 sanctifica-

499 2876 553 2907 tas
568 2875 584 2891 α
599 2871 819 2919 relinqueret
828 2869 1063 2918 postmodum
1078 2869 1314 2918 baptizandis,
1327 2868 1422 2905 sicut
1437 2868 1558 2918 Chry-

501 2931 694 2959 sostomus
722 2922 810 2959 dicit
829 2922 859 2958 ³¹².

555 3054 581 3088 α)
600 3055 787 3087 sanctificatas.
806 3069 823 3074 —
841 3062 924 3088 aquas
944 3055 1040 3080 addunt
1058 3055 1079 3079 E
1099 3060 1124 3080 et
1142 3055 1223 3080 tertia.

1171 3133 1505 3167 Commentaria.
1527 3132 1779 3166 cardinalis
1801 3132 2003 3166 Caietam

505 3221 668 3283 Taunus
700 3212 810 3243 clarus.
835 3230 857 3234 —
887 3213 921 3243 In
946 3222 1080 3253 corpore
1113 3213 1207 3243 unica
1235 3213 1420 3244 conclusio.
1451 3213 1653 3244 Conveniens
1677 3213 1752 3255 suit
1777 3213 1938 3244 Christum
1965 3212 2133 3257 baptizari.
2168 3212 2325 3244 Probatur
2351 3212 2524 3254 tripliciter.
2564 3216 2579 3239 ⁸

563 3261 635 3286 sunt
659 3256 750 3285 clara.

1164 308 1427 356 QUAESTIO
1456 307 1635 350 XXXIX,
1665 302 1957 344 ARTICULUS
1983 304 2000 343 Ι
2027 307 2029 310 ⁴

1599 2286 1689 2336 'ipse
1715 2286 1881 2342 incipias,
1901 2291 1935 2323 et
1961 2291 2023 2322 tuo
2050 2285 2143 2323 alios
2169 2286 2326 2323 horteris
2352 2262 2541 2338 exemplo}
2570 2292 2572 2296 '

1664 859 1833 906 Quarto:
1863 859 1912 897 de
1939 861 2038 898 loco.
2369 870 2371 873 ·
2569 876 2571 881 ¹

1663 911 1831 960 Quinto:
1861 913 1909 950 de
1937 913 2014 950 hoc
2041 913 2149 963 quod
2177 920 2266 958 sunt
2292 910 2345 951 ei
2355 908 2470 969 ςᾷςῖἷ
2456 906 2549 975 αρε
2655 935 2678 954 :1

1664 965 1797 1004 Sexto:
1827 964 1875 1003 de
1905 963 2048 1015 Spiritu
2076 965 2217 1005 Sancto
2244 970 2467 1016 apparente
2479 977 2558 1014 m
2597 966 2600 969 ’
2615 969 2628 975 ’
2653 963 2658 968 ”

1716 1017 1932 1055 columbae.

1664 1069 1858 1121 Septimo:
1897 1078 2030 1108 utrum
2066 1070 2128 1109 illa
2169 1071 2351 1110 columba
2385 1069 2499 1111 suerit
2533 1083 2574 1111 v

1717 1123 1870 1162 animal.

1665 1177 1832 1215 Octavo:
1863 1176 1911 1214 de
1939 1188 2036 1214 voce
2064 1177 2212 1228 paterni
2238 1176 2455 1215 testimonii.

1665 1546 1867 1593 Secundo,
1915 1545 2012 1583 sieut
2058 1545 2360 1596 Chrysostomus
2404 1545 2515 1596 dicit,
2624 1590 2633 1596 Π

1610 1601 1744 1637 Matth.
1765 1598 1795 1646 ³¹⁸,
1817 1600 1984 1649 quamvis
2015 1599 2179 1636 Christus
2201 1610 2276 1636 non
2312 1604 2402 1636 esset
2412 1575 2591 1653 peccauit·

1610 1664 1695 1689 men
1725 1657 1899 1689 naturam
1921 1653 2076 1702 suscepit
2087 1653 2348 1702 peccatricem,
2368 1657 2403 1689 et
2430 1666 2451 1687 ‹
2538 1652 2559 1681 ι’

1612 1717 1696 1742 nem
1724 1706 1848 1742 carnis
1860 1706 2008 1755 peccati
2027 1719 2059 1742 ».
2087 1705 2304 1766 Propterea,
2323 1705 2390 1742 etsi
2403 1716 2480 1755 pro
2500 1701 2574 1744 se'
2589 1726 2623 1737 ι-

1610 1763 1726 1796 smate
1754 1770 1828 1795 non
1857 1757 2062 1808 indigebat,
2091 1763 2214 1795 tamen
2243 1759 2280 1795 in
2309 1757 2392 1795 aliis
2417 1757 2622 1797 carnal&

1611 1817 1696 1848 tura
1723 1823 1815 1860 opus
1841 1811 2008 1848 habebat.
2037 1810 2097 1858 Et,
2117 1809 2215 1847 sicut
2233 1809 2442 1859 Gregorius
2467 1809 2547 1848 N
2517 1828 2590 1843 ιιιιιι
2586 1804 2635 1843 ἶΔ

1611 1875 1685 1900 nus
1713 1862 1802 1900 dicit
1814 1863 1839 1885 '¹‘
1841 1865 2069 1913 ‚baptizatus
2097 1869 2147 1900 est
2167 1863 2343 1900 Christus
2369 1869 2409 1900 ut
2437 1866 2569 1903 totum

1612 1927 1748 1953 ranum
1775 1916 1899 1953 Adam
1926 1917 2127 1965 immergat
2152 1927 2282 1966 aquae.
2551 1933 2553 1935 ·

1664 1967 1808 2015 Tertio,
1828 1968 2010 2018 baptizari
2032 1967 2165 2015 voluit,
2186 1967 2283 2005 sicut
2306 1960 2561 2020 Augustinus
2567 1959 2688 2020 fflt,
2703 1978 2707 1986 “

1611 2021 1651 2058 in
1689 2022 1877 2059 Sermone
1905 2021 1950 2058 de
1976 2022 2188 2071 Epiphania
2215 2020 2254 2068 ³¹⁸,
2284 2023 2370 2072 quia
2402 2020 2528 2061 voluit
2533 2014 2675 2076 finem
2708 2015 2717 2052 ³-

1613 2075 1711 2123 quod
1732 2074 1955 2122 faciendum
1989 2075 2159 2111 omnihus
2194 2075 2398 2124 imperavit.
2440 2075 2509 2114 Et
2509 2071 2643 2125 1103*-¹
2651 2086 2701 2118 ,ί-

1612 2126 1719 2176 quod
1747 2126 1827 2176 ipse
1847 2126 1956 2164 dicit:
1986 2128 2047 2164 Sic
2073 2127 2174 2164 decet
2201 2139 2268 2164 nos
2294 2127 2499 2178 adimplere
2523 2129 2587 2167 om

1612 2181 1783 2217 iustitiam
1796 2178 1827 2216 ³².
1848 2180 1898 2217 Ut
1912 2178 2016 2216 enirn
2031 2179 2260 2216 Ambrosius
2274 2179 2375 2228 dicit,
2388 2191 2502 2231 supet
2548 2183 2550 2188 ’
2570 2185 2574 2191 ’

1611 2233 1704 2271 haec
1717 2237 1768 2270 est
1783 2233 1930 2294 iustitia,
1946 2238 1984 2269 ut
2002 2232 2102 2282 quod
2113 2232 2269 2270 alterum
2277 2233 2416 2281 facere
2426 2232 2533 2285 velis,
2566 2276 2571 2283 ..

1664 2339 1723 2375 AD
1751 2349 1886 2376 vamum
1914 2350 2012 2375 ERGO
2040 2350 2222 2376 memnon
2249 2331 2358 2388 quod
2393 2338 2453 2377 Ch
2474 2337 2485 2349 “

1611 2390 1680 2428 fuit
1707 2391 1918 2440 baptizatus
1946 2398 1988 2428 ut
2013 2391 2240 2439 ablueretur,
2261 2391 2329 2430 sed
2355 2399 2399 2430 ut
2424 2390 2506 2430 ab

1612 2451 1676 2481 cut
1704 2443 1850 2481 dictum
1878 2451 1933 2481 est
1950 2443 1981 2480 ²¹³.

1665 2498 1722 2534 AD
1746 2509 1935 2535 SECUNDUM
1960 2508 2142 2534 DICENDUM
2167 2497 2274 2547 quod
2303 2496 2477 2535 Christus

1612 2551 1694 2587 lum
1723 2550 1886 2587 debebat
1912 2549 2072 2599 implere
2100 2562 2146 2587 ea
2172 2561 2272 2600 quae
2291 2557 2381 2588 sunt
2406 2549 2498 2600 legis

1613 2603 1680 2639 sed
1708 2602 1822 2639 etiam
1842 2602 2023 2640 inchoare
2051 2614 2214 2653 eaquae
2236 2611 2325 2640 sunt
2350 2606 2488 2642 novae.

1612 2668 1692 2692 non
1712 2657 1839 2693 solum
1857 2655 1980 2693 voluit
1997 2655 2230 2702 circumcidi,
2251 2656 2319 2693 sed
2338 2656 2453 2694 etiam
2488 2674 2573 2689 ιιι

1666 2710 1722 2745 An
1736 2721 1895 2746 TERTIUM
1914 2720 2095 2746 meramnum
2114 2708 2222 2758 quod
2237 2709 2410 2747 Christus
2428 2716 2484 2747 est
2499 2685 2643 2778 ’ἐμὼ

1612 2761 1807 2811 baptizans
1826 2761 2076 2811 spiritualiter.
2106 2762 2154 2799 Et
2181 2761 2235 2800 sic
2252 2773 2333 2800 non
2361 2769 2418 2800 est
2441 2762 2511 2800 b·
2588 2775 2590 2779 ·

1613 2815 1680 2852 sed
1708 2815 1835 2852 solum
1863 2814 1902 2851 in
1930 2827 2042 2864 aqua.

1668 3053 1693 3089 β)
1708 3055 1795 3087 prius.
1813 3069 1833 3075 —
1847 3055 1927 3088 prior
1944 3055 2024 3081 tertia.
