2872 3970
389 247 436 284 36

1109 241 1371 289 QUAEsrio
1401 242 1450 289 11,
1480 241 1773 280 ARTICULUS
1801 242 1851 279 v1

1196 375 1514 418 ARTICULUS
1544 375 1753 418 SEXTUS

680 470 836 501 UTRUM
860 470 1051 501 HUMANA
1074 469 1256 501 NATURA
1279 468 1439 499 FUERIT
1463 468 1601 500 UNlTA
1623 468 1769 500 VERBo
1793 469 1866 500 DEI
1889 469 2279 502 ACCIDENTALITER

669 549 700 574 111
721 549 807 578 Sunt..
829 549 887 574 dist.
906 556 940 579 vi,
960 556 1004 581 qu.
1024 555 1061 577 111,
1080 552 1127 573 art.
1147 555 1177 578 2;
1197 547 1230 572 1v
1252 547 1328 572 Cont.
1349 547 1437 576 Geni„
1456 553 1511 580 cap.
1530 554 1611 577 xxxw,
1630 554 1724 578 xxxvn,
1742 555 1792 578 ιιι,
1809 555 1881 579 xum
1902 549 1944 574 De
1965 549 2066 574 Unione
2086 549 2175 579 Verbi,
2190 554 2237 575 art.
2258 555 2287 580 ις

748 584 891 616 Compend.
915 583 1012 613 leeol„
1032 591 1087 616 cap.
1107 590 1179 613 ceni,
1199 590 1267 613 cmx,
1285 589 1350 612 σου
1369 582 1414 606 Ad
1431 582 1518 611 Rom„
1539 589 1594 614 cap.
1613 589 1630 612 ι,
1651 583 1708 608 lect.
1726 590 1759 614 ¹13
1775 583 1822 609 Aa
1840 584 1964 617 Philipp„
1984 592 2039 617 cap,
2057 591 2085 615 u,
2105 585 2162 610 lect.
2181 592 2208 610 u.

144 831 153 840 ⁸
168 830 234 851 Vers.
251 836 270 857 7.

383 880 550 915 inventus
578 882 628 913 est
656 882 694 912 ut
720 877 843 912 homo.
879 874 955 911 Sed
983 873 1136 910 habitus
1171 872 1450 910 accidentaliter

383 930 537 967 advenit
557 929 589 965 ei
609 928 718 965 cuius
739 935 812 964 est:
837 927 917 963 sive
937 925 1144 975 accipiatur
1163 925 1315 962 habitus
1334 934 1450 974 prout

242 997 257 1012 α
382 991 437 1020 est
464 994 590 1019 unum
618 981 665 1018 de
690 981 823 1017 decem
854 979 1058 1027 generibus
1078 984 1114 1025 ‘²;
1143 977 1223 1015 sive
1251 986 1367 1027 prout
1395 986 1450 1015 est

381 1035 526 1084 species
555 1033 753 1083 qualitatis.
784 1033 885 1080 Ergo
915 1033 1088 1069 humana
1116 1039 1251 1068 natura
1279 1031 1449 1068 acciden-

380 1088 500 1124 taliter
528 1086 631 1123 unita
663 1094 717 1122 est
745 1085 842 1122 Filio
871 1085 954 1122 Dei.

435 1153 469 1176 2.
501 1141 733 1185 PRAETEREA,
758 1149 875 1175 omne
904 1138 1011 1187 quod
1040 1137 1195 1175 advenit
1222 1137 1334 1174 alicui
1363 1145 1450 1187 post

381 1206 462 1230 esse
491 1194 749 1241 completum,
780 1191 935 1228 advenit
967 1190 1001 1228 ei
1037 1190 1334 1228 accidentaliter:
1374 1191 1450 1227 hoc

381 1246 484 1283 enim
513 1246 677 1282 dicimus
697 1244 874 1281 accidens
902 1244 1009 1293 quod
1038 1251 1163 1293 potest
1191 1243 1302 1280 alicui
1331 1251 1367 1280 et
1386 1244 1449 1280 ad-

381 1312 462 1336 esse
483 1307 519 1336 et
537 1299 669 1335 abesse
688 1305 838 1347 praeter
864 1296 1021 1334 subiecti
1041 1296 1340 1346 corruptionem.
1372 1296 1447 1333 Sed

380 1360 516 1389 natura
553 1353 725 1388 humana
762 1349 917 1387 advenit
946 1362 991 1387 ex
1029 1357 1204 1398 tempore
1242 1349 1338 1386 Filio
1376 1349 1448 1386 Dei

380 1405 535 1442 habenti
556 1417 637 1441 esse
666 1403 877 1453 perfectum
906 1402 954 1439 ab
974 1410 1141 1439 aeterno.
1173 1403 1274 1450 Ergo
1294 1401 1449 1439 advenit

380 1458 414 1495 ei
442 1456 731 1495 accidentaliter.

436 1512 468 1547 3.
499 1512 732 1555 PRAETEREA,
754 1508 943 1558 quidquid
973 1520 1053 1544 non
1072 1507 1235 1556 pertinet
1263 1508 1311 1545 ad
1340 1515 1447 1544 natu-

380 1576 462 1600 ram
491 1576 559 1600 seu
579 1561 784 1600 essentiam
803 1561 962 1598 alicuius
983 1560 1047 1607 rei,
1069 1568 1124 1597 est
1147 1560 1324 1597 accidens
1344 1560 1445 1598 eius:

379 1617 471 1666 quia
498 1628 617 1653 omne
645 1615 752 1664 quod
781 1622 836 1651 est
863 1615 925 1650 vel
954 1621 1009 1650 est
1044 1613 1271 1660 substantia,
1302 1614 1365 1651 vel
1394 1621 1448 1650 est

379 1669 568 1707 accidens.
609 1668 685 1705 Sed
721 1669 894 1704 humana
929 1674 1065 1703 natura
1100 1678 1180 1703 non
1208 1667 1370 1715 pertinet
1398 1666 1447 1703 ad

379 1722 583 1760 essentiam
611 1722 673 1758 vel
701 1727 878 1757 naturam
913 1719 998 1756 Filii
1026 1718 1098 1756 Dei
1126 1719 1319 1756 divinam:
1356 1719 1447 1768 quia

379 1787 460 1812 non
489 1782 544 1811 est
571 1774 666 1811 facta
695 1773 788 1810 unio
818 1772 857 1809 in
885 1780 1031 1816 natura,
1053 1780 1094 1808 ut
1123 1784 1239 1821 supra
1257 1772 1277 1794 '¹‘
1301 1772 1447 1809 dictum

380 1836 446 1865 est.
477 1829 579 1875 Ergo
609 1834 760 1876 oportet
779 1826 886 1874 quod
915 1833 1051 1862 natura
1075 1826 1248 1862 humana
1276 1824 1447 1863 acciden-

379 1881 501 1918 taliter
528 1879 624 1917 Filio
654 1879 725 1916 Dei
754 1878 961 1915 advenerit.

433 1946 469 1981 4.
500 1935 731 1978 PRAETEREA,
753 1932 1050 1968 instrumentum
1079 1930 1358 1968 accidentaliter
1385 1931 1447 1967 ad-

380 1986 496 2024 venit.
528 1986 604 2023 Sed
634 1992 769 2021 natura
798 1985 970 2021 humana
1004 1983 1042 2020 in
1073 1983 1226 2020 Christo
1259 1983 1327 2020 fuit
1355 1983 1447 2020 divi-

380 2039 505 2076 nitatis
541 2039 861 2076 instrumentum:
899 2036 988 2078 dicit
1022 2036 1126 2074 enim
1161 2037 1447 2084 Damascenus,

141 2099 352 2147 '’g''elfffdgaOrg'g·
381 2094 420 2130 in
449 2094 493 2129 III
523 2092 619 2128 libro
639 2091 669 2138 ’ἢ
690 2090 797 2140 quod
817 2103 908 2128 caro
938 2091 1074 2127 Christi
1095 2091 1378 2126 instrumentum
1398 2090 1448 2127 di-

150 2132 181 2147 ¹⁵
231 2142 236 2152 '
281 2131 302 2152 μ’
347 2141 352 2146 ’
380 2147 538 2183 vinitatis
566 2146 695 2181 existit.
730 2144 831 2191 Ergo
859 2143 1011 2180 videtur
1038 2143 1145 2191 quod
1183 2143 1356 2179 humana
1385 2155 1448 2180 na-

380 2208 465 2236 tura
492 2198 603 2235 fuerit
632 2197 727 2234 Filio
756 2196 828 2233 Dei
857 2196 962 2232 unita
990 2195 1279 2233 accidentaliter.

434 2253 507 2289 SED
537 2262 682 2288 CONTRA
702 2262 767 2286 EST
795 2249 902 2298 quod
922 2249 1014 2285 illud
1043 2249 1151 2298 quod
1170 2248 1450 2286 accidentaliter

380 2304 630 2355 praedicatur,
651 2315 732 2340 non
751 2301 944 2351 praedicat
971 2302 1113 2351 aliquid
1130 2300 1155 2349 β,
1177 2302 1243 2339 sed
1270 2308 1449 2352 quantum

380 2359 442 2396 vel
475 2357 583 2407 quale
611 2357 672 2392 vel
699 2356 824 2405 aliquo
859 2355 971 2392 modo
1002 2367 1042 2392 se
1068 2356 1218 2392 hahens.
1263 2355 1304 2393 Si
1338 2354 1450 2403 igitur

380 2413 554 2448 humana
581 2417 718 2446 natura
746 2407 1025 2445 accidentaliter
1047 2407 1255 2455 adveniret,
1277 2420 1367 2445 cum
1396 2409 1450 2445 di-

242 2472 256 2496 Υ
381 2464 477 2501 citur
497 2462 670 2499 Christus
690 2474 772 2498 esse
791 2466 807 2489 Υ
831 2462 965 2508 homo,
986 2473 1067 2498 non
1085 2461 1370 2510 praedicaretur
1388 2461 1450 2498 ali-

383 2517 495 2566 quid,
523 2516 590 2553 sed
619 2516 731 2564 quale
760 2522 826 2551 aut
854 2522 1044 2563 quantum
1077 2522 1143 2551 aut
1170 2514 1299 2563 aliquo
1328 2515 1449 2552 modo

382 2584 421 2607 se
450 2569 608 2606 habens.
639 2568 759 2614 Quod
788 2575 842 2604 est
870 2574 1001 2604 contra
1034 2567 1262 2604 decretalem
1290 2569 1450 2605 Alexan-

382 2623 439 2661 dri
467 2625 594 2671 Papae
614 2621 633 2643 *
661 2620 818 2657 dicentis
837 2620 894 2657 *²¹⁸2
935 2622 1030 2657 Cum
1063 2621 1227 2657 Christus
1253 2622 1298 2657 sit
1326 2622 1449 2670 perfe-

139 1784 148 1793 ⁴
163 1783 214 1804 Art.
233 1790 238 1804 ι

147 2633 156 2643 ·
170 2632 250 2654 Tertii.

147 2661 167 2670 ’⁸
173 2658 278 2680 Remensi
285 2658 354 2679 Arch.

148 2697 157 2701 -
170 2685 279 2731 ef2⁸cax>3
293 2684 355 2732 gum
382 2683 458 2714 ctus
476 2677 578 2712 Deus
605 2681 638 2711 et
651 2675 839 2723 perfectus
857 2675 982 2719 homo,
1003 2686 1076 2722 qua
1094 2675 1297 2710 temeritate
1315 2675 1451 2711 audent

147 2712 260 2759 gisum&
280 2717 292 2732 e
317 2716 355 2731 ae*
384 2730 531 2780 quidam
561 2729 684 2765 dicere
711 2727 811 2776 quod
839 2727 1015 2773 Christus,
1044 2727 1245 2764 secundum
1275 2728 1375 2777 quod
1401 2734 1451 2764 est

383 2785 507 2828 homo,
528 2794 602 2818 non
632 2786 682 2817 est
710 2780 880 2830 aliquid?

437 2837 660 2873 RESPONDEO
689 2845 871 2870 DICENDUM
900 2833 1018 2882 quod,
1039 2833 1087 2870 ad
1117 2833 1232 2870 huius
1260 2833 1449 2882 quaestio-

385 2889 443 2926 nis
471 2887 713 2933 evidentiam,
735 2886 936 2924 sciendum
966 2894 1020 2923 est
1048 2887 1155 2936 quod
1184 2886 1284 2924 circa
1311 2894 1449 2936 myste-

386 2942 486 2978 rium
505 2940 659 2977 unionis
687 2940 854 2976 duarum
874 2948 1099 2976 naturarum
1127 2940 1166 2976 in
1196 2939 1359 2987 Christo,
1380 2940 1449 2977 du-

384 2996 471 3045 plex
499 2993 665 3030 haeresis
685 2993 896 3030 insurrexit.
927 2994 1012 3030 Una
1032 2993 1190 3042 quidem
1213 2993 1449 3030 confunden-

384 3048 481 3084 tium
510 3054 682 3083 naturas:
713 3045 809 3082 sicut
843 3045 1066 3095 Eutychetis
1095 3054 1130 3083 et
1157 3045 1351 3093 Dioscori,
1381 3046 1449 3096 qui

385 3106 597 3149 posuerunt
625 3099 731 3147 quod
751 3111 797 3135 ex
825 3099 977 3135 duabus
996 3099 1140 3136 naturis
1164 3107 1219 3136 est
1245 3099 1449 3137 constituta

386 3165 463 3191 una
490 3159 647 3196 natura;
675 3151 725 3187 ita
753 3151 859 3199 quod
888 3151 1118 3188 confitentur
1142 3152 1338 3189 Christum
1365 3164 1448 3189 esse

385 3219 435 3243 ex
453 3205 593 3242 duabus
613 3205 763 3249 naturis,
785 3203 893 3252 quasi
921 3211 1007 3240 ante
1033 3204 1220 3242 unionem
1246 3205 1447 3252 distinctis;

388 3271 465 3295 non
502 3264 630 3294 autem
659 3258 696 3292 in
726 3256 867 3292 duabus
895 3259 1054 3303 naturis,
1082 3258 1190 3306 quasi
1225 3266 1312 3307 post
1339 3258 1448 3295 unio-

388 3323 478 3349 nem
507 3317 730 3346 naturarum
759 3308 998 3345 distinctione
1027 3318 1207 3348 cessante.

611 829 624 843 ’
653 823 752 872 ilipp.
773 834 794 859 11
814 822 844 869 ²¹³,
865 821 913 859 de
942 821 1038 858 Filio
1068 820 1158 867 Dei,
1188 820 1295 869 quod
1324 821 1473 862 habitu,

1557 661 1641 699 Alia
1673 675 1767 700 vero
1805 663 1874 701 fuit
1901 664 2068 702 haeresis
2104 666 2271 703 Nestorii
2308 673 2344 704 et
2370 665 2571 704 Theodori

1504 715 1770 764 Mopsuesteni
1816 717 2077 767 separantium
2113 730 2308 767 personas.
2353 720 2572 757 Posuerunt

1505 767 1609 804 enim
1638 768 1752 805 aliam
1782 781 1863 806 esse
1891 781 2096 818 personam
2127 770 2210 808 Filii
2237 771 2321 819 Dei,
2345 779 2381 808 et
2407 771 2476 810 filii
2503 773 2571 810 ho-

1504 819 1630 857 minis.
1662 821 1771 868 Quas
1807 821 1984 859 dicebant
2020 822 2091 860 sibi
2119 823 2286 861 invicem
2314 837 2396 862 esse
2424 824 2569 870 unitas,

1503 873 1632 923 primo
1680 873 1859 922 quidem,
1902 876 2103 912 secundum
2151 878 2475 915 inhabitationem:
2518 877 2571 914 in-

1504 933 1694 975 quantum
1733 926 1872 964 scilicet
1899 927 2074 965 Verbum
2110 929 2183 966 Dei
2212 929 2394 967 habitavit
2430 930 2470 967 in
2507 929 2570 968 illo

1504 979 1664 1016 homine
1691 979 1788 1016 sicut
1806 979 1845 1016 in
1865 982 2022 1030 templo.
2046 981 2239 1029 Secundo,
2265 983 2466 1020 secundum
2493 985 2570 1021 uni-

1503 1037 1613 1069 tatem
1642 1031 1816 1081 affectus:
1843 1033 2075 1082 inquantum
2102 1033 2241 1072 scilicet
2267 1037 2446 1073 voluntas
2472 1035 2571 1074 illius

1504 1084 1674 1122 hominis
1711 1092 1766 1122 est
1804 1098 1958 1135 semper
1993 1086 2203 1124 conformis
2237 1087 2426 1125 voluntati
2452 1089 2525 1127 Dei
2544 1087 2568 1126 ⁶.

1503 1137 1635 1174 Tertio
1664 1138 1797 1185 modo,
1826 1139 2027 1176 secundum
2055 1142 2331 1189 operativum:
2357 1149 2472 1190 prout
2505 1141 2571 1179 sci-

1503 1190 1588 1227 licet
1615 1190 1793 1228 dicebant
1820 1191 2023 1229 hominem
2043 1192 2151 1230 illurn
2179 1205 2261 1231 esse
2290 1193 2362 1231 Dei
2381 1193 2498 1231 Verbi
2518 1194 2571 1231 in-

1502 1251 1773 1281 strumentum.
1824 1245 1991 1291 Quarto,
2020 1246 2222 1282 secundum
2259 1246 2475 1297 dignitatem
2508 1249 2570 1284 ho-

1504 1298 1626 1334 noris.-
1662 1305 1778 1346 prout
1806 1297 1933 1334 omnis
1971 1299 2099 1335 honor
2135 1298 2202 1348 qui
2236 1299 2438 1337 exhibetur
2474 1299 2571 1337 Filio

1503 1349 1585 1395 Dei,
1607 1349 1810 1387 exhibetur
1828 1355 1840 1371 ⁸
1859 1350 1940 1387 filio
1960 1351 2140 1395 hominis,
2161 1359 2319 1401 propter
2337 1352 2571 1390 coniunctio-

1503 1414 1594 1439 nem
1621 1403 1670 1439 ad
1699 1402 1840 1440 Filium
1866 1403 1949 1440 Dei.
1985 1403 2144 1451 Quinto,
2170 1405 2372 1442 secundum
2402 1408 2571 1456 aequivo-

1502 1457 1697 1502 cationem,
1718 1455 1815 1492 idest
1838 1457 2054 1494 secundum
2081 1457 2478 1496 communicationem
2504 1471 2571 1497 no-

1502 1507 1676 1545 minum:
1715 1516 1830 1557 prout
1867 1508 2005 1546 scilicet
2033 1509 2197 1547 dicimus
2225 1510 2333 1548 illum
2368 1511 2571 1550 hominem

1503 1573 1586 1598 esse
1605 1561 1735 1598 Deum
1764 1569 1800 1597 et
1819 1561 1959 1598 Filium
1979 1561 2062 1599 Dei.
2092 1562 2340 1600 Manifestum
2359 1572 2414 1601 est
2441 1572 2572 1602 autem

1503 1625 1640 1650 ornnes
1677 1613 1768 1650 istos
1796 1614 1937 1651 modos
1972 1614 2246 1653 accidentalem
2280 1615 2468 1654 unionem
2503 1617 2572 1654 im-

1501 1674 1665 1716 portare.

1557 1719 1729 1767 Quidam
1762 1727 1890 1757 autem
1924 1720 2154 1770 posteriores
2182 1721 2366 1771 magistri,
2396 1729 2573 1772 putantes

1502 1785 1542 1809 se
1572 1773 1641 1809 has
1669 1773 1847 1811 haereses
1865 1773 2068 1818 declinare,
2088 1773 2127 1811 in
2147 1787 2211 1812 eas
2229 1787 2299 1824 per
2317 1774 2572 1824 ignorantiam

1502 1825 1729 1862 inciderunt.
1760 1825 1933 1872 Quidam
1954 1826 1973 1847 *
2001 1826 2106 1863 enim
2135 1839 2272 1864 eorum
2300 1837 2573 1866 concesserunt

1502 1890 1624 1915 unam
1654 1877 1793 1915 Christi
1812 1890 2031 1928 personam,
2053 1880 2119 1916 sed
2139 1889 2354 1929 posuerunt
2379 1881 2477 1918 duas
2504 1883 2572 1933 hy-

1502 1938 1685 1980 postaseS,
1706 1931 1786 1969 sive
1815 1931 1894 1968 duo
1922 1932 2141 1982 supposita;
2171 1932 2340 1970 dicentes
2369 1934 2571 1973 hominem

1503 1985 1721 2034 quendam,
1751 1984 2012 2034 compositum
2041 1998 2087 2022 ex
2115 1985 2245 2023 anima
2273 1993 2310 2024 et
2336 1998 2519 2036 corpore,
2548 2001 2571 2026 a

1502 2037 1692 2086 principio
1730 2049 1822 2074 suae
1859 2037 2123 2087 conceptionis
2157 2051 2239 2076 esse
2277 2048 2521 2090 assumptum
2549 2053 2572 2079 a

1502 2090 1575 2127 Dei
1603 2089 1746 2127 Verbo.
1775 2091 1824 2127 Et
1843 2090 1939 2127 haec
1966 2098 2022 2127 est
2049 2091 2182 2140 prima
2194 2091 2327 2141 opinio
2351 2105 2472 2142 quam
2489 2094 2571 2132 Ma-

1502 2142 1615 2191 gister
1633 2142 1742 2192 ponit
1766 2143 1806 2180 in
1825 2150 1929 2180 sexta
1954 2143 2194 2182 distinctione
2213 2145 2333 2182 Tertii
2351 2145 2457 2183 Libri
2485 2148 2572 2184 Sen-

1502 2198 1713 2233 tentiarum.
1729 2218 1754 2222 -
1775 2196 1850 2233 Alii
1876 2208 1981 2244 vero,
2008 2198 2181 2234 volentes
2208 2209 2360 2235 servare
2385 2198 2572 2238 unitatem

1502 2261 1711 2299 personae,
1740 2256 1954 2298 posuerunt
1993 2249 2132 2287 Christi
2163 2250 2333 2288 animam
2371 2263 2453 2291 non
2489 2264 2571 2292 esse

1503 2301 1657 2351 corpori
1685 2301 1845 2349 unitam,
1866 2302 1934 2339 sed
1962 2303 2059 2340 haec
2086 2303 2179 2350 duo,
2199 2311 2373 2353 separata
2399 2305 2449 2342 ab
2476 2305 2571 2344 invi·

1503 2368 1600 2402 cem,
1622 2367 1704 2392 esse
1728 2355 1835 2392 unita
1862 2355 1992 2392 Verbo
2011 2355 2310 2394 accidentaliter:
2338 2364 2382 2394 ut
2409 2358 2464 2395 sic
2489 2370 2571 2397 non

1503 2415 1688 2446 cresceret
1706 2420 1894 2445 numerus
1912 2420 2179 2457 personarum.
2209 2410 2258 2446 Et
2276 2410 2372 2448 haec
2390 2418 2446 2448 est
2463 2411 2571 2449 tertia

1504 2461 1638 2511 opinio
1667 2473 1787 2510 quam
1814 2461 1996 2509 Magister
2021 2460 2167 2499 ibidem
2194 2462 2314 2511 ponit.

1557 2515 1727 2564 Utraque
1764 2521 1894 2551 autem
1929 2515 2067 2551 harum
2106 2514 2338 2564 opinionum
2373 2515 2504 2555 incidit
2530 2516 2571 2557 in

1504 2567 1694 2604 haeresim
1713 2566 1882 2604 Nestorii
1890 2566 1921 2603 ⁹⁸.
1946 2566 2076 2605 Prima
2095 2567 2266 2617 quidem,
2282 2564 2374 2618 q'uia
2392 2569 2497 2610 idem
2516 2579 2573 2610 est

1503 2633 1650 2670 ponere
1686 2621 1783 2657 duas
1819 2621 2046 2669 hypostases
2080 2622 2142 2658 vel
2177 2622 2258 2659 duo
2296 2623 2495 2672 supposita
2530 2623 2570 2662 in

1505 2674 1669 2720 Christo,
1690 2673 1797 2722 quod
1825 2684 1970 2722 ponere
1998 2673 2095 2710 duas
2122 2686 2319 2723 personas,
2346 2683 2389 2712 ut
2415 2686 2533 2728 supra
2549 2677 2571 2700 *²

1504 2727 1651 2764 dictum
1672 2733 1738 2764 est.
1760 2727 1808 2763 Et
1827 2726 1858 2763 si
1877 2726 1943 2763 fiat
1961 2725 2019 2763 vis
2038 2726 2078 2764 in
2097 2727 2256 2766 nomine
2270 2741 2469 2778 personae,
2480 2739 2569 2768 con-

1504 2780 1754 2818 siderandum
1786 2786 1842 2816 est
1869 2779 1976 2829 quod
2014 2779 2129 2817 etiam
2156 2781 2359 2819 Nestorius
2393 2782 2571 2822 utebatur

1503 2833 1647 2871 unitate
1674 2844 1879 2882 personae,
1908 2840 2065 2881 propter
2092 2833 2278 2872 unitatem
2311 2834 2500 2884 dignitatis
2533 2843 2571 2875 ejt

1503 2885 1673 2924 honoris.
1704 2885 1815 2922 Unde
1836 2893 1872 2922 et
1891 2885 2063 2932 Quinta‘
2091 2886 2273 2936 Synodus
2291 2887 2312 2910 ³⁸
2328 2887 2464 2925 definit
2479 2900 2568 2926 ana-

1501 2941 1633 2976 thema
1657 2951 1748 2976 eum
1777 2938 1844 2987 qui
1872 2938 1961 2975 dicit
1989 2951 2104 2976 unam
2126 2952 2331 2990 personam
2365 2941 2568 2991 secundum

1502 2993 1729 3044 dignitatem,
1757 2993 1937 3028 honorem
1966 2997 2000 3028 et
2026 2992 2304 3040 adorationem,
2331 2994 2424 3031 sicut
2452 2994 2490 3032 T
2484 2994 2568 3032 heo·

1503 3046 1615 3083 dorus
1634 3051 1667 3082 et
1680 3045 1875 3082 Nestorius
1894 3045 2114 3083 insanientes
2132 3046 2568 3096 conscripserunt—Alia

1502 3111 1596 3136 vero
1625 3097 1758 3147 opinio
1777 3097 1908 3135 incidit
1935 3097 1975 3135 in
2003 3110 2173 3136 errorem
2191 3097 2359 3138 Nestorii
2377 3107 2567 3148 quantum

1503 3152 1552 3189 ad
1571 3152 1658 3197 hoc,
1679 3151 1787 3200 quod
1806 3150 1936 3200 posuit
1954 3150 2141 3188 unionem
2159 3150 2443 3189 accidentalem.
2473 3153 2567 3190 Non

1503 3204 1607 3241 enim
1631 3203 1757 3241 differt
1784 3203 1910 3241 dicere
1929 3204 2036 3255 quod
2055 3204 2228 3241 Verbum
2247 3203 2320 3241 Dei
2339 3203 2492 3242 unitum
2510 3214 2567 3243 est

1503 3257 1652 3294 homini
1682 3256 1834 3294 Christo
1872 3257 2088 3294 secundum
2122 3255 2437 3295 inhabitationem
2469 3257 2566 3296 sicut

1503 3310 1542 3348 in
1570 3311 1714 3360 templo
1739 3322 1822 3358 suo,
1843 3309 1939 3347 sicut
1965 3309 2113 3347 dicebat
2131 3308 2350 3357 Nestorius3
2377 3317 2414 3348 et
2440 3310 2565 3349 dicere

441 3440 468 3472 α)
487 3441 634 3474 generibus.
647 3454 666 3458 -
679 3439 906 3471 praedicamentis
925 3439 947 3463 H
968 3443 993 3463 et
1012 3439 1144 3465 editiones.

443 3475 468 3507 β)
487 3476 596 3508 aliquid.
609 3490 628 3494 -
645 3475 710 3508 quid
729 3475 792 3499 HsG
811 3479 837 3499 et
856 3474 995 3504 editionem
1019 3474 1083 3499 infra
1101 3475 1166 3507 quid
1184 3476 1267 3507 primo
1287 3477 1344 3501 loco
1362 3477 1450 3502 EHsG

389 3517 414 3536 et
427 3511 560 3541 editiones,
574 3512 654 3535 altero
673 3510 754 3542 pHsG
767 3515 792 3535 et
805 3510 944 3539 editiones3
965 3517 1012 3542 pro
1031 3510 1120 3542 aliquo
1139 3511 1223 3541 primo
1243 3512 1300 3536 loco
1317 3513 1371 3537 alio
1385 3513 1447 3542 Hbc,

389 3547 478 3579 aliquo
496 3546 549 3571 alio
569 3546 619 3577 Pa;
639 3546 718 3570 altero
738 3545 796 3570 loco
815 3545 869 3570 alio
888 3546 924 3573 bc,
944 3545 1034 3577 aliquo
1054 3545 1107 3570 alio
1127 3544 1156 3570 P.

1558 3440 1584 3509 73
1604 3449 1666 3467 esse.
1678 3456 1698 3460 -
1715 3445 1755 3467 est
1773 3441 1822 3468 Fla
1841 3446 1866 3467 et
1885 3441 2018 3466 editiones.

1557 3475 1571 3500 ὃ
1604 3477 1662 3502 Det.
1676 3492 1696 3496 -
1717 3477 1797 3502 verbu·
1815 3476 1867 3502 Dei
1885 3476 1893 3501 1
1913 3482 1938 3502 et
1956 3476 2090 3501 editiones.

1557 3520 1567 3536 ι
1600 3512 1750 3539 exhibetur.
1762 3526 1782 3532 -
1798 3511 1972 3538 counimur
1989 3511 2071 3536 tertia.

1577 3546 1586 3581 )
1608 3547 1716 3578 Quinta.
1728 3562 1747 3567 -
1765 3548 1854 3573 Sexta
1870 3555 1964 3573 omnes
1983 3546 2023 3572 hic
2042 3551 2068 3572 et
2085 3545 2200 3573 inferius.

2594 1835 2696 1858 ⁴·Arehie
2714 1835 2810 1859 Senon.

2599 1873 2610 1879 -
2628 1861 2663 1885 Cf.
2686 1842 2810 1885 Xltiniod.

2597 1888 2810 1917 Snmm.Aur.p.lfl‚

2597 1919 2668 1964 trae-,t²3
2685 1921 2702 1942 ι,
2723 1921 2774 1944 cap.
2793 1921 2809 1943 ι,

2597 2582 2608 2593 ·
2621 2581 2650 2605 D.
2664 2581 2719 2611 706.

2595 2683 2706 2712 'Art.3.

2594 2928 2606 2939 ⁸
2612 2926 2687 2951 Cone.
2691 2894 2809 2951 gomm-
