2872 3970
70 988 116 1014 Π.
126 994 164 1019 qu:
174 995 222 1017 xiv,
233 989 270 1012 In-

1004 286 1267 332 QUAESTIO
1297 286 1384 333 XV,
1413 285 1705 323 ARTICULUS
1733 287 1747 323 I

2394 287 2462 324 185

844 535 1260 612 QUAESTIO
1302 536 1929 612 DECIMAQUINTA

677 663 760 704 DE
792 662 1172 703 DEFECTIBUS
1204 663 1685 706 PERTINENTIBUS
1719 665 1805 706 AD
1840 666 2086 706 ANIMAM

607 723 771 776 QUOS
807 723 1105 765 CHRISTUS
1138 724 1199 764 IN
1233 725 1500 765 HUMANA
1533 726 1789 767 NATURA
1823 727 2160 768 ASSUMPSIT

1113 838 1147 863 IN

379 947 485 972 emma
513 933 836 971 considerandum
869 941 924 968 est
957 932 1004 968 de
1033 932 1241 969 defectibus
1271 944 1355 981 per·
1383 937 1386 975 Ι

379 986 585 1031 tinentibus
612 986 663 1023 ad
691 985 862 1023 animam
880 985 910 1022 ⁹¹³.

297 1041 346 1078 Et
371 1039 471 1077 eirca
498 1040 574 1076 hoc
601 1045 839 1088 quaeruntur
866 1038 1013 1074 decem.

350 1092 502 1130 Primo:
531 1100 663 1129 utrum
690 1091 730 1128 in
759 1090 909 1128 Christo
937 1091 1048 1127 fuerit
1076 1098 1289 1140 peccatum.

351 1145 549 1183 Secundo:
579 1151 710 1181 utrum
739 1142 777 1180 in
806 1155 853 1180 eo
881 1143 992 1180 fuerit
1019 1144 1142 1180 fomes
1169 1143 1325 1192 peccati.

350 1197 502 1235 Tertio:
531 1205 663 1234 utrum
691 1196 730 1233 in
758 1208 805 1232 eo
833 1195 944 1232 fuerit
971 1196 1192 1244 ignorantia.

351 1250 521 1298 Quarto:
551 1258 682 1286 utrum
710 1249 840 1286 anima
867 1248 949 1286 eius
976 1249 1088 1286 fuerit
1115 1248 1313 1298 passibilis.

1175 839 1296 864 DECEM
1323 839 1524 865 ARTICULOS
1551 841 1662 866 DIVISA

1466 933 1631 980 Quinto:
1662 942 1793 971 utrum
1821 935 1861 972 in
1889 948 1936 972 eo
1965 937 2074 973 fuerit
2103 937 2212 973 dolor
2240 937 2435 974 sensibilis.

1466 987 1600 1023 Sexto:
1632 995 1762 1023 utrum
1790 988 1830 1024 in
1857 1001 1904 1025 eo
1933 989 2042 1025 fuerit
2069 990 2223 1026 tristitia.

1467 1039 1659 1087 Septimo:
1689 1048 1821 1076 utrurn
1849 1041 1887 1077 in
1915 1053 1962 1078 eo
1990 1041 2100 1078 fuerit
2127 1042 2251 1079 timor.

1468 1092 1637 1128 Octavo:
1668 1100 1796 1129 utrum
1827 1093 1866 1129 in
1894 1106 1940 1130 eo
1969 1094 2079 1131 fuerit
2106 1095 2318 1132 admiratio.

1467 1145 1606 1180 Nono:
1636 1152 1767 1181 utrum
1796 1144 1835 1181 in
1863 1158 1910 1182 eo
1938 1147 2048 1183 fuerit
2076 1148 2140 1184 ira.

1467 1196 1650 1233 Decimo:
1687 1205 1818 1234 utrum
1853 1198 1966 1235 simul
2001 1199 2111 1236 fuerit
2145 1200 2269 1237 viator
2301 1209 2336 1237 et
2369 1213 2473 1238 com-

1519 1250 1742 1297 prehensor.

1110 1358 1428 1400 ARTICULUS
1460 1358 1666 1400 PRIMUS

945 1450 1102 1481 UTRUM
1126 1450 1169 1481 IN
1193 1450 1382 1481 CHRISTO
1407 1450 1566 1481 FUERIT
1590 1451 1831 1482 PECCATUM

573 1530 663 1562 Supra,
682 1536 727 1562 qu.
744 1536 778 1558 w,
797 1533 844 1553 art.
864 1527 889 1560 6,
908 1529 941 1553 ad
960 1535 989 1559 23
1009 1536 1053 1561 qu.
1071 1536 1121 1558 ειν,
1139 1534 1185 1554 art.
1206 1528 1233 1558 3;
1253 1528 1325 1558 infra,
1345 1537 1389 1561 qu,
1407 1537 1473 1560 xxxi,
1493 1535 1538 1554 art.
1557 1537 1588 1561 7;
1608 1530 1638 1554 111
1658 1530 1741 1559 Sent„
1761 1530 1820 1555 dist.
1838 1538 1881 1560 xu,
1901 1538 1945 1563 qu.
1963 1538 1990 1559 1¹.
2009 1536 2055 1556 art.
2077 1538 2099 1562 1,
2119 1532 2151 1556 ad
2171 1539 2199 1564 1;

1052 1564 1111 1589 dist.
1129 1571 1182 1592 xm,
1202 1572 1245 1596 qu.
1265 1572 1283 1595 1,
1302 1569 1348 1590 art.
1369 1571 1392 1594 1,
1413 1565 1444 1588 ad
1464 1564 1493 1595 ὃς
1513 1570 1558 1590 art.
1580 1572 1602 1595 2,
1622 1565 1671 1597 qua
1693 1572 1716 1590 1.

389 1668 393 1676 «
432 1670 489 1718 5²2³<
510 1664 533 1689 D
562 1663 696 1688 PRIMUM
725 1662 777 1688 sm
806 1663 1041 1688 PROCEDITUR.
1071 1651 1231 1688 Videtur
1257 1651 1363 1700 quod

494 1826 503 1832 -Ν
513 1810 736 1858 dereliquisti
749 1808 794 1845 αἱ)
822 1811 956 1858 Longe
974 1822 997 1845 a
1015 1810 1132 1846 salute
1149 1821 1233 1846 mea
1251 1811 1365 1846 verba

300 1862 515 1900 delictorum
543 1874 724 1899 meorum.
755 1862 862 1898 Haec
889 1869 1019 1898 autem
1040 1862 1158 1898 verba
1186 1861 1366 1898 dicuntur

300 1925 347 1952 ex
373 1927 539 1964 persona
567 1914 686 1963 ipsius
711 1913 868 1951 Christi:
899 1922 941 1951 ut
969 1922 1070 1962 patet
1098 1926 1143 1950 ex
1162 1915 1239 1950 hoc
1258 1914 1365 1963 quod

240 1993 246 1998 -
301 1967 382 2017 ipse
409 1980 455 2004 ea
483 1967 522 2004 in
549 1979 663 2004 cruce
698 1966 854 2016 protulit
872 1966 902 2003 ²¹².
940 1968 1042 2014 Ergo
1070 1966 1224 2003 videtur
1257 1967 1365 2015 quod

301 2020 340 2058 in
370 2020 521 2057 Christo
550 2020 688 2057 fuerint
716 2019 860 2056 delicta.

357 2085 391 2110 2.
421 2074 654 2120 PRAETEREA,
682 2074 792 2109 Rom.
813 2085 836 2109 v
854 2072 875 2094 '¹‘
903 2071 992 2108 dicit
1019 2073 1228 2121 Apostolus
1258 2073 1366 2121 quod

301 2129 339 2164 in
367 2127 491 2163 Adam
519 2138 647 2162 omnes
669 2131 938 2175 peccaverunt.-
966 2124 1104 2161 scilicet
1132 2125 1223 2174 quia
1250 2124 1290 2161 in
1319 2137 1365 2162 eo

303 2179 531 2228 originaliter
557 2179 711 2216 fuerunt
730 2177 755 2214 β.
792 2177 870 2215 Sed
902 2177 1017 2214 etiam
1047 2177 1220 2214 Christus
1255 2177 1366 2226 origi-

303 2232 438 2270 naliter
464 2231 533 2268 fuit
560 2231 599 2268 in
627 2231 764 2268 Adam.
795 2231 896 2278 Ergo
925 2230 964 2266 in
993 2242 1039 2266 eo
1067 2230 1249 2279 peccavit.

359 2285 392 2322 3.
422 2285 655 2330 PRAETEREA,
684 2285 892 2332 Apostolus
921 2282 1020 2329 dicit,
1040 2284 1140 2320 Heh.
1161 2283 1182 2320 1'1
1200 2283 1232 2330 ²³⁸,
1259 2284 1367 2333 quod

304 2341 341 2375 in
370 2349 414 2374 eo
442 2339 479 2374 in
510 2349 580 2385 quo
613 2337 776 2374 Christus
801 2348 935 2386 passus
963 2342 1014 2373 est
1041 2341 1074 2373 et
1100 2341 1273 2383 tentatus,
1297 2349 1367 2386 po-

303 2397 381 2428 tens
414 2396 465 2427 est
492 2396 525 2426 et
552 2391 606 2426 his
635 2390 699 2438 qui
730 2395 915 2426 tentantur
948 2388 1136 2426 auxiliari.
1176 2389 1252 2426 Sed
1287 2401 1367 2426 ma-

303 2443 406 2481 xime
434 2442 701 2491 indigebamus
724 2441 864 2479 auxilio
893 2441 974 2478 eius
1003 2449 1134 2478 contra
1153 2449 1366 2490 peccatum.

305 2497 407 2544 Ergo
435 2495 587 2532 videtur
613 2495 721 2544 quod
749 2494 788 2531 in
817 2507 863 2531 eo
891 2494 1002 2531 suerit
1030 2502 1242 2542 peccatum.

358 2561 394 2596 4.
424 2548 662 2594 PRAETER-EA,
691 2549 721 2584 ΙΙ
753 2549 839 2584 Cor.
860 2560 883 2584 v
901 2547 921 2568 ’¹‘
949 2546 1086 2583 dicitur
1120 2547 1227 2595 quod
1261 2548 1368 2585 Deus

305 2613 390 2638 eum
410 2602 474 2650 qui
499 2613 573 2637 non
595 2606 747 2638 noverat
768 2606 976 2650 peccatum,
997 2599 1136 2636 scilicet
1158 2600 1367 2647 Christum,

300 2666 375 2704 pro
395 2654 500 2690 nohis
507 2654 603 2701 fecit
615 2659 822 2702 peccatum.
845 2653 921 2690 Sed
940 2651 1033 2689 illud
1047 2665 1137 2689 vere
1157 2660 1212 2689 est
1231 2653 1339 2702 quod
1353 2659 1368 2682 Υ

306 2719 329 2744 a
357 2707 441 2743 Deo
460 2705 603 2742 factum
623 2713 687 2742 est.
718 2706 818 2754 Ergo
839 2706 878 2742 in
899 2705 1050 2742 Christo
1069 2717 1159 2742 vere
1187 2706 1256 2743 fuit
1281 2718 1368 2755 pec-

307 2767 448 2796 catum.

364 2813 396 2848 5.
418 2812 650 2857 Pmmenm,
666 2810 762 2847 sicut
780 2810 1016 2859 Augustinus
1036 2810 1135 2858 dicit,
1151 2811 1190 2848 in
1209 2811 1306 2848 libro
1326 2812 1371 2848 de

305 2865 443 2914 Agone
473 2864 680 2901 Christiano
699 2862 730 2909 ³¹⁸,
760 2864 797 2900 in
817 2861 830 2885 ⁸
858 2865 1007 2900 homine
1029 2865 1172 2901 Christo
1200 2876 1239 2901 se
1267 2866 1370 2902 nobis

307 2918 358 2955 ad
383 2917 594 2966 exemplum
617 2917 791 2966 praebuit
816 2917 932 2953 Filius
959 2917 1040 2952 Dei.
1071 2916 1147 2953 Sed
1167 2917 1287 2954 homo
1314 2917 1369 2954 in-

307 2970 408 3019 diget
442 2970 620 3018 exemplo
655 2980 735 3005 non
770 2970 897 3005 solum
932 2969 981 3005 ad
1009 2976 1107 3005 recte
1142 2969 1367 3017 vivendum,

308 3022 376 3059 sed
410 3021 525 3060 etiam
557 3021 606 3058 ad
634 3022 710 3058 hoc
745 3021 851 3070 quod
886 3020 1078 3070 poeniteat
1111 3021 1158 3058 de
1193 3022 1367 3070 peccatis.

308 3075 410 3124 Ergo
437 3075 590 3112 videtur
624 3073 798 3123 quodin
827 3073 978 3110 Christo
1007 3073 1137 3110 debuit
1165 3086 1246 3111 esse
1280 3087 1368 3124 pec-

309 3135 450 3175 catum,
478 3135 531 3174 ut,
562 3127 609 3164 de
636 3125 800 3176 peccatis
828 3124 1083 3175 poenitendo,
1112 3127 1367 3175 poenitentiae

309 3180 420 3218 nobis
448 3180 554 3217 daret
582 3180 814 3228 exemplum.
1085 3177 1090 3183 '

362 3233 436 3271 SED
465 3245 609 3270 CONTRA
636 3244 701 3269 EST
729 3231 836 3281 quod
873 3230 953 3280 ipse
987 3229 1093 3277 dicit,
1122 3232 1225 3268 Ioan.
1254 3244 1310 3269 vm
1329 3232 1365 3268 *ε

314 3287 405 3329 Quis
432 3298 481 3323 ex
506 3287 609 3324 vohis
636 3290 769 3334 arguet
796 3296 855 3320 me
882 3283 927 3320 de
947 3283 1132 3333 peccato?

364 3407 391 3443 α)
410 3411 440 3432 ut
457 3407 522 3440 quid
545 3406 717 3439 dereliquisti.
735 3420 755 3425 —
773 3413 814 3430 me
832 3406 928 3430 addunt
947 3405 1015 3434 EFa,
1035 3412 1118 3437 quare
1142 3413 1183 3430 me
1205 3406 1370 3438 dereliquisti

309 3442 378 3473 GHL
397 3443 498 3475 respice
516 3443 542 3467 in
561 3450 603 3467 me
623 3449 705 3474 quare
723 3449 764 3466 me
783 3440 948 3473 dereliquisti
966 3441 1099 3465 editiones.

364 3475 390 3511 β)
401 3479 525 3511 suerunt.
543 3492 562 3496 -
580 3485 670 3502 omnes
682 3478 798 3510 suerunt
817 3477 867 3501 BF.

363 3513 390 3545 γ)
409 3513 488 3545 quod.
505 3527 524 3532 -
542 3513 577 3538 sE
596 3520 613 3537 a
632 3519 657 3538 et
675 3513 762 3542 tertia;
782 3512 852 3544 quia.

363 3546 388 3581 δ)
408 3548 471 3573 in.—
485 3549 518 3579 Ρ;
531 3548 602 3581 quod
616 3549 679 3574 in.-
691 3548 742 3572 Pro
755 3547 915 3579 exemplum,
927 3546 998 3571 vitae
1011 3547 1163 3578 exemplum
1177 3546 1205 3576 F,
1215 3547 1366 3578 exemplum

311 3582 382 3608 vitae
400 3583 472 3608 tertia
490 3588 591 3615 praeter
609 3583 641 3608 G.

453 3635 562 3659 Summe
580 3635 683 3660 Tusci„
701 3635 733 3660 D.
745 3635 859 3660 ΤιιοΜΛε
877 3634 909 3659 Τ.
924 3634 988 3658 VIII.

335 1664 379 1698 ὖ.»
419 1687 425 1695 ,

329 1680 423 1754 δὲ
438 1700 484 1761 55¹3
512 1704 551 1740 in
567 1703 719 1740 Christo
739 1703 849 1740 fuerit
863 1711 1075 1752 peccatum.
1097 1703 1244 1740 Dicitur
1260 1704 1364 1740 enim

319 1754 357 1811 ’,γ’
458 1759 464 1765 ’
513 1757 551 1793 in
572 1757 725 1793 Psalmo
745 1756 781 1792 ²¹²:
811 1758 924 1802 Deus,
944 1758 1046 1793 Deus
1071 1769 1184 1802 meus,
1216 1763 1253 1793 ut
1279 1757 1367 1805 quid
1390 1758 1392 1772 '

1470 1653 1694 1689 RESPONDEO
1714 1665 1894 1690 DICENDUM
1914 1653 2033 1702 quod,
2051 1653 2146 1690 sicut
2165 1667 2279 1703 supra
2293 1655 2313 1676 ²¹⁶
2332 1654 2476 1692 dictum

1417 1712 1484 1751 est,
1507 1704 1679 1741 Christus
1699 1705 1864 1754 suscepit
1893 1706 2059 1742 defectus
2078 1714 2229 1743 nostros
2256 1715 2297 1743 ut
2317 1720 2388 1756 pro
2409 1720 2476 1745 no-

1417 1756 1475 1793 bis
1504 1757 1746 1803 satisfaceret;
1786 1766 1822 1794 et
1856 1758 2053 1795 veritatem
2091 1760 2283 1796 humanae
2321 1768 2477 1797 naturae

1417 1810 1704 1858 comprobaret;
1734 1818 1770 1846 et
1788 1818 1830 1846 ut
1851 1810 1962 1846 nobis
1991 1813 2211 1860 exemplum
2235 1812 2383 1849 virtutis
2411 1813 2477 1849 fie-

1418 1870 1483 1898 ret.
1525 1863 1750 1899 Secundum
1779 1875 1877 1911 quae
1906 1863 1975 1900 tria
2011 1864 2255 1900 manifestum
2290 1874 2344 1902 est
2372 1867 2479 1914 quod

1419 1915 1610 1951 defectum
1638 1915 1783 1963 peccati
1820 1928 2015 1953 assumere
2053 1929 2132 1953 non
2168 1917 2313 1954 debuit?
2348 1918 2479 1955 Primo

1419 1967 1521 2004 enim
1543 1973 1567 2012 ὅ,
1596 1976 1798 2016 peccatum
1835 1968 1929 2005 nihil
1966 1977 2146 2017 operatur
2182 1970 2231 2006 ad
2266 1970 2480 2008 satisfactio-

1420 2033 1530 2056 nem:
1561 2020 1778 2069 quinimmo
1807 2021 1986 2058 virtutem
2016 2022 2274 2059 satisfactionis
2303 2023 2479 2072 impedit;

1419 2073 1521 2122 quia,
1539 2081 1580 2110 ut
1600 2073 1737 2110 dicitur
1754 2075 1867 2110 Eccli.
1888 2087 1995 2111 xxxiv
2004 2075 2035 2121 ²⁶,
2057 2075 2156 2112 dona
2176 2077 2386 2125 iniquorum
2407 2090 2479 2114 non

1414 2128 1552 2176 probat
1570 2127 1786 2163 Altissimus.
1818 2127 1997 2164 Similiter
2016 2127 2129 2164 etiam
2152 2140 2197 2164 ex
2216 2137 2372 2177 peccato
2402 2142 2481 2166 non

1421 2180 1705 2216 demonstratur
1723 2179 1861 2216 veritas
1879 2180 2074 2217 humanae
2094 2189 2268 2218 naturae:
2285 2182 2375 2230 quia
2394 2194 2481 2231 pec-

1421 2240 1550 2269 catum
1578 2244 1657 2268 non
1685 2232 1847 2281 pertinet
1874 2233 1923 2269 ad
1951 2234 2165 2270 humanam
2193 2242 2386 2282 naturam,
2417 2248 2481 2272 cu—

1421 2285 1480 2322 ius
1508 2285 1614 2321 Deus
1643 2292 1697 2321 est
1725 2296 1857 2330 causa;
1888 2285 1954 2321 sed
1983 2285 2102 2333 magis
2131 2294 2186 2322 est
2213 2294 2344 2324 contra
2372 2296 2480 2324 natu-

1421 2350 1502 2375 ram
1536 2350 1608 2387 per
1643 2339 1922 2374 seminationem
1959 2338 2098 2375 diaboli
2132 2338 2410 2387 introductum,
2440 2349 2482 2377 ut

1421 2391 1686 2427 Damascenus
1722 2389 1809 2427 dicit
1828 2390 1858 2426 ²⁸.
1897 2390 2045 2437 Tertio,
2074 2392 2271 2439 peccando
2306 2395 2482 2441 exempla

1421 2442 1638 2480 virtutum(
1666 2443 1848 2492 praebere
1877 2455 1956 2479 non
1984 2443 2126 2492 potuit:
2163 2456 2253 2480 cum
2280 2453 2481 2493 peccatum

1422 2495 1673 2533 contrarietur
1691 2495 1828 2532 virtuti.
1859 2497 1907 2532 Et
1934 2495 2021 2532 ideo
2042 2496 2213 2533 Christus
2233 2498 2337 2533 nullo
2361 2498 2481 2534 modo

1423 2548 1628 2597 assumpsit
1663 2548 1852 2584 defectum
1887 2548 2048 2597 peccati,
2078 2561 2150 2585 nec
2184 2549 2373 2597 originalis
2410 2562 2482 2587 nec

1423 2601 1598 2638 actualis:
1629 2601 1844 2638 secundum
1864 2600 1956 2638 illud
1985 2601 2091 2650 quod
2120 2601 2255 2638 dicitur
2273 2603 2287 2638 Ι
2307 2603 2383 2638 Pet.
2405 2615 2425 2639 11
2442 2603 2479 2639 *ε

1429 2656 1503 2697 Qui
1522 2660 1718 2704 peccatum
1740 2667 1813 2690 non
1832 2655 1938 2701 fecit,
1960 2666 2027 2690 nec
2055 2656 2221 2692 inventus
2244 2661 2294 2691 est
2322 2655 2425 2692 dolus
2444 2657 2480 2692 in

1424 2720 1489 2744 ore
1516 2709 1592 2743 eius
1611 2712 1640 2743 η.

1477 2761 1533 2796 AD
1563 2771 1697 2796 PmMUM
1726 2771 1822 2796 ERGO
1851 2771 2030 2796 DICENDUM
2060 2760 2183 2808 quod,
2212 2759 2307 2796 sicut
2341 2760 2481 2797 Dama-

1424 2824 1560 2849 scenus
1596 2811 1703 2857 dicit,
1734 2811 1772 2848 in
1805 2813 1850 2848 III
1877 2811 1973 2848 libro
1993 2811 2030 2856 ³³,
2061 2811 2195 2848 dicitur
2213 2810 2225 2833 θ
2255 2811 2397 2860 aliquid
2434 2813 2481 2850 de

1425 2864 1588 2911 Christo,
1618 2876 1698 2900 uno
1727 2864 1859 2910 modo,
1881 2864 2095 2900 secundum
2121 2863 2392 2913 proprietatem
2416 2877 2481 2902 na-

1423 2919 1582 2954 turalem
1614 2925 1649 2953 et
1677 2915 1973 2965 hypostaticam,
2003 2916 2097 2952 sicut
2126 2917 2261 2953 dicitur
2296 2918 2403 2966 quod
2429 2918 2480 2955 fa-

1424 2976 1532 3007 ctus‘
1562 2977 1616 3006 est
1643 2970 1777 3015 homo,
1807 2976 1843 3004 et
1871 2969 1977 3017 quod
2005 2981 2075 3017 pro
2104 2969 2216 3006 nobis
2243 2981 2378 3018 passus
2406 2978 2479 3017 est;

1423 3023 1497 3059 alio
1526 3022 1667 3066 modo,
1697 3021 1912 3057 secundum
1940 3021 2210 3069 proprietatem
2238 3024 2480 3070 personalem

1423 3083 1459 3111 et
1487 3073 1806 3119 habitudinalem,
1835 3081 1951 3121 prout
1978 3073 2115 3110 scilicet
2142 3074 2268 3123 aliqua
2303 3074 2482 3112 dicuntur

1425 3128 1472 3163 de
1501 3126 1584 3175 ipso
1613 3125 1651 3162 in
1679 3137 1844 3174 persona
1878 3134 2006 3163 nostra
2034 3139 2132 3175 quae
2161 3126 2231 3163 sibi
2266 3128 2481 3164 secundum

1425 3192 1464 3216 se
1493 3178 1737 3215 nullomodo
1767 3178 2011 3215 conveniunt.
2040 3179 2151 3216 Unde
2171 3187 2206 3216 et
2225 3179 2321 3216 inter
2335 3188 2480 3229 septem

1425 3232 1572 3279 regulas
1591 3229 1782 3278 Tichonii⁷
1803 3243 1898 3279 quas
1925 3231 2033 3280 ponit
2060 3232 2293 3280 Augustinus
2314 3232 2353 3269 in
2373 3234 2417 3269 III
2436 3234 2482 3270 de

1422 3285 1526 3320 Doct.
1551 3285 1680 3320 Christ.
1700 3283 1732 3329 ³⁸,
1761 3282 1885 3332 prima
1912 3284 2068 3333 ponitur
2095 3286 2140 3321 de
2157 3286 2320 3322 Domino
2349 3291 2381 3322 et
2405 3288 2480 3322 eius
2509 3293 2519 3302 ⁵

1473 3404 1495 3438 ε)
1514 3406 1592 3430 enim.
1610 3419 1629 3423 —
1647 3405 1752 3437 quidem
1772 3406 1834 3438 quia
1854 3406 1881 3431 P.

1471 3440 1498 3481 ζ)
1518 3441 1642 3473 exempla
1660 3441 1798 3466 virtutum.
1811 3455 1831 3459 —
1848 3442 1972 3473 exempla
1991 3442 2100 3467 virtutis
2114 3442 2153 3467 ed.
2168 3449 2192 3471 a,
2207 3442 2357 3473 exemplum
2372 3442 2480 3467 virtutis

1421 3481 1502 3543 temril).
1520 3517 1592 3536 nec...
1611 3511 1675 3536 eius.
1694 3526 1712 3529 —
1732 3511 1792 3537 Om.
1811 3512 1893 3536 tertia.

1474 3544 1498 3580 θ)
1517 3547 1624 3572 dicitur.
1643 3561 1662 3565 —
1680 3547 1821 3578 dupliciter
1840 3547 1939 3572 dicitur
1958 3547 2000 3571 DF
2021 3553 2045 3572 et
2064 3547 2143 3572 tertia.

1475 3583 1493 3616 ι)
1506 3582 1606 3615 sactus.
1624 3596 1643 3600 —
1665 3582 1785 3607 Christus
1797 3583 1890 3616 sactus
1909 3582 1940 3612 G,
1962 3583 2033 3607 Deus
2044 3584 2138 3615 factus
2156 3582 2175 3606 F
2196 3588 2221 3616 et
2239 3587 2322 3607 cetera
2341 3583 2422 3607 tertia.

2306 3643 2338 3666 24

2506 1668 2513 1675 ’
2525 1667 2572 1693 Qu.
2583 1671 2630 1691 Χιν,
2641 1670 2682 1688 art.
2696 1674 2715 1688 ι.

2510 2086 2518 2094 ’
2535 2085 2599 2106 Vers.
2614 2091 2647 2113 23.

2510 2402 2519 2412 ⁸
2528 2402 2563 2423 De
2571 2402 2630 2423 Fide
2641 2403 2720 2429 Orth„

2509 2428 2547 2449 lib.
2563 2428 2602 2454 111,
2618 2434 2668 2456 cap.
2679 2435 2718 2450 xx.

2606 2456 2620 2484 ζ

2510 2609 2518 2618 ·
2534 2608 2600 2629 Vers.
2616 2614 2650 2630 22.

2606 2717 2620 2740 η

2509 2820 2518 2827 ·
2529 2819 2564 2839 De
2572 2818 2629 2839 Fide
2641 2818 2718 2843 Orth„

2508 2845 2546 2866 lib.
2556 2845 2595 2871 111,
2605 2851 2656 2896 gap.
2665 2850 2717 2866 xxv.

2609 2982 2615 2997 ῑ

2533 3291 2589 3318 Cap.
2605 3297 2668 3312 xxxi.
