2872 3970
221 2800 230 2809 ⁸
246 2799 291 2820 Ver

220 2694 230 2703 ⁸
246 2692 295 2713 Lib.
305 2692 364 2719 xm,
380 2697 430 2719 cap.

220 2726 242 2740 x.

294 2806 310 2820 s⁴
326 2805 344 2826 5.

458 295 535 331 274
1128 280 1392 327 QUAEsrlo
1420 281 1561 327 xxw,
1591 279 1883 318 ARTICULUS
1910 281 1962 318 1v

509 362 566 397 An
595 372 729 398 PR1M1JM
758 372 855 397 ERGO
884 372 1076 406 DlCENDUM,
1106 358 1213 408 quod
1235 358 1295 395 illa
1315 357 1408 395 ratio
1428 370 1516 408 pro-

455 413 553 451 cedit
581 425 627 450 ex
654 420 758 462 parte
787 411 939 462 ipsius?
967 419 1072 449 actus
1099 410 1426 460 praedestinantis.

508 467 557 503 Et
584 465 754 503 similiter
781 465 991 503 dicendum
1018 464 1067 501 ad
1095 463 1323 500 secundum.

508 520 565 555 AD
596 530 754 556 TERTlUM
786 530 967 555 DICENDUM
999 516 1107 566 quod
1143 528 1223 553 non
1256 523 1311 552 est
1343 527 1516 552 necessa-

510 651 535 686 β)
555 652 645 684 ipsius.
663 665 683 670 -
702 651 772 676 illius
791 657 894 675 omnes.

1571 358 1673 395 rium
1701 359 1807 407 quod
1836 360 2096 408 exemplatum
2125 358 2332 408 exemplari
2366 366 2555 408 quantum
2583 359 2632 396 ad

1571 410 1704 448 omnia
1731 411 2012 448 conformetur:
2043 411 2110 447 sed
2132 411 2270 448 sufficit
2298 412 2405 461 quod
2424 411 2634 460 aliqualiter

1571 464 1828 513 exemplatum
1858 463 2027 501 imitetur
2053 475 2170 501 suum
2198 466 2403 514 exemplar.

1127 728 1462 760 Commentaria
1484 725 1738 772 Car-<linaiis
1759 726 1962 760 Caietam

516 820 622 841 nurus
646 809 748 840 clarus
772 813 828 838 est.
845 826 868 831 -
890 808 925 838 In
942 816 1078 847 corpore
1099 807 1193 837 unica
1223 811 1269 835 est
1292 805 1453 836 distinctio
1468 806 1515 836 bi-

458 822 681 885 Tmembris:
710 858 742 883 et
760 852 842 882 duae
866 851 1107 887 conclusiones,
1131 848 1361 890 respondentes
1383 850 1515 890 singulis

455 898 665 929 distinctionis
688 896 849 927 membris.
873 895 1042 926 Distinctio
1059 900 1115 925 est.
1139 893 1387 925 Praedestinatio
1412 893 1516 934 dupli-

455 942 532 973 citer
559 941 713 972 sumitur:
743 940 795 970 vel
821 949 859 970 ex
882 944 971 979 parte
1001 944 1106 975 actus3
1131 938 1182 968 vel
1206 947 1244 968 ex
1266 942 1356 977 parte
1379 939 1516 970 termini.

508 986 613 1015 Prima
635 984 801 1014 conclusio
826 989 888 1014 est:
915 983 1172 1014 Praedestinatio
1199 981 1336 1018 Christi,
1362 992 1404 1012 ex
1419 988 1518 1023 parte

453 1035 553 1065 actus,
579 1038 643 1059 non
669 1033 716 1058 est
737 1028 904 1068 exemplar
919 1031 1060 1058 nostrae.
1083 1027 1248 1057 Probatur.
1273 1024 1359 1063 Quia
1375 1035 1414 1056 ex
1429 1032 1518 1067 parte

453 1079 558 1109 actus,
582 1082 649 1103 uno
674 1077 746 1102 actu
770 1077 802 1102 et
823 1071 923 1102 modo
948 1077 1078 1102 aeterno
1104 1071 1193 1102 Deus
1216 1069 1380 1101 Christum
1404 1076 1435 1101 et
1457 1081 1518 1102 nos

453 1117 712 1158 praedestinavit:
736 1117 770 1147 in
793 1121 866 1147 actu
886 1115 1045 1156 siquidem
1068 1115 1177 1146 divino
1202 1120 1233 1146 et
1255 1112 1355 1144 modo
1372 1124 1410 1145 ex
1428 1121 1518 1156 parte

453 1161 514 1192 Dei
537 1161 625 1191 nulla
644 1166 691 1191 est
711 1159 902 1197 differentia;
927 1169 1003 1190 cum
1023 1160 1085 1190 sint
1101 1160 1210 1191 omnia
1225 1164 1357 1190 unamet
1371 1169 1431 1196 res,
1450 1161 1519 1201 ipsa

452 1206 574 1236 scilicet
597 1204 704 1236 deitas.

509 1248 656 1280 Secunda
680 1248 863 1279 conclusio:
894 1247 1150 1279 Praedestinatio
1177 1248 1297 1280 Christi
1319 1252 1366 1280 est
1389 1253 1520 1279 nostrae

1569 806 1735 847 exemplar
1764 816 1806 837 ex
1829 810 1927 847 parte
1956 806 2100 844 ter-mini,
2125 807 2234 848 quoad
2255 807 2343 838 duo:
2364 807 2427 839 hoc
2448 811 2503 845 est,
2527 807 2638 849 quoad

1569 851 1687 881 bonum
1711 851 1890 881 terminans
1899 857 1911 888 ;
1934 855 1965 881 et
1978 850 2088 892 quoad
2102 851 2232 882 modum
2247 851 2462 893 consequendi
2485 851 2567 883 illud
2579 851 2636 884 bo-

1570 905 1656 926 num.
1681 895 1838 925 Probatur
1859 895 2010 935 primum.
2035 895 2121 933 Quia
2144 894 2289 926 Christus
2312 894 2352 926 ad
2373 894 2562 927 filiationem
2579 905 2636 928 na-

1570 939 1719 970 turalem:
1743 948 1804 969 nos
1827 938 1868 969 ad
1890 938 2084 980 adoptivam.
2107 957 2131 962 -
2153 939 2308 971 Probatur
2331 939 2520 971 secundum.
2550 939 2637 979 Quia

1571 983 1716 1014 Christus
1739 992 1796 1023 per
1811 983 1943 1023 gratiam
1963 982 2186 1014 excludentem
2202 992 2300 1015 omne
2315 984 2479 1014 meritum:
2503 993 2563 1015 nos
2578 993 2638 1025 per

1570 1028 1702 1079 gratiam
1724 1026 1943 1058 includentem
1963 1027 2114 1058 meritum
2130 1026 2257 1064 Christi,
2282 1027 2358 1068 quia
2379 1027 2419 1059 de
2434 1027 2638 1068 plenitudine

1570 1071 1640 1102 eius
1663 1081 1774 1102 omnes
1796 1071 1985 1112 accepimus.

1627 1115 1804 1152 Memento,
1827 1115 1966 1152 Novitie‚
1991 1114 2082 1156 quod
2097 1111 2243 1146 Christus
2258 1115 2373 1146 dicitur
2387 1114 2645 1157 praedestinatum*

1572 1165 1608 1190 ut
1630 1160 1670 1190 sit
1692 1159 1791 1190 Filius
1814 1159 1875 1190 Dei
1897 1159 2064 1196 naturalis,
2092 1158 2193 1190 modo
2217 1159 2396 1211 exposito’
2405 1170 2412 1190 :
2443 1159 2565 1192 scilicet
2588 1169 2638 1191 m.-

1571 1204 1660 1234 tione
1690 1204 1850 1234 humanae
1879 1209 2011 1234 naturae
2042 1213 2100 1245 per
2128 1204 2261 1244 gratiam
2292 1203 2422 1235 unionis
2450 1195 2638 1245 personalis.
2665 1203 2676 1215 ⁴

1572 1247 1709 1288 Reliqua
1732 1253 1807 1279 sunt
1828 1247 1934 1289 plana.

1235 1420 1553 1464 ARTICULUS
1583 1420 1856 1471 QUARTUS

691 1515 847 1546 UTRUM
870 1513 1249 1545 PRAEDESTINATIO
1274 1513 1447 1544 cnmsrr
1471 1513 1538 1545 srr
1563 1513 1706 1545 CAUSA
1727 1513 1932 1544 NOSTRAE
1955 1511 2404 1544 PRAEDESTINATloNJs

1304 1592 1336 1616 111
1355 1592 1438 1622 Sent„
1458 1592 1517 1617 dist.
1531 1599 1554 1623 x,
1574 1599 1619 1625 qu.
1638 1599 1675 1622 m,
1694 1591 1744 1624 qu·
1765 1591 1788 1618 3.

490 1694 549 1735 ‘ei'
570 1696 627 1724 εΜ
604 1700 643 1745 5<
665 1695 687 1719 D
711 1693 882 1724 QUARTUM
901 1693 953 1718 sm
973 1693 1209 1718 PROCEDITUR.
1236 1680 1394 1718 Videtur
1413 1681 1519 1730 quod

480 1711 638 1792 &³³2⁴
652 1733 962 1786 praedestinatio
983 1733 1123 1770 Christi
1151 1745 1232 1770 non
1252 1732 1297 1770 sit
1315 1745 1433 1770 causa
1451 1746 1520 1770 no-

534 1800 595 1827 *ra
606 1769 637 1825 Υ
666 1795 764 1825 strae
783 1785 1151 1836 praedestinationis.
1181 1787 1395 1823 Aeternum
1415 1785 1520 1822 enim

514 1805 635 1870 ζ’·’ῑ-’ὦ
627 1829 747 1876 non
775 1839 891 1876 habet
918 1851 1086 1876 causam.
1122 1839 1198 1876 Sed
1226 1838 1520 1887 praedestinatio

455 1901 586 1930 nostra
622 1900 677 1929 est
711 1899 875 1929 aeterna.
915 1892 1016 1939 Ergo
1051 1890 1346 1940 praedestinatio
1381 1890 1521 1928 Christi

456 1958 536 1982 non
564 1952 620 1982 est
647 1957 763 1982 causa
790 1952 942 1981 nostrae
970 1943 1336 1993 praedestinationis.

511 2010 546 2034 2.
576 1999 806 2044 Pmarnnm,
836 1996 929 2034 illud
957 1997 1065 2046 quod
1083 1997 1275 2046 dependet
1294 2008 1341 2033 ex
1359 1995 1521 2046 simplici

456 2050 529 2088 Dei
556 2051 763 2097 voluntate,
792 2062 873 2087 non
892 2049 1008 2087 habet
1035 2049 1149 2086 aliam
1167 2061 1326 2086 causam
1353 2049 1425 2086 nisi
1448 2049 1521 2086 Dei

456 2105 707 2141 voluntatem.
735 2103 811 2140 Sed
830 2102 1124 2152 praedestinatio
1144 2109 1275 2139 nostra
1293 2114 1340 2138 ex
1359 2101 1522 2151 simplici

455 2158 651 2193 voluntate
680 2155 752 2192 Dei
781 2155 989 2204 dependet:
1019 2155 1156 2192 dicitur
1184 2154 1288 2192 enim
1315 2154 1519 2204 Ephes.1*:

454 2209 722 2246 Haedestinati
737 2208 937 2246 secundum
951 2209 1184 2258 propositum
1203 2209 1291 2254 eius,
1313 2209 1377 2257 qui
1393 2208 1523 2244 omnia

456 2268 633 2312 operatur
649 2261 850 2298 secundum
870 2261 1063 2298 consilium
1082 2261 1278 2298 voluntatis
1296 2273 1397 2297 suae.
1418 2261 1520 2308 Ergo

455 2314 748 2365 praedestinatio
770 2313 909 2351 Christi
932 2326 1013 2350 non
1032 2321 1087 2350 est
1106 2325 1223 2351 causa
1242 2320 1393 2350 nostrae
1412 2325 1521 2363 prae-

456 2367 729 2405 destinationis.

512 2421 546 2457 3.
576 2421 816 2467 PRAETEREA,
847 2426 995 2456 remota
1023 2431 1149 2466 causa,
1180 2426 1403 2456 removetur
1431 2419 1521 2456 effe-

457 2481 550 2510 ctus.
582 2473 669 2520 Sed,
700 2480 847 2510 remota
874 2471 1220 2522 praedestinatione
1251 2471 1411 2519 Christi,
1441 2484 1522 2509 non

458 2534 679 2563 removetur
706 2533 835 2563 nostra
862 2525 1175 2575 praedestinatio:
1206 2524 1317 2574 quia,
1347 2524 1463 2562 etiarn
1492 2525 1522 2562 si

457 2579 575 2616 Filius
602 2578 675 2616 Dei
710 2591 790 2615 non
822 2578 1102 2625 incarnaretur,
1141 2585 1221 2615 erat
1252 2578 1348 2615 alius
1380 2578 1522 2615 modus

457 2631 645 2681 possibilis
674 2639 825 2669 nostrae
853 2631 994 2678 salutis,
1023 2638 1065 2668 ut
1092 2630 1329 2679 Augustinus
1354 2630 1455 2678 dicit,
1483 2630 1522 2668 in

458 2685 553 2722 libro
582 2685 627 2722 de
658 2687 694 2723 T
692 2686 762 2722 rin.
783 2684 803 2706 '¹‘
831 2683 1130 2721 Praedestinatio
1159 2696 1248 2732 ergo
1275 2683 1414 2721 Christi
1442 2696 1521 2721 non

458 2746 513 2774 est
541 2750 655 2775 causa
683 2745 834 2775 nostrae
862 2736 1227 2787 praedestinationis.

513 2792 586 2829 SED
610 2803 754 2828 CONTRA
782 2802 847 2828 EST
871 2790 980 2839 quod
1004 2789 1140 2827 dicitur
1162 2791 1295 2840 Ephes.
1317 2803 1327 2827 1
1346 2789 1380 2827 *z
1410 2791 1522 2827 Prae-

459 2844 649 2881 destinavit
685 2856 752 2881 nos
779 2845 815 2880 in
850 2843 1085 2893 adoptionem
1100 2843 1276 2892 filiorum
1297 2855 1370 2893 per
1396 2845 1521 2880 Iesum

464 2898 659 2934 Christum.

514 3026 542 3060 α)
560 3028 640 3060 quod.
653 3042 673 3046 -
684 3035 760 3060 quem
775 3028 817 3053 Pc.
829 3042 848 3046 -
862 3028 911 3052 Pro
925 3035 963 3053 ex
981 3030 1108 3060 tempore,
1123 3029 1149 3053 in
1165 3032 1283 3061 tempore
1302 3028 1376 3053 tertia
1394 3034 1496 3061 praeter
1507 3029 1526 3054 1.

1627 1682 1854 1719 RESPONDEO
1899 1691 2082 1717 mensuum
2128 1679 2236 1728 quod
2251 1708 2260 1725 ,
2308 1678 2338 1716 si
2379 1677 2643 1718 consideretur

1574 1732 1869 1783 praedestinatio
1898 1732 2115 1770 secundum
2134 1732 2263 1782 ipsum
2286 1730 2642 1781 praedestinationis

1574 1793 1716 1833 actum,
1740 1785 2036 1835 praedestinatio
2057 1784 2197 1823 Christi
2223 1797 2305 1822 non
2324 1792 2380 1821 est
2397 1796 2515 1822 causa
2531 1795 2642 1834 prae·

1575 1838 1836 1875 destinationis
1863 1845 2034 1875 nostrae:
2071 1850 2163 1875 cum
2196 1849 2277 1875 uno
2311 1845 2347 1874 et
2378 1837 2520 1874 eodem
2552 1844 2642 1875 actu

1574 1891 1681 1928 Deus
1699 1890 2038 1940 praedestinaverit
2053 1890 2247 1927 Christum
2264 1898 2301 1927 et
2314 1902 2398 1927 nos.
2409 1912 2435 1917 -
2451 1889 2492 1928 Si
2509 1897 2642 1928 autem

1575 1944 1838 1981 consideretur
1863 1942 2158 2002 praedestinatio
2187 1943 2404 1980 secundum
2431 1941 2642 1993 terminum

1574 1995 1949 2046 praedestinationis,
1993 1995 2046 2032 sic
2078 1994 2374 2045 praedestinatio
2410 1984 2555 2038 Chrssfi
2581 1999 2643 2038 est

1576 2061 1691 2086 causa
1723 2057 1875 2087 nostrae
1909 2046 2282 2098 praedestinationis:
2321 2047 2375 2086 sic
2402 2046 2511 2091 enim*
2510 2037 2642 2093 Deus

1574 2101 1861 2154 praeordinavit
1888 2109 2060 2139 nostram
2083 2102 2258 2148 salutem,
2287 2100 2336 2138 ab
2355 2108 2524 2139 aeterno
2529 2100 2641 2153 §tae—

1575 2151 1815 2201 destinando,
1845 2161 1887 2191 ut
1914 2166 1984 2203 per
2002 2155 2130 2191 Iesum
2150 2153 2345 2191 Christum
2370 2153 2640 2204 compleretur.

1577 2207 1659 2245 Sub
1695 2206 2042 2257 praedestinatione
2079 2206 2186 2244 enim
2217 2213 2372 2244 aeterna
2404 2217 2487 2245 non
2513 2206 2650 2266 solum.

1575 2259 1676 2297 cadit
1703 2260 1743 2297 id
1770 2260 1879 2309 quod
1898 2267 1954 2296 est
1971 2259 2176 2297 fiendum
2167 2271 2207 2296 m
2225 2267 2412 2310 tempore,
2440 2258 2521 2297 sed
2525 2257 2647 2306 etiam
2671 2275 2679 2279 >

1576 2314 1719 2351 modus
1747 2320 1784 2350 et
1811 2313 1908 2350 ordo
1943 2312 2161 2350 secundum
2189 2312 2297 2361 quod
2317 2317 2335 2334 ²
2361 2319 2417 2349 est
2443 2311 2641 2363 comple-n,-

1576 2367 1674 2404 dum
1702 2379 1749 2403 ex
1775 2373 1962 2415 tempore.

1630 2420 1687 2456 AD
1723 2431 1858 2456 ramum
1891 2430 1990 2456 ERGO
2018 2429 2065 2455 Ετ
2092 2429 2282 2456 SECUNDUM
2318 2429 2502 2456 DICENDUM
2528 2403 2642 2471 quod

1577 2472 1743 2510 rationes
1771 2471 1854 2509 illae
1882 2470 2098 2521 procedunt
2125 2471 2173 2508 de
2200 2468 2558 2521 praedestinatione
2583 2473 2642 2514 se-

1577 2526 1752 2563 cundum
1779 2523 2135 2574 praedestinationis
2162 2531 2303 2561 actum.

1629 2579 1687 2615 AD
1719 2589 1878 2616 TERTmM
1911 2589 2093 2615 memnon
2123 2577 2255 2627 quod,
2291 2575 2322 2614 si
2351 2575 2525 2614 Christus
2559 2585 2651 2618 non.

1575 2631 1706 2668 fuisset
1724 2630 1994 2678 incarnandus,
2014 2630 2120 2667 Deus
2138 2629 2446 2680 praeordinasset
2462 2619 2644 2669 homines

1577 2684 1715 2722 salvari
1732 2696 1803 2734 per
1821 2683 1935 2721 aliam
1953 2695 2123 2720 causam.
2153 2682 2230 2720 Sed
2249 2682 2341 2732 quia
2358 2679 2644 2742 praeordinavit

1578 2736 1882 2774 incarnationem
1902 2735 2052 2783 Christi,
2083 2735 2197 2774 simul
2225 2747 2316 2773 curn
2343 2736 2420 2774 hoc
2446 2732 2643 2785 praeordi-

1578 2790 1683 2828 navit
1710 2797 1753 2827 ut
1780 2797 1879 2827 esset
1906 2801 2023 2827 causa
2050 2796 2202 2827 nostrae
2231 2787 2372 2827 salutis.

1134 3107 1471 3141 Commentaria
1494 3107 1746 3141 Cardinalis
1768 3107 1969 3141 Caietani

465 3195 628 3257 Txrurus
652 3186 770 3221 clarus,
795 3191 830 3216 ut
853 3187 942 3217 iacet.
959 3204 980 3210 -
1008 3187 1044 3217 In
1067 3197 1203 3227 corpore
1228 3193 1274 3218 est
1295 3188 1391 3218 unica
1414 3187 1592 3224 distinctio,
1617 3197 1692 3218 cum
1720 3187 1840 3229 duplici
1862 3187 2086 3224 conclusione,
2111 3188 2193 3219 sicut
2214 3187 2249 3218 in
2270 3185 2474 3228 praecedenti
2496 3185 2642 3218 articulo*-

523 3229 564 3259 Et
593 3230 667 3269 quia
690 3229 831 3259 similiter
854 3230 935 3260 clara
958 3235 1041 3266 sunt,
1066 3237 1328 3271 pertranseamus.
