2872 3970
879 269 1141 315 QUAESTIO
1171 269 1346 316 xxxw,
1376 269 1665 308 ART1CULUS
1694 271 1707 307 1

2305 271 2377 319 345

673 536 1082 613 QUAESTIO
1120 536 1914 614 TRIGEsnvtAoUARTA

603 664 693 704 DE
738 663 1227 705 PERFECTIONE
1274 664 1522 705 PROLIS
1570 665 1983 707 CONCEPTAE

994 787 1029 812 IN
1057 787 1228 817 QUATUOR
1255 787 1455 813 ARTICULOS
1482 788 1594 813 DIVISA

115 903 149 932 ‘⁴'
211 918 395 1003 Dmmm
409 906 733 944 considerandum
755 914 809 943 est
832 906 880 943 de
900 906 1128 955 perfectione
1151 905 1268 955 prolis
1293 904 1297 944 l

290 980 496 1022 conceptae
515 971 546 1009 *.

209 1040 258 1078 Et
282 1039 380 1076 circa
407 1039 483 1074 hoc
510 1045 748 1087 quaeruntur
774 1044 950 1086 quatuor.

259 1103 408 1143 Primo:
442 1111 573 1140 utrum
605 1103 645 1140 in
671 1102 798 1152 primo
826 1101 978 1139 instanti
1006 1101 1267 1151 conceptionis

313 1171 486 1209 Christus
513 1170 624 1207 fuerit
652 1169 906 1207 sanctificatus
933 1181 1002 1218 per
1028 1169 1198 1217 gratiam.

1377 907 1577 943 Secundo:
1614 915 1745 944 utrum
1780 907 1819 944 in
1853 908 1991 945 eodem
2020 909 2170 947 instanti
2208 911 2383 948 habuerit

1428 971 1544 996 usum
1572 959 1678 996 liberi
1706 960 1856 997 arbitrii.

1375 1012 1526 1070 Tertio:
1556 1019 1687 1049 utrum
1715 1012 1754 1048 in
1783 1013 1922 1050 eodem
1941 1013 2091 1051 instanti
2119 1016 2284 1064 potuerit
2303 1029 2382 1053 me-

1427 1076 1510 1100 rer1.

1375 1116 1539 1162 Quarto:
1570 1125 1700 1153 utrum
1729 1117 1767 1154 in
1796 1119 1933 1155 eodem
1955 1119 2105 1157 instanti
2133 1121 2243 1158 fuerit
2271 1123 2383 1170 plene

1429 1170 1741 1218 comprehensor.

1016 1303 1335 1346 ARTICULUS
1367 1303 1572 1345 PRIMUS

359 1405 516 1437 UTRUM
539 1404 752 1436 cnmsrus
775 1381 935 1435 FUERIT
959 1403 1305 1436 SANCT1F1CATus
1328 1403 1372 1434 nv
1395 1403 1529 1434 PRIMO
1555 1404 1758 1434 INSTANTI
1783 1404 1893 1436 SUAE
1918 1405 2238 1437 CONCEPTmNis

1050 1491 1081 1516 111
1101 1491 1185 1522 Sem„
1204 1491 1263 1517 dist.
1283 1499 1320 1521 111,
1340 1500 1383 1524 qu.
1403 1499 1426 1521 ν,
1447 1497 1493 1518 art.
1516 1491 1539 1517 3.

289 1608 299 1634 ,r
323 1632 326 1635 ,
360 1613 391 1619 r>
417 1602 439 1627 n
467 1602 602 1627 ptumum
630 1601 683 1626 S1c
711 1600 946 1626 PROCEDITUR.
976 1587 1138 1625 Videtur
1158 1589 1265 1647 quod

233 1628 426 1704 §532-
418 1642 592 1680 Christus
605 1654 686 1679 non
695 1641 807 1678 fuerit
817 1640 1094 1678 sanctificatus
1086 1653 1125 1677 m
1139 1641 1266 1700 primo

227 1688 382 1754 ,tjpr
354 1686 384 1738 ¹?
398 1694 567 1732 'instanti
587 1707 679 1732 suae
697 1693 969 1754 conceptionis.
997 1693 1144 1730 Dicitur
1163 1693 1267 1730 enim

227 1742 357 1786 15⁵⁴}ss
373 1741 404 1783 K*
417 1749 431 1784 1
445 1749 532 1785 Cor.
548 1747 642 1784 xv*:
658 1748 748 1784 Non
762 1749 870 1796 prius
889 1747 988 1795 quod
1002 1748 1191 1795 spirituale
1204 1752 1265 1792 est,

115 1782 156 1847 ἡ,
205 1796 271 1839 sed
287 1801 386 1851 quod
401 1800 583 1838 animale.-
601 1800 731 1836 deinde
749 1799 848 1849 quod
863 1799 1062 1848 spirituale.
1087 1799 1162 1836 Sed
1182 1811 1267 1836 san-

207 1852 381 1892 ctificatio
409 1852 547 1901 gratiae
574 1851 735 1911 pertinet
762 1852 811 1888 ad
835 1850 1144 1910 spiritualitatem.
1174 1852 1268 1888 Non

207 1917 296 1955 ergo
325 1905 449 1943 statim
481 1918 504 1942 a
530 1904 717 1964 principio
746 1916 838 1941 suae
865 1903 1125 1953 conceptionis
1159 1903 1267 1940 Chri-

109 1943 152 2013 ᾗ,
208 1966 287 1996 stus
320 1957 488 2008 percepit
521 1957 679 2006 gratiam
714 1956 1039 2004 sanctificationis,
1078 1957 1145 1993 sed
1181 1964 1268 2005 post

208 2011 363 2062 aliquod
391 2010 557 2060 spatium
585 2009 779 2059 temporis.

261 2075 296 2101 2.
325 2065 555 2107 PRAETEREA,
585 2062 829 2100 sanctificatio
858 2062 1010 2099 videtur
1028 2074 1109 2099 esse
1138 2074 1160 2099 a
1178 2074 1267 2111 pec-

208 2124 307 2155 cato:
337 2116 552 2153 secundum
579 2115 672 2152 illud
699 2116 714 2151 I
737 2116 823 2152 Cor.
844 2127 879 2151 Vl
897 2114 934 2151 ²¹⁴:
963 2116 1011 2152 Et
1032 2116 1103 2151 hoc
1122 2115 1267 2164 quidem

45 2175 71 2217 {J
140 2199 141 2202 ¹
197 2169 323 2219 sualmis
355 2169 574 2218 aliquando,
611 2167 749 2205 scilicet
783 2175 1022 2216 peccatoreS‚
1057 2167 1122 2204 sed
1155 2168 1269 2204 abluti

207 2223 299 2269 estis,
316 2222 382 2259 sed
397 2223 617 2264 sanctificati
629 2222 720 2257 estis.
743 2220 818 2257 Sed
838 2219 877 2256 in
893 2219 1044 2256 Christo
1064 2231 1267 2268 nunquam

207 2274 276 2316 fuit
293 2282 506 2325 peccatum.
536 2274 637 2322 Ergo
657 2285 737 2310 non
756 2272 936 2310 convenit
954 2272 1024 2309 sibi
1043 2271 1268 2309 sanctificari

259 2339 277 2364 r
368 2326 472 2364 tiam.

207 2338 298 2417 pe3.
302 2338 557 2426 ΒΤΙξΒΑΕτΕκΕΑ,
577 2378 673 2415 sicut
690 2390 760 2427 per
778 2378 951 2415 Verbum
970 2377 1042 2415 Dei
1061 2379 1188 2415 omnia
1201 2379 1268 2426 fa-

176 2456 184 2469 ,
209 2437 266 2471 cta
283 2438 409 2480 sunt,
378 2432 398 2454 ’¹‘
424 2432 475 2469 ita
492 2444 562 2481 per
575 2431 750 2468 Verbum
764 2431 1004 2468 incarnatum
1024 2439 1112 2468 sunt
1131 2443 1268 2468 omnes

209 2480 386 2523 homines
413 2483 633 2522 sanctificati
661 2484 728 2534 qui
750 2483 1049 2521 sanctificantur·
1078 2485 1177 2521 Heh.
1194 2496 1214 2520 11
1228 2483 1266 2520 *z

131 2534 135 2538 ⁴
154 2550 177 2590 1²4:
214 2537 288 2581 Qui
302 2543 418 2575 sanct
406 2539 506 2586 ficat
533 2543 576 2574 et
585 2539 648 2586 qui
662 2538 940 2585 sanctificantur
967 2549 1016 2573 ex
1034 2549 1108 2573 uno
1128 2549 1266 2573 omnes.

144 2599 168 2606 ¹„
211 2590 287 2636 Sed
313 2591 473 2629 Verbum
491 2591 574 2636 Dei,
598 2602 670 2639 per
689 2590 788 2639 quod
802 2590 913 2637 facta
931 2595 1014 2626 sunt
1033 2591 1171 2636 omnia,
1193 2602 1267 2626 non

118 2625 135 2707 ζ
153 2640 186 2682 f·
210 2650 260 2683 est
276 2643 447 2692 sactum.-
481 2650 523 2680 ut
550 2642 786 2692 Augustinus
814 2641 924 2689 dicit,
953 2642 992 2678 in
1019 2643 1034 2679 I
1058 2642 1103 2678 de
1127 2644 1228 2679 Trin.
1249 2642 1269 2664 '1‘

210 2697 311 2744 Ergo
340 2695 529 2743 Christus,
557 2707 627 2744 per
655 2707 774 2744 quem
805 2694 1088 2742 sanctificantur
1119 2706 1267 2742 omnes,

58 2745 62 2751 ’
126 2759 159 2802 ,ᾗ
210 2760 291 2795 non
317 2755 373 2786 est
400 2747 665 2786 sanctificatus

264 2801 336 2840 SED
365 2813 509 2839 CONTRA
536 2813 601 2838 EST
633 2801 740 2850 quod
767 2800 904 2838 dicitur
930 2801 1025 2837 Luc.
1047 2812 1056 2837 1
1081 2800 1120 2837 *ε
1161 2802 1271 2843 Quod

210 2866 259 2892 ex
283 2860 318 2891 te
345 2859 514 2892 nascetur
539 2859 720 2899 sanctum,
747 2853 939 2891 vocabitur
966 2853 1082 2890 Filius
1109 2854 1190 2890 Dei.
1221 2854 1269 2891 Et

210 2907 313 2944 Ioan.
331 2919 356 2943 x
378 2906 413 2944 *z
456 2907 574 2950 Quem
608 2907 720 2943 Pater
754 2908 994 2955 sanctificavit
1030 2911 1062 2942 et
1099 2907 1194 2943 misit
1231 2908 1267 2942 in

211 2959 401 2997 mundum.

262 3013 485 3050 RESPONDEO
509 3023 688 3060 nlcENDuM
708 3011 826 3060 quod,
842 3010 938 3047 sicut
957 3022 1072 3059 supra
1084 3010 1105 3032 ’¹‘
1123 3010 1268 3047 dictum

53 3064 76 3073 “’
155 3102 159 3107 ,
211 3071 277 3111 est,
295 3062 529 3101 abundantia
542 3063 680 3112 gratiae
695 3063 960 3101 sanctificantis
975 3062 1146 3100 animam
1161 3063 1269 3100 Chri-

212 3116 256 3154 sti
284 3115 480 3154 derivatur
515 3128 563 3152 ex
594 3115 677 3164 ipsa
702 3115 819 3153 Verbi
851 3115 1014 3152 unione:
1054 3116 1269 3152 secundum

212 3168 312 3212 illud
330 3167 520 3207 Ioan.1*:
558 3169 721 3205 Vidimus
747 3169 911 3218 gloriam
939 3169 1015 3204 eius
1048 3170 1154 3216 quasi
1183 3169 1268 3206 Uni-

211 3222 327 3273 geniti
352 3234 376 3258 a
394 3222 516 3266 Patre,
539 3220 694 3270 plenum
717 3222 864 3270 gratiae
882 3226 915 3256 et
932 3221 1102 3257 veritatis.
1133 3220 1269 3257 Osten-

137 3283 189 3322 m·
213 3285 301 3311 sum
328 3281 383 3311 est
410 3281 539 3311 autem
568 3285 684 3322 supra
706 3272 726 3294 *
763 3273 870 3322 quod
897 3272 937 3309 in
964 3272 1090 3321 primo
1119 3271 1270 3309 instanti

214 3325 491 3376 conceptionis·
508 3337 649 3375 corpus
678 3325 814 3362 Christi
844 3324 1058 3362 animatum
1084 3324 1152 3361 fuit
1185 3332 1220 3361 et
1248 3337 1271 3361 a

213 3378 341 3416 Verbo
355 3378 427 3416 Dei
442 3386 695 3437 assumptum.
713 3378 824 3415 Unde
839 3389 1079 3426 consequens
1094 3385 1150 3413 est
1164 3377 1270 3425 quod

215 3428 254 3467 in
271 3430 397 3480 primo
416 3430 567 3468 instanti
586 3430 845 3480 conceptionis
865 3429 1018 3466 Chritus
1042 3429 1174 3466 habuit
1192 3430 1270 3478 ple-

269 3561 297 3596 α)
316 3563 438 3595 negative
455 3563 496 3588 vel
511 3563 652 3595 privatiue.
663 3576 683 3582 ·-
696 3562 780 3587 DEFa
799 3567 824 3587 et
843 3563 929 3593 tertIa;
949 3566 1061 3595 negante
1080 3563 1120 3587 vel
1133 3562 1270 3594 privante.

356 3615 463 3640 Sumus
481 3615 582 3641 Tutor..
600 3616 632 3641 D.
646 3615 760 3640 Taunus
778 3615 810 3641 T.
827 3615 892 3641 VIII.

1321 1588 1535 1627 nitudinem
1563 1588 1703 1636 gratiae
1739 1589 2006 1627 sanctificantis
2035 1590 2205 1628 animam
2238 1599 2274 1628 et
2302 1604 2383 1630 cor-

1320 1653 1394 1690 pus
1423 1641 1516 1678 eius.

1373 1695 1431 1730 An
1459 1706 1594 1732 PRIMUM
1614 1707 1712 1732 ERGO
1731 1707 1913 1732 DICENDUM
1942 1696 2049 1745 quod
2061 1696 2128 1734 ille
2149 1697 2245 1733 ordo
2265 1709 2384 1746 quem

1320 1746 1429 1795 ponit
1457 1747 1508 1783 ibi
1527 1748 1745 1796 Apostolus,
1766 1748 1927 1796 pertinet
1946 1749 1994 1785 ad
2014 1760 2082 1785 eos
2110 1749 2176 1797 qui
2203 1761 2273 1797 per
2296 1762 2384 1798 pro-

1320 1799 1463 1836 fectum
1482 1800 1530 1836 ad
1551 1799 1785 1848 spiritualem
1808 1808 1948 1837 statum
1966 1801 2206 1849 perveniunt.
2237 1803 2279 1838 In
2302 1815 2384 1851 my-

1321 1851 1434 1888 sterio
1463 1859 1594 1888 autem
1612 1851 1882 1889 incarnationis
1901 1853 2021 1901 magis
2041 1853 2302 1890 consideratur
2322 1855 2385 1891 de-

1321 1916 1477 1941 scensus
1512 1904 1665 1941 divinae
1693 1905 1938 1954 plenitudinis
1971 1906 2010 1942 in
2042 1914 2220 1943 naturam
2248 1908 2385 1944 huma—

1322 1969 1431 2004 nam,
1469 1969 1588 2007 quam
1619 1958 1811 2006 profectus
1840 1959 2034 1995 humanae
2070 1966 2245 2006 naturae,
2276 1960 2385 2008 quasi

1321 2010 1616 2058 praeexistentis,
1637 2010 1676 2047 in
1695 2011 1836 2047 Deum.
1864 2012 1912 2048 Et
1931 2011 2018 2048 ideo
2038 2011 2077 2047 in
2098 2012 2255 2048 homine
2277 2012 2385 2049 Chri-

1321 2070 1379 2099 sto
1408 2075 1431 2100 a
1457 2062 1645 2112 principio
1673 2063 1742 2099 fuit
1769 2063 1933 2112 perfecta
1961 2063 2210 2113 spiritualitas.
2262 2074 2265 2077 ⁴

1373 2116 1431 2151 AD
1451 2127 1640 2153 SECUNDUM
1658 2128 1839 2153 D1CENDUM
1868 2117 1974 2165 quod
1995 2116 2219 2154 sanctificari
2248 2125 2302 2154 est
2322 2118 2385 2155 ali-

1321 2167 1420 2216 quid*
1431 2169 1527 2216 fieri
1551 2174 1730 2204 sanctum.
1761 2168 1820 2205 Fit
1846 2177 1975 2205 autem
1995 2169 2139 2218 aliquid
2158 2182 2238 2206 non
2258 2172 2385 2207 solum

1321 2232 1367 2257 ex
1382 2220 1584 2263 contrario,
1605 2221 1672 2257 sed
1692 2220 1806 2257 etiam
1826 2234 1872 2258 ex
1891 2221 2064 2269 negative
2084 2223 2145 2258 vel
2164 2222 2350 2271 privative
2368 2229 2384 2244 α

1322 2273 1517 2323 opposito:
1548 2273 1643 2309 sicut
1671 2274 1803 2310 album
1830 2273 1874 2310 fit
1902 2286 1947 2311 ex
1975 2274 2100 2322 nigro,
2131 2282 2166 2311 et
2195 2275 2310 2312 etiam
2338 2288 2383 2312 ex

1321 2338 1401 2362 non
1425 2326 1523 2363 albo.
1553 2326 1637 2362 Nos
1665 2333 1792 2362 autem
1823 2338 1869 2363 ex
1895 2326 2160 2375 peccatoribus
2189 2328 2306 2364 sancti
2334 2328 2384 2365 ef-

1321 2378 1494 2416 ficimur:
1525 2386 1561 2415 et
1581 2378 1631 2415 ita
1659 2378 1905 2416 sanctificatio
1925 2386 2055 2416 nostra
2073 2387 2128 2416 est
2148 2392 2194 2416 ex
2212 2388 2382 2429 peccato.

1322 2431 1399 2470 Sed
1429 2431 1601 2468 Christus
1629 2430 1805 2480 quidem,
1835 2432 2051 2468 secundum
2079 2431 2302 2479 hominem,
2331 2434 2383 2470 fa-

1322 2492 1404 2522 ctus
1432 2492 1487 2521 est
1515 2492 1685 2530 sanctus,
1723 2483 1814 2533 quia
1850 2485 1950 2521 hanc
1981 2483 2120 2532 gratiae
2149 2484 2383 2522 sanctitatem

1322 2549 1402 2574 non
1431 2549 1583 2586 semper
1610 2536 1764 2574 habuit:
1803 2548 1883 2573 non
1911 2544 2040 2574 tamen
2072 2538 2191 2574 factus
2209 2545 2274 2574 ·est
2302 2550 2383 2575 san-

1322 2597 1404 2627 ctus
1433 2602 1479 2627 ex
1498 2597 1708 2638 peccatore,
1739 2589 1830 2638 quia
1857 2597 2057 2638 peccatum
2086 2602 2289 2639 nunquam
2317 2591 2383 2627 ha-

1321 2642 1423 2688 buit3
1453 2642 1521 2679 sed
1543 2643 1662 2679 factus
1681 2650 1736 2678 est
1755 2650 1907 2679 sanctus
1926 2654 1972 2679 ex
1991 2654 2071 2679 non
2090 2650 2220 2679 sancto
2249 2655 2383 2680 secun-

1322 2695 1416 2732 dum
1446 2695 1665 2740 hominem,
1695 2707 1775 2731 non
1803 2694 1962 2743 quidem
1989 2695 2190 2743 privative,
2221 2702 2262 2732 ut
2290 2695 2384 2732 scili-

1321 2755 1380 2784 cet
1407 2747 1614 2797 aliquando
1643 2747 1753 2784 fuerit
1779 2748 1899 2785 homo
1929 2755 1964 2784 et
1983 2759 2063 2784 non
2089 2747 2199 2784 fuerit
2218 2755 2382 2795 sanctus,

1322 2801 1389 2837 sed
1409 2800 1592 2848 negative,
1611 2799 1703 2849 quia
1722 2800 1869 2846 scilicet,
1886 2800 2043 2848 quando
2063 2812 2143 2836 non
2162 2800 2231 2836 fuit
2250 2801 2382 2847 homo,

1322 2865 1402 2890 non
1430 2853 1564 2890 habuit
1587 2852 1822 2889 sanctitatem
1842 2853 2066 2888 humanam.
2096 2853 2144 2889 Et
2163 2852 2249 2889 ideo
2270 2852 2384 2890 simul

1321 2906 1440 2943 factus
1458 2905 1526 2942 fuit
1553 2906 1673 2942 homo
1705 2912 1741 2940 et
1760 2912 1911 2942 sanctus
1931 2905 2063 2941 homo.
2094 2906 2254 2954 Propter
2277 2906 2383 2955 quod

1322 2959 1489 3006 Angelus
1517 2957 1619 3003 dixit,
1648 2958 1742 2993 Luc.
1764 2957 1826 2993 1²¹³:
1862 2957 1972 2999 Quod
1991 2963 2161 2994 nascetur
2185 2970 2235 2995 ex
2252 2963 2286 2995 te
2302 2971 2384 2996 san-

1323 3017 1431 3047 ctum.
1462 3010 1579 3056 Quod
1609 3021 1804 3058 exponens
1824 3009 2040 3057 Gregorius,
2066 3011 2183 3046 XVIII
2201 3012 2343 3048 Moral.
2352 3011 2382 3058 ²¹²,

1322 3062 1428 3099 dicit:
1467 3063 1529 3099 Ad
1559 3062 1823 3098 distinctionem
1853 3068 1999 3098 nostrae
2032 3064 2249 3110 sanctitatis,
2282 3065 2385 3101 Iesus

1321 3121 1467 3152 sanctus
1495 3116 1699 3151 nasciturus
1727 3116 1911 3151 asseertur
1940 3115 2023 3151 Nos
2049 3117 2192 3176 quippe,
2220 3117 2254 3152 si
2268 3119 2388 3153 sancti

1323 3168 1518 3215 efficimur,
1549 3179 1622 3203 non
1649 3173 1771 3203 tamen
1792 3168 1998 3204 nascimur.-
2026 3169 2111 3217 quia
2130 3170 2209 3218 ipsa
2229 3175 2386 3206 naturae

1322 3219 1566 3268 corruptibilis
1593 3219 1800 3256 conditione
1827 3222 2129 3281 constringimur.
2166 3221 2235 3258 Ille
2262 3228 2384 3259 autem

1322 3272 1420 3308 solus
1446 3273 1627 3309 veraciter
1652 3278 1798 3309 sanctus
1826 3278 1932 3309 natus
1960 3278 2029 3319 est,
2067 3275 2129 3323 qui
2159 3286 2208 3310 ex
2235 3276 2384 3312 coniun-

1323 3326 1441 3361 ctione
1468 3325 1630 3361 carnalis
1657 3325 1825 3374 copulae,
1839 3332 2034 3375 conceptus
2062 3339 2135 3363 non
2166 3333 2225 3363 est.

1377 3378 1433 3413 An
1452 3388 1609 3414 TERTlUM
1628 3388 1808 3414 DtanDUM
1829 3378 1935 3426 quod
1954 3378 2059 3415 aliter
2076 3386 2255 3428 operatur
2274 3380 2385 3417 Pater

1325 3428 1555 3466 creationem
1575 3440 1704 3467 rerum
1731 3442 1800 3479 per
1818 3430 1969 3479 Filium,
1999 3431 2104 3468 aliter
2122 3439 2200 3468 tota
2218 3431 2384 3470 Trinitas

2413 3012 2473 3034 ·Cf.
2487 3018 2535 3040 arg.
2549 3013 2598 3035 Sed

2412 3044 2454 3060 eno
2440 3040 2503 3060 ntra.

2413 3066 2422 3076 ⁸
2436 3064 2493 3092 Cap.
2507 3071 2548 3095 μι,

2411 3097 2485 3112 xxvn·
2507 3097 2530 3112 nn
2550 3098 2564 3112 v

2412 3107 2485 3139 xxxxxx
