2872 3970
288 596 298 607 ⁴
312 595 379 616 Vers.
392 601 412 623 3.

298 2420 308 2429 ⁴
317 2419 382 2440 Vei-s.
393 2425 413 2447 3,
424 2418 461 2439 6,-
469 2417 505 2439 ef.

296 2446 370 2467 Exod.
383 2452 432 2472 cap.
443 2451 507 2471 xxix,

296 2473 390 2500 vers.38;
398 2472 505 2498 Dameap.

296 2504 411 2524 viius-ers.
422 2505 443 2520 ιι
456 2504 506 2525 sqq

298 2527 307 2536 ·
322 2525 386 2547 Vcrs.
402 2531 435 2552 29.

300 2686 309 2695 ⁵
324 2685 389 2706 Vers.
405 2691 429 2706 22
444 2691 494 2712 sqq.

301 2736 309 2744 ⁸
324 2735 374 2755 Art.
391 2742 409 2755 ι.

301 2842 398 2863 muca
401 2843 451 2867 tat„
460 2846 485 2862 ca
487 2847 509 2868 p

302 2874 332 2891 Ν
399 2875 441 2894 ·4
457 2874 475 2895 5

302 2875 374 2946 ’Adz
375 2899 406 2946 Rro
393 2905 446 2946 osni,
460 2904 508 2924 cap.

301 2926 347 2951 vm
401 2932 418 2946 s.
434 2932 456 2951 4.

305 3153 314 3162 ’“
329 3152 393 3173 Vcrs.
410 3153 423 3173 6
438 3159 487 3180 sqq.

529 302 603 349 378

526 431 769 470 cumcisionis
798 430 957 467 nomina
984 428 1113 478 pueris
1142 428 1448 476 imponerentur,
1478 423 1588 473 quasi

526 494 611 523 ante
640 483 971 522 circumcisionem
999 482 1209 531 perfectum
1229 491 1311 515 esse
1339 489 1419 514 non
1442 477 1587 513 habue-

527 539 614 575 rint:
640 538 735 574 sicut
755 536 868 574 etiarn
888 546 991 571 nunc
1010 533 1139 583 pueris
1159 532 1195 568 in
1217 530 1408 579 baptismo
1429 529 1589 566 nomina

526 591 789 640 imponuntur.
818 588 928 625 Unde
948 598 1064 635 super
1082 585 1173 622 illud
1192 585 1368 621 Proverb.
1390 595 1424 619 ιν
1442 582 1474 628 *,
1502 583 1587 631 Ego

515 644 622 692 filius
639 644 706 691 fui
729 643 844 691 patris
872 642 955 686 mei,
984 639 1135 676 tenellus
1162 643 1195 673 et
1223 637 1432 685 unigenitus
1460 646 1589 671 coram

1196 730 1534 764 Commentario.
1555 728 1810 761 Cardinalis
1831 728 2034 761 Caietani

586 827 692 848 ιτυιυε
724 817 834 847 clarus.
863 833 887 837 -
916 814 951 844 In
984 822 1119 853 corpore
1145 811 1258 852 triplex
1285 810 1364 840 ratio
1398 808 1616 850 imponendi
1611 811 1615 830 ¹
1640 808 1673 838 in
1689 808 1897 848 singularium
1920 808 2123 846 nominibus3
2146 809 2285 845 tertium,
2301 809 2335 840 in
2349 808 2536 849 ιιοιιιίιιὼιιῖι
2558 798 2709 857 divin&
2834 800 2838 846 Ξ

1640 852 1808 892 impositis.
2679 843 2709 872 ..t
2747 851 2778 883 ,3
2835 868 2838 879 Ι

529 830 718 892 Tnomina
741 859 891 895 refertur3
916 857 1030 888 deinde
1054 854 1264 896 respondetur
1288 854 1443 894 quaesito.

581 906 720 935 Nomina
754 903 871 934 debent
903 901 1028 941 imponi
1060 911 1077 930 a
1107 899 1354 939 proprietatibus
1384 906 1506 932 rerum;
1537 896 1588 926 vel

526 945 1048 989 imponunturacircumstantibus
1065 942 1328 983 quomodolibet3
1345 941 1395 972 vel
1411 939 1589 980 significant
1644 949 1759 970 nomen
1785 938 1905 970 Christi
1928 938 2028 976 Iesus,
2053 939 2134 971 idest
2155 940 2318 972 Salvator.
2342 940 2428 979 Quia
2444 940 2506 972 fuit
2518 941 2761 984 immg

527 992 656 1032 aliquod
679 992 851 1032 gratuitum
875 989 999 1020 donum
1030 988 1180 1018 divinitus
1203 987 1263 1016 illis
1294 985 1413 1016 datum.
1446 985 1589 1015 Primum

527 1036 722 1067 declaratur
715 1045 748 1065 in
764 1034 948 1065 nominibus
971 1041 1125 1072 generum
1138 1037 1169 1061 et
1181 1031 1376 1071 specierum;
1401 1028 1589 1063 secundum,

1326 1179 1645 1224 ARTICULUS
1675 1179 1905 1223 TERTIUS

894 1269 1052 1301 urRUM
1077 1267 1421 1299 CONVENIENTER
1445 1265 1605 1297 FUERIT
1630 1265 1844 1296 3Ηιιι5τυ5
1867 1265 1911 1296 IN
1935 1264 2114 1296 TEMPLO
2139 1265 2341 1296 OBLATUS

611 1391 621 1405 ,
645 1382 695 1408 st<
721 1371 760 1396 D
781 1368 941 1394 TERTltJM
965 1368 1017 1392 s1c
1036 1367 1271 1393 PROCEDITUR.
1301 1354 1462 1391 Videtur
1481 1353 1589 1402 quod

579 1403 587 1410 ’
651 1405 672 1421 ⁴¹
675 1404 697 1421 ⁷
661 1422 715 1466 {fg
739 1408 1054 1448 inconvenienter
1080 1407 1191 1445 fuerit
1214 1406 1387 1444 Christus
1413 1406 1452 1443 in
1471 1407 1589 1443 Tem-

695 1463 802 1514 plo
831 1462 991 1499 oblatus.
1022 1460 1168 1498 Dicitur
1196 1460 1300 1497 enim
1327 1458 1587 1496 Exod.xi11*:

580 1539 582 1543 «
614 1539 621 1542 -
638 1510 652 1521 “
694 1485 727 1553 X
741 1517 938 1563 Sanctifica
957 1515 1049 1550 mihi
1066 1526 1176 1551 omne
1184 1514 1477 1563 primogenitum
1493 1511 1592 1561 quod

527 1571 645 1619 aperit
672 1570 820 1607 vulvam
849 1570 886 1604 in
903 1567 998 1615 filiis
1025 1567 1154 1603 Israel.
1187 1566 1262 1603 Sed
1284 1564 1456 1602 Christus
1477 1563 1591 1602 exivit

528 1623 575 1659 de
605 1623 734 1658 clauso
762 1620 926 1668 Virginis
954 1627 1083 1656 utero:
1123 1627 1158 1655 et
1186 1619 1236 1655 ita
1273 1617 1402 1655 matris
1430 1618 1591 1654 vulvam

529 1687 609 1712 non
637 1673 795 1734 aperuit.
825 1674 927 1721 Ergo
957 1672 1130 1710 Christus
1158 1685 1204 1709 ex
1226 1672 1298 1708 hac
1317 1672 1398 1718 lege
1426 1682 1506 1707 non
1526 1670 1590 1707 de-

528 1727 610 1765 buit
637 1727 676 1764 in
705 1727 871 1775 Templo
901 1724 1039 1762 offerri.

585 1792 619 1816 2.
649 1781 879 1823 ΡιιΑΕτΕιιΕΑ,
909 1777 1002 1815 illud
1021 1777 1128 1826 quod
1148 1785 1203 1813 est
1231 1788 1384 1825 semper
1410 1787 1592 1825 praesens

531 1833 653 1878 alicui,
683 1844 763 1868 non
790 1839 914 1880 potest
938 1830 972 1866 ei
990 1829 1233 1878 praesentari.
1265 1829 1341 1866 Sed
1362 1828 1501 1865 Christi
1520 1828 1591 1864 hu-

532 1885 694 1923 manitas
722 1895 875 1932 semper
901 1883 970 1920 fuit
998 1883 1082 1919 Deo
1110 1882 1277 1918 maxime
1305 1893 1505 1930 praesens,
1535 1888 1592 1916 ut-

531 1946 620 1987 pote
649 1937 683 1974 ei
711 1948 863 1985 semper
883 1941 899 1957 ‘²
927 1934 1132 1972 coniuncta
1159 1934 1198 1970 in
1218 1933 1360 1970 unitate
1392 1945 1590 1982 personae.

533 1992 633 2038 Ergo
653 2002 733 2026 non
753 1988 921 2037 oportuit
940 1988 1047 2037 quod
1066 2000 1194 2024 coram
1216 1987 1377 2023 Domino
1396 1987 1591 2022 sisteretur.

588 2044 621 2079 3.
651 2044 889 2087 PRAETEREA,
921 2040 1093 2077 Christus
1121 2047 1176 2076 est
1203 2039 1327 2075 hostia
1354 2038 1592 2087 principalis,

533 2096 582 2133 ad
610 2107 728 2144 quam
757 2106 892 2131 omnes
920 2093 1065 2130 hostiae
1093 2091 1230 2129 veteris
1259 2091 1348 2140 legis
1380 2091 1594 2128 referuntur

533 2148 628 2185 sicut
655 2148 778 2195 figura
806 2147 854 2183 ad
882 2146 1090 2183 veritatem.
1122 2145 1195 2182 Sed
1217 2144 1363 2181 hostiae
1382 2156 1462 2180 non
1481 2144 1595 2180 debet

534 2213 614 2239 esse
643 2200 715 2237 alia
738 2199 872 2236 hostia.
902 2200 1004 2247 Ergo
1023 2210 1103 2235 non
1122 2197 1191 2234 fuit
1209 2196 1444 2234 conveniens
1463 2204 1505 2234 ut
1523 2208 1595 2246 pro

535 2253 685 2291 Christo
714 2252 786 2289 alia
813 2251 937 2288 hostia
965 2251 1176 2288 offerretur.

586 2318 622 2353 4.
652 2307 890 2351 PRAETEREA,
921 2304 1017 2341 inter
1050 2304 1186 2351 legales
1220 2302 1362 2339 hostias
1389 2302 1596 2351 praecipue

532 2359 601 2397 fuit
628 2371 759 2406 agnus.
789 2357 856 2406 qui
884 2365 962 2394 erat
990 2359 1078 2406 iuge
1103 2357 1341 2403 sacrificium,
1365 2363 1408 2392 ut
1435 2355 1598 2392 habetur

533 2413 648 2450 Num.
661 2423 766 2448 xxvm
780 2410 810 2447 ²¹⁶.
831 2410 942 2447 Unde
962 2409 1074 2446 etiam
1098 2408 1270 2446 Christus
1297 2407 1435 2445 dicitur
1452 2409 1596 2456 Agnus,

533 2467 636 2502 Ioan.
657 2464 722 2501 1²⁸:
752 2465 850 2500 Ecce
875 2464 1010 2513 Agnus
1035 2464 1117 2499 Dei.
1147 2461 1270 2509 Magis
1294 2473 1383 2509 ergo
1411 2460 1480 2498 fuit
1507 2473 1598 2498 con-

533 2517 692 2555 veniens
720 2517 826 2565 quod
846 2528 916 2565 pro
939 2515 1089 2552 Christo
1110 2515 1311 2551 offerretur
1330 2525 1451 2561 agnus
1479 2526 1596 2563 quam

529 2583 606 2621 par
631 2576 815 2607 turturum
844 2570 901 2606 vel
928 2569 1000 2605 duo
1022 2568 1119 2618 pulli
1145 2568 1416 2604 columbarum.

589 2624 662 2660 SED
697 2635 731 2659 IN
760 2633 990 2659 (ῑοΝτιιΑιιιυΜ
1026 2633 1091 2658 EST
1123 2620 1325 2657 auctoritas
1361 2619 1597 2670 Scripturae,

535 2688 634 2725 quae
663 2676 738 2712 hoc
766 2675 908 2712 factum
937 2686 1018 2711 esse
1046 2681 1212 2720 testatur,
1242 2674 1336 2710 Luc.
1358 2685 1379 2710 11
1397 2672 1428 2709 ³³².

588 2730 812 2766 REsponzo
841 2739 1022 2764 DICENDUM
1050 2727 1168 2776 quod,
1198 2726 1294 2763 sicut
1321 2725 1467 2763 dictum
1493 2733 1548 2762 est
1566 2725 1598 2772 ²⁵2

537 2781 709 2819 Christus
737 2780 858 2818 voluit
884 2782 951 2817 sub
979 2781 1062 2830 lege
1078 2781 1183 2828 fieri,
1207 2785 1244 2816 ut
1264 2791 1325 2816 eos
1353 2780 1415 2828 qui
1430 2780 1498 2816 sub
1517 2779 1601 2828 lege

537 2840 642 2871 erant
675 2834 868 2871 redimeret
886 2833 917 2879 ³¹²,
947 2841 983 2870 et
1017 2839 1054 2870 ut
1086 2834 1290 2881 iustificatio
1323 2832 1416 2881 legis
1447 2831 1485 2868 in
1522 2831 1599 2868 suis

537 2887 720 2924 membris
749 2886 987 2935 spiritualiter
1015 2886 1228 2935 impleretur
1245 2885 1276 2922 ²¹⁶.
1310 2885 1368 2922 De
1396 2885 1504 2934 prole
1532 2897 1598 2921 au-

537 2948 615 2977 tem
649 2947 738 2977 nata
774 2939 915 2988 duplex
949 2946 1198 2988 praeceptum
1233 2938 1272 2975 in
1307 2939 1387 2986 lege
1427 2936 1597 2975 traditur.

537 2994 670 3031 Unum
698 2992 856 3042 quidem
884 2993 1057 3040 generale
1086 2999 1276 3041 quantum
1304 2991 1352 3028 ad
1373 3002 1527 3028 omnes:
1557 2998 1599 3027 ut

538 3045 695 3091 scilicet,
735 3044 931 3094 completis
966 3045 1102 3082 diebus
1136 3043 1412 3093 purificationis
1447 3042 1597 3089 matris,

539 3099 739 3135 offerretur
766 3097 995 3135 sacrificium
1024 3109 1094 3146 pro
1123 3097 1202 3134 filio
1231 3097 1311 3134 sive
1339 3108 1410 3146 pro
1438 3095 1528 3143 filia,
1557 3104 1599 3133 ut

540 3151 701 3188 habetur
728 3152 841 3188 Levit.
862 3150 956 3187 xt1*.
1000 3151 1047 3187 Et
1074 3151 1150 3187 hoc
1177 3149 1333 3199 quidem
1369 3148 1599 3186 sacrificium

540 3211 618 3240 erat
650 3211 685 3240 et
718 3203 766 3240 ad
794 3202 1050 3251 expiationem
1085 3202 1249 3251 peccati,
1282 3202 1322 3239 in
1356 3214 1435 3251 quo
1472 3203 1599 3251 proles

541 3264 618 3293 erat
646 3263 830 3304 concepta
858 3262 894 3292 et
921 3262 1026 3292 nata:
1066 3263 1101 3291 et
1129 3254 1243 3292 etiam
1271 3255 1319 3292 ad
1348 3254 1599 3292 consecratio-

542 3321 631 3345 nem
659 3308 855 3357 quandam
875 3307 1002 3355 ipsius,
1032 3307 1122 3356 quia
1149 3315 1241 3345 tunc
1267 3308 1394 3357 primo
1422 3319 1600 3356 praesen-

542 3361 691 3398 tabatur
718 3360 757 3397 in
785 3361 964 3409 Templo.
1008 3360 1055 3396 Et
1083 3359 1169 3397 ideo
1198 3359 1341 3409 aliquid
1370 3361 1602 3398 offerebatur

544 3412 581 3449 in
611 3414 890 3459 holocaustum,
920 3420 955 3449 et
983 3411 1125 3460 aliquid
1153 3424 1223 3461 pro
1252 3420 1418 3461 peccato.

599 3525 626 3557 α)
644 3532 752 3557 semper.
771 3541 791 3544 -
809 3526 869 3551 Om.
889 3525 969 3550 tertia.

600 3558 624 3592 β)
644 3559 678 3585 in.
696 3561 847 3593 -filr'orum
866 3561 885 3585 F
905 3566 931 3586 et
948 3560 1029 3585 tertia.

600 3595 625 3627 γ)
642 3595 842 3628 primogenitus.
859 3611 878 3615 -
897 3595 973 3628 quasi
988 3594 1185 3628 primogenitus
1205 3595 1284 3620 tertia.

1175 293 1438 342 QUAESTIO
1468 293 1660 340 XXXVII,
1689 292 1981 330 ARTICULUS
2009 293 2055 329 III

526 381 613 418 ideo
633 379 738 429 apud
752 379 912 415 Iudaeos
932 383 1161 414 consuetum
1181 382 1260 411 erat
1279 381 1320 410 ut
1340 373 1423 422 ipso
1443 372 1504 409 die
1520 371 1586 408 cir·
1611 371 1615 411 1
1640 377 1760 408 matre
1777 383 1873 418 mea,
1894 371 1984 408 dicit
2003 371 2140 408 Glossa
2157 370 2194 407 ³¹⁸:
2229 372 2356 414 Quare
2373 371 2550 410 Salomon
2568 383 2608 409 se
2626 374 2704 409 uni·
2733 381 2743 391 ·
2762 385 2771 398 ·

1639 425 1807 473 genitum
1834 435 1964 461 coram
1992 429 2112 461 matre
2138 429 2256 469 vocat,
2286 436 2394 473 quem
2412 424 2579 485 fratrem
2597 427 2704 462 uteri-

1641 541 1734 566 mox
1761 534 1867 565 natus
1893 530 1973 565 sine
2000 530 2160 574 nomine,
2190 530 2297 577 quasi
2322 541 2512 578 nunquam
2531 535 2631 575 esset,
2661 529 2707 566 de

1642 488 1731 513 num
1753 477 1997 536 praecessisse
2023 477 2214 526 Scriptura
2241 481 2401 522 testatur,
2431 477 2503 513 nisi
2528 478 2614 526 quia
2646 477 2707 514 ille
2768 455 2783 479 ’Ξ

1642 583 1717 619 vita
1745 581 1894 618 decessit
1911 579 1959 617 ²¹²?
1987 581 2035 617 Et
2062 580 2149 617 ideo
2171 580 2355 628 Christus,
2376 581 2492 618 simul
2519 593 2610 618 cum
2637 581 2707 619 fuit
2731 586 2789 636 2¹¹

1643 632 1902 680 circumcisus,
1932 633 2100 670 nominis
2128 632 2415 683 impositionem
2443 633 2598 684 accepit.

1698 895 1875 926 Conclusio
1908 897 2093 936 responsiva
2123 901 2186 926 est:
2220 896 2456 928 Convenienter
2485 901 2645 928 vocatum
2658 892 2746 931 ffl

1644 983 1804 1020 divinitus,
1828 983 1942 1023 angelo
1965 984 2149 1015 nuntiante:
2174 989 2206 1015 et
2229 984 2356 1016 Christo
2379 985 2443 1016 hoc
2456 985 2746 1026 ιιιιιιιιισεῃω

1646 1027 1799 1058 collatum
1823 1033 1879 1064 est,
1904 1033 1940 1058 ut
1963 1033 2046 1058 esset
2068 1028 2212 1059 Salvator
2234 1029 2392 1061 omnium.
2564 1055 2591 1064 ,,
2631 1050 2711 1076 ,λιι-Ψ(

1697 1318 1813 1390 Aliud
1841 1360 1971 1390 autern
1993 1360 2248 1414 praeceptum
2276 1361 2355 1390 erat
2381 1353 2545 1403 speciale
2570 1325 2611 1392 ia
2629 1355 2760 1407 1335
2759 1384 2788 1404 4,

1644 1405 1692 1443 de
1727 1405 1990 1455 primogenitis
2029 1411 2106 1444 tam
2141 1407 2178 1443 in
2206 1407 2416 1444 hominibus
2443 1417 2570 1457 quam
2570 1409 2630 1446 &a
2639 1410 2709 1447 oiu·
2765 1406 2788 1452 {fi
2840 1417 2844 1428 ‘

1644 1461 1794 1495 mentis.-
1843 1458 1915 1495 sibi
1942 1457 2048 1496 enim
2084 1458 2279 1496 Dominus
2313 1459 2576 1508 deputaveras-
2583 1464 2743 1501 1-πιιιιιιο
2840 1459 2843 1474 ⁷

1644 1511 1945 1560 primogenitum
1972 1510 2012 1548 in
2032 1509 2047 1541 β
2070 1512 2193 1558 Israel,
2221 1523 2294 1560 pro
2321 1524 2370 1549 eo
2397 1512 2528 1561 quod,
2544 1513 2610 1551 ad
2619 1513 2712 1553 libe-
2767 1504 2775 1536 ³>
2840 1501 2843 1554 ἶ

1645 1563 1834 1601 rationem
1867 1563 2003 1613 populi
2039 1565 2162 1611 Israel,
2194 1571 2429 1614 percusserat
2458 1567 2715 1629 primogenita
2832 1559 2844 1618 Ξ

1643 1618 1811 1667 Aegypti
1837 1618 1884 1654 ab
1911 1618 2062 1654 homine
2088 1629 2202 1666 usque
2228 1617 2278 1655 ad
2297 1629 2425 1667 pecus,
2451 1617 2763 1670 Ρπίωπωίῡι
2762 1611 2784 1619 Ἠ
2833 1611 2844 1636 ³³

1644 1669 1814 1707 filiorum
1852 1670 1965 1707 Israel
2001 1669 2199 1707 reservatis
2221 1669 2252 1707 ’¹‘.
2291 1670 2340 1708 Et
2374 1671 2450 1708 hoc
2484 1671 2759 1719 mandatam

1645 1722 1802 1772 ponitur
1819 1721 2135 1763 Exod.xm*.1n
2154 1735 2233 1772 quo
2253 1723 2369 1760 etiam
2387 1722 2770 1773 praefiguttbm

1648 1775 1831 1822 Christus,
1861 1775 1928 1824 qui
1956 1782 2011 1812 est
2032 1777 2308 1825 primogenitus
2325 1778 2363 1813 in
2382 1777 2730 1836 multusftmribus,

1646 1836 1689 1865 ut
1716 1828 1854 1864 dicitur
1879 1829 1991 1864 Rom.
2010 1839 2069 1865 vm
2087 1827 2118 1865 *.
2611 1843 2659 1867 με
2669 1830 2752 1867 ,ἐξ

1695 1880 1804 1939 Quia
1835 1879 1948 1928 igitur
1982 1880 2176 1927 Christus,
2205 1893 2251 1918 ex
2283 1881 2444 1919 muliere
2470 1888 2608 1931 natus,
2630 1885 2715 1932 affl
2758 1873 2789 1920 '⁵
2841 1895 2843 1911 ι

1646 1932 1923 1982 primogenitus
1941 1938 1975 1978 γ;
2015 1940 2051 1969 et
2077 1932 2199 1970 voluit
2225 1933 2310 1970 fieri
2337 1934 2410 1971 sub
2437 1935 2533 1983 1333
2535 1934 2602 1982 ’ξε
2613 1926 2761 2013 hiet,-

1648 1985 1727 2023 duo
1756 1985 1997 2033 Evangelista
2023 1986 2150 2024 Lucas
2178 1985 2277 2023 circa
2313 1998 2406 2024 eum
2440 1987 2572 2027 fuisse
2572 1986 2714 2036 {obser

1647 2046 1735 2075 vata
1762 2038 1936 2075 ostendit.
1979 2037 2111 2075 Primo
2143 2038 2315 2087 quidem,
2343 2039 2383 2076 id
2411 2039 2521 2089 quod
2549 2040 2764 2090 pertinet

1648 2091 1698 2127 ad
1725 2090 2011 2139 primogenitos,
2041 2103 2132 2128 cum
2160 2091 2249 2128 dicit
2266 2091 2306 2128 *ε
2340 2094 2376 2129 T
2372 2093 2533 2131 ulerunt
2540 2093 2661 2157 illum
2665 2095 2714 2141 ρι
2741 2089 2775 2136 f

1648 2144 1864 2189 Ierusalem,
1885 2149 1923 2180 ut
1940 2145 2104 2180 sisterent
2122 2156 2206 2181 eum
2225 2139 2408 2182 Domino:
2431 2146 2534 2184 sicia
2534 2157 2560 2184 s

1650 2201 1700 2233 est
1728 2197 1765 2232 in
1790 2196 1877 2246 lege
1903 2197 2075 2242 Domini,
2111 2197 2207 2239 Quia
2236 2209 2347 2234 omne
2373 2198 2653 2238 masculinum-
2644 2198 2717 2243 αὖ

1649 2250 1820 2298 aperiens
1845 2249 1996 2287 vulvam
2023 2255 2191 2286 sanctum
2218 2250 2383 2288 Domino
2409 2252 2630 2292 vocabitur.
2636 2250 2717 2294 δο-

1652 2302 1792 2347 cundo,
1810 2301 1861 2338 id
1889 2302 1997 2350 quod
2024 2302 2187 2351 pertinet
2214 2302 2475 2341 communiter
2497 2303 2549 2343 ad
2565 2306 2717 2358 Μ

1652 2367 1740 2392 curn
1762 2354 1852 2391 dicit
1864 2354 1901 2391 ⁹³:
1931 2356 1979 2392 Et
1997 2361 2035 2391 ut
2053 2355 2184 2392 darent
2210 2356 2379 2402 hostiam,
2398 2354 2736 2410 secundumque&

1652 2409 1787 2444 dictum
1807 2413 1887 2444 erat
1905 2409 1942 2444 in
1962 2408 2046 2458 lege
2063 2409 2228 2455 Domini,
2246 2420 2324 2458 par
2341 2414 2531 2448 turturum
2537 2407 2613 2454 M
2691 2418 2699 2421 ”
2733 2416 2736 2417 ’

1646 2461 1770 2511 pullos
1797 2460 2537 2498 columbarum.
2563 2459 2619 2503 «ζ

1706 2515 1763 2550 AD
1792 2525 1927 2551 prunum
1960 2525 2059 2551 ERGO
2086 2525 2268 2552 nicentium
2295 2514 2422 2564 quod,
2450 2495 2575 2556 sicta*

1652 2566 1730 2603 rius
1758 2567 1959 2615 Nyssenus
1987 2566 2076 2604 dicit
2093 2565 2133 2614 ²¹⁸,
2159 2567 2253 2604 illud
2285 2567 2379 2617 Iegis
2398 2571 2669 2619 praec-eptimam

1650 2620 1729 2656 solo
1758 2621 1953 2656 incarnato
1980 2620 2062 2657 Deo
2089 2620 2329 2670 singulariter
2365 2626 2399 2657 et
2424 2622 2474 2658 ab
2496 2621 2606 2660 aliis
2613 2628 2626 2634 ”

1653 2678 1776 2709 renter
1803 2672 1951 2722 impleri
1974 2673 2128 2710 videtur.
2155 2674 2242 2722 Ipse
2264 2685 2425 2722 namque
2447 2666 2563 2722 solus,
2586 2673 2604 2717 i
2614 2680 2617 2718 j

1652 2725 1771 2762 biliter
1789 2731 1984 2775 conceptus
2005 2737 2050 2762 ac
2069 2726 2483 2776 incomprehensibiliter
2499 2726 2638 2775 edm,

1651 2778 1818 2827 ginalem
1847 2784 1991 2815 uterum
2018 2780 2179 2828 aperuit,
2209 2791 2283 2816 non
2311 2784 2422 2817 antea
2448 2780 2641 2819 connatam
2670 2817 2680 2822 ,,

1651 2837 1827 2877 seratum,
1855 2829 2039 2869 servans⁶
2067 2837 2101 2868 et
2123 2837 2207 2881 post
2227 2837 2377 2881 partum
2395 2832 2675 2872 inviolatam

1652 2884 1857 2934 gnaculum
1894 2885 2075 2921 castitatis.
2117 2884 2230 2922 Unde
2261 2884 2370 2933 quod
2405 2884 2559 2932 dicit,

1653 2937 1814 2983 vulvam,
1835 2936 2005 2986 designat
2031 2937 2140 2986 quod
2164 2936 2259 2975 nihil
2276 2945 2388 2975 antea
2405 2936 2495 2976 inde
2510 2937 2614 2977 imm

1652 2991 1714 3027 vel
1743 2989 1919 3027 exiverat.
1949 2990 1997 3027 Et
2024 3001 2094 3039 per
2120 2989 2197 3027 hoc
2219 2989 2334 3028 etiam
2353 2988 2619 3040 speciant-*tn*

1657 3057 1675 3076 ‹<
1697 3043 1922 3080 masculinus
1942 3056 1988 3079 »ε
2021 3044 2107 3092 quia
2135 3043 2227 3080 nihil
2252 3043 2298 3081 de
2318 3044 2595 3091 femineitate

1648 3097 1812 3145 portavit
1829 3094 1860 3132 ²⁸.
1904 3094 2151 3144 Singulariter
2184 3095 2300 3133 etiam
2335 3110 2353 3130 0«
2373 3102 2522 3134 sanctus
2537 3109 2618 3134 »τι

1652 3154 1822 3186 terrenae
1849 3150 2024 3198 contagia
2051 3149 2297 3198 corruptelae,
2326 3148 2556 3218 immaculati

1654 3202 1822 3248 novitate,
1843 3213 1918 3238 non
1946 3200 2093 3239 sensit*
2157 3206 2163 3211 '

1706 3254 1763 3291 Αι)
1791 3266 1980 3292 SECUNDUM
2007 3265 2188 3292 mesanum
2205 3253 2346 3304 f‚qu0d
2374 3253 2472 3292 sicut
2497 3235 2609 3293 Fili

1655 3320 1729 3345 non
1759 3313 1916 3357 propter
1945 3308 2104 3357 seipsum
2121 3306 2250 3355 factus
2276 3312 2328 3344 est
2357 3307 2470 3346 homo
2497 3313 2543 3345 et

1654 3362 1748 3397 cisus
1780 3361 1817 3397 in
1852 3371 1988 3406 carne,
2014 3358 2080 3397 sed
2104 3365 2143 3397 ut
2177 3371 2244 3398 nos
2270 3371 2346 3410 per
2377 3361 2560 3410 gratiam
2566 3360 2617 3409 f

1654 3414 1771 3458 Deos,
1801 3418 1834 3449 et
1861 3418 1899 3449 ut
1924 3412 2161 3462 spiritualiter
2187 3413 2521 3458 circumcidamur;
2552 3414 2605 3450 sic
2625 3422 2746 3464 ρι’-οῖς

2572 3218 2602 3240 2.

1708 3525 1733 3559 ὃ)
1752 3532 1870 3552 servans.
1887 3540 1907 3545 —-
1924 3532 2084 3553 conservans
2102 3525 2196 3552 ACFa.

1708 3561 1730 3595 ε)
1750 3561 1803 3593 qui.
1821 3575 1839 3580 —
1857 3561 1920 3594 quta
1939 3560 1967 3587 Ρ.
