2872 3970
160 1506 369 1528 ‘Cf.⁸.Th.Summ.

161 1533 242 1554 Theol.
266 1537 324 1561 part.
348 1533 370 1556 1.

149 1566 198 1587 ‚qu.
222 1565 261 1584 ιιι,
285 1563 327 1581 art.
350 1565 370 1586 2,

159 1586 203 1634 edC
216 1589 369 1635 .;.⁴;rvte'r19.'loc.

158 1639 198 1660 cit.
213 1645 290 1667 supra.

161 1949 171 1957 “
184 1947 255 1969 Num.
275 1953 301 1974 ιι,
322 1947 373 1968 Ρνί-

160 1980 220 1996 mum
235 1976 278 1996 est.

161 2214 170 2223 ⁸
184 2212 219 2233 De
228 2212 319 2233 Anima.
331 2211 371 2232 lib.

160 2239 190 2265 V,
205 2245 255 2266 cap.
272 2244 300 2260 νι.

163 2479 173 2488 ·
194 2477 262 2498 Num.
283 2482 308 2502 n,
329 2476 371 2498 Se-

161 2503 267 2525 cundum.

170 3425 179 3435 ·
189 3424 225 3445 Pa.
236 3430 305 3449 xxxv,
321 3431 379 3445 vers.

170 3458 204 3472 ¹0.

410 291 481 328 140

404 360 492 400 quod
517 360 660 400 operatio
685 365 731 390 est
747 365 834 390 actus
851 361 1011 399 operantis
1035 359 1213 390 secundum
1230 369 1298 390 esse
1314 360 1466 390 naturale.

403 405 491 435 Haec
515 404 694 444 propositio
718 404 812 434 habet
836 403 913 434 duas
938 409 1050 443 partes.
1079 404 1183 434 Prima
1206 409 1252 433 est
1276 403 1365 443 quod
1389 413 1467 444 ope-

402 449 481 478 ratio
506 453 552 478 est
575 453 663 478 actus
687 448 855 488 operantis.
892 447 932 477 Et
955 446 1063 487 quoad
1086 448 1178 477 istam
1201 453 1338 487 partem,
1363 447 1467 477 sobrie

401 492 604 527 intellectam,
628 492 691 522 hoc
716 497 770 527 est,
796 491 1076 531 proportionaliter
1099 491 1138 525 de
1158 491 1344 531 operatione
1369 496 1468 521 trans-

402 541 498 566 eunte
522 541 553 565 et
576 536 780 571 immanente,
804 545 861 575 per
876 544 909 565 se
933 540 1009 565 nota
1025 540 1080 565 est.
1106 535 1188 565 Nam
1207 535 1351 574 operatio
1368 540 1467 565 trans-

402 581 469 610 iens
497 585 544 610 est
570 585 658 610 actus
682 580 802 619 agentis
833 585 868 609 ut
891 589 911 609 a
935 589 998 619 quo
1022 579 1151 609 saltem:
1185 579 1328 618 operatio
1359 584 1466 609 autem

401 625 579 655 immanens
602 629 648 654 est
672 629 760 654 actus
784 623 944 663 operantis
967 629 1003 653 ut
1026 623 1118 653 cuius
1141 623 1262 652 saltem.

456 667 603 699 Secunda
618 677 694 698 vero
711 677 781 707 pars
805 673 852 697 est
869 667 901 707 ly
914 666 1090 697 secundum
1106 676 1173 697 esse
1189 667 1349 697 naturale.
1374 667 1466 704 Quae

402 712 496 742 etiam
520 718 566 742 est
589 721 645 751 per
669 721 701 741 se
724 716 801 741 nota
825 710 1023 741 inducendo:
1049 720 1123 740 nam
1144 720 1293 750 generare
1318 716 1363 740 est
1380 721 1397 740 a
1412 721 1466 751 ge—

401 762 531 786 nerante
555 755 731 786 secundum
756 764 822 785 esse
839 754 997 789 naturale;
1023 760 1054 784 et
1069 755 1184 784 sentire
1201 760 1247 784 est
1262 755 1294 784 in
1311 755 1466 785 sentiente

401 800 578 831 secundum
601 799 743 829 naturale
768 808 852 834 esse;
877 804 908 828 et
931 798 1072 828 similiter
1096 797 1272 828 desiderare
1296 798 1328 828 in
1345 798 1466 829 deside-

401 850 498 879 rante,
523 850 554 875 et
576 843 749 882 intelligere
773 843 806 872 in
830 842 1035 882 intelligente.
1071 843 1112 872 Et
1136 852 1174 872 ex
1197 843 1339 872 terminis
1362 848 1465 883 patet:

401 889 476 928 quia
499 897 644 928 operans,
669 888 861 926 inquantum
884 895 1030 926 operans,
1055 885 1232 916 secundum
1256 895 1351 916 suum
1374 893 1466 918 natu-

400 932 463 962 rale
488 942 555 962 esse
580 936 739 971 operatur,
763 931 845 961 sicut
869 935 900 960 et
923 936 979 960 est.

455 976 521 1006 Sub
548 976 607 1005 hac
634 981 741 1005 autem
768 974 990 1014 propositione
1022 973 1276 1004 subsumendum
1300 980 1346 1004 est
1377 973 1466 1014 quod

400 1019 506 1050 divina
529 1019 701 1050 substantia
725 1027 792 1048 non
815 1023 921 1058 potest
937 1028 1004 1049 esse
1021 1024 1108 1049 actus
1132 1017 1310 1048 secundum
1326 1027 1393 1049 esse
1409 1028 1464 1048 na-

399 1064 499 1094 turale
524 1064 658 1093 alicuius
682 1067 858 1093 creaturae:
883 1067 919 1092 ut
942 1068 1037 1102 patet.
1063 1062 1160 1102 Igitur
1183 1071 1250 1092 non
1266 1068 1372 1102 potest
1388 1062 1466 1093 divi—

399 1117 478 1138 num
509 1107 683 1147 intelligere
714 1116 781 1137 esse
812 1106 988 1146 intelligere
1019 1116 1085 1147 quo
1113 1106 1287 1137 formaliter
1312 1107 1466 1147 intelligat

399 1157 551 1182 creatura.

455 1196 536 1226 Dico
561 1202 667 1226 autem
692 1195 843 1225 naturale
861 1205 937 1231 esse,
963 1195 1002 1225 ad
1018 1194 1226 1225 differentiam
1243 1200 1331 1226 actus
1352 1205 1466 1226 secun-

399 1240 478 1271 dum
494 1250 561 1270 esse
578 1239 783 1279 intelligibile,
809 1245 844 1270 ut
867 1239 1030 1270 obiectum
1046 1239 1224 1269 intellectus
1246 1245 1292 1269 est
1310 1238 1464 1279 perfectio

399 1291 430 1315 et
454 1290 542 1315 actus
563 1284 742 1314 intellectus
765 1283 943 1314 secundum
959 1293 1026 1314 esse
1042 1283 1248 1323 intelligibile.
1273 1283 1359 1314 Nihil
1378 1284 1465 1313 enim

399 1329 547 1368 prohibet
570 1328 777 1359 substantiam
801 1328 941 1367 aliquam
973 1336 1055 1367 quae
1079 1333 1126 1357 est
1149 1332 1237 1358 actus
1267 1336 1333 1357 non
1358 1327 1464 1358 solum

398 1374 431 1403 in
454 1383 569 1413 genere
594 1373 683 1407 entis,
708 1371 764 1402 sed
787 1372 819 1401 in
844 1371 954 1401 ordine
978 1371 1180 1411 intelligibili,
1205 1381 1272 1401 esse
1296 1371 1465 1411 perfectio-

398 1426 483 1452 nem,
501 1427 536 1447 ac
552 1426 609 1456 per
624 1416 687 1446 hoc
703 1421 820 1451 actum,
837 1415 963 1446 alterius
980 1414 1158 1446 secundum
1174 1424 1242 1446 esse
1257 1415 1463 1455 intelligibile.

398 1461 471 1491 Hoc
495 1460 653 1500 siquidem
677 1459 777 1490 modo
808 1465 935 1499 ponunt
958 1459 1102 1498 theologi
1133 1458 1272 1489 divinam
1296 1460 1464 1490 essentiam

398 1514 466 1535 esse
482 1510 517 1534 ut
544 1505 683 1544 speciem
700 1503 929 1543 intelligibilem
952 1503 1131 1533 intellectus
1156 1503 1251 1533 creati
1274 1503 1402 1533 beati*:
1434 1508 1465 1533 et

398 1548 540 1579 similiter
563 1548 748 1588 philosophi
772 1553 929 1587 ponentes
952 1546 1137 1577 inferiorem
1160 1546 1401 1586 intelligentiam
1416 1547 1465 1577 in-

397 1592 537 1632 telligere
560 1602 616 1632 per
639 1592 838 1631 superiorem
853 1592 879 1621 *.

452 1637 493 1666 Et
516 1637 575 1666 hac
598 1636 648 1666 via
671 1636 824 1676 processit
847 1635 971 1666 Auctor
993 1636 1027 1665 in
1049 1635 1161 1670 littera,
1186 1633 1319 1665 afferens
1337 1644 1397 1675 pro
1416 1645 1464 1665 ra-

397 1681 485 1711 tione
509 1681 667 1711 alietatem
690 1685 830 1710 naturae.
855 1679 940 1717 Quia
956 1680 1043 1709 enim
1059 1679 1203 1719 operatio
1220 1684 1266 1709 est
1282 1684 1370 1710 actus
1387 1688 1464 1719 ope-

398 1725 493 1755 rantis
516 1725 550 1755 in
572 1734 639 1755 esse
662 1729 809 1760 naturae,
833 1723 1030 1763 impossibile
1047 1722 1198 1763 estquod
1214 1723 1357 1762 operatio
1382 1732 1464 1763 quae

399 1774 446 1800 est
468 1769 642 1799 substantia
664 1768 774 1803 unius,
799 1768 969 1798 conveniat
992 1767 1112 1797 alienae
1136 1772 1284 1802 naturae,
1308 1767 1368 1797 nisi
1391 1768 1465 1797 sub—

399 1813 511 1843 stantia
533 1812 586 1842 illa
608 1812 642 1842 in
658 1821 726 1842 esse
744 1817 874 1842 naturae
897 1812 1046 1851 iungatur
1065 1811 1185 1841 alienae
1200 1816 1341 1841 naturae.
1366 1810 1464 1848 Quod

399 1857 431 1887 in
456 1857 623 1897 proposito
648 1865 715 1886 esse
738 1855 935 1895 impossibile
959 1855 1042 1885 clare
1064 1854 1175 1894 liquet.

454 1901 507 1931 V1.
532 1901 573 1931 Et
595 1909 653 1940 per
675 1900 754 1930 haec
785 1905 871 1939 patet
894 1899 1060 1939 responsio
1088 1898 1127 1929 ad
1150 1899 1286 1938 primam
1310 1899 1465 1930 obiectio-

399 1954 475 1975 nem
497 1945 531 1974 in
553 1944 658 1984 primo
682 1943 781 1974 dubio
798 1944 824 1973 *ἢ
848 1943 931 1973 Nam
954 1949 1041 1983 patet
1064 1943 1127 1973 iam
1143 1952 1210 1973 non
1227 1952 1294 1973 esse
1310 1942 1395 1974 idem
1411 1949 1466 1974 aut

400 1998 456 2029 par
478 1988 635 2019 iudicium
658 1987 698 2018 de
721 1988 827 2028 specie
850 1987 1056 2027 intelligibili,
1089 1993 1120 2017 et
1151 1992 1224 2017 actu
1250 1987 1463 2027 intelligendi:

400 2033 475 2073 quia
498 2033 551 2063 illa
580 2038 686 2072 potest
709 2041 776 2061 esse
801 2031 927 2062 alterius
951 2037 1039 2062 actus
1061 2031 1095 2061 in
1118 2039 1234 2070 genere
1257 2030 1463 2071 intelligibili;

399 2077 457 2107 iste
480 2086 548 2107 non
571 2076 632 2106 nisi
655 2076 688 2106 in
711 2085 826 2115 genere
850 2081 990 2105 naturae.

454 2121 522 2151 Nec
553 2120 632 2150 ratio
664 2119 756 2150 allata
783 2118 822 2149 de
845 2124 918 2150 actu
947 2124 977 2149 et
1000 2119 1110 2149 habitu
1135 2118 1248 2149 obstat.
1283 2119 1368 2157 Quia
1391 2119 1465 2150 licet

399 2166 520 2206 species
532 2163 742 2204 intelligibiles
755 2163 933 2194 secundum
949 2172 1158 2193 communem
1169 2163 1254 2193 viam
1266 2163 1328 2193 sint
1343 2162 1465 2194 formae

399 2209 574 2240 habituales
599 2207 702 2248 (quod
724 2213 831 2238 tamen
847 2207 1011 2237 Avicenna
1034 2207 1160 2246 negavit
1171 2207 1213 2246 *),
1230 2206 1336 2237 divina
1358 2212 1465 2238 tamen

399 2254 573 2285 substantia
595 2262 662 2283 non
686 2251 813 2292 supplet
828 2252 931 2281 vicem
947 2251 1065 2291 speciei
1080 2251 1285 2291 intelligibilis
1308 2257 1466 2291 quatenus

400 2304 446 2329 est
470 2297 572 2328 forma
588 2296 764 2332 habitualis,
786 2296 861 2336 quia
876 2296 1002 2325 habitus
1019 2294 1138 2325 claudit
1153 2295 1186 2325 in
1201 2305 1235 2325 se
1251 2295 1466 2335 imperfectio-

399 2352 474 2373 nem
498 2342 660 2381 potentiae
684 2349 782 2380 quam
805 2340 838 2370 in
862 2349 919 2370 sua
934 2340 1056 2369 ratione
1080 2338 1252 2370 admixtam
1275 2339 1385 2370 habet:
1410 2339 1466 2370 sed

400 2392 556 2427 quatenus
581 2390 627 2415 est
650 2384 753 2415 forma
776 2384 906 2414 actualis
930 2388 1064 2419 tantum,
1090 2389 1121 2414 et
1144 2383 1206 2414 hoc
1229 2384 1263 2414 in
1283 2393 1350 2414 esse
1374 2383 1466 2414 intel-

399 2430 510 2470 ligibili
532 2434 667 2464 tantum,
691 2434 728 2458 ut
751 2427 873 2458 dictum
898 2433 954 2458 est.

454 2474 505 2504 Ad
529 2474 749 2504 auctoritatem
772 2473 908 2512 primam
931 2473 1102 2512 Augustini
1117 2473 1134 2489 ³*
1157 2471 1271 2502 dicitur
1287 2471 1376 2512 quod
1398 2482 1466 2502 non

400 2518 534 2549 intendit
557 2517 755 2557 Augustinus
780 2515 914 2547 eandem
936 2525 1074 2546 numero
1097 2517 1254 2546 visionem
1279 2526 1346 2546 esse
1369 2516 1466 2546 bean-

399 2569 466 2593 tem
489 2563 595 2593 Deum
623 2567 654 2591 et
679 2570 756 2591 nos:
788 2560 844 2591 sed
867 2559 1001 2590 eandem
1029 2560 1196 2596 obiecfive,
1224 2565 1255 2590 et
1281 2560 1465 2596 modaliter;

401 2607 476 2647 quia
499 2605 585 2636 idem
608 2605 782 2640 obiectum,
807 2610 838 2634 et
861 2604 947 2634 idem
969 2603 1087 2634 modus
1111 2610 1158 2634 est
1180 2605 1364 2644 utriusque,
1389 2604 1467 2635 dum

401 2652 488 2681 Deus
511 2659 569 2690 per
591 2650 732 2689 seipsum
757 2659 774 2678 a
797 2658 831 2678 se
855 2654 886 2678 et
907 2648 1002 2678 nobis
1025 2647 1158 2679 videtur.

455 2693 507 2726 Ad
522 2692 695 2724 secundam
711 2692 826 2723 dicitur
844 2691 934 2732 quod
949 2701 1016 2722 non
1031 2692 1217 2723 inconvenit
1232 2693 1372 2733 aliquam
1388 2702 1466 2732 ope-

400 2740 557 2770 rationem
581 2742 717 2768 creatam
741 2746 809 2767 esse
832 2745 996 2767 summum
1019 2737 1153 2772 bonurn,
1177 2746 1244 2767 non
1267 2737 1464 2777 simpliciter,

401 2783 456 2814 sed
480 2784 560 2813 inter
584 2787 702 2812 creata:
734 2787 765 2811 et
791 2781 934 2811 similiter
960 2790 1028 2810 esse
1051 2780 1201 2810 ultimum
1224 2779 1333 2811 finem.
1369 2781 1466 2816 Item,

402 2833 433 2858 et
456 2828 488 2857 in
512 2826 598 2857 idem
620 2824 710 2861 redit,
735 2824 850 2855 dicitur
873 2834 1037 2859 summum
1060 2825 1184 2855 bonurn
1208 2825 1289 2855 inter
1313 2825 1467 2865 concupi-

1123 280 1385 326 QUAESTIO
1415 281 1484 328 IX,
1514 281 1806 318 ARTICUL'US
1833 282 1863 318 11

1521 360 1642 390 scibilia
1665 361 1864 401 simpliciter:
1890 367 1920 392 et
1944 361 2074 392 ultimus
2090 362 2161 392 finis
2184 368 2220 393 ut
2235 364 2492 404 concupiscibilis
2507 365 2582 396 sim·

1520 404 1652 444 pliciter.
2206 444 2208 447 Ι

1574 447 1642 478 VII.
1658 447 1709 478 Ad
1725 448 1855 479 secundi
1872 454 1979 480 autem
1996 449 2083 480 dubii
2100 450 2225 480 obiecta
2235 452 2251 468 ⁴*
2267 451 2476 491 respondetur
2492 451 2582 492 quod

1519 501 1687 531 processus
1708 492 1828 523 litterae
1844 498 1890 523 est
1906 493 2015 524 efficax
2031 493 2070 524 ad
2086 493 2288 534 probandum
2304 495 2393 535 quod
2408 495 2582 536 intelligere

1520 534 1664 566 divinum
1687 545 1755 566 non
1778 541 1883 576 potest
1907 546 1974 567 esse
1991 543 2078 568 actus
2094 538 2218 568 animae
2235 537 2361 574 Christi,
2379 548 2418 569 ex
2433 548 2473 570 eo
2492 539 2582 579 quod

1521 585 1567 609 est
1591 580 1718 610 alterius
1740 586 1881 611 naturae.
1910 581 1951 611 Et
1974 590 2049 611 cum
2073 581 2187 612 dicitur
2210 582 2299 622 quod
2322 582 2429 613 alietas
2451 588 2581 614 naturae

1520 624 1714 663 compatitur
1735 624 1851 655 habere
1874 629 1981 655 actum
1997 625 2136 656 alienum
2157 635 2214 665 per
2228 627 2510 658 communionem:
2534 636 2582 657 re-

1520 667 1695 707 spondetur
1718 667 1817 708 quod,
1841 668 1915 698 licet
1937 669 2000 699 hoc
2023 669 2056 699 in
2073 670 2239 700 communi
2254 679 2366 700 verum
2381 671 2431 706 sit,
2455 671 2531 711 quia
2548 670 2582 701 in

1521 711 1712 750 quibusdam
1736 717 1842 751 potest
1864 717 1976 742 natura
1998 713 2067 752 ipsa
2090 713 2175 743 alteri
2191 719 2322 744 naturae
2341 715 2582 750 communicari,

1520 760 1555 784 ut
1578 754 1682 785 forma
1710 756 1966 786 communicatur
1992 757 2158 793 materiae,
2186 763 2217 787 et
2239 757 2320 797 ignis
2348 757 2448 794 ferro;
2472 758 2506 788 in
2528 758 2582 789 tali

1520 803 1626 829 tamen
1650 805 1762 829 natura
1786 808 1868 839 quae
1892 806 1938 830 est
1959 800 2270 831 incommunicabilis
2294 801 2381 832 alteri
2396 807 2526 833 naturae
2548 803 2582 833 in

1521 852 1588 874 esse
1611 848 1752 878 naturae,
1777 843 1892 874 falsum
1908 849 1970 880 est;
1995 845 2070 884 quia
2085 845 2192 875 alietas
2207 850 2338 876 naturae
2354 845 2492 876 excludit
2508 846 2582 877 alie-

1519 897 1599 918 num
1623 893 1731 918 actum
1754 896 1772 916 a
1795 896 1828 917 se
1851 897 1919 918 non
1942 887 2049 918 solum
2071 893 2108 918 ut
2129 888 2324 925 naturalem,
2355 889 2410 920 sed
2433 895 2470 920 ut
2492 899 2582 921 com-

1520 932 1719 962 municatum
1749 931 1808 961 sibi
1839 931 1882 961 ita
1905 931 1994 971 quod
2024 932 2064 962 sit
2086 938 2175 963 actus
2198 933 2276 963 eius.
2311 933 2352 963 Et
2379 934 2454 974 quia
2476 933 2583 965 divina

1520 981 1631 1006 natura
1654 981 1700 1005 est
1723 975 2034 1006 incommunicabilis
2064 975 2242 1007 secundum
2266 986 2333 1007 esse
2357 983 2487 1008 naturae
2515 979 2582 1009 cui-

1520 1028 1660 1060 cumque
1678 1025 1824 1055 ·naturae‚
1848 1018 1933 1055 ideo,
1950 1019 2118 1050 efficaciter
2132 1020 2280 1061 loquens,
2298 1020 2443 1060 explicite
2459 1021 2498 1052 de
2514 1022 2583 1062 ipsa

1519 1064 1643 1094 Auctor
1666 1062 1824 1093 conclusit
1855 1062 1944 1102 quod
1965 1073 2034 1093 non
2057 1069 2163 1104 potest
2192 1064 2291 1105 ipsius
2313 1064 2488 1105 intelligere
2515 1074 2582 1097 esse

1519 1113 1608 1138 actus
1631 1108 1756 1137 animae
1778 1107 1937 1137 humanae
1961 1106 2088 1138 Christi.

1574 1150 1674 1189 Quod
1698 1156 1806 1181 autem
1830 1150 1988 1187 obiicitur,
2013 1152 2102 1191 quasi
2127 1161 2145 1182 a
2167 1152 2272 1189 simili,
2297 1152 2336 1183 de
2359 1153 2582 1193 personalitate

1520 1195 1625 1226 divina
1649 1195 1886 1225 communicata
1909 1201 2040 1225 naturae
2063 1195 2239 1232 humanae,
2271 1196 2363 1227 facile
2386 1197 2518 1228 solvitur
2545 1207 2583 1228 ex

1519 1250 1559 1270 eo
1584 1239 1673 1279 quod
1696 1239 1903 1279 personalitas
1926 1248 1993 1269 non
2017 1240 2273 1271 communicatur
2296 1246 2332 1271 ut
2354 1246 2442 1271 actus
2461 1247 2583 1272 creatae

1519 1289 1660 1314 naturae.
1692 1283 1842 1313 Auctoris
1865 1288 1972 1313 autem
1995 1284 2074 1313 ratio
2098 1283 2138 1314 de
2161 1289 2233 1314 actu
2257 1285 2415 1324 loquitur:
2443 1285 2521 1316 dum
2545 1295 2583 1316 ex

1519 1338 1559 1358 eo
1584 1327 1674 1367 quod
1697 1327 1872 1366 intelligere
1895 1327 1956 1357 Dei
1987 1333 2034 1357 est
2057 1333 2144 1358 actus
2176 1329 2232 1368 qui
2255 1334 2366 1359 natura
2389 1334 2436 1359 est
2459 1329 2582 1366 divina,

1518 1372 1612 1402 infert
1636 1370 1725 1411 quod
1748 1380 1815 1401 non
1830 1376 1937 1411 potest
1953 1380 2019 1401 esse
2036 1377 2123 1402 actus
2139 1372 2273 1408 animae,
2299 1373 2374 1412 quia
2392 1378 2439 1403 est
2456 1373 2582 1404 alterius

1518 1421 1658 1446 naturae.
1688 1415 1763 1445 Non
1787 1419 1834 1445 est
1857 1424 1932 1454 ergo
1957 1415 2066 1445 similis
2089 1416 2170 1446 ratio
2194 1415 2234 1446 de
2257 1417 2488 1447 communione
2511 1426 2582 1458 per-

1518 1460 1692 1490 sonalitatis
1716 1464 1751 1489 ut
1775 1458 1992 1499 personalitas,
2017 1464 2048 1489 et
2071 1465 2144 1489 actu
2160 1460 2357 1500 intelligendi
2379 1466 2416 1491 ut
2431 1466 2520 1491 actus
2534 1461 2583 1492 in-

1518 1503 1696 1543 telligendi:
1722 1503 1797 1542 quia
1812 1502 2019 1542 personalitas
2035 1502 2141 1533 divina
2164 1509 2270 1543 potest
2292 1503 2361 1534 fieri
2376 1505 2583 1545 personalitas

1518 1549 1677 1578 humanae
1693 1552 1823 1577 naturae
1839 1547 1906 1577 sine
1922 1546 1986 1576 hoc
2002 1546 2091 1586 quod
2106 1547 2146 1577 sit
2161 1553 2250 1578 actus
2266 1548 2351 1584 eius;
2370 1554 2460 1578 actus
2474 1554 2583 1581 autem

1518 1590 1714 1631 intelligendi
1738 1590 1863 1620 divinus
1885 1599 1954 1620 non
1976 1596 2083 1630 potest
2104 1589 2173 1621 fieri
2195 1597 2283 1622 actus
2304 1591 2501 1632 intelligendi
2522 1593 2583 1624 hu-

1519 1645 1631 1666 manae
1655 1635 1789 1670 animae‚
1812 1634 1873 1664 nisi
1896 1633 1951 1664 fiat
1974 1639 2063 1664 actus
2085 1635 2210 1665 animae
2233 1636 2402 1672 humanae,
2424 1635 2514 1676 quod
2536 1642 2584 1668 est

1518 1679 1725 1719 impossibile.
1745 1678 1985 1708 Rationabiliter
2000 1678 2094 1718 igitur
2109 1679 2275 1710 conclusio
2291 1679 2412 1710 litterae
2427 1681 2582 1713 asserimt.

1573 1722 1763 1763 Philosophi
1786 1728 1894 1752 autem
1917 1727 2075 1762 ponentes
2104 1722 2269 1754 inferiores
2291 1723 2514 1764 intelligentias
2534 1725 2584 1756 in-

1518 1768 1657 1808 telligere
1681 1776 1738 1807 per
1760 1766 1948 1796 substantias
1971 1766 2173 1807 superiorum
2196 1767 2492 1807 intelligentiarum,
2515 1777 2583 1800 non

1519 1812 1722 1842 adversantur
1745 1809 1907 1841 doctrinae
1931 1810 2016 1840 huic.
2041 1810 2205 1848 Quoniam
2229 1821 2267 1842 ex
2282 1811 2346 1842 hoc
2368 1821 2436 1843 non
2451 1812 2584 1845 habetur

1519 1855 1609 1896 quod
1638 1860 1763 1895 ponant
1785 1854 1960 1894 intelligere
1983 1855 2155 1894 superioris
2186 1856 2416 1886 communicari
2441 1855 2583 1888 inferiori

1518 1899 1603 1930 idem
1626 1908 1780 1929 numero:
1812 1897 1869 1928 sed
1891 1898 1998 1928 solum
2029 1897 2118 1938 quod
2148 1899 2322 1930 substantia
2347 1900 2519 1940 superioris
2548 1910 2583 1932 ae

1518 1943 1612 1974 habet
1634 1948 1782 1982 respectu
1804 1941 1960 1972 inferioris
1976 1947 2012 1972 ut
2034 1941 2137 1972 forma
2160 1952 2216 1974 seu
2232 1944 2354 1983 species
2367 1943 2582 1984 intelligibilis,

1518 1993 1554 2018 ut
1568 1997 1628 2017 nos
1644 1986 1780 2017 dicimus
1796 1985 1836 2016 de
1852 1986 1986 2016 essentia
2001 1985 2107 2016 divina
2122 1993 2268 2027 respectu
2287 1987 2464 2019 beatorum.
2488 1987 2582 2021 Unde

1517 2031 1596 2062 nihil
1620 2031 1747 2061 obstant
1770 2039 1884 2060 eorum
1907 2028 2000 2066 dicta,
2025 2030 2089 2060 sive
2112 2040 2187 2061 vera
2209 2031 2274 2062 sive
2297 2030 2374 2062 falsa
2396 2032 2459 2062 sint
2480 2033 2515 2063 in
2537 2041 2581 2064 se.

1572 2075 1654 2105 VIII.
1679 2075 1714 2104 In
1738 2074 1948 2114 responsione
1975 2073 2015 2104 ad
2037 2074 2166 2105 tertium
2190 2075 2333 2106 eiusdem
2356 2075 2497 2112 articuli,
2527 2076 2582 2108 ad-

1518 2124 1604 2149 verte
1628 2118 1718 2158 quod
1739 2118 1881 2153 Auctor,
1906 2117 1946 2148 ad
1967 2127 2036 2148 rem
2059 2124 2221 2159 spectans,
2248 2124 2404 2150 monstrat
2426 2124 2494 2151 non
2516 2119 2583 2154 dari

1518 2163 1683 2193 scientiam
1698 2162 1828 2192 unionis
1843 2167 1879 2192 ut
1895 2161 2097 2202 distinguitur
2112 2168 2222 2193 contra
2237 2163 2341 2194 unita:
2364 2164 2427 2194 hoc
2442 2169 2499 2201 est,
2514 2173 2583 2197 non

1519 2207 1584 2237 dari
1601 2216 1639 2237 ex
1654 2212 1743 2247 parte
1758 2206 1887 2236 unionis
1903 2205 2043 2246 aliquam
2058 2207 2232 2243 scientiam,
2248 2206 2304 2238 sed
2319 2207 2426 2238 solum
2441 2217 2479 2239 ex
2494 2213 2583 2249 parte

1518 2257 1702 2282 naturarum
1725 2251 1896 2286 unitarum,
1921 2249 2046 2280 divinae
2075 2250 2195 2281 scilicet
2217 2257 2248 2281 et
2270 2251 2440 2282 humanae.
2471 2252 2513 2283 Et
2533 2252 2583 2284 lo—

1519 2296 1627 2336 quitur
1650 2294 1690 2325 de
1713 2295 1762 2325 his
1785 2294 1968 2325 subiective.
2001 2294 2048 2324 1111
2071 2300 2179 2326 autem
2202 2295 2258 2335 qui
2282 2295 2456 2336 allegantur
2478 2296 2512 2328 in
2534 2306 2583 2328 ar-

1518 2345 1684 2380 gumento,
1709 2343 1887 2379 posuerunt
1910 2338 2075 2370 scientiam
2097 2339 2228 2370 unionis
2250 2339 2417 2370 obiective.
2445 2339 2487 2371 Et
2507 2339 2582 2373 ideo

1518 2393 1586 2414 non
1610 2383 1730 2414 curavit
1753 2382 1793 2413 de
1815 2382 1876 2413 illis
1898 2383 2031 2413 Auctor.
2524 2415 2525 2418 Ἰ

1573 2427 1762 2468 Appellatur
1784 2432 1892 2457 autem
1914 2427 2045 2458 scientia
2069 2427 2200 2458 unionis
2214 2427 2265 2457 vel
2291 2427 2456 2459 unitorum
2477 2428 2582 2460 subie-

1520 2473 1611 2508 ctive‚
1629 2481 1712 2512 quae
1735 2471 1855 2502 scilicet
1871 2471 2078 2511 consequitur
2092 2470 2133 2501 ad
2147 2470 2251 2501 unitas
2273 2476 2409 2508 naturas,
2425 2477 2462 2502 ut
2475 2471 2583 2505 divim

1519 2516 1559 2547 ad
1583 2515 1723 2546 divinam
1746 2521 1777 2545 et
1800 2515 1940 2545 humana
1962 2513 2002 2545 ad
2023 2515 2215 2545 humanam:
2240 2520 2271 2545 et
2294 2524 2378 2556 quae
2404 2525 2583 2558 conseque·

1519 2566 1605 2591 retur
1621 2559 1660 2590 ad
1675 2560 1778 2600 ipsam
1793 2559 1950 2589 unionem
1964 2555 2159 2595 naturarum,
2176 2567 2274 2599 quam
2289 2559 2413 2590 Auctor
2427 2565 2584 2592 monstrat

1519 2614 1587 2635 non
1611 2603 1686 2634 dari.
2143 2623 2148 2627 -

1574 2648 1712 2679 Scienn'a
1735 2652 1843 2677 autem
1865 2646 1995 2677 unionis
2013 2646 2063 2676 vel
2079 2647 2244 2677 unitorum
2261 2647 2428 2685 obiective,
2451 2653 2584 2681 vocatur

1522 2701 1604 2732 quae
1628 2691 1667 2722 de
1690 2691 1812 2722 unione
1834 2690 1885 2721 vel
1907 2690 2004 2720 unitis
2027 2696 2073 2720 est
2096 2696 2132 2721 ut
2147 2691 2286 2722 obiecto.
2310 2691 2352 2722 Et
2365 2692 2435 2723 talis
2453 2693 2584 2724 scientia

1522 2736 1651 2767 unionis
1674 2734 1765 2766 datur
1788 2735 1821 2765 in
1845 2734 1984 2765 Christo.
2015 2734 2100 2772 Quia
2123 2735 2220 2765 scitur
2243 2745 2261 2766 a
2284 2735 2412 2767 Christo
2434 2737 2525 2774 unio,
2547 2743 2585 2769 ut

1519 2780 1566 2811 illi
1588 2779 1751 2810 dicebant:
1775 2778 1832 2809 sed
1854 2787 1922 2808 non
1944 2779 2004 2808 nisi
2027 2779 2158 2809 scientia
2181 2778 2287 2810 divina
2309 2780 2360 2810 vel
2382 2779 2532 2818 humana,
2548 2787 2585 2813 ut

1519 2825 1643 2854 Auctor
1666 2823 1699 2853 in
1722 2822 1824 2853 littera
1847 2822 2003 2863 explanat.

1169 2975 1488 3018 ARTICULUS
1519 2974 1819 3017 SECUNDUS

660 3061 816 3092 UTRUM
841 3061 883 3091 1N
909 3060 1098 3091 CHRISTO
1123 3060 1282 3091 FUERrr
1307 3059 1508 3091 SClENTIA
1530 3058 1774 3090 BEATORUM
1798 3059 1883 3089 VEL
1908 3058 2330 3090 COMPREHENSORUM

1272 3129 1417 3162 Compend.
1438 3129 1536 3160 771201„
1556 3137 1612 3162 cap.
1631 3136 1716 3155 ccxvi.

491 3238 501 3251 «
542 3236 562 3247 s
615 3224 637 3248 D
655 3223 842 3249 SECUNDUM
858 3223 909 3248 sic
924 3224 1159 3249 raom-:mrum
1180 3211 1340 3249 Videtur
1360 3211 1465 3260 quod

1521 3211 1737 3248 secundum
1765 3210 1857 3248 illud
1880 3211 2018 3249 Coloss.
2039 3222 2060 3248 11
2077 3210 2115 3248 *ε
2143 3210 2191 3248 In
2210 3211 2288 3260 szso
2306 3210 2444 3248 habitat
2461 3212 2582 3248 omnis

455 3251 481 3280 :.·
525 3248 527 3252 ,
595 3264 654 3314 ssin
675 3263 825 3300 Christo
853 3275 931 3300 non
959 3265 1069 3301 fuerit
1093 3265 1246 3302 scientia
1265 3265 1466 3302 beatorum
1515 3264 1706 3314 plenitudo
1724 3264 1919 3302 divinitatis
1937 3263 2190 3313 corporaliter.
2219 3263 2322 3311 Ergo
2340 3261 2379 3299 in
2397 3261 2482 3312 ipso
2500 3274 2579 3301 non

617 3317 677 3352 vel
692 3316 1072 3365 comprehensorum.
1086 3317 1248 3355 Scientia
1263 3317 1365 3354 enirn
1381 3317 1466 3354 bea-

558 3380 565 3392 ’
599 3377 745 3405 torum
765 3376 819 3405 est
840 3380 908 3416 per
927 3368 1253 3418 participationem
1273 3370 1390 3407 divini
1410 3371 1465 3407 lu-

407 3421 535 3458 minis:
571 3421 785 3458 secundum
814 3419 905 3457 illud
935 3420 1073 3457 Psalmi
1097 3420 1133 3457 *:
1169 3423 1209 3458 In
1239 3422 1378 3459 lumine
1404 3428 1465 3460 tuo

408 3475 606 3511 videbimus
632 3474 766 3510 lumen.
798 3473 874 3510 Sed
895 3471 1066 3509 Christus
1086 3484 1163 3509 non
1184 3474 1315 3511 habuit
1334 3476 1465 3512 lumen

408 3525 580 3563 divinum
610 3534 793 3574 tanquam
822 3525 1096 3575 participatum,
1126 3525 1193 3561 sed
1222 3525 1343 3574 ipsam
1372 3526 1465 3564 divi-

408 3578 562 3615 nitatem
599 3578 635 3615 in
665 3591 704 3615 se
737 3578 869 3615 habuit
904 3577 1193 3614 substantialiter
1227 3586 1464 3615 manentem:

1521 3316 1588 3354 fuit
1616 3316 1770 3354 scientia
1798 3317 2011 3354 beatorum.

1576 3381 1610 3406 2.
1640 3370 1880 3417 Pasti-nam,
1917 3367 2071 3406 scientia
2108 3368 2308 3406 beatorum
2345 3378 2412 3404 eos
2449 3368 2580 3406 beatos

1521 3422 1622 3460 facit:
1653 3422 1869 3459 secundum
1896 3420 1989 3458 illud
2015 3421 2118 3458 Ioan.
2138 3430 2207 3458 xvn
2225 3419 2262 3457 *ε
2291 3420 2403 3458 Haec
2429 3426 2480 3458 est
2507 3423 2580 3460 vita

1521 3481 1683 3521 aeterna,
1713 3480 1751 3512 ut
1777 3478 2004 3524 cognoscant
2029 3478 2074 3519 te,
2101 3484 2230 3511 verum
2249 3473 2383 3518 Deum,
2410 3479 2445 3510 et
2472 3486 2579 3523 quem

1521 3528 1658 3572 misisu,
1676 3529 1801 3564 Iesum
1823 3527 2017 3564 Christum.
2048 3524 2125 3562 Sed
2143 3525 2264 3562 homo
2283 3524 2342 3562 ille
2361 3525 2430 3563 fuit
2448 3526 2580 3564 beatus

1521 3590 1566 3615 ex
1596 3579 1670 3615 hoc
1699 3579 1782 3628 ipso
1817 3578 1923 3628 quod
1957 3577 2025 3615 fuit
2052 3577 2136 3614 Deo
2165 3577 2292 3614 unitus
2328 3577 2364 3615 in
2393 3590 2577 3628 persona:

2609 450 2619 461 ⁴
2633 449 2701 472 Num.
2716 455 2752 472 ιιι.

2607 3216 2616 3226 ·
2635 3214 2702 3238 Vera.
2715 3221 2743 3245 ⁹·

2609 3426 2616 3435 ⁸
2632 3424 2698 3447 Vera.
2713 3430 2734 3453 3.
