2872 3970
915 288 1177 335 QUAESTIO
1205 290 1288 336 Lu,

1318 291 1608 330 ARTICULUS
1637 294 1666 330 11
2295 296 2370 343 495

205 371 238 397 et
255 365 358 396 anobis
381 370 412 395 et
433 365 494 395 iuis
523 366 647 405 aperuit
675 366 818 402 caelum,
842 367 931 406 quod
960 368 1102 408 utrisque
1130 367 1264 408 impedi·
1319 367 1443 398 inferni.
1478 369 1522 399 Ita
1545 370 1634 410 quod
1652 380 1719 401 esse
1742 372 1774 401 in
1797 372 1871 402 loco
1894 372 2007 402 inferni
2032 378 2096 402 erat
2118 373 2273 403 nonnulla
2294 382 2373 412 poe-

205 413 313 440 mentn
343 407 427 439 illius
458 408 589 439 luminis
615 409 753 440 abstulit.
784 410 825 440 Et
848 411 939 450 quia,
963 417 1000 441 ut
1021 413 1054 441 in
1077 421 1182 451 praec.
1207 417 1262 442 art.

204 460 298 493 resp-v
309 451 350 483 ad
373 461 391 483 2
416 451 540 488 dicitur,
555 453 654 483 virtus
676 454 833 493 passionis
849 454 966 485 Christi
989 456 1147 495 applicata
1163 461 1209 486 est
1224 455 1264 485 ad

204 495 342 529 Sanctus>
357 495 520 527 mediante
535 495 691 527 descensu
714 496 831 527 Christi
849 497 888 528 ad
903 498 1032 534 inferos,
1049 500 1130 529 sicut
1148 499 1188 529 ad
1203 509 1262 529 nos

204 538 317 571 mediis
338 540 557 576 sacrmentis3
580 539 655 576 ideo
678 539 718 570 ad
733 540 929 572 infusionem
951 542 1080 572 luminis
1095 543 1214 583 gloriae
1229 543 1262 573 in

204 583 326 615 sucas
347 588 497 624 operatus
520 588 567 614 est
588 583 758 614 descensus
781 585 904 616 animae
928 585 1044 616 Christi
1072 586 1261 627 applicando

204 626 315 659 σάκος
338 627 486 658 virtutem
507 635 584 657 suae
606 628 728 663 mortis,
744 628 807 659 hoc
831 634 886 665 est,
907 630 1095 670 exequendo
1119 631 1262 661 substan-

203 670 271 702 tiuli
291 671 468 710 praesentia
485 671 678 701 ablationem
693 681 818 711 poenae
834 682 898 713 qua
916 674 1119 713 privabantur
1141 674 1262 704 lumine

203 714 338 755 gloriata
351 714 455 745 etsie
469 713 567 745 deitas
589 715 772 746 immediate
795 725 850 746 eos
870 717 983 747 beavit.
1007 717 1133 755 Quibus
1155 723 1262 748 tamen

202 758 343 790 mamam
365 757 483 789 Christi
505 758 784 789 instrumentaliter
803 760 910 800 ipsum
925 761 1043 800 gloriae
1058 761 1169 792 lumen
1185 771 1262 792 con·

122 799 124 801 ’
171 811 174 814 ·
203 801 312 832 tulisse
333 811 400 832 non
423 806 469 832 est
488 801 694 842 impossibile.
715 803 766 833 Ad
789 803 1016 835 beatitudinem
1040 806 1125 835 enim
1148 805 1263 836 sufficit

204 845 295 886 quod
309 844 408 876 deitas
433 845 616 876 immediate
637 846 710 877 beet
724 847 898 878 obiective:
928 858 1004 879 nam
1027 859 1102 879 curn
1117 849 1180 879 hoc
1203 854 1263 879 stat

203 889 295 930 quod
317 888 459 920 effective
480 889 618 920 mediate
641 890 722 926 beat,
739 896 772 920 et
794 891 965 928 causando,
988 892 1147 923 mediante
1171 892 1263 923 Chri-

203 933 244 964 nti
265 933 370 964 anima
395 933 694 970 instrumentaliter,
722 934 832 965 lumen
864 936 997 975 gloriae;
1030 941 1071 972 et,
1103 936 1262 967 mediante

203 977 282 1017 ipso*
297 977 419 1007 lumine
441 986 479 1007 ac
501 977 607 1007 anima
629 978 722 1014 beati,
742 984 848 1009 actum
867 979 1078 1010 beatitudinis.

202 1039 214 1042 ‹-
245 1020 312 1051 lv.
335 1020 372 1050 In
394 1019 510 1051 eodem
533 1021 675 1052 secundo
703 1022 836 1053 articulo
859 1022 994 1054 dubium
1023 1025 1161 1054 occurrit
1187 1033 1262 1063 pro-

169 1082 178 1095 ,
203 1068 274 1106 pter
287 1063 487 1100 natandum,
502 1065 537 1094 in
553 1064 593 1094 111
609 1064 706 1101 Sent.,
719 1065 788 1096 dist.
805 1076 878 1102 xxn,
892 1077 946 1107 qu.
962 1077 983 1101 ι,
997 1073 1052 1098 art.
1067 1068 1083 1098 3
1097 1069 1131 1097 ἐ
1152 1077 1192 1097 an
1208 1067 1261 1098 de-

203 1117 333 1142 scensus
361 1107 479 1138 Christi
509 1107 550 1138 ad
571 1108 691 1139 inferos
720 1109 815 1140 fuerit
846 1111 1024 1142 secundum
1056 1111 1262 1141 substantiam

142 1162 147 1175 ·³
202 1152 338 1188 amimae,
368 1150 420 1182 vel
451 1151 659 1183 solummodo
691 1153 869 1184 secundum
901 1154 1060 1185 effectum.
1093 1155 1262 1185 Durandus

201 1196 301 1231 enim,
323 1196 414 1226 cuius
437 1195 578 1226 studium
601 1195 661 1226 fuit
677 1197 892 1228 contradicere
915 1198 990 1229 divo
1013 1199 1170 1235 Thomae,
1187 1208 1262 1229 cum

202 1244 372 1280 cogeretur
394 1239 570 1270 concedere
593 1239 710 1270 Christi
735 1241 774 1271 ad
796 1241 915 1272 inferos
938 1242 1127 1273 descensum
1149 1252 1262 1272 secun-

162 1287 171 1298 ’
203 1282 284 1318 dum
304 1283 472 1319 ⁴animam,
497 1288 528 1314 et
549 1283 651 1314 nollet
680 1286 847 1315 communi
879 1286 1074 1316 concordare
1100 1286 1262 1316 doctrinae

203 1326 339 1358 tradenti
360 1327 462 1367 ipsam
486 1326 603 1358 Christi
635 1329 774 1358 animam
797 1328 894 1360 fuisse
927 1335 1127 1369 praesentem
1154 1331 1187 1360 in
1212 1331 1261 1360 in—

202 1370 315 1407 ferno,
338 1369 587 1402 finxitmodum
618 1372 780 1411 quendam
803 1382 870 1413 quo
894 1374 962 1404 sola
983 1383 1064 1404 voce
1096 1373 1263 1404 affirmaret

199 1413 323 1446 cta-isti
343 1414 484 1446 animam
498 1414 698 1446 descendisse
713 1416 753 1447 ad
774 1416 953 1448 infernum:
978 1418 1106 1453 scilicet,
1122 1427 1190 1448 non
1205 1427 1262 1457 per

114 1469 118 1472 ‘
172 1475 175 1479 Δ
199 1458 395 1491 substantiae
427 1459 552 1489 animae
583 1461 794 1499 praesentiam
826 1460 1039 1497 definitivam,
1063 1461 1119 1492 sed
1141 1461 1262 1492 solum-

200 1501 385 1543 modosper
405 1501 564 1538 effectum.
654 1538 658 1543 .

198 1548 214 1578 ‚2
257 1545 439 1586 Probatque
454 1546 560 1586 primo
575 1552 698 1586 partem
720 1548 910 1588 negativam,
926 1549 981 1579 sic.
1005 1549 1122 1579 Anima
1145 1548 1261 1579 Christi

199 1599 272 1622 mn
293 1589 456 1621 descendit
486 1590 526 1621 ad
552 1590 671 1621 inferos
694 1601 734 1622 eo
757 1598 865 1623 motus
885 1601 887 1604 ’
894 1602 1010 1632 genere
1040 1602 1106 1632 quo
1130 1593 1260 1632 angelus

125 1628 176 1681 «⁶¹¹
200 1639 351 1670 movetur
365 1633 405 1665 de
420 1634 495 1665 loco
511 1634 552 1665 ad
565 1635 676 1666 locum
687 1636 714 1666 ὓ.
738 1636 834 1676 Ergo,
847 1642 906 1667 etc.
921 1654 945 1659 —
959 1637 1171 1677 Assumptum
1185 1646 1260 1677 pro—

184 1678 303 1710 ,hanan
337 1678 423 1716 Quia
445 1678 596 1718 angelum
618 1680 742 1710 moveri
764 1679 804 1710 de
827 1680 902 1710 loco
925 1680 965 1711 ad
987 1680 1097 1711 locum
1120 1686 1166 1711 est
1188 1689 1259 1711 suc-

161 1726 167 1733 '
200 1722 322 1753 coem've
353 1722 478 1762 operari
499 1723 532 1752 in
557 1721 686 1753 diversis
707 1723 797 1754 locis.
830 1724 904 1754 Hoc
927 1730 1035 1755 autem
1061 1734 1129 1755 non
1154 1729 1260 1764 potest

158 1770 167 1781 ⁸
203 1765 374 1797 convenire
397 1766 522 1796 animae
537 1772 714 1806 separatae:
739 1768 814 1807 quia
837 1768 941 1798 anima
964 1773 1104 1808 separata
1119 1769 1154 1798 in
1168 1767 1258 1798 nullo

202 1819 338 1850 corpore
361 1818 419 1840 seu
442 1810 516 1840 loco
539 1815 646 1850 potest
668 1812 802 1851 operari,
827 1812 902 1852 quia
925 1811 1130 1842 determinata
1153 1816 1199 1842 est
1222 1821 1259 1842 ex

201 1859 314 1884 natura
335 1854 459 1884 animae
483 1853 523 1884 ad
544 1863 612 1884 non
635 1854 836 1894 operandum
858 1855 892 1885 in
909 1855 984 1886 loco
1007 1856 1068 1885 nisi
1100 1855 1259 1886 mediante

199 1898 333 1938 proprio
357 1907 502 1937 corpore,
527 1907 593 1938 quo
617 1904 702 1928 caret
724 1908 799 1929 cum
822 1905 963 1939 separata
986 1905 1042 1929 est.

256 1941 381 1972 Deinde
406 1941 520 1981 probat
545 1947 668 1981 partem
694 1941 912 1973 affirmativam
938 1943 1109 1983 tripliciter.
1140 1942 1258 1978 Primo,

201 1985 277 2026 quia
290 1990 399 2016 motus
415 1986 539 2016 animae
555 1990 714 2026 separatae
731 1991 787 2023 est,
799 1996 867 2017 non
878 1996 935 2027 per
946 1991 1072 2017 motum
1088 1986 1260 2017 subiective

200 2029 235 2060 in
254 2029 323 2070 ipsa
338 2029 452 2065 anima,
469 2028 525 2059 sed
539 2038 597 2069 per
612 2029 772 2060 effectum.
796 2030 896 2069 Quod
909 2031 1078 2072 probatur:
1104 2031 1178 2071 quia
1196 2031 1260 2060 hoc

200 2072 301 2104 modo
323 2078 472 2104 movetur
495 2073 636 2113 angelus.
789 2072 791 2074 ’

257 2116 418 2153 Secundo,
434 2117 511 2157 quia
533 2117 567 2147 in
589 2118 695 2148 istanti
710 2119 822 2148 mortis
846 2118 964 2149 Christi
985 2119 1092 2149 Patres
1111 2119 1145 2148 in
1161 2117 1260 2148 limbo

200 2160 331 2192 fuerunt
349 2161 442 2192 beati.
466 2161 646 2191 Descensus
663 2167 770 2192 autern
786 2163 910 2193 animae
930 2161 1047 2192 Christi
1062 2171 1129 2192 non
1152 2162 1262 2192 fuisset

119 2193 125 2198 η’
158 2213 164 2219 ·
199 2205 234 2239 in
249 2205 378 2237 instanti
392 2205 504 2237 mortis
520 2211 772 2242 consummatus,
785 2207 810 2237 si
826 2206 1004 2237 secundum
1015 2206 1125 2236 locum
1141 2206 1260 2236 fuisset.

201 2287 203 2289 Ι
255 2249 377 2287 Tertio,
401 2249 479 2290 quia
499 2249 544 2279 sic
568 2248 715 2280 Christus
737 2249 797 2280 fuit
819 2251 853 2280 in
875 2249 1001 2281 inferno
1026 2259 1101 2280 cum
1119 2249 1262 2280 Patribus

196 2290 283 2341 'sicut
311 2292 406 2325 etiam
428 2291 489 2324 fuit
511 2292 626 2324 eodem
649 2292 700 2324 die
723 2294 756 2324 in
777 2294 923 2334 paradiso
948 2303 1023 2324 cum
1046 2294 1178 2324 latrone.
1198 2293 1260 2324 Sed

160 2368 163 2377 ,Ἰ
197 2342 270 2371 ‘esse
297 2337 332 2368 in
362 2335 507 2377 paradiso
535 2346 611 2367 cum
643 2337 765 2368 latrone
795 2347 862 2369 non
889 2337 1044 2378 significat
1066 2337 1176 2368 locum
1206 2337 1261 2367 ali-

201 2382 300 2422 quem
331 2380 523 2420 acquisitum
544 2381 676 2411 *animae
699 2380 826 2412 Christi.
865 2381 950 2422 Ergo
980 2391 1040 2413 nec
1063 2390 1131 2411 esse
1154 2381 1187 2411 in
1211 2382 1261 2412 in-

196 2424 292 2456 ferno
311 2423 467 2465 significat
487 2425 598 2455 locum
621 2425 745 2455 animae
769 2425 894 2456 Christi.
909 2442 934 2447 -
956 2425 997 2455 Et
1019 2425 1045 2455 si
1071 2424 1192 2455 dicatur
1214 2424 1261 2455 di-

114 2444 133 2502 ;
179 2499 182 2503 ,
198 2467 393 2510 ,αιίηεωῑιάο
409 2467 449 2503 de
464 2468 610 2508 paradiso
629 2469 792 2509 spirituali,
809 2469 860 2500 vel
876 2469 1050 2509 corporali:
1073 2486 1097 2491 -
1118 2469 1162 2499 ita
1178 2478 1259 2508 quo-

201 2549 204 2553 *
224 2522 266 2553 ue
298 2512 490 2552 distinguam
520 2512 560 2543 de
583 2511 729 2554 inferno,
753 2518 784 2543 et
807 2513 911 2544 dicam
944 2512 1106 2544 Christum
1130 2512 1260 2545 descen-

195 2521 284 2593 disse
307 2555 347 2588 ad
364 2555 526 2590 infernum
549 2556 744 2596 spiritualem
768 2566 843 2587 cum
866 2556 1055 2587 beatificavit
1076 2557 1193 2592 Patres,
1212 2566 1260 2587 ra-

197 2596 290 2632 'eone
312 2601 439 2631 termini
461 2609 480 2630 a
495 2609 572 2640 quo,
589 2599 708 2631 scilicet
732 2601 888 2631 carentiae
911 2600 1034 2631 divinae
1057 2601 1204 2636 visionis;
1229 2606 1260 2630 et

196 2643 301 2676 tuisse
321 2644 396 2676 cum
412 2641 414 2643 ’
428 2642 551 2675 eisdem·
570 2644 604 2674 in
626 2644 771 2684 paradiso
802 2645 954 2685 spirituali
982 2644 1104 2674 ratione
1134 2644 1260 2674 termini

202 2688 242 2719 ad
264 2697 373 2730 quem,
390 2688 516 2720 vscilicet
537 2687 695 2719 fruitionis
718 2689 836 2719 beatae.

242 2732 299 2765 ,Et
318 2732 426 2765 subdit
447 2731 618 2763 Durandus
634 2732 733 2772 quod,
750 2732 824 2763 licet
845 2733 906 2763 hoc
927 2732 970 2763 sit
978 2731 1192 2772 probabiliter
1211 2731 1258 2762 di-

198 2781 352 2818 ρετιημοΐ
371 2777 451 2808 satis
473 2775 622 2806 videatur
643 2776 773 2807 salvare
794 2777 968 2807 articulum
980 2776 1066 2817 fidei
1088 2780 1119 2806 et
1140 2776 1259 2806 dictum

200 2817 411 2861 scripturae:
434 2829 498 2852 non
523 2824 628 2851 tamen
652 2825 699 2852 est
714 2820 927 2862 pertinaciter
951 2819 1167 2851 asserendum.
1192 2820 1260 2850 Nec

198 2861 263 2895 *nos
285 2869 441 2907 negamus
463 2863 564 2895 alium
587 2863 716 2894 modum
733 2874 800 2895 esse
812 2864 962 2906 forsitan
988 2864 1155 2894 tutiorem:
1167 2863 1259 2905 sate-

198 2904 277 2939 ‘mur
299 2911 404 2939 tamen
427 2918 488 2940 nos
510 2907 669 2951 ignorare
691 2908 792 2940 illum.
815 2908 907 2946 Quae
929 2907 1054 2938 videtur
1074 2908 1259 2948 apposuisse

196 2953 318 2983 timens
340 2961 507 2984 erroneam
530 2960 598 2982 esse
620 2953 815 2992 positionem
831 2951 957 2982 dictam.

217 3022 219 3026 .
256 2997 296 3028 V.
317 2996 372 3028 Ad
393 2997 489 3028 huius
511 2995 710 3032 evidentiam,
727 2997 785 3026 tria
806 2995 928 3036 agenda
943 3000 1032 3026 sunt:
1056 2996 1172 3035 primo,
1188 3004 1258 3024 nar-

125 3056 135 3080 i..
161 3051 163 3057 ·
202 3041 320 3071 rabitur
349 3041 476 3076 veritas;
501 3039 654 3076 secundo,
678 3039 764 3070 unde
787 3040 884 3070 scitur
899 3040 932 3076 *;
957 3039 1061 3074 tertio,
1085 3037 1257 3079 responde-

138 3116 144 3123 ,
163 3094 165 3096 ’
202 3084 287 3126 bitur
309 3084 441 3116 obiectis
455 3085 483 3115 ⁹.
507 3082 626 3122 Quoad
645 3084 798 3134 primum,
823 3083 898 3123 quia
920 3083 1026 3113 anima
1048 3088 1189 3122 separata
1203 3082 1258 3112 ha-

134 3132 139 3140 ’
202 3126 257 3159 bet
278 3127 414 3159 modum
437 3127 560 3159 essendi
583 3127 719 3158 similem
743 3127 877 3166 angelis,
901 3135 960 3167 pro
989 3130 1109 3166 quanto
1133 3131 1180 3156 est
1202 3135 1259 3166 per

200 3168 430 3211 ‘Qesubsistens
453 3172 521 3202 sine
545 3179 695 3210 corpore;
720 3176 751 3201 et
773 3171 868 3200 habet
889 3179 955 3200 esse
969 3170 1003 3199 in
1018 3169 1092 3199 loco
1116 3179 1183 3199 non
1200 3169 1258 3199 cir-

124 3224 139 3241 -·
182 3216 437 3256 ῐωωεετίρτὶνε,
460 3214 518 3246 sed
539 3214 712 3250 definitive,
735 3214 818 3244 sicut
841 3213 989 3253 angelus:
1013 3212 1087 3243 ideo
1110 3213 1201 3248 sicut,
1225 3213 1258 3242 in

123 3255 154 3296 ’ξ
199 3261 371 3294 camunni
391 3258 577 3300 loquendo,
601 3258 751 3298 angelum
782 3257 918 3288 dicimus
941 3266 1010 3288 esse
1039 3257 1074 3287 in
1097 3256 1172 3286 loco
1198 3265 1257 3296 pro

126 3299 131 3307 '
200 3309 329 3347 quanto
348 3313 416 3335 non
438 3303 546 3334 solum
577 3301 707 3333 effectus
730 3302 816 3337 eius,
839 3300 895 3332 sed
917 3300 1090 3331 substantia
1122 3300 1189 3330 eius
1213 3304 1259 3330 est

199 3343 238 3379 'in
258 3341 344 3384 loeo,
366 3348 431 3379 hoc
447 3352 503 3383 est,
521 3346 565 3377 ita
589 3345 729 3386 ibiquod
751 3354 816 3376 non
840 3344 918 3375 alibi
932 3345 964 3380 *;
987 3344 1031 3374 ita
1053 3343 1192 3374 animam
1211 3352 1258 3374 se-

169 3393 179 3405 '
227 3396 344 3423 aratam
365 3393 400 3423 in
422 3392 496 3422 loco
520 3388 628 3431 aliquo*
661 3388 729 3420 esse
761 3388 895 3419 dicimus
917 3397 985 3418 non
1007 3387 1129 3418 ratione
1161 3386 1258 3417 solius

198 3400 344 3472 actm,
360 3434 416 3466 sed
439 3435 515 3476 quia
535 3435 604 3475 ipsa
620 3434 687 3464 eius
708 3433 882 3463 substantia
904 3437 951 3462 est
964 3432 1007 3462 ita
1029 3431 1073 3462 ibi
1088 3430 1177 3471 quod
1191 3440 1259 3461 non

205 3478 290 3511 alibi.

259 3523 362 3560 Unde,
378 3523 419 3554 ad
441 3523 643 3563 propositum
660 3520 869 3557 deveniendo,
885 3520 990 3550 anima
1014 3518 1131 3549 Chrisu'
1153 3518 1187 3548 in
1206 3518 1259 3548 tri-

148 3568 150 3570 ’
206 3564 272 3597 duo
293 3567 406 3598 mortis
423 3565 484 3597 fuit
505 3567 539 3597 in
553 3565 679 3596 inferno
695 3575 763 3596 non
781 3565 903 3595 ratione
926 3563 1024 3594 solius
1047 3561 1187 3598 effectus,
1204 3561 1260 3592 sed

205 3610 327 3641 ratione
349 3609 528 3642 definitivae
550 3610 746 3651 praesentiae
769 3609 959 3640 substantiae
986 3616 1061 3637 suae
1085 3606 1124 3636 ad
1150 3606 1259 3636 locum

1318 412 1438 448 militas,
1463 423 1560 452 quarn
1583 415 1688 444 anima
1711 414 1826 445 Christi
1849 425 1908 455 pro
1931 422 2038 446 nostra
2061 417 2160 446 salute
2183 417 2371 448 sustinebat:

1319 465 1416 495 quam
1447 458 1673 496 poenalitatem
1706 459 1864 489 humanae
1898 465 2028 490 naturae
2061 465 2191 499 propter
2221 460 2372 500 originale

1318 505 1486 539 peccatum
1509 501 1620 531 Petrus
1642 502 1834 542 Apostolus,
1858 504 1926 533 Act.
1943 513 1965 532 11
1980 504 2007 539 *‚
2032 502 2158 533 dolores
2179 503 2294 534 inferni
2317 513 2372 543 ap-

1317 543 1454 582 pellavit,
1479 544 1557 574 dum
1580 544 1655 575 dicit
1678 545 1717 575 de
1741 546 1878 582 Christo,
1902 556 1993 586 quem
2016 547 2104 576 Deus
2126 547 2299 582 suscitavit,
2320 556 2371 578 so-

1318 587 1393 617 lutis
1415 587 1581 619 doloribus
1604 589 1736 630 inferni.
1758 608 1781 612 -
1803 590 1891 620 Haec
1915 589 1954 620 de
1977 591 2090 630 primo.

1371 631 1423 661 VI.
1448 631 1565 669 Quoad
1585 633 1761 663 secundum
1777 635 1803 669 *,
1820 643 1857 664 ex
1873 634 2027 674 Symbolo
2042 634 2274 674 Apostolorum
2290 635 2371 665 clare

1317 674 1449 704 habetur
1473 676 1561 715 quod
1584 676 1727 707 Christus
1759 677 1918 707 descendit
1940 677 1983 707 ad
2006 678 2150 718 inferos:
2179 683 2210 708 ct
2233 687 2271 708 ex
2294 687 2371 708 con-

1317 723 1404 748 textu
1426 719 1525 758 ipsius
1549 719 1694 760 Symboli
1717 721 1798 751 clare
1822 726 1908 760 patet
1931 721 2020 760 quod
2043 721 2082 751 de
2097 721 2173 751 reali
2195 722 2371 761 praesentia

1317 762 1415 801 ipsius
1439 762 1564 799 Christi,
1589 769 1620 793 et
1642 774 1709 794 non
1733 764 1861 794 effectus
1885 766 1962 800 eius,
1985 765 2177 804 intelligitur.
2207 765 2371 802 Quoniam

1319 815 1376 844 per
1390 806 1525 836 modurn
1541 807 1688 837 historiae
1710 809 1922 848 interponitur
1940 808 2198 838 antecedentibus
2213 813 2244 838 et
2259 818 2372 838 conse-

1318 850 1508 888 quentibus,
1533 856 1564 880 et
1585 860 1653 881 non
1680 851 1768 881 aliter
1799 852 1965 882 intellectis
1997 861 2094 891 quam
2118 851 2157 882 de
2179 852 2274 882 simili
2296 852 2371 882 reali

1317 894 1510 932 praesentia:
1535 900 1571 924 ut
1593 900 1680 934 patet
1702 904 1776 925 cum
1791 896 2007 935 praeponitur,
2024 896 2207 936 crucifixus,
2224 901 2370 926 mortuus

1317 942 1348 966 et
1369 938 1519 977 sepultus,
1537 943 1568 968 et
1591 947 1666 968 cum
1681 939 1889 978 subiungitur,
1906 940 2049 969 surrexit
2064 949 2084 969 a
2100 939 2244 974 mortuis,
2261 949 2370 970 ascen—

1317 980 1364 1010 dit
1386 981 1418 1010 in
1435 982 1552 1012 caelos.
1577 981 1662 1012 Cum
1682 983 1767 1012 enirn
1783 982 1823 1012 de
1844 983 1973 1022 reliquis
1988 983 2075 1012 nulla
2089 983 2129 1012 sit
2145 983 2298 1022 quaestio,
2314 992 2369 1013 ne-

1317 1034 1381 1064 que
1404 1024 1443 1054 de
1466 1025 1530 1055 hoc
1551 1025 1739 1056 intermedio
1762 1025 1856 1056 debet
1879 1035 1945 1056 esse
1969 1027 2111 1066 quaestio
2135 1027 2214 1066 quin
2236 1026 2275 1056 de
2294 1027 2370 1057 reali

1317 1069 1493 1108 praesentia
1515 1069 1705 1099 substantiae
1730 1069 1846 1099 Christi
1869 1070 2068 1109 intelligatur.

1372 1111 1504 1142 Accedit
1527 1112 1567 1142 ad
1589 1113 1666 1142 haec
1689 1114 1768 1143 sacri
1791 1114 1945 1152 expositio
1971 1113 2108 1143 Concilii
2125 1113 2287 1143 Generalis
2310 1114 2368 1144 sub

1317 1155 1504 1185 Innocentio
1528 1155 1578 1192 111,
1596 1156 1700 1192 Extra,
1716 1156 1754 1186 de
1770 1156 1857 1186 Sum.
1877 1157 1965 1186 Trin.
1985 1162 2016 1187 et
2032 1157 2114 1192 Fid„
2134 1166 2203 1196 cap.
2218 1157 2371 1187 Firmiter

1317 1198 1491 1234 credimus,
1515 1200 1571 1229 ubi
1594 1199 1708 1229 dicitur
1734 1199 1773 1230 de
1797 1199 1938 1230 Christo:
1965 1200 2137 1230 Descendit
2166 1201 2208 1230 ad
2231 1201 2367 1241 inferos,

1317 1243 1498 1273 resurrexit
1519 1252 1539 1272 a
1562 1244 1707 1277 mortuis,
1732 1249 1763 1273 et
1784 1244 1926 1274 ascendit
1948 1244 1980 1273 in
2004 1245 2147 1274 caelum:
2169 1244 2224 1274 sed
2243 1245 2369 1274 descen-

1316 1286 1364 1316 dit
1386 1286 1418 1316 in
1442 1286 1562 1322 anima,
1586 1291 1618 1316 et
1635 1287 1814 1317 resurrexit
1837 1287 1868 1317 in
1893 1297 1999 1322 carne,
2024 1287 2226 1327 ascenditque
2243 1288 2370 1327 pariter

1317 1330 1349 1360 in
1367 1335 1512 1370 utroque.
1537 1330 1599 1360 Ubi
1622 1331 1703 1361 clare
1718 1331 1849 1370 ponitur
1872 1330 2040 1361 descensus
2063 1332 2096 1361 in
2112 1332 2231 1361 anima:
2257 1337 2288 1361 et
2302 1341 2369 1361 non

1317 1373 1402 1410 dixit,
1427 1374 1460 1404 in
1477 1374 1590 1415 effectu
1614 1374 1750 1404 animae.
1783 1375 1824 1404 Et
1846 1384 1974 1410 rursus,
1993 1375 2073 1405 sicut
2095 1384 2168 1405 vere
2191 1384 2264 1405 caro
2288 1384 2370 1414 quae

1317 1417 1472 1448 ceciderat
1494 1428 1513 1447 a
1534 1419 1615 1454 vita,
1639 1419 1805 1448 resurrexit
1833 1418 1867 1448 in
1883 1419 2003 1458 seipsa,
2028 1424 2058 1448 et
2085 1428 2152 1448 non
2183 1419 2215 1448 in
2239 1418 2367 1454 effectu,

1315 1462 1359 1491 ita
1382 1461 1544 1491 descendit
1558 1471 1632 1491 vere
1653 1462 1687 1491 in
1710 1463 1824 1497 anima,
1841 1467 1872 1492 et
1894 1472 1961 1492 non
1983 1462 2017 1492 in
2036 1461 2160 1492 effectu.
2184 1462 2225 1492 Et
2242 1462 2367 1498 iterum,

1315 1506 1397 1535 sicut
1420 1514 1495 1535 cum
1518 1505 1632 1535 dicitur
1655 1505 1744 1545 quod
1766 1505 1909 1536 ascendit
1926 1506 2055 1546 pariter
2077 1506 2109 1535 in
2134 1511 2285 1546 utroque,
2309 1507 2368 1536 sci—

1314 1549 1389 1579 licet
1411 1549 1517 1579 anima
1539 1554 1570 1579 et
1585 1558 1688 1585 carne,
1706 1549 1745 1579 de
1768 1550 1854 1589 ipsis,
1877 1555 1909 1579 et
1922 1559 1990 1580 non
2013 1549 2052 1580 de
2068 1559 2181 1580 eorum
2205 1549 2368 1580 effectibus

1314 1592 1512 1632 intelligitur;
1535 1593 1588 1629 ita,
1613 1602 1687 1623 cum
1710 1592 1833 1628 dicitur,
1857 1593 2017 1623 descendit
2039 1594 2071 1623 in
2095 1594 2214 1629 anima,
2239 1593 2278 1623 de
2300 1594 2368 1633 ipsa

1315 1637 1430 1672 anima,
1448 1642 1479 1666 et
1493 1646 1560 1666 non
1583 1636 1622 1666 de
1638 1637 1705 1667 eius
1729 1636 1843 1667 effectu
1857 1636 2098 1677 intelligendum
2121 1642 2177 1667 est.
2201 1637 2242 1667 Et
2264 1637 2290 1666 si
2312 1646 2368 1676 per

1314 1681 1393 1710 haec
1414 1681 1510 1710 verba
1531 1690 1599 1710 non
1630 1679 1822 1720 significatur
1854 1680 2022 1711 descensus
2052 1680 2167 1711 Christi
2198 1681 2231 1710 in
2263 1681 2368 1711 anima

1315 1723 1492 1754 secundum
1514 1724 1616 1763 ipsam
1639 1724 1844 1754 substantiam
1867 1725 2000 1760 animae,
2025 1724 2139 1760 dicant,
2163 1733 2292 1763 quaeso,
2316 1725 2367 1754 isti

1314 1768 1481 1808 opinantes
1505 1768 1620 1807 quibus
1643 1768 1745 1798 verbis
1768 1768 1815 1798 uti
1838 1767 2014 1798 debuerunt
2034 1768 2139 1798 Patres
2161 1768 2195 1797 in
2218 1767 2366 1798 Concilio

1314 1811 1353 1842 ad
1376 1811 1619 1851 significandum
1650 1812 1748 1851 ipsius
1780 1812 1903 1841 animae
1929 1812 1962 1841 in
1985 1812 2086 1850 seipsa
2118 1811 2304 1841 descensum
2328 1810 2367 1841 ad

1313 1855 1441 1885 inferos.
1473 1854 1548 1885 Ideo
1572 1856 1657 1885 enim
1680 1860 1898 1894 apposuerunt
1921 1854 1960 1884 ad
1983 1855 2150 1885 articulum
2172 1854 2245 1884 fidei
2269 1864 2366 1894 expo-

1313 1898 1456 1929 nendum
1480 1898 1568 1938 quod
1591 1898 1751 1929 descendit
1773 1898 1804 1928 in
1830 1899 1948 1933 anima,
1967 1908 2008 1928 ne
2031 1898 2138 1928 liceret
2153 1898 2254 1937 putari
2279 1898 2367 1937 quod

1314 1941 1476 1973 descendit
1507 1941 1651 1973 Christus
1673 1952 1741 1972 non
1767 1942 1972 1981 personaliter
1994 1943 2027 1972 in
2049 1947 2178 1972 naturae
2210 1942 2367 1972 humanae

1314 1987 1428 2022 anima,
1453 1995 1550 2026 quam
1573 1986 1717 2022 habebat,
1741 1985 1796 2016 sed
1819 1986 1924 2016 solum
1947 1985 2123 2016 secundum
2147 1985 2304 2015 effectum.

1368 2031 1466 2070 Urget
1489 2039 1621 2071 quoque
1643 2029 1733 2060 valde
1756 2031 1924 2060 auctoritas
1939 2030 2053 2059 Psalmi
2068 2039 2108 2059 xv
2123 2030 2149 2065 *,
2165 2030 2251 2059 iuxta
2270 2039 2367 2069 expo-

1313 2075 1462 2104 sitionem
1482 2074 1565 2104 Petri
1580 2073 1738 2113 Apostoli,
1761 2074 1829 2104 Act.
1846 2084 1868 2103 11
1883 2075 1909 2109 ἢ
1934 2073 1988 2103 ubi
2008 2073 2150 2103 Christus
2174 2072 2265 2103 dicit:
2290 2073 2365 2103 Non

1313 2118 1512 2158 derelinques
1535 2117 1676 2147 animam
1692 2127 1793 2147 meam
1817 2117 1849 2147 in
1867 2118 2006 2158 inferno,
2023 2126 2081 2147 nec
2103 2116 2192 2147 dabis
2214 2116 2366 2147 Sanctum

1314 2167 1403 2192 tuum
1426 2161 1533 2192 videre
1556 2161 1804 2201 corruptionem.
1828 2161 1879 2190 Ad
1897 2161 2031 2191 litteram
2047 2161 2143 2196 enim,
2159 2169 2279 2190 nomen
2301 2160 2366 2190 loci

1313 2215 1371 2236 seu
1385 2214 1510 2245 poenae
1526 2210 1653 2244 oportet
1668 2214 1736 2234 esse
1751 2205 1924 2245 infernum.
1949 2204 2035 2234 Tum
2052 2205 2205 2243 quoniam
2221 2213 2365 2244 expresse

1315 2249 1428 2280 dicitur
1451 2248 1540 2289 quod
1562 2249 1595 2279 in
1620 2258 1660 2278 eo
1682 2257 1750 2278 non
1773 2253 1820 2278 est
1843 2247 1990 2278 derelicta
2008 2248 2113 2278 anima
2135 2247 2260 2283 Christi,
2283 2247 2366 2278 sicut

1314 2303 1374 2324 nec
1391 2303 1463 2323 caro
1480 2298 1629 2332 corrupta
1644 2297 1690 2322 est
1704 2292 1738 2322 in
1757 2292 1912 2331 sepulcro.
1930 2291 2017 2322 Tum
2033 2291 2195 2331 quoniam,
2208 2289 2326 2321 ibidem
2337 2292 2364 2327 ἦ

1313 2338 1389 2367 huic
1413 2336 1516 2367 eidem
1538 2335 1663 2366 inferno
1687 2336 1826 2366 attribuit
1847 2335 1956 2366 Petrus
1979 2335 2154 2375 Apostolus
2176 2343 2244 2365 non
2259 2334 2365 2366 solum

1315 2381 1451 2416 dolores,
1475 2379 1530 2410 sed
1553 2379 1642 2419 quod
1663 2389 1731 2410 non
1753 2384 1876 2419 poterat
1898 2378 2071 2409 violentare
2094 2377 2265 2414 Christum,
2290 2387 2365 2409 cum

1315 2424 1405 2455 dicit:
1442 2424 1543 2460 Quem
1571 2424 1660 2453 Deus
1690 2423 1872 2458 suscitavit,
1896 2422 2010 2453 solutis
2038 2421 2203 2452 doloribus
2226 2421 2363 2462 inferni,

1314 2469 1406 2499 iuxta
1429 2468 1516 2508 quod
1548 2466 1738 2507 impossibile
1770 2471 1841 2497 erat
1862 2466 1963 2497 teneri
1992 2466 2082 2496 illum
2103 2466 2143 2495 ab
2166 2474 2222 2500 eo,
2247 2465 2365 2496 scilicet

1313 2512 1449 2543 inferno.
1466 2512 1554 2542 Haec
1570 2511 1656 2542 enim
1672 2510 1748 2546 duo,
1764 2510 1883 2540 scilicet
1897 2509 1986 2550 quod
2002 2509 2144 2539 Christus
2159 2518 2226 2539 non
2240 2514 2365 2548 poterat

1314 2556 1447 2587 detineri
1470 2556 1508 2586 ab
1530 2554 1672 2590 inferno,
1697 2559 1727 2584 et
1750 2553 1839 2594 quod
1862 2553 2004 2584 Christus
2027 2552 2203 2583 secundum
2226 2553 2364 2583 animam

1313 2609 1381 2631 non
1404 2605 1451 2630 est
1480 2598 1646 2630 derelictus
1669 2598 1702 2628 in
1724 2597 1863 2633 inferno,
1887 2595 2051 2627 manifeste
2081 2596 2275 2627 convincunt
2297 2597 2364 2627 ani-

1313 2653 1399 2674 mam
1424 2643 1558 2679 Christi,
1583 2648 1614 2673 et
1635 2651 1702 2672 non
1725 2641 1830 2671 solum
1858 2642 1925 2671 eius
1948 2640 2111 2676 effectum,
2135 2639 2230 2670 fuisse
2260 2640 2294 2669 in
2315 2640 2364 2670 in-

1313 2687 1414 2718 semo.
1439 2687 1480 2717 Et
1502 2687 1570 2726 ipsa
1588 2685 1851 2717 commemoratio
1873 2683 2166 2715 non-derelictionis
2184 2684 2217 2713 in
2239 2683 2363 2714 inferno

1312 2732 1394 2762 inter
1417 2730 1522 2762 divina
1544 2729 1698 2760 beneficia
1731 2729 1856 2759 Christo
1880 2728 2011 2764 collata,
2035 2727 2112 2758 dum
2135 2726 2264 2762 dicitur,
2288 2727 2362 2758 Non

1314 2776 1473 2816 relinques
1496 2774 1637 2805 animam
1659 2782 1761 2803 meam
1786 2772 1819 2802 in
1843 2771 1991 2813 inferno,
2016 2780 2073 2801 nec
2094 2770 2183 2801 dabis
2212 2771 2363 2801 Sanctum

1313 2824 1403 2850 tuum
1426 2818 1535 2849 uidere
1557 2817 1803 2856 corruptionem,
1827 2814 1992 2846 manifeste
2014 2818 2167 2844 monstrat
2189 2811 2363 2854 poenalita-

1312 2869 1378 2894 tem
1401 2863 1540 2902 aliquam
1566 2862 1599 2891 in
1624 2860 1740 2891 Christi
1771 2860 1875 2889 anima
1898 2868 1935 2888 ex
1958 2859 2020 2888 hoc
2053 2857 2141 2898 quod
2173 2863 2238 2887 erat
2259 2858 2292 2887 in
2314 2858 2363 2888 in-

1312 2907 1414 2942 ferno,
1438 2915 1456 2936 a
1471 2915 1534 2945 qua
1553 2903 1745 2934 liberandam
1767 2902 1924 2942 Propheta
1946 2901 2148 2942 praedixerat.
2175 2900 2216 2930 Et
2238 2901 2263 2930 si
2285 2901 2364 2932 haec

1313 2951 1422 2981 omnia
1445 2949 1483 2979 ad
1499 2948 1604 2978 solum
1627 2946 1775 2977 effectum
1798 2946 1830 2975 in
1845 2945 1970 2975 inferno
1986 2944 2179 2985 productum
2201 2945 2240 2974 ab
2259 2945 2364 2975 anima

1314 2993 1430 3024 Christi
1460 2992 1672 3032 applicentur,
1696 2989 1816 3020 videbis
1848 2994 2004 3029 quantum
2030 2988 2215 3018 aberraverit
2245 2989 2362 3027 positio

1313 3036 1464 3068 Durandi.
2084 3036 2088 3041 '

1367 3080 1475 3110 Taceo
1498 3075 1589 3119 vquod
1612 3077 1746 3108 fatemur
1762 3076 1924 3107 Christum
1940 3075 2045 3106 triduo
2061 3076 2095 3106 in
2110 3074 2234 3106 inferno
2250 3074 2362 3111 fuisse;

1313 3129 1353 3160 et,
1369 3125 1456 3154 iuxta
1470 3121 1630 3153 Ecclesiae
1646 3130 1760 3151 vocem
1782 3121 1815 3150 in
1834 3119 2056 3150 benedictione
2073 3118 2175 3155 Cerei,
2191 3118 2231 3148 ab
2250 3119 2364 3160 inferis

1311 3166 1499 3201 ascendisse,
1516 3171 1546 3196 et
1564 3165 1666 3195 solam
1683 3164 1771 3194 illam
1788 3168 1910 3194 noctem
1926 3163 2051 3194 novisse
2066 3167 2187 3203 tempus
2205 3166 2236 3192 et
2249 3162 2363 3193 horam

1311 3212 1344 3242 in
1360 3220 1424 3251 qua
1441 3210 1587 3240 Christus
1601 3209 1642 3239 ab
1657 3208 1771 3248 inferis
1787 3207 1975 3238 resurrexit.
1998 3207 2086 3237 Haec
2102 3207 2188 3236 enim
2202 3214 2269 3236 non
2288 3215 2363 3246 pos-

1311 3260 1385 3285 sunt
1408 3254 1446 3284 de
1462 3252 1614 3293 spirituali
1637 3251 1761 3282 inferno
1777 3251 1924 3291 intelligi:
1949 3251 2103 3290 quoniam
2125 3249 2293 3290 spiritualis
2313 3250 2363 3281 in-

1311 3298 1418 3330 fernus
1434 3298 1573 3327 abiectus
1589 3301 1636 3326 est
1650 3296 1684 3326 in
1699 3295 1855 3335 principio
1868 3294 1998 3325 effectus
2013 3303 2111 3334 quem
2126 3293 2231 3324 anima
2247 3292 2364 3323 Christi

1312 3341 1387 3373 fecit
1407 3342 1441 3372 in
1463 3340 1628 3371 animabus
1650 3339 1788 3375 Patrum,
1804 3348 1879 3369 nam
1897 3338 2000 3369 statim
2019 3338 2144 3368 ‘abiecta
2162 3342 2209 3367 est
2227 3337 2364 3368 carentia

1312 3385 1436 3416 divinae
1454 3384 1594 3415 visionis.
1617 3383 1666 3414 Ac
1681 3392 1737 3424 per
1754 3382 1828 3418 hoc,
1844 3381 1918 3413 dato
1935 3380 2023 3421 quod
2038 3381 2138 3422 possit
2157 3380 2291 3410 colorari
2309 3378 2363 3411 de-

1312 3438 1440 3460 scensus
1464 3427 1503 3458 ad
1517 3427 1677 3458 infernum
1698 3435 1756 3467 per
1771 3425 1920 3456 effectum
1943 3426 2018 3465 quia
2035 3425 2068 3454 in
2083 3424 2240 3464 principio
2264 3424 2364 3463 attigit

1311 3473 1472 3503 infernum
1493 3471 1689 3512 spiritualem
1711 3471 1744 3501 in
1767 3470 1920 3505 Patribus,
1941 3469 1996 3509 qui
2012 3474 2058 3499 est
2080 3468 2217 3498 carentia
2239 3466 2362 3497 divinae

1312 3516 1451 3552 visionis,
1476 3521 1512 3546 ut
1534 3515 1706 3545 terminum
1729 3524 1747 3544 a
1770 3523 1850 3554 quo;
1883 3523 1950 3544 non
1972 3518 2077 3553 potest
2099 3517 2205 3542 tamen
2229 3511 2363 3542 colorari

1313 3560 1402 3601 quod
1423 3559 1528 3590 triduo
1553 3558 1647 3589 fuerit
1668 3559 1702 3588 in
1724 3557 1848 3588 inferno
1878 3556 2049 3597 spirituali,
2073 3564 2134 3589 nec
2156 3553 2263 3595 quod,
2288 3563 2362 3585 cum

1312 3604 1487 3639 resurrexit,
1511 3602 1651 3633 ascendit
1674 3603 1712 3632 ab
1730 3601 1847 3632 inferis.

2399 512 2410 523 ⁸
2424 513 2458 535 Cf.
2474 519 2522 542 arg.
2537 520 2558 536 π.

2401 643 2410 652 ·
2423 642 2459 664 Cf.
2470 648 2532 664 num.
2543 648 2613 670 prae-

2398 668 2447 689 ced.
2463 668 2512 690 init.

2393 2039 2403 2048 ⁸
2417 2038 2483 2059 Vers.
2499 2044 2532 2060 ιο.

2393 2078 2404 2089 ’
2417 2077 2483 2099 Vers.
2495 2083 2529 2105 27,
2543 2083 2578 2104 3¹.

2396 2294 2405 2304 '
2417 2292 2483 2314 Vers.
2497 2298 2533 2319 ²4·
