2872 3970
167 836 178 847 ⁴
193 836 226 858 Cf.
243 842 306 857 num.
323 842 339 857 ι.

173 2643 182 2652 ·
205 2642 268 2663 Ioan.
293 2648 341 2669 cap.
366 2647 380 2668 1,

172 2674 230 2690 vers.
246 2675 280 2694 ¹4·

173 2697 183 2706 ⁸
202 2694 379 2716 Nicaen.-Con-

173 2724 240 2742 stant.

410 288 485 314 210

461 354 514 385 Ad
535 355 598 385 hoc
622 355 736 386 dicitur
767 354 856 396 quod
884 356 918 385 in
941 355 1000 385 hac
1030 355 1143 385 ultima
1165 355 1319 394 particula
1348 354 1468 384 litterae

407 408 474 429 non
497 404 543 429 est
566 409 669 429 sermo
694 399 733 429 de
756 400 894 434 veritate,
919 398 974 428 sed
998 398 1036 428 de
1059 398 1252 438 proprietate
1275 407 1395 428 sensus.
1428 398 1469 428 Et

406 448 583 483 propterea,
608 443 682 473 licet
705 443 878 483 assignatus
901 452 1012 473 sensus
1028 441 1210 472 obiiciendo
1227 442 1266 471 sit
1282 451 1384 478 verus,
1401 451 1468 471 non

407 492 513 516 tamen
537 492 583 516 est
605 487 752 527 proprius
777 486 878 517 dictae
897 486 1133 526 propositionis.
1158 485 1243 522 Quia
1259 486 1294 526 ly‘
1306 485 1412 520 homo,
1430 495 1467 515 ex

406 535 494 570 parte
510 531 652 567 subiecti,
666 531 871 570 personaliter
887 540 923 560 ac
939 529 1144 560 determinate
1160 538 1357 569 supponens,
1374 529 1468 559 debet

407 575 489 604 sumi
511 584 570 614 pro
594 574 646 604 illa
669 575 831 615 hypostasi
855 573 1012 609 absolute,
1037 579 1068 603 et
1091 582 1158 603 non
1181 582 1240 612 pro
1264 573 1316 603 illa
1339 578 1375 603 ut
1398 573 1467 603 abs-

406 618 498 648 trahit
522 628 540 647 a
562 618 673 658 seipsa,
698 624 734 648 ut
757 618 894 648 obiectio
917 617 1030 647 sumit:
1057 617 1131 656 quia
1154 617 1296 647 subiecta
1319 622 1468 647 tenentur

406 662 614 692 materialiter.
639 661 772 692 Constat
795 667 902 691 autem
926 661 1024 701 quod,
1049 660 1192 690 absolute
1214 666 1341 700 sumpta
1364 661 1466 701 hypo-

406 706 479 735 stasi
502 705 563 741 illa,
588 705 703 735 falsum
727 711 773 735 est
797 705 885 745 quod
908 704 1028 735 factum
1052 705 1090 734 sit
1114 704 1200 734 illam
1220 714 1287 734 esse
1304 704 1421 734 Deum.
1445 721 1466 727 -—

406 749 468 780 Ubi
491 755 597 779 tamen
620 749 804 779 huiusmodi
820 749 902 779 dicta
918 749 1132 783 inveniuntur,
1157 749 1210 787 pie
1233 748 1467 788 interpretanda

405 798 488 828 sunt,
512 802 579 823 non
604 792 812 823 extendenda.

459 836 525 866 VII.
551 836 667 874 Quoad
683 836 860 867 secundum
877 838 902 872 ³⁶,
928 838 1037 866 tertius
1054 845 1164 866 sensus
1181 837 1272 876 ponit
1297 835 1386 875 quod
1404 836 1467 866 hoc

404 886 525 916 totum,
544 881 659 921 factus
683 885 744 914 est,
768 882 899 920 ponitur
922 890 980 920 pro
1005 880 1122 919 copula
1143 880 1278 910 verbali:
1310 881 1355 910 sic
1380 881 1466 910 enim

403 924 436 964 ly
449 924 566 964 factus
588 929 635 954 est
656 925 747 964 ponit
771 925 853 954 cirea
876 925 1041 954 hominem
1058 930 1093 954 ut
1108 924 1288 954 subiectum
1304 923 1382 960 fieri,
1399 933 1467 954 non

405 968 564 1003 absolute,
589 967 645 998 sed
667 969 700 998 in
724 967 835 998 ordine
859 968 898 998 ad
922 969 1028 998 Deum
1053 973 1088 998 ut
1111 969 1285 998 terminum
1308 967 1465 999 factionis.

404 1012 449 1041 Ita
473 1011 561 1051 quod
584 1021 693 1041 sensus
709 1012 856 1051 proprius
874 1017 919 1042 est
943 1011 1032 1051 quod
1047 1012 1142 1042 homo
1159 1012 1290 1053 effectus
1305 1017 1353 1042 est
1366 1012 1464 1043 Deus.

403 1055 443 1085 Et
466 1056 498 1085 in
522 1057 583 1085 hoe
607 1065 701 1085 sensu
725 1056 852 1095 proprie
875 1055 1086 1095 respondetur
1110 1057 1254 1096 quaesito
1279 1056 1368 1096 quod
1385 1066 1466 1097 pro-

397 1099 518 1139 positio
542 1105 589 1130 est
601 1100 713 1141 falsa:
739 1105 770 1130 et
792 1099 1024 1136 manifestatur,
1050 1105 1080 1130 et
1103 1100 1264 1140 probatur.

459 1143 676 1174 Manifestatur
701 1143 831 1183 quidem
855 1149 886 1174 et
906 1153 944 1174 ex
959 1145 1124 1184 supposita
1140 1145 1296 1175 sententia
1311 1144 1386 1175 fidei
1409 1144 1466 1175 fal-

403 1186 544 1217 sificante
566 1187 682 1218 dictam
698 1189 967 1228 propositionem:
994 1194 1024 1218 et
1041 1197 1078 1218 ex
1095 1189 1251 1219 contraria
1266 1189 1387 1219 haeresi
1402 1189 1466 1219 Ne-

403 1232 616 1262 storianorum
639 1231 821 1262 verificante
838 1232 982 1262 eandem.
1007 1232 1163 1262 Ponendo
1180 1233 1267 1263 enim
1282 1242 1381 1264 unam
1397 1238 1467 1264 tan-

404 1281 474 1305 turn
496 1276 530 1305 in
554 1275 680 1306 Christo
704 1276 917 1316 hypostasim,
949 1285 1025 1307 cum
1048 1276 1101 1307 illa
1124 1277 1163 1306 sit
1186 1277 1293 1316 genita
1314 1277 1404 1307 Deus
1427 1278 1466 1308 ab

404 1325 542 1355 aeterno,
568 1325 598 1350 et
621 1325 820 1359 supponatur
842 1329 899 1360 per
922 1320 954 1361 ly
969 1321 1075 1355 homo,
1092 1330 1160 1351 non
1175 1326 1283 1360 potest
1298 1320 1360 1351 dici
1378 1321 1467 1361 quod

394 1364 510 1404 factus
533 1369 579 1394 est
601 1364 699 1394 Deus.
723 1364 878 1394 Ponendo
903 1370 1020 1400 autem,
1047 1374 1121 1395 cum
1137 1365 1313 1401 haereticis,
1339 1365 1417 1396 duas
1432 1366 1466 1396 in

405 1407 532 1438 Christo
555 1408 757 1448 hypostases,
782 1409 903 1448 optime
926 1408 1105 1439 verificatur
1129 1408 1218 1449 quod
1240 1409 1340 1439 homo
1363 1409 1466 1440 factus

404 1456 450 1481 est
474 1451 570 1487 Deus,
595 1452 670 1491 quia
686 1452 737 1482 ille
754 1453 853 1482 homo
870 1453 1061 1483 coniunctus
1082 1458 1128 1483 est
1144 1453 1231 1483 Deo:
1256 1453 1338 1484 sicut
1354 1463 1372 1484 e
1388 1463 1466 1484 con-

403 1501 449 1525 tra
471 1495 560 1526 Deus
574 1496 689 1537 factus
705 1501 752 1526 est
765 1497 870 1532 homo,
891 1496 980 1533 idest,
1001 1497 1191 1528 coniunctus
1206 1501 1254 1527 est
1269 1497 1318 1527 illi
1332 1497 1464 1534 homini,

403 1539 581 1569 secundum
604 1540 663 1570 hos
686 1541 870 1571 haereticos.

457 1583 612 1613 Probatur
635 1590 742 1614 autem
765 1586 819 1615 sic.
845 1585 921 1615 Esse
945 1585 1052 1615 Deum
1068 1584 1248 1615 verificatur
1267 1585 1306 1616 de
1322 1586 1464 1622 homine,

402 1637 469 1657 non
485 1628 606 1658 ratione
621 1634 762 1664 naturae,
775 1628 830 1659 sed
846 1629 1012 1668 suppositi.
1030 1629 1115 1669 Ergo
1132 1628 1200 1659 fieri
1212 1629 1319 1660 Deum
1335 1629 1374 1660 de
1390 1640 1466 1670 sup-

402 1672 507 1711 posito
533 1681 664 1712 quoque
680 1672 833 1702 verificari
857 1672 960 1709 debet,
977 1673 1002 1702 si
1025 1674 1202 1713 propositio
1227 1679 1273 1704 est
1295 1683 1377 1705 vera.
1403 1675 1466 1706 Sed

404 1715 443 1745 de
466 1716 632 1755 supposito
662 1726 728 1746 non
751 1722 856 1756 potest
879 1716 1031 1747 verificari
1055 1717 1123 1747 fieri
1146 1717 1262 1747 Deum.
1293 1718 1464 1749 Probatur:

404 1760 479 1799 quia
503 1760 540 1788 ab
565 1765 692 1790 aeterno
717 1765 763 1790 est
785 1761 882 1796 Deus,
903 1770 963 1791 nec
986 1770 1130 1800 unquam
1154 1762 1261 1800 coepit
1284 1771 1351 1792 esse
1367 1763 1465 1799 Deus,

405 1809 458 1832 aut
481 1803 549 1833 fieri
572 1804 675 1839 Deus,
700 1809 754 1833 aut
777 1803 865 1844 quod
895 1804 996 1834 factus
1020 1805 1059 1834 sit
1082 1805 1178 1835 Deus.
1203 1805 1298 1845 Ergo.
1323 1823 1343 1828 —
1367 1807 1466 1836 Ante-

405 1846 520 1877 cedens
537 1853 632 1886 patet.
645 1864 665 1870 —-
682 1847 921 1887 Consequentia
936 1858 1012 1878 vero
1035 1849 1196 1888 probatur.
1221 1849 1307 1886 Quia
1322 1850 1466 1880 eiusdem

406 1896 452 1921 est
475 1890 543 1920 fieri
567 1896 597 1920 et
621 1900 698 1927 esse,
715 1892 740 1921 si
763 1891 813 1921 fit:
840 1901 914 1922 cum
938 1891 1005 1922 fieri
1033 1893 1218 1922 terminetur
1237 1892 1276 1922 ad
1299 1903 1377 1923 esse.

460 1934 540 1964 VIII.
565 1934 702 1965 Adverte
727 1936 808 1965 circa
830 1936 909 1966 haec
933 1935 1031 1975 quod,
1056 1946 1131 1966 cum
1155 1937 1187 1966 in
1211 1937 1300 1967 omni
1316 1937 1465 1974 factione,

406 1987 470 2018 qua
492 1988 595 2008 unum
618 1978 653 2008 fit
677 1979 775 2014 aliud,
800 1989 867 2009 non
890 1979 995 2010 solum
1019 1986 1186 2010 concurrat
1209 1981 1378 2017 terminus,
1411 1982 1467 2012 sed

406 2022 584 2052 subiectum
608 2032 664 2052 seu
688 2023 990 2062 quasi-subiectum;
1015 2030 1046 2054 et
1070 2025 1103 2054 in
1125 2025 1185 2055 hac
1202 2024 1349 2061 factione,
1374 2031 1410 2056 ut
1433 2027 1466 2056 in

406 2065 507 2095 littera
530 2065 660 2102 dicitur,
691 2067 778 2097 Deus
809 2066 1002 2107 significetur
1033 2073 1068 2098 ut
1098 2069 1268 2099 terminus:
1304 2079 1362 2109 per
1383 2070 1466 2100 hanc

405 2110 668 2149 propositionem,
693 2110 802 2141 Homo
818 2112 934 2152 factus
949 2117 995 2142 est
1009 2112 1108 2147 Deus,
1133 2118 1227 2142 restat
1250 2118 1286 2142 ut
1309 2114 1408 2143 homo
1424 2114 1465 2144 si-

406 2152 573 2193 gnificetur
594 2160 631 2184 ut
653 2155 841 2185 subiectum.
866 2155 907 2185 Et
929 2155 1012 2191 ideo,
1037 2162 1072 2186 ut
1095 2157 1128 2186 in
1146 2156 1248 2186 littera
1272 2156 1395 2194 dicitur,
1420 2163 1466 2188 est

406 2197 483 2227 falsa
505 2199 681 2237 propositio
705 2199 778 2229 ista:
809 2199 919 2229 Homo
934 2200 1050 2240 factus
1073 2205 1120 2230 est
1141 2201 1240 2230 Deus.
1276 2201 1317 2231 Et
1339 2207 1464 2238 tamen,

406 2242 431 2270 si
454 2241 581 2272 relative
605 2242 761 2272 iudicetur
784 2243 842 2273 ista
865 2243 971 2279 factio,
995 2244 1194 2274 verissimum
1211 2250 1257 2274 est
1273 2245 1362 2285 quod
1378 2246 1465 2276 Deus

406 2290 453 2315 est
475 2287 638 2321 terminus,
662 2291 692 2316 et
715 2287 814 2317 homo
838 2286 1011 2317 formaliter
1028 2294 1074 2318 est
1090 2289 1287 2319 subiectum:
1312 2290 1396 2329 quia,
1417 2300 1466 2320 se-

407 2328 549 2359 cundum
572 2339 648 2365 rem,
672 2332 806 2361 mutatio
830 2332 960 2370 ponitur
975 2333 1008 2361 in
1024 2333 1156 2362 homine
1172 2332 1354 2369 formaliter,
1379 2339 1410 2364 et
1432 2335 1466 2364 in

406 2373 476 2403 Deo
500 2383 567 2403 non
582 2374 642 2404 nisi
665 2379 701 2404 ut
716 2375 749 2404 in
765 2376 911 2405 termino.
937 2375 1013 2413 Quo
1029 2376 1065 2406 fit
1080 2382 1126 2412 ut,
1143 2376 1183 2406 ad
1198 2386 1265 2407 rem
1281 2377 1464 2417 spectando,

407 2416 534 2447 deberet
556 2418 614 2447 ista
637 2419 824 2458 propositio,
848 2419 959 2450 Homo
974 2420 1090 2461 sactus
1113 2425 1160 2450 est
1180 2421 1279 2456 Deus,
1305 2421 1366 2451 dici
1382 2431 1465 2458 vera,

407 2466 438 2490 et
460 2462 559 2500 magis
582 2471 655 2492 vera
679 2471 776 2502 quam
799 2463 861 2499 illa,
885 2464 974 2494 Deus
988 2464 1104 2504 factus
1127 2469 1174 2504 est
1196 2465 1312 2495 homo:
1335 2466 1411 2505 quia
1433 2467 1466 2496 in

406 2504 459 2534 illa
488 2506 668 2536 subiectum
698 2506 843 2537 factionis
874 2508 1004 2547 ponitur
1027 2508 1223 2544 subiectum,
1256 2514 1287 2539 et
1312 2510 1466 2540 terminus

407 2549 536 2587 ponitur
550 2550 720 2586 terminus;
745 2551 778 2580 in
794 2551 851 2580 ista
867 2557 974 2581 autem
991 2561 1008 2581 e
1025 2558 1143 2582 contra.
1169 2553 1209 2582 Et
1231 2558 1339 2583 tamen
1361 2558 1466 2584 totum

407 2593 592 2632 oppositum
616 2593 806 2624 affirmatur:
840 2595 915 2634 quia
938 2596 1012 2631 ista,
1036 2596 1125 2626 Deus
1146 2597 1262 2637 factus
1285 2602 1332 2627 est
1353 2597 1466 2634 homo,

408 2636 578 2667 affirmatur
602 2643 632 2667 et
654 2638 687 2668 in
710 2638 895 2678 Evangelio,
925 2639 1058 2669 Verbum
1081 2649 1158 2670 caro
1174 2640 1305 2681 sactum
1324 2646 1371 2671 est
1385 2643 1411 2678 θ’,
1437 2647 1467 2672 et

407 2681 439 2710 in
463 2680 616 2721 Symbolo
632 2682 658 2717 ὓ,
682 2681 726 2711 Et
744 2682 839 2712 homo
854 2683 970 2723 factus
993 2689 1057 2720 est;
1080 2684 1132 2713 illa
1148 2690 1264 2720 autem,
1281 2684 1391 2715 Homo
1406 2686 1466 2727 fa-

408 2729 476 2755 ctus
499 2730 545 2755 est
566 2725 664 2760 Deus,
690 2727 903 2756 communiter
927 2726 1041 2757 dicitur
1064 2726 1150 2758 falsa.

464 2768 628 2806 Quorsum
651 2767 749 2799 haec?
771 2770 904 2810 Propter
928 2770 1002 2801 duo.
1031 2771 1174 2802 Primum
1198 2778 1254 2808 est,
1278 2777 1314 2803 ut
1336 2782 1403 2803 non
1426 2774 1467 2803 si-

408 2818 468 2842 stas
492 2808 524 2842 iri
548 2812 685 2843 factione
708 2814 844 2850 relativa,
866 2814 921 2845 sed
937 2815 1091 2855 intelligas
1106 2816 1140 2846 in
1155 2816 1217 2846 hoc
1233 2818 1383 2857 mysterio
1399 2817 1467 2848 fieri

408 2855 487 2886 illud
510 2865 575 2895 quo
599 2856 722 2893 dicitur,
753 2858 885 2888 Verbum
909 2867 987 2889 caro
1002 2859 1134 2900 factum
1158 2865 1212 2895 est,
1239 2866 1278 2896 et,
1303 2861 1399 2892 homo
1407 2862 1467 2903 fa-

410 2904 477 2929 ctus
500 2905 554 2935 est,
580 2910 656 2936 esse,
681 2911 747 2931 non
771 2901 839 2932 fieri
862 2903 1038 2939 relativum,
1062 2921 1086 2926 —-
1109 2905 1184 2944 quia
1206 2914 1273 2935 non
1293 2914 1376 2941 caro,
1401 2915 1467 2936 non

410 2943 508 2973 homo
532 2943 631 2974 factus
655 2951 736 2975 esset
767 2946 827 2976 Dei
850 2946 965 2982 Filius,
990 2947 1045 2977 sed
1069 2947 1112 2978 ad
1134 2957 1278 2983 carnem,
1302 2949 1345 2979 ad
1366 2950 1467 2980 homi-

412 2997 481 3017 nem
488 2994 501 3023 ;
524 2993 553 3017 et
576 2988 744 3019 militarent
772 2990 911 3020 multum
940 2997 1125 3030 argumenta
1155 2992 1262 3023 allata:
1278 3011 1301 3015 —-
1323 2993 1378 3024 sed
1401 2993 1468 3024 fieri

411 3031 628 3068 substantiale;
652 3042 718 3063 non
742 3034 835 3073 quale
860 3039 906 3064 est
924 3034 991 3065 fieri
1016 3044 1081 3075 quo
1097 3037 1227 3066 materia
1243 3042 1468 3068 transmutatur

412 3075 443 3104 in
468 3084 594 3105 carnem
617 3083 670 3106 aut
693 3077 866 3108 humanam
889 3084 1050 3116 naturam:
1075 3079 1130 3110 sed
1146 3081 1240 3120 quale
1256 3086 1302 3111 est
1317 3081 1385 3112 fieri
1401 3091 1467 3122 quo

412 3117 581 3158 fingeretur
604 3119 766 3150 Socratem
789 3120 855 3151 fieri
879 3122 1053 3154 hominem.
1078 3124 1160 3154 Nam
1184 3125 1265 3155 sicut
1288 3125 1350 3156 alio
1369 3126 1467 3157 modo

413 3171 445 3190 se
468 3162 562 3192 habet
585 3171 652 3193 esse
676 3165 756 3193 inter
775 3164 937 3196 Socratem
954 3172 984 3196 et
999 3167 1172 3198 humanam
1188 3174 1334 3200 naturam
1351 3179 1388 3200 ex
1404 3179 1469 3200 una

414 3210 516 3243 pane,
547 3211 576 3235 et
599 3207 679 3236 inter
702 3208 864 3238 materiam
889 3215 919 3238 et
942 3210 1114 3242 humanam
1137 3218 1282 3243 naturam
1312 3223 1349 3244 ex
1373 3214 1468 3245 altera

1087 276 1350 324 QUAESTIO
1379 276 1482 324 XVI,
1512 276 1806 314 ARTICULUS
1833 277 1899 314 vn

1522 359 1621 393 parte,
1646 354 1688 384 ita
1712 353 1901 385 dissimiliter
1923 364 1956 385 se
1979 355 2074 386 habet
2091 355 2160 387 fieri
2174 357 2256 387 inter
2270 357 2349 388 haec
2365 362 2397 388 et
2410 357 2472 388 illa.
2498 357 2584 390 Cum

1524 398 1610 427 enim
1640 397 1792 434 dicimus,
1816 397 1966 429 Socrates
1996 404 2043 430 est
2070 400 2186 437 homo,
2209 410 2277 431 non
2300 401 2468 432 denotatur
2497 402 2584 433 aliud

1524 450 1592 471 esse
1607 440 1780 480 praedicati
1795 447 1827 472 et
1850 442 1936 473 aliud
1951 443 2100 474 subiecti:
2125 444 2181 475 sed
2204 454 2279 475 cum
2302 444 2425 481 dicitur,
2441 446 2584 477 Materia

1523 489 1570 514 est
1591 484 1749 520 humana,
1781 485 1867 516 aliud
1891 495 1958 516 esse
1982 488 2146 518 essentiale
2170 488 2338 519 denotatur
2359 490 2524 526 materiae,
2553 495 2586 520 et

1523 528 1609 558 aliud
1632 529 1846 559 humanitatis.
1882 529 1923 560 Et
1951 529 2025 561 ideo
2052 530 2120 562 fieri
2143 531 2286 563 medians
2316 533 2397 563 inter
2419 534 2584 564 materiam

1523 577 1554 601 et
1578 581 1645 602 esse
1661 573 1850 609 humanum,
1867 572 1936 604 fieri
1951 575 2155 606 substantiale
2171 575 2312 616 quidem,
2328 576 2384 607 sed
2399 577 2584 608 mutationis

1523 621 1570 645 est
1591 616 1691 655 ipsius
1713 617 1880 647 materiae:
1911 618 1993 648 inter
2023 618 2322 651 Socratemautem
2353 626 2384 651 et
2409 620 2584 652 humanam

1521 664 1667 689 naturam
1690 669 1758 690 non
1780 660 1898 691 mediat
1920 661 1988 692 fieri
2010 664 2204 700 mutationis,
2229 664 2285 695 sed
2307 669 2362 695 aut
2376 664 2512 701 nullum,
2529 670 2585 696 aut

1522 704 1589 733 sine
1612 704 1800 734 mutatione.
1825 704 1866 735 Et
1884 704 1924 735 ad
1938 706 2001 736 hoc
2010 705 2085 737 -fieri
2107 713 2228 748 spectat
2243 707 2312 739 fieri
2326 707 2406 739 illud
2421 717 2488 749 quo
2510 709 2584 740 Ver-

1521 747 1595 777 bum
1618 756 1696 778 caro
1711 748 1843 789 factum
1867 754 1932 780 est:
1954 750 2036 780 sicut
2059 750 2098 781 ad
2120 752 2207 782 hunc
2223 752 2347 783 essendi
2361 751 2497 783 modum
2511 761 2583 794 spe-

1523 795 1585 821 ctat
1608 800 1676 822 esse
1699 791 1779 822 illud
1802 801 1868 832 quo
1897 793 2031 824 Verbum
2054 799 2102 825 est
2115 795 2220 832 homo,
2243 797 2278 827 in
2293 797 2398 837 primo
2413 795 2513 828 modo
2536 795 2584 828 di·

1522 834 1615 865 cendi
1638 845 1695 875 per
1717 845 1761 872 se,
1785 842 1822 866 ut
1844 842 1932 877 patet
1956 847 1993 868 ex
2016 846 2112 878 supra
2127 840 2144 856 ⁴*
2167 839 2268 870 dictis.

1577 878 1764 910 Secundum
1787 885 1850 916 est,
1882 881 1971 921 quod
1994 891 2070 912 cum
2092 883 2141 913 his
2164 889 2224 914 stat
2249 883 2338 924 quod
2359 885 2528 916 intervenit
2550 885 2584 915 in

1521 923 1584 953 hoc
1602 924 1754 964 mysterio
1770 925 1905 955 mutatio
1920 925 2059 962 relativa,
2076 927 2265 958 secundario
2281 933 2398 959 tamen.
2423 928 2469 959 Ita
2483 926 2583 969 quod,

1522 976 1597 997 cum
1621 966 1660 997 de
1683 968 1747 998 hoc
1769 969 1920 1009 mysterio
1943 969 2145 1009 loquendum
2169 977 2231 1007 est,
2256 971 2353 1002 dicito
2377 972 2466 1012 quod
2487 973 2584 1003 inter-

1520 1011 1654 1041 veniunt
1675 1011 1727 1042 hic
1744 1011 1826 1042 duo:
1849 1013 1968 1043 scilicet
1983 1013 2089 1051 factio,
2107 1019 2138 1045 et
2158 1015 2303 1046 mutatio.
2328 1015 2369 1046 Et
2384 1015 2473 1057 quod
2488 1015 2583 1047 factio

1522 1054 1653 1094 quidem
1677 1061 1724 1085 est
1746 1056 1967 1093 substantialis,
1993 1067 2057 1097 qua
2077 1058 2212 1089 Verbum
2227 1068 2305 1090 caro
2316 1060 2448 1101 factum
2463 1065 2519 1091 est.
2542 1059 2585 1090 Et

1521 1099 1631 1129 locum
1654 1100 1788 1130 subiecti
1811 1105 1899 1131 tenet
1920 1101 1954 1131 in
1977 1101 2036 1132 hac
2052 1101 2190 1133 factione
2205 1103 2402 1134 substantiali
2425 1104 2582 1135 Verbum:

1522 1143 1607 1182 quia,
1624 1143 1803 1174 secundum
1826 1145 1871 1175 rei
1893 1145 2058 1176 veritatem
2074 1151 2105 1176 et
2119 1147 2357 1187 proprietatem,
2374 1147 2535 1178 concurrit
2548 1148 2583 1179 in

1520 1187 1583 1217 hoc
1607 1185 1675 1217 fieri
1698 1187 1841 1218 Verbum
1864 1194 1901 1219 ut
1923 1189 2116 1230 hypostasis,
2141 1199 2224 1231 quae
2246 1196 2378 1222 naturae
2402 1192 2582 1228 subiicitur,

1520 1236 1668 1261 naturam
1697 1231 1968 1270 substantificans,
1991 1234 2025 1264 in
2048 1239 2160 1265 natura
2183 1235 2365 1266 subsistens.
2402 1235 2443 1266 Et
2471 1241 2584 1267 natura

1520 1275 1589 1315 ipsa
1605 1275 1745 1306 humana
1757 1275 1797 1306 de
1813 1285 1877 1317 qua
1893 1282 1940 1307 est
1955 1286 2071 1314 sermo,
2084 1283 2172 1309 tenet
2186 1279 2296 1310 locum
2308 1279 2449 1310 termini:
2469 1288 2584 1320 quam·-

1520 1320 1567 1349 vis
1583 1329 1649 1349 non
1666 1325 1800 1356 tantum,
1817 1326 1854 1351 ut
1876 1320 1999 1352 dicetur
2014 1322 2040 1352 st.
2057 1339 2078 1345 -
2103 1323 2238 1354 Mutatio
2259 1329 2366 1354 autem
2382 1329 2429 1354 est
2443 1323 2582 1354 relativa.

1521 1363 1562 1393 Et
1585 1368 1732 1403 respectu
1754 1364 1851 1395 huius
1873 1370 1986 1396 natura
2012 1366 2152 1397 humana
2181 1372 2269 1398 tenet
2291 1368 2401 1398 locum
2431 1368 2582 1404 subiecti,

1520 1407 1663 1438 Verbum
1687 1413 1794 1438 autem
1817 1409 1927 1439 locum
1949 1410 2092 1440 termini:
2118 1411 2193 1451 quia
2208 1411 2352 1442 Verbum
2366 1421 2435 1442 non
2449 1411 2583 1443 refertur

1519 1451 1580 1481 nisi
1604 1452 1680 1492 quia
1702 1458 1814 1482 natura
1836 1452 1970 1484 refertur
1993 1454 2032 1484 ad
2054 1454 2207 1485 Verbum.

1576 1495 1616 1525 Et
1647 1497 1802 1536 quoniam
1832 1506 1899 1527 non
1927 1497 1966 1527 de
1989 1499 2183 1535 mutatione,
2215 1499 2270 1529 sed
2301 1499 2340 1530 de
2366 1499 2505 1530 factione
2536 1504 2584 1530 est

1521 1548 1625 1569 sermo
1648 1540 1682 1570 in
1700 1540 1766 1570 istis
1781 1542 2064 1580 propositionibus,
2080 1542 2154 1573 ideo
2169 1543 2223 1573 illa
2238 1548 2285 1573 est
2300 1543 2484 1583 simpliciter
2498 1552 2582 1580 vera,

1519 1583 1610 1614 Deus
1622 1583 1740 1624 sactus
1763 1589 1810 1614 est
1829 1585 1946 1616 homo:
1969 1586 2002 1615 in
2023 1595 2060 1616 ea
2079 1586 2238 1626 siquidem
2261 1586 2300 1617 de
2317 1596 2356 1618 eo
2379 1586 2468 1627 quod
2484 1592 2531 1617 est
2547 1592 2586 1618 ut

1520 1627 1701 1658 subiectum
1724 1627 1880 1665 factionis,
1905 1628 2019 1660 dicitur
2042 1630 2131 1670 quod
2145 1630 2276 1672 sactum
2292 1636 2340 1662 est
2361 1631 2474 1668 homo,·
2496 1630 2586 1671 quod

1521 1677 1645 1702 constat
1668 1681 1735 1702 esse
1758 1673 1969 1709 verissimum,
1987 1679 2017 1704 et
2032 1675 2249 1714 propriissime
2265 1674 2396 1706 dictum.
2422 1675 2482 1706 Ista
2495 1683 2584 1712 vero,

1520 1715 1631 1746 Homo
1645 1716 1762 1757 factus
1785 1721 1832 1747 est
1852 1717 1951 1753 Deus,
1977 1723 2023 1748 est
2046 1718 2231 1758 simpliciter
2253 1718 2346 1749 falsa:
2375 1719 2529 1759 quoniam
2550 1719 2586 1750 in

1521 1769 1558 1789 ea
1581 1760 1764 1790 enuntiatur
1785 1766 1823 1790 ut
1845 1762 2000 1792 terminus
2018 1761 2164 1793 factionis
2185 1763 2283 1798 Deus,
2308 1772 2365 1803 qui
2387 1772 2447 1794 nec
2462 1764 2586 1795 ration:

1519 1809 1660 1839 naturae,
1683 1813 1744 1834 nec
1766 1805 1888 1835 ratione
1911 1806 2077 1846 suppositi,
2094 1811 2199 1846 potest
2221 1807 2390 1838 terminare
2412 1806 2586 1838 factionem

1521 1847 1603 1876 circa
1633 1848 1837 1887 suppositum
1862 1849 2002 1879 hominis
2031 1859 2068 1880 ex
2096 1849 2326 1890 significatione
2356 1850 2586 1891 propositionis

1519 1891 1658 1930 positam
1681 1900 1756 1921 cum
1780 1891 1905 1928 dicitur,
1928 1893 2040 1923 Homo
2054 1894 2171 1934 factus
2193 1899 2240 1925 est
2261 1894 2360 1925 Deus.
2533 1919 2538 1922 .

1575 1934 1627 1964 IX.
1652 1934 1688 1964 In
1711 1936 1919 1975 responsione
1942 1936 1982 1966 ad
1997 1938 2147 1977 primum,
2172 1937 2308 1974 adverte,
2333 1939 2472 1975 Novide,
2496 1938 2586 1979 quod

1519 1983 1587 2008 tota
1608 1979 1655 2008 vis
1686 1980 1864 2019 argumenti
1896 1981 2038 2011 consistit
2063 1982 2097 2011 in
2120 1982 2175 2012 illo
2198 1983 2391 2022 pronomine
2414 1983 2464 2014 ei:
2493 1983 2586 2024 quasi

1521 2021 1631 2052 dixerit
1648 2022 1841 2062 Apostolus:
1866 2023 1906 2054 de
1927 2024 2013 2055 Filio
2031 2035 2102 2060 suo,
2118 2025 2174 2066 qui
2187 2027 2304 2068 factus
2327 2032 2375 2057 est
2396 2027 2435 2062 ei,
2451 2027 2515 2058 hoc
2537 2032 2586 2058 est

1520 2065 1604 2101 Deo,
1628 2066 1732 2097 Filius
1755 2073 1814 2097 etc.
1843 2067 1884 2098 Et
1906 2074 2075 2108 propterea
2097 2071 2263 2110 responsio
2288 2071 2431 2101 consistit
2452 2071 2487 2102 in
2508 2071 2583 2108 hoc,

1520 2109 1609 2149 quod
1632 2110 1664 2150 ly
1687 2111 1717 2140 ei
1739 2110 1825 2141 idem
1841 2111 1996 2151 significat
2014 2113 2103 2153 quod
2119 2114 2162 2144 ad
2176 2114 2332 2145 honorem
2347 2114 2425 2146 eius.
2449 2115 2491 2146 Et
2506 2124 2584 2146 con-

1520 2154 1649 2184 struitur
1672 2155 1734 2184 sic:
1762 2154 1827 2191 Qui
1847 2156 1963 2196 factus
1986 2162 2033 2187 est
2061 2157 2105 2187 ad
2125 2158 2189 2188 Dei
2210 2158 2366 2189 honorem
2394 2168 2436 2189 ex
2464 2159 2585 2190 semine

1519 2197 1628 2228 David
1649 2199 1824 2229 secundum
1848 2208 1988 2230 carnem.

1575 2241 1611 2272 In
1633 2243 1841 2282 responsione
1871 2243 1911 2274 ad
1941 2244 2119 2276 secundum
2147 2252 2178 2276 et
2201 2247 2346 2283 tertium,
2377 2247 2474 2278 habes
2496 2247 2584 2288 piam

1519 2286 1812 2326 interpretationem
1837 2286 2047 2326 Graecorum,
2071 2290 2104 2320 in
2129 2289 2302 2330 Gregori03
2331 2296 2362 2321 et
2384 2291 2583 2328 Latinorum,

1519 2330 1552 2359 in
1575 2330 1768 2369 Augustino.
1838 2333 1840 2335 ’

1575 2373 1611 2404 In
1634 2375 1842 2414 responsione
1861 2375 1901 2406 ad
1924 2382 2083 2417 quartum,
2099 2377 2182 2414 vide,
2201 2378 2234 2408 in
2250 2378 2337 2408 calce
2356 2378 2582 2419 responsionis,

1521 2417 1609 2457 quod
1631 2424 1743 2448 natura
1765 2419 1906 2450 humana
1929 2420 2043 2451 dicitur
2065 2421 2246 2452 subiectum
2269 2421 2424 2458 factionis,
2448 2432 2516 2453 non
2530 2431 2583 2454 so-

1520 2461 1589 2492 lum
1613 2471 1649 2492 ea
1672 2463 1794 2493 ratione
1824 2464 1900 2503 quia
1923 2470 1971 2494 est
1992 2465 2173 2495 subiectum
2201 2466 2387 2496 mutationis
2416 2466 2582 2503 relativae.

1520 2505 1576 2535 sed
1600 2506 1676 2546 quia
1698 2507 1902 2538 substantiale
1925 2507 1992 2538 fieri
2015 2509 2049 2538 in
2064 2510 2215 2549 mysterio
2231 2510 2456 2541 incarnationis
2471 2511 2583 2542 inven-

1520 2555 1590 2579 tum
1614 2551 1764 2581 convenit
1784 2551 1943 2582 humanae
1957 2556 2088 2582 naturae
2103 2553 2241 2592 passive:
2266 2554 2420 2593 quoniam
2436 2554 2499 2584 hoc
2513 2553 2583 2586 fieri

1521 2603 1588 2623 non
1612 2599 1658 2624 est
1679 2595 1740 2624 nisi
1762 2595 1869 2625 Verbo
1898 2596 1982 2626 uniri
2004 2601 2150 2627 naturam
2173 2597 2347 2628 humanam
2369 2598 2404 2628 in
2426 2598 2583 2630 unitatem

1520 2637 1768 2677 hypostaticam,
1793 2638 1849 2669 ubi
1872 2645 1994 2670 constat
2017 2640 2160 2671 Verbum
2183 2650 2353 2681 personare
2371 2647 2527 2679 naturam,
2550 2647 2584 2674 et

1521 2686 1666 2711 naturam
1689 2683 1852 2722 personari
1874 2683 1908 2713 in
1930 2683 2047 2714 Verbo.
2082 2685 2124 2714 Et
2145 2685 2220 2715 licet
2241 2686 2385 2716 Verbum
2411 2695 2583 2726 personare

1521 2730 1666 2755 naturam
1689 2735 1756 2756 non
1780 2726 1819 2756 sit
1842 2736 1950 2766 agere,
1982 2737 2056 2758 curn
2080 2738 2147 2759 non
2170 2729 2209 2759 sit
2233 2727 2406 2760 commune
2429 2730 2488 2761 toti
2511 2729 2583 2761 Tri-

1522 2769 1628 2805 nitati‚
1657 2770 1710 2799 cui
1733 2771 1838 2800 omnis
1861 2771 1943 2801 actio
1975 2771 2014 2801 ad
2037 2778 2122 2802 extra
2145 2774 2327 2804 communis
2350 2779 2413 2810 est,
2444 2773 2500 2805 sed
2522 2774 2583 2805 soli

1521 2813 1628 2842 Verbo
1652 2814 1837 2850 conveniat3
1861 2820 1892 2844 et
1915 2822 2149 2856 consequenter
2171 2822 2317 2848 naturam
2341 2828 2359 2848 a
2381 2818 2488 2849 Verbo
2510 2827 2583 2858 per-

1522 2857 1626 2886 sonari
1641 2867 1708 2887 non
1724 2858 1762 2888 sit
1778 2858 1857 2898 pati:
1874 2860 1949 2898 quia
1965 2865 2071 2890 tamen
2087 2860 2150 2891 hoc
2165 2860 2243 2897 fieri,
2259 2862 2391 2903 physice
2405 2861 2581 2902 loquendo,

1521 2910 1588 2931 non
1605 2906 1650 2931 est
1665 2902 1726 2931 nisi
1748 2903 1930 2941 personatio
1946 2904 2105 2935 humanae
2120 2910 2251 2936 naturae
2266 2906 2300 2936 in
2315 2906 2422 2936 Verbo
2442 2910 2480 2936 ut
2493 2914 2582 2937 nunc

1522 2945 1626 2984 primo
1650 2944 1833 2985 dependens
1865 2957 1881 2976 a
1905 2952 1971 2977 tota
1995 2947 2149 2979 Trinitate
2180 2955 2216 2980 ut
2239 2959 2333 2980 causa
2356 2949 2526 2986 efficiente3
2551 2954 2583 2981 et

1522 2989 1664 3019 Verbum
1686 2990 1719 3019 in
1742 2990 1811 3030 ipsa
1833 2992 2057 3031 personatione
2081 2999 2248 3024 concurrat
2270 2999 2306 3024 ut
2327 2994 2519 3034 hypostasis,
2550 2998 2583 3024 et

1521 3038 1633 3063 natura
1655 3033 1795 3064 humana
1817 3039 1853 3065 ut
1876 3036 1998 3075 patiens
2020 3036 2123 3076 ipsam
2138 3036 2310 3068 factionem
2333 3047 2409 3068 suae
2430 3046 2581 3078 persona-

1522 3077 1616 3107 litatis
1639 3078 1672 3107 in
1695 3078 1819 3114 Verb0;
1843 3084 1909 3109 tam
1924 3079 2066 3110 Verbum
2083 3090 2180 3121 quarn
2196 3087 2308 3112 natura
2322 3082 2461 3112 humana
2476 3086 2582 3122 potest

1522 3119 1690 3160 significari
1713 3127 1748 3152 ut
1771 3123 1951 3154 subiectum
1967 3123 2111 3155 factionis
2133 3125 2167 3156 in
2182 3126 2245 3156 hoc
2260 3125 2420 3167 mysterio.
2443 3124 2485 3155 Et
2505 3133 2581 3165 pro—

1522 3170 1630 3204 pterea
1651 3166 1685 3195 in
1707 3165 1809 3196 littera
1832 3166 1946 3198 dicitur
1970 3168 2059 3208 quod
2081 3168 2144 3200 dici
2165 3174 2285 3210 potest,
2308 3167 2507 3200 Humanitas
2519 3168 2581 3211 fa-

1522 3213 1573 3239 cta
1596 3214 1643 3239 est
1663 3209 1745 3240 Dei:
1767 3220 1834 3241 non
1858 3216 1965 3242 autem
1988 3211 2077 3253 quod
2099 3213 2194 3244 homo
2209 3213 2325 3255 sactus
2346 3217 2395 3244 est
2414 3212 2513 3244 Deus.

2610 843 2622 852 ⁸
2639 842 2691 864 An.
2711 849 2731 870 ι,
2757 847 2779 861 ⁹·
2804 847 2806 849 '

2610 872 2682 891 mem.
2696 874 2761 892 num.
2794 879 2796 883 >
2805 899 2822 906 Ἴ

2609 1328 2620 1338 ·
2631 1327 2668 1350 Cf.
2681 1331 2747 1352 nun.
2761 1333 2822 1357 uoq..

2609 1353 2636 1375 In
2667 1359 2695 1376 re
