<?xml version="1.0" encoding="UTF-8"?>
<!DOCTYPE html PUBLIC "-//W3C//DTD XHTML 1.0 Transitional//EN"
    "http://www.w3.org/TR/xhtml1/DTD/xhtml1-transitional.dtd">
<html xmlns="http://www.w3.org/1999/xhtml" xml:lang="en" lang="en">
 <head>
  <title>
</title>
<meta http-equiv="Content-Type" content="text/html;charset=utf-8" />
  <meta name='ocr-system' content='tesseract 3.04.00' />
  <meta name='ocr-capabilities' content='ocr_page ocr_carea ocr_par ocr_line ocrx_word'/>
</head>
<body>
  <div class='ocr_page' id='page_1' title='image "./operaomniaiussui11thom_0083.png"; bbox 0 0 2872 3970; ppageno 0'>
   <div class='ocr_carea' id='block_1_1' title="bbox 0 878 18 1422">
    <p class='ocr_par' dir='ltr' id='par_1_1' title="bbox 0 878 18 1422">
     <span class='ocr_line' id='line_1_1' title="bbox 0 878 18 1422; textangle 90"><span class='ocrx_word' id='word_1_1' title='bbox 0 1406 3 1422; x_wconf 64' lang='lat'>⁴⁴⁷</span> <span class='ocrx_word' id='word_1_2' title='bbox 0 1122 18 1402; x_wconf 45' lang='lat' dir='ltr'>W—*wvtgggepsmwwv</span> <span class='ocrx_word' id='word_1_3' title='bbox 0 1057 10 1114; x_wconf 47' lang='lat' dir='ltr'>:muz-2</span> <span class='ocrx_word' id='word_1_4' title='bbox 0 1011 8 1050; x_wconf 41' lang='lat' dir='ltr'>*ve-n</span> <span class='ocrx_word' id='word_1_5' title='bbox 0 985 9 1003; x_wconf 56' lang='lat' dir='ltr'>w.</span> <span class='ocrx_word' id='word_1_6' title='bbox 0 966 2 977; x_wconf 60' lang='lat'>⁴*</span> <span class='ocrx_word' id='word_1_7' title='bbox 0 918 5 923; x_wconf 62' lang='lat' dir='ltr'>r</span> <span class='ocrx_word' id='word_1_8' title='bbox 0 878 2 880; x_wconf 62' lang='lat'>&lt;</span> 
     </span>
    </p>
   </div>
   <div class='ocr_carea' id='block_1_2' title="bbox 0 2786 15 3070">
    <p class='ocr_par' dir='ltr' id='par_1_2' title="bbox 0 2786 15 3070">
     <span class='ocr_line' id='line_1_2' title="bbox 0 2786 15 3070; textangle 90"><span class='ocrx_word' id='word_1_9' title='bbox 0 3034 14 3070; x_wconf 53' lang='lat'>2³:⁷4</span> <span class='ocrx_word' id='word_1_10' title='bbox 0 2882 15 3027; x_wconf 43' lang='lat' dir='ltr'>manga-,grav</span> <span class='ocrx_word' id='word_1_11' title='bbox 0 2826 3 2836; x_wconf 88' lang='lat'>··</span> <span class='ocrx_word' id='word_1_12' title='bbox 0 2786 9 2815; x_wconf 48' lang='lat' dir='ltr'>w..</span> 
     </span>
    </p>
   </div>
   <div class='ocr_carea' id='block_1_3' title="bbox 46 414 258 490">
    <p class='ocr_par' dir='ltr' id='par_1_3' title="bbox 46 414 258 490">
     <span class='ocr_line' id='line_1_3' title="bbox 46 414 258 442; baseline 0.005 -7"><span class='ocrx_word' id='word_1_13' title='bbox 46 415 57 425; x_wconf 78' lang='lat'>⁸</span> <span class='ocrx_word' id='word_1_14' title='bbox 71 414 119 442; x_wconf 89' lang='lat' dir='ltr'>Qu.</span> <span class='ocrx_word' id='word_1_15' title='bbox 134 420 164 438; x_wconf 78' lang='lat' dir='ltr'>xv.</span> <span class='ocrx_word' id='word_1_16' title='bbox 179 418 220 436; x_wconf 79' lang='lat' dir='ltr'>art.</span> <span class='ocrx_word' id='word_1_17' title='bbox 236 421 258 441; x_wconf 73' lang='lat'>2,</span> 
     </span>
     <span class='ocr_line' id='line_1_4' title="bbox 47 440 190 490; baseline -0.014 0"><span class='ocrx_word' id='word_1_18' title='bbox 47 440 190 490; x_wconf 51' lang='lat' dir='ltr'>Q&#39;ssssifflz.</span> 
     </span>
    </p>
   </div>
   <div class='ocr_carea' id='block_1_4' title="bbox 0 1511 215 1537">
    <p class='ocr_par' dir='ltr' id='par_1_4' title="bbox 0 1511 215 1537">
     <span class='ocr_line' id='line_1_5' title="bbox 0 1511 215 1537; baseline -0.005 -4"><span class='ocrx_word' id='word_1_19' title='bbox 0 1518 11 1533; x_wconf 44' lang='grc' dir='ltr'>μ</span> <span class='ocrx_word' id='word_1_20' title='bbox 43 1511 57 1525; x_wconf 69' lang='lat'>⁴</span> <span class='ocrx_word' id='word_1_21' title='bbox 71 1511 107 1537; x_wconf 74' lang='lat' dir='ltr'>Cf.</span> <span class='ocrx_word' id='word_1_22' title='bbox 122 1517 186 1534; x_wconf 82' lang='lat' dir='ltr'>num.</span> <span class='ocrx_word' id='word_1_23' title='bbox 201 1517 215 1532; x_wconf 80' lang='grc' dir='ltr'>ι.</span> 
     </span>
    </p>
   </div>
   <div class='ocr_carea' id='block_1_5' title="bbox 0 3086 183 3128">
    <p class='ocr_par' dir='ltr' id='par_1_5' title="bbox 0 3086 183 3128">
     <span class='ocr_line' id='line_1_6' title="bbox 0 3086 183 3128; baseline -0.005 -10"><span class='ocrx_word' id='word_1_24' title='bbox 0 3086 6 3128; x_wconf 52' lang='grc' dir='ltr'>ἦ</span> <span class='ocrx_word' id='word_1_25' title='bbox 53 3095 64 3108; x_wconf 88' lang='grc'><em>·</em></span> <span class='ocrx_word' id='word_1_26' title='bbox 77 3094 113 3118; x_wconf 78' lang='lat' dir='ltr'>cf.</span> <span class='ocrx_word' id='word_1_27' title='bbox 126 3095 183 3117; x_wconf 81' lang='lat' dir='ltr'>ibid.</span> 
     </span>
    </p>
   </div>
   <div class='ocr_carea' id='block_1_6' title="bbox 0 3372 41 3970">
    <p class='ocr_par' dir='ltr' id='par_1_6' title="bbox 0 3372 41 3970">
     <span class='ocr_line' id='line_1_7' title="bbox 0 3372 41 3970; baseline 0 0"><span class='ocrx_word' id='word_1_28' title='bbox 0 3372 41 3970; x_wconf 95' lang='lat' dir='ltr'> </span> 
     </span>
    </p>
   </div>
   <div class='ocr_carea' id='block_1_7' title="bbox 54 3444 265 3475">
    <p class='ocr_par' dir='ltr' id='par_1_7' title="bbox 13 3427 265 3482">
     <span class='ocr_line' id='line_1_8' title="bbox 54 3444 265 3475; baseline -0.004 -5.163"><span class='ocrx_word' id='word_1_29' title='bbox 54 3444 108 3468; x_wconf 73' lang='lat' dir='ltr'>&#39;Cf-</span> <span class='ocrx_word' id='word_1_30' title='bbox 115 3451 177 3468; x_wconf 84' lang='lat' dir='ltr'>num.</span> <span class='ocrx_word' id='word_1_31' title='bbox 189 3452 265 3475; x_wconf 81' lang='lat' dir='ltr'>praee.</span> 
     </span>
    </p>
   </div>
   <div class='ocr_carea' id='block_1_8' title="bbox 1011 251 1737 298">
    <p class='ocr_par' dir='ltr' id='par_1_8' title="bbox 1011 251 1737 298">
     <span class='ocr_line' id='line_1_9' title="bbox 1011 251 1737 298; baseline 0 -9"><span class='ocrx_word' id='word_1_32' title='bbox 1011 251 1274 298; x_wconf 89' lang='lat' dir='ltr'>QUAESTIO</span> <span class='ocrx_word' id='word_1_33' title='bbox 1304 252 1351 294; x_wconf 89' lang='lat' dir='ltr'>II,</span> <span class='ocrx_word' id='word_1_34' title='bbox 1387 252 1679 290; x_wconf 92' lang='lat' dir='ltr'>ARTICULUS</span> <span class='ocrx_word' id='word_1_35' title='bbox 1708 254 1737 289; x_wconf 95' lang='lat' dir='ltr'>II</span> 
     </span>
    </p>
   </div>
   <div class='ocr_carea' id='block_1_9' title="bbox 281 330 1352 3611">
    <p class='ocr_par' dir='ltr' id='par_1_9' title="bbox 285 330 1348 457">
     <span class='ocr_line' id='line_1_10' title="bbox 285 330 1347 370; baseline -0.001 -10"><span class='ocrx_word' id='word_1_36' title='bbox 285 330 454 360; x_wconf 83' lang='lat' dir='ltr'>intrinsece</span> <span class='ocrx_word' id='word_1_37' title='bbox 484 331 526 360; x_wconf 91' lang='lat' dir='ltr'>ita</span> <span class='ocrx_word' id='word_1_38' title='bbox 553 330 642 370; x_wconf 93' lang='lat' dir='ltr'>quod</span> <span class='ocrx_word' id='word_1_39' title='bbox 673 330 705 370; x_wconf 93' lang='lat' dir='ltr'>ly</span> <span class='ocrx_word' id='word_1_40' title='bbox 737 330 907 360; x_wconf 85' lang='lat' dir='ltr'><strong><em>intrinsece</em></strong></span> <span class='ocrx_word' id='word_1_41' title='bbox 938 330 1089 360; x_wconf 88' lang='lat' dir='ltr'>referatur</span> <span class='ocrx_word' id='word_1_42' title='bbox 1114 330 1153 360; x_wconf 90' lang='lat' dir='ltr'>ad</span> <span class='ocrx_word' id='word_1_43' title='bbox 1185 336 1347 364; x_wconf 90' lang='lat' dir='ltr'>naturam,</span> 
     </span>
     <span class='ocr_line' id='line_1_11' title="bbox 286 373 1348 413; baseline -0.002 -9"><span class='ocrx_word' id='word_1_44' title='bbox 286 374 381 404; x_wconf 85' lang='lat' dir='ltr'>etiam</span> <span class='ocrx_word' id='word_1_45' title='bbox 403 374 494 404; x_wconf 90' lang='lat' dir='ltr'>hanc.</span> <span class='ocrx_word' id='word_1_46' title='bbox 519 375 571 404; x_wconf 90' lang='lat' dir='ltr'>An</span> <span class='ocrx_word' id='word_1_47' title='bbox 594 379 700 404; x_wconf 91' lang='lat' dir='ltr'>autem</span> <span class='ocrx_word' id='word_1_48' title='bbox 723 373 874 404; x_wconf 86' lang='lat' dir='ltr'>referatur</span> <span class='ocrx_word' id='word_1_49' title='bbox 890 375 983 404; x_wconf 89' lang='lat' dir='ltr'>etiam</span> <span class='ocrx_word' id='word_1_50' title='bbox 1000 374 1039 404; x_wconf 93' lang='lat' dir='ltr'>ad</span> <span class='ocrx_word' id='word_1_51' title='bbox 1061 375 1273 413; x_wconf 88' lang='lat' dir='ltr'>suppositum,</span> <span class='ocrx_word' id='word_1_52' title='bbox 1290 374 1348 403; x_wconf 90' lang='lat' dir='ltr'>sub</span> 
     </span>
     <span class='ocr_line' id='line_1_12' title="bbox 286 417 1347 457; baseline 0 -10"><span class='ocrx_word' id='word_1_53' title='bbox 286 417 385 448; x_wconf 92' lang='lat' dir='ltr'>dubio</span> <span class='ocrx_word' id='word_1_54' title='bbox 413 418 624 457; x_wconf 83' lang='lat' dir='ltr'><strong>relinquatur:</strong></span> <span class='ocrx_word' id='word_1_55' title='bbox 657 418 812 457; x_wconf 90' lang='lat' dir='ltr'>quoniam</span> <span class='ocrx_word' id='word_1_56' title='bbox 838 417 970 447; x_wconf 89' lang='lat' dir='ltr'>inferius</span> <span class='ocrx_word' id='word_1_57' title='bbox 985 419 1002 434; x_wconf 61' lang='lat'>³*</span> <span class='ocrx_word' id='word_1_58' title='bbox 1025 417 1260 448; x_wconf 91' lang='lat' dir='ltr'>discutiendum</span> <span class='ocrx_word' id='word_1_59' title='bbox 1293 422 1347 447; x_wconf 90' lang='lat' dir='ltr'>est.</span> 
     </span>
    </p>

    <p class='ocr_par' dir='ltr' id='par_1_10' title="bbox 284 461 1348 764">
     <span class='ocr_line' id='line_1_13' title="bbox 341 461 1348 501; baseline 0 -10"><span class='ocrx_word' id='word_1_60' title='bbox 341 461 379 491; x_wconf 91' lang='lat' dir='ltr'>V.</span> <span class='ocrx_word' id='word_1_61' title='bbox 404 461 455 491; x_wconf 85' lang='lat' dir='ltr'>Ad</span> <span class='ocrx_word' id='word_1_62' title='bbox 476 461 650 492; x_wconf 87' lang='lat' dir='ltr'>secundum</span> <span class='ocrx_word' id='word_1_63' title='bbox 673 461 802 491; x_wconf 86' lang='lat' dir='ltr'>dubium</span> <span class='ocrx_word' id='word_1_64' title='bbox 818 463 834 478; x_wconf 66' lang='lat'>⁴*</span> <span class='ocrx_word' id='word_1_65' title='bbox 858 461 973 491; x_wconf 87' lang='lat' dir='ltr'>dicitur</span> <span class='ocrx_word' id='word_1_66' title='bbox 1000 461 1089 501; x_wconf 91' lang='lat' dir='ltr'>quod</span> <span class='ocrx_word' id='word_1_67' title='bbox 1111 462 1225 501; x_wconf 93' lang='lat' dir='ltr'>procul</span> <span class='ocrx_word' id='word_1_68' title='bbox 1249 461 1348 491; x_wconf 92' lang='lat' dir='ltr'>dubio</span> 
     </span>
     <span class='ocr_line' id='line_1_14' title="bbox 286 505 1348 545; baseline 0 -10"><span class='ocrx_word' id='word_1_69' title='bbox 286 510 414 544; x_wconf 89' lang='lat' dir='ltr'>oportet</span> <span class='ocrx_word' id='word_1_70' title='bbox 438 515 505 535; x_wconf 88' lang='lat' dir='ltr'>esse</span> <span class='ocrx_word' id='word_1_71' title='bbox 529 515 584 535; x_wconf 91' lang='lat' dir='ltr'>ens</span> <span class='ocrx_word' id='word_1_72' title='bbox 607 506 691 535; x_wconf 87' lang='lat' dir='ltr'>reale</span> <span class='ocrx_word' id='word_1_73' title='bbox 722 505 811 544; x_wconf 90' lang='lat' dir='ltr'>quod</span> <span class='ocrx_word' id='word_1_74' title='bbox 833 506 1038 544; x_wconf 91' lang='lat' dir='ltr'>suppositum</span> <span class='ocrx_word' id='word_1_75' title='bbox 1061 505 1147 535; x_wconf 90' lang='lat' dir='ltr'>addit</span> <span class='ocrx_word' id='word_1_76' title='bbox 1176 515 1270 545; x_wconf 88' lang='lat' dir='ltr'>supra</span> <span class='ocrx_word' id='word_1_77' title='bbox 1293 514 1348 534; x_wconf 78' lang='lat' dir='ltr'>na-</span> 
     </span>
     <span class='ocr_line' id='line_1_15' title="bbox 286 548 1347 589; baseline 0.001 -11"><span class='ocrx_word' id='word_1_78' title='bbox 286 554 406 578; x_wconf 87' lang='lat' dir='ltr'>turam:</span> <span class='ocrx_word' id='word_1_79' title='bbox 431 550 506 589; x_wconf 91' lang='lat' dir='ltr'>quia</span> <span class='ocrx_word' id='word_1_80' title='bbox 529 555 576 579; x_wconf 92' lang='lat' dir='ltr'>est</span> <span class='ocrx_word' id='word_1_81' title='bbox 598 548 677 578; x_wconf 91' lang='lat' dir='ltr'>illud</span> <span class='ocrx_word' id='word_1_82' title='bbox 701 558 768 588; x_wconf 92' lang='lat' dir='ltr'>quo</span> <span class='ocrx_word' id='word_1_83' title='bbox 793 548 894 579; x_wconf 87' lang='lat' dir='ltr'>differt</span> <span class='ocrx_word' id='word_1_84' title='bbox 917 549 1094 579; x_wconf 88' lang='lat' dir='ltr'>secundum</span> <span class='ocrx_word' id='word_1_85' title='bbox 1110 559 1177 579; x_wconf 90' lang='lat' dir='ltr'>rem</span> <span class='ocrx_word' id='word_1_86' title='bbox 1194 559 1211 579; x_wconf 90' lang='lat' dir='ltr'>a</span> <span class='ocrx_word' id='word_1_87' title='bbox 1226 555 1347 579; x_wconf 91' lang='lat' dir='ltr'>natura.</span> 
     </span>
     <span class='ocr_line' id='line_1_16' title="bbox 287 591 1348 632; baseline 0 -10"><span class='ocrx_word' id='word_1_88' title='bbox 287 591 421 622; x_wconf 86' lang='lat' dir='ltr'>Constat</span> <span class='ocrx_word' id='word_1_89' title='bbox 437 594 523 623; x_wconf 90' lang='lat' dir='ltr'>enim</span> <span class='ocrx_word' id='word_1_90' title='bbox 546 592 635 632; x_wconf 90' lang='lat' dir='ltr'>quod</span> <span class='ocrx_word' id='word_1_91' title='bbox 658 592 832 622; x_wconf 84' lang='lat' dir='ltr'>differentia</span> <span class='ocrx_word' id='word_1_92' title='bbox 855 593 1033 622; x_wconf 91' lang='lat' dir='ltr'>secundum</span> <span class='ocrx_word' id='word_1_93' title='bbox 1055 603 1122 623; x_wconf 90' lang='lat' dir='ltr'>rem</span> <span class='ocrx_word' id='word_1_94' title='bbox 1146 594 1227 623; x_wconf 87' lang='lat' dir='ltr'>inter</span> <span class='ocrx_word' id='word_1_95' title='bbox 1243 593 1348 632; x_wconf 93' lang='lat' dir='ltr'>aliqua</span> 
     </span>
     <span class='ocr_line' id='line_1_17' title="bbox 285 636 1348 667; baseline 0 -1"><span class='ocrx_word' id='word_1_96' title='bbox 285 646 353 666; x_wconf 89' lang='lat' dir='ltr'>non</span> <span class='ocrx_word' id='word_1_97' title='bbox 377 642 424 666; x_wconf 93' lang='lat' dir='ltr'>est</span> <span class='ocrx_word' id='word_1_98' title='bbox 453 637 514 667; x_wconf 91' lang='lat' dir='ltr'>nisi</span> <span class='ocrx_word' id='word_1_99' title='bbox 536 637 658 666; x_wconf 88' lang='lat' dir='ltr'>ratione</span> <span class='ocrx_word' id='word_1_100' title='bbox 688 636 822 666; x_wconf 91' lang='lat' dir='ltr'>alicuius</span> <span class='ocrx_word' id='word_1_101' title='bbox 850 637 930 666; x_wconf 90' lang='lat' dir='ltr'>entis</span> <span class='ocrx_word' id='word_1_102' title='bbox 953 637 1052 667; x_wconf 88' lang='lat' dir='ltr'>realis.</span> <span class='ocrx_word' id='word_1_103' title='bbox 1089 637 1124 666; x_wconf 91' lang='lat' dir='ltr'>In</span> <span class='ocrx_word' id='word_1_104' title='bbox 1154 638 1213 667; x_wconf 92' lang='lat' dir='ltr'>hac</span> <span class='ocrx_word' id='word_1_105' title='bbox 1241 643 1348 666; x_wconf 89' lang='lat' dir='ltr'>autem</span> 
     </span>
     <span class='ocr_line' id='line_1_18' title="bbox 285 679 1348 720; baseline 0.001 -11"><span class='ocrx_word' id='word_1_106' title='bbox 285 680 387 710; x_wconf 89' lang='lat' dir='ltr'>littera</span> <span class='ocrx_word' id='word_1_107' title='bbox 403 680 478 710; x_wconf 90' lang='lat' dir='ltr'>dicit</span> <span class='ocrx_word' id='word_1_108' title='bbox 494 679 583 719; x_wconf 92' lang='lat' dir='ltr'>quod</span> <span class='ocrx_word' id='word_1_109' title='bbox 599 685 646 710; x_wconf 90' lang='lat' dir='ltr'>est</span> <span class='ocrx_word' id='word_1_110' title='bbox 661 679 837 710; x_wconf 88' lang='lat' dir='ltr'>differentia</span> <span class='ocrx_word' id='word_1_111' title='bbox 851 681 1029 711; x_wconf 90' lang='lat' dir='ltr'>secundum</span> <span class='ocrx_word' id='word_1_112' title='bbox 1045 690 1122 711; x_wconf 91' lang='lat' dir='ltr'>rem.</span> <span class='ocrx_word' id='word_1_113' title='bbox 1140 681 1236 720; x_wconf 84' lang='lat' dir='ltr'>Igitur</span> <span class='ocrx_word' id='word_1_114' title='bbox 1252 690 1348 720; x_wconf 91' lang='lat' dir='ltr'>opor-</span> 
     </span>
     <span class='ocr_line' id='line_1_19' title="bbox 284 723 1076 764; baseline 0.001 -11"><span class='ocrx_word' id='word_1_115' title='bbox 284 729 330 754; x_wconf 91' lang='lat' dir='ltr'>tet</span> <span class='ocrx_word' id='word_1_116' title='bbox 353 723 442 763; x_wconf 92' lang='lat' dir='ltr'>quod</span> <span class='ocrx_word' id='word_1_117' title='bbox 465 724 504 753; x_wconf 87' lang='lat' dir='ltr'>sit</span> <span class='ocrx_word' id='word_1_118' title='bbox 527 723 706 754; x_wconf 88' lang='lat' dir='ltr'>secundum</span> <span class='ocrx_word' id='word_1_119' title='bbox 729 724 869 764; x_wconf 85' lang='lat' dir='ltr'>aliquam</span> <span class='ocrx_word' id='word_1_120' title='bbox 892 725 1076 755; x_wconf 85' lang='lat' dir='ltr'>realitatem.</span> 
     </span>
    </p>

    <p class='ocr_par' dir='ltr' id='par_1_11' title="bbox 285 767 1348 896">
     <span class='ocr_line' id='line_1_20' title="bbox 339 767 1348 808; baseline 0 -11"><span class='ocrx_word' id='word_1_121' title='bbox 339 767 391 797; x_wconf 79' lang='lat' dir='ltr'>Ad</span> <span class='ocrx_word' id='word_1_122' title='bbox 413 768 542 797; x_wconf 85' lang='lat' dir='ltr'>tertium</span> <span class='ocrx_word' id='word_1_123' title='bbox 566 772 597 797; x_wconf 92' lang='lat' dir='ltr'>et</span> <span class='ocrx_word' id='word_1_124' title='bbox 625 773 775 807; x_wconf 85' lang='lat' dir='ltr'>quartum</span> <span class='ocrx_word' id='word_1_125' title='bbox 799 768 928 798; x_wconf 86' lang='lat' dir='ltr'>dubium</span> <span class='ocrx_word' id='word_1_126' title='bbox 958 768 1219 808; x_wconf 91' lang='lat' dir='ltr'>respondendum</span> <span class='ocrx_word' id='word_1_127' title='bbox 1247 774 1292 798; x_wconf 92' lang='lat' dir='ltr'>est</span> <span class='ocrx_word' id='word_1_128' title='bbox 1315 768 1348 797; x_wconf 88' lang='lat' dir='ltr'>in</span> 
     </span>
     <span class='ocr_line' id='line_1_21' title="bbox 285 811 1348 852; baseline 0.001 -11"><span class='ocrx_word' id='word_1_129' title='bbox 285 821 340 850; x_wconf 83' lang='lat' dir='ltr'>qu.</span> <span class='ocrx_word' id='word_1_130' title='bbox 357 821 398 847; x_wconf 78' lang='grc' dir='ltr'>Ν,</span> <span class='ocrx_word' id='word_1_131' title='bbox 423 816 479 841; x_wconf 87' lang='lat' dir='ltr'>art.</span> <span class='ocrx_word' id='word_1_132' title='bbox 497 821 527 847; x_wconf 80' lang='lat'>2,</span> <span class='ocrx_word' id='word_1_133' title='bbox 550 811 607 841; x_wconf 88' lang='lat' dir='ltr'>ubi</span> <span class='ocrx_word' id='word_1_134' title='bbox 629 812 744 842; x_wconf 90' lang='lat' dir='ltr'>melius</span> <span class='ocrx_word' id='word_1_135' title='bbox 766 812 899 852; x_wconf 87' lang='lat' dir='ltr'>intelligi</span> <span class='ocrx_word' id='word_1_136' title='bbox 918 818 1069 852; x_wconf 88' lang='lat' dir='ltr'>poterunt</span> <span class='ocrx_word' id='word_1_137' title='bbox 1093 812 1236 847; x_wconf 90' lang='lat' dir='ltr'>dicenda,</span> <span class='ocrx_word' id='word_1_138' title='bbox 1259 817 1348 851; x_wconf 87' lang='lat' dir='ltr'>post-</span> 
     </span>
     <span class='ocr_line' id='line_1_22' title="bbox 286 855 1346 896; baseline 0.001 -12"><span class='ocrx_word' id='word_1_139' title='bbox 286 864 383 894; x_wconf 92' lang='lat' dir='ltr'>quam</span> <span class='ocrx_word' id='word_1_140' title='bbox 413 861 461 885; x_wconf 91' lang='lat' dir='ltr'>tot</span> <span class='ocrx_word' id='word_1_141' title='bbox 484 855 523 885; x_wconf 93' lang='lat' dir='ltr'>de</span> <span class='ocrx_word' id='word_1_142' title='bbox 546 864 683 894; x_wconf 89' lang='lat' dir='ltr'>persona</span> <span class='ocrx_word' id='word_1_143' title='bbox 711 856 838 886; x_wconf 91' lang='lat' dir='ltr'>interim</span> <span class='ocrx_word' id='word_1_144' title='bbox 862 856 1001 886; x_wconf 90' lang='lat' dir='ltr'>discussa</span> <span class='ocrx_word' id='word_1_145' title='bbox 1025 862 1196 896; x_wconf 89' lang='lat' dir='ltr'>apertaque</span> <span class='ocrx_word' id='word_1_146' title='bbox 1219 855 1346 886; x_wconf 88' lang='lat' dir='ltr'>fuerint.</span> 
     </span>
    </p>

    <p class='ocr_par' dir='ltr' id='par_1_12' title="bbox 281 898 1349 1465">
     <span class='ocr_line' id='line_1_23' title="bbox 339 898 1347 940; baseline 0.001 -12"><span class='ocrx_word' id='word_1_147' title='bbox 339 898 390 929; x_wconf 84' lang='lat' dir='ltr'>Ad</span> <span class='ocrx_word' id='word_1_148' title='bbox 411 899 557 939; x_wconf 81' lang='lat' dir='ltr'>quintum</span> <span class='ocrx_word' id='word_1_149' title='bbox 581 899 711 929; x_wconf 84' lang='lat' dir='ltr'>dubium</span> <span class='ocrx_word' id='word_1_150' title='bbox 734 899 849 930; x_wconf 90' lang='lat' dir='ltr'>dicitur</span> <span class='ocrx_word' id='word_1_151' title='bbox 873 900 963 940; x_wconf 92' lang='lat' dir='ltr'>quod</span> <span class='ocrx_word' id='word_1_152' title='bbox 985 901 1018 930; x_wconf 92' lang='lat' dir='ltr'>in</span> <span class='ocrx_word' id='word_1_153' title='bbox 1042 901 1130 936; x_wconf 86' lang='lat' dir='ltr'>Deo,</span> <span class='ocrx_word' id='word_1_154' title='bbox 1154 905 1277 940; x_wconf 89' lang='lat' dir='ltr'>praeter</span> <span class='ocrx_word' id='word_1_155' title='bbox 1300 909 1347 929; x_wconf 91' lang='lat' dir='ltr'>ra-</span> 
     </span>
     <span class='ocr_line' id='line_1_24' title="bbox 283 943 1348 979; baseline 0.001 -6"><span class='ocrx_word' id='word_1_156' title='bbox 283 943 407 973; x_wconf 87' lang='lat' dir='ltr'>tionem</span> <span class='ocrx_word' id='word_1_157' title='bbox 430 952 506 973; x_wconf 90' lang='lat' dir='ltr'>suae</span> <span class='ocrx_word' id='word_1_158' title='bbox 529 948 678 979; x_wconf 87' lang='lat' dir='ltr'>naturae,</span> <span class='ocrx_word' id='word_1_159' title='bbox 701 944 780 974; x_wconf 90' lang='lat' dir='ltr'>nihil</span> <span class='ocrx_word' id='word_1_160' title='bbox 804 944 889 974; x_wconf 89' lang='lat' dir='ltr'>aliud</span> <span class='ocrx_word' id='word_1_161' title='bbox 912 945 1080 974; x_wconf 90' lang='lat' dir='ltr'>invenitur.</span> <span class='ocrx_word' id='word_1_162' title='bbox 1115 944 1213 974; x_wconf 92' lang='lat' dir='ltr'>Aliud</span> <span class='ocrx_word' id='word_1_163' title='bbox 1241 949 1348 973; x_wconf 86' lang='lat' dir='ltr'>autem</span> 
     </span>
     <span class='ocr_line' id='line_1_25' title="bbox 285 986 1348 1028; baseline 0 -12"><span class='ocrx_word' id='word_1_164' title='bbox 285 986 368 1022; x_wconf 92' lang='lat' dir='ltr'>dico,</span> <span class='ocrx_word' id='word_1_165' title='bbox 392 996 460 1016; x_wconf 93' lang='lat' dir='ltr'>non</span> <span class='ocrx_word' id='word_1_166' title='bbox 483 987 590 1017; x_wconf 90' lang='lat' dir='ltr'>solum</span> <span class='ocrx_word' id='word_1_167' title='bbox 613 987 746 1023; x_wconf 88' lang='lat' dir='ltr'>realiter,</span> <span class='ocrx_word' id='word_1_168' title='bbox 771 987 826 1018; x_wconf 93' lang='lat' dir='ltr'>sed</span> <span class='ocrx_word' id='word_1_169' title='bbox 849 987 1023 1018; x_wconf 84' lang='lat' dir='ltr'>formaliter</span> <span class='ocrx_word' id='word_1_170' title='bbox 1038 987 1204 1028; x_wconf 91' lang='lat' dir='ltr'>loquendo</span> <span class='ocrx_word' id='word_1_171' title='bbox 1228 987 1268 1017; x_wconf 92' lang='lat' dir='ltr'>de</span> <span class='ocrx_word' id='word_1_172' title='bbox 1284 987 1348 1017; x_wconf 87' lang='lat' dir='ltr'>for-</span> 
     </span>
     <span class='ocr_line' id='line_1_26' title="bbox 284 1030 1348 1071; baseline 0 -11"><span class='ocrx_word' id='word_1_173' title='bbox 284 1030 423 1060; x_wconf 89' lang='lat' dir='ltr'>malitate</span> <span class='ocrx_word' id='word_1_174' title='bbox 447 1030 571 1060; x_wconf 90' lang='lat' dir='ltr'>divinae</span> <span class='ocrx_word' id='word_1_175' title='bbox 594 1036 735 1066; x_wconf 89' lang='lat' dir='ltr'>naturae,</span> <span class='ocrx_word' id='word_1_176' title='bbox 759 1037 856 1071; x_wconf 91' lang='lat' dir='ltr'>prout</span> <span class='ocrx_word' id='word_1_177' title='bbox 874 1032 942 1071; x_wconf 91' lang='lat' dir='ltr'>ipsa</span> <span class='ocrx_word' id='word_1_178' title='bbox 957 1033 990 1062; x_wconf 93' lang='lat' dir='ltr'>in</span> <span class='ocrx_word' id='word_1_179' title='bbox 1006 1041 1039 1062; x_wconf 85' lang='lat' dir='ltr'>se</span> <span class='ocrx_word' id='word_1_180' title='bbox 1056 1042 1094 1062; x_wconf 87' lang='lat' dir='ltr'>ex</span> <span class='ocrx_word' id='word_1_181' title='bbox 1109 1042 1143 1062; x_wconf 91' lang='lat' dir='ltr'>se</span> <span class='ocrx_word' id='word_1_182' title='bbox 1159 1037 1215 1062; x_wconf 91' lang='lat' dir='ltr'>est.</span> <span class='ocrx_word' id='word_1_183' title='bbox 1240 1031 1348 1061; x_wconf 90' lang='lat' dir='ltr'>Deitas</span> 
     </span>
     <span class='ocr_line' id='line_1_27' title="bbox 283 1073 1348 1114; baseline 0 -10"><span class='ocrx_word' id='word_1_184' title='bbox 283 1083 424 1114; x_wconf 87' lang='lat' dir='ltr'>namque</span> <span class='ocrx_word' id='word_1_185' title='bbox 452 1075 478 1104; x_wconf 92' lang='lat' dir='ltr'>si</span> <span class='ocrx_word' id='word_1_186' title='bbox 501 1073 685 1105; x_wconf 89' lang='lat' dir='ltr'>definiretur</span> <span class='ocrx_word' id='word_1_187' title='bbox 708 1075 886 1105; x_wconf 91' lang='lat' dir='ltr'>secundum</span> <span class='ocrx_word' id='word_1_188' title='bbox 907 1085 963 1105; x_wconf 92' lang='lat' dir='ltr'>sua</span> <span class='ocrx_word' id='word_1_189' title='bbox 978 1077 1107 1111; x_wconf 89' lang='lat' dir='ltr'>merita,</span> <span class='ocrx_word' id='word_1_190' title='bbox 1132 1075 1292 1105; x_wconf 89' lang='lat' dir='ltr'>clauderet</span> <span class='ocrx_word' id='word_1_191' title='bbox 1314 1075 1348 1104; x_wconf 90' lang='lat' dir='ltr'>in</span> 
     </span>
     <span class='ocr_line' id='line_1_28' title="bbox 283 1118 1348 1159; baseline 0 -11"><span class='ocrx_word' id='word_1_192' title='bbox 283 1118 405 1148; x_wconf 89' lang='lat' dir='ltr'>ratione</span> <span class='ocrx_word' id='word_1_193' title='bbox 428 1128 484 1148; x_wconf 89' lang='lat' dir='ltr'>sua</span> <span class='ocrx_word' id='word_1_194' title='bbox 508 1118 728 1148; x_wconf 89' lang='lat' dir='ltr'>formalissima</span> <span class='ocrx_word' id='word_1_195' title='bbox 751 1125 782 1149; x_wconf 92' lang='lat' dir='ltr'>et</span> <span class='ocrx_word' id='word_1_196' title='bbox 805 1120 1035 1159; x_wconf 90' lang='lat' dir='ltr'>simplicissima</span> <span class='ocrx_word' id='word_1_197' title='bbox 1057 1129 1125 1149; x_wconf 92' lang='lat' dir='ltr'>non</span> <span class='ocrx_word' id='word_1_198' title='bbox 1140 1119 1246 1149; x_wconf 91' lang='lat' dir='ltr'>solum</span> <span class='ocrx_word' id='word_1_199' title='bbox 1271 1118 1348 1158; x_wconf 92' lang='lat' dir='ltr'>quid</span> 
     </span>
     <span class='ocr_line' id='line_1_29' title="bbox 285 1162 1348 1202; baseline 0.001 -11"><span class='ocrx_word' id='word_1_200' title='bbox 285 1167 331 1192; x_wconf 91' lang='lat' dir='ltr'>est</span> <span class='ocrx_word' id='word_1_201' title='bbox 353 1162 540 1202; x_wconf 82' lang='lat' dir='ltr'>sapientiae,</span> <span class='ocrx_word' id='word_1_202' title='bbox 564 1162 759 1198; x_wconf 91' lang='lat' dir='ltr'>intellectus,</span> <span class='ocrx_word' id='word_1_203' title='bbox 783 1163 955 1193; x_wconf 87' lang='lat' dir='ltr'>voluntatis</span> <span class='ocrx_word' id='word_1_204' title='bbox 985 1169 1016 1193; x_wconf 92' lang='lat' dir='ltr'>et</span> <span class='ocrx_word' id='word_1_205' title='bbox 1038 1164 1233 1202; x_wconf 88' lang='lat' dir='ltr'>reliquarum</span> <span class='ocrx_word' id='word_1_206' title='bbox 1257 1163 1348 1192; x_wconf 87' lang='lat' dir='ltr'>abso-</span> 
     </span>
     <span class='ocr_line' id='line_1_30' title="bbox 284 1205 1348 1246; baseline 0.001 -11"><span class='ocrx_word' id='word_1_207' title='bbox 284 1205 422 1235; x_wconf 91' lang='lat' dir='ltr'>lutarum</span> <span class='ocrx_word' id='word_1_208' title='bbox 445 1205 697 1245; x_wconf 83' lang='lat' dir='ltr'>perfectionum:</span> <span class='ocrx_word' id='word_1_209' title='bbox 722 1206 777 1236; x_wconf 92' lang='lat' dir='ltr'>sed</span> <span class='ocrx_word' id='word_1_210' title='bbox 801 1207 879 1246; x_wconf 89' lang='lat' dir='ltr'>quid</span> <span class='ocrx_word' id='word_1_211' title='bbox 898 1212 944 1237; x_wconf 90' lang='lat' dir='ltr'>est</span> <span class='ocrx_word' id='word_1_212' title='bbox 966 1207 1170 1246; x_wconf 90' lang='lat' dir='ltr'>paternitatis,</span> <span class='ocrx_word' id='word_1_213' title='bbox 1187 1206 1348 1236; x_wconf 89' lang='lat' dir='ltr'>filiationis</span> 
     </span>
     <span class='ocr_line' id='line_1_31' title="bbox 284 1249 1349 1290; baseline 0.001 -11"><span class='ocrx_word' id='word_1_214' title='bbox 284 1258 320 1279; x_wconf 92' lang='lat' dir='ltr'>ac</span> <span class='ocrx_word' id='word_1_215' title='bbox 343 1250 567 1289; x_wconf 87' lang='lat' dir='ltr'>processionis.</span> <span class='ocrx_word' id='word_1_216' title='bbox 603 1249 666 1279; x_wconf 91' lang='lat' dir='ltr'>Sed</span> <span class='ocrx_word' id='word_1_217' title='bbox 695 1250 771 1289; x_wconf 89' lang='lat' dir='ltr'>quia</span> <span class='ocrx_word' id='word_1_218' title='bbox 801 1256 911 1280; x_wconf 90' lang='lat' dir='ltr'>noster</span> <span class='ocrx_word' id='word_1_219' title='bbox 939 1251 1118 1280; x_wconf 90' lang='lat' dir='ltr'>intellectus</span> <span class='ocrx_word' id='word_1_220' title='bbox 1148 1260 1216 1280; x_wconf 91' lang='lat' dir='ltr'>non</span> <span class='ocrx_word' id='word_1_221' title='bbox 1242 1256 1349 1290; x_wconf 90' lang='lat' dir='ltr'>potest</span> 
     </span>
     <span class='ocr_line' id='line_1_32' title="bbox 281 1292 1348 1333; baseline 0.002 -11"><span class='ocrx_word' id='word_1_222' title='bbox 281 1292 367 1322; x_wconf 91' lang='lat' dir='ltr'>illius</span> <span class='ocrx_word' id='word_1_223' title='bbox 390 1292 611 1323; x_wconf 90' lang='lat' dir='ltr'>celsitudinem</span> <span class='ocrx_word' id='word_1_224' title='bbox 635 1299 758 1333; x_wconf 86' lang='lat' dir='ltr'>capere,</span> <span class='ocrx_word' id='word_1_225' title='bbox 782 1303 872 1324; x_wconf 89' lang='lat' dir='ltr'>more</span> <span class='ocrx_word' id='word_1_226' title='bbox 890 1299 1001 1324; x_wconf 87' lang='lat' dir='ltr'>nostro</span> <span class='ocrx_word' id='word_1_227' title='bbox 1026 1294 1187 1324; x_wconf 85' lang='lat' dir='ltr'>distinctas</span> <span class='ocrx_word' id='word_1_228' title='bbox 1210 1295 1348 1324; x_wconf 92' lang='lat' dir='ltr'>rationes</span> 
     </span>
     <span class='ocr_line' id='line_1_33' title="bbox 283 1336 1347 1377; baseline 0.002 -11"><span class='ocrx_word' id='word_1_229' title='bbox 283 1336 432 1366; x_wconf 86' lang='lat' dir='ltr'>formales</span> <span class='ocrx_word' id='word_1_230' title='bbox 463 1337 616 1367; x_wconf 87' lang='lat' dir='ltr'>essentiae</span> <span class='ocrx_word' id='word_1_231' title='bbox 649 1342 680 1367; x_wconf 89' lang='lat' dir='ltr'>et</span> <span class='ocrx_word' id='word_1_232' title='bbox 710 1338 886 1376; x_wconf 91' lang='lat' dir='ltr'>personalis</span> <span class='ocrx_word' id='word_1_233' title='bbox 918 1338 1119 1377; x_wconf 88' lang='lat' dir='ltr'>proprietatis</span> <span class='ocrx_word' id='word_1_234' title='bbox 1152 1337 1327 1368; x_wconf 90' lang='lat' dir='ltr'>formamus</span> <span class='ocrx_word' id='word_1_235' title='bbox 1340 1362 1347 1374; x_wconf 93' lang='lat'>,</span> 
     </span>
     <span class='ocr_line' id='line_1_34' title="bbox 283 1379 1349 1421; baseline 0.001 -11"><span class='ocrx_word' id='word_1_236' title='bbox 283 1379 377 1410; x_wconf 87' lang='lat' dir='ltr'>fultas</span> <span class='ocrx_word' id='word_1_237' title='bbox 406 1381 440 1410; x_wconf 94' lang='lat' dir='ltr'>in</span> <span class='ocrx_word' id='word_1_238' title='bbox 462 1390 496 1410; x_wconf 91' lang='lat' dir='ltr'>re</span> <span class='ocrx_word' id='word_1_239' title='bbox 524 1381 633 1416; x_wconf 92' lang='lat' dir='ltr'>unica,</span> <span class='ocrx_word' id='word_1_240' title='bbox 663 1381 839 1417; x_wconf 84' lang='lat' dir='ltr'>excellenti,</span> <span class='ocrx_word' id='word_1_241' title='bbox 859 1391 893 1411; x_wconf 91' lang='lat' dir='ltr'>re</span> <span class='ocrx_word' id='word_1_242' title='bbox 917 1387 948 1411; x_wconf 88' lang='lat' dir='ltr'>et</span> <span class='ocrx_word' id='word_1_243' title='bbox 978 1381 1153 1421; x_wconf 91' lang='lat' dir='ltr'>quidditate</span> <span class='ocrx_word' id='word_1_244' title='bbox 1176 1382 1349 1412; x_wconf 88' lang='lat' dir='ltr'>virtualiter</span> 
     </span>
     <span class='ocr_line' id='line_1_35' title="bbox 283 1424 1203 1465; baseline 0.001 -11"><span class='ocrx_word' id='word_1_245' title='bbox 283 1424 469 1454; x_wconf 89' lang='lat' dir='ltr'>continente</span> <span class='ocrx_word' id='word_1_246' title='bbox 491 1425 547 1454; x_wconf 87' lang='lat' dir='ltr'>has</span> <span class='ocrx_word' id='word_1_247' title='bbox 571 1424 732 1454; x_wconf 89' lang='lat' dir='ltr'>distinctas</span> <span class='ocrx_word' id='word_1_248' title='bbox 754 1425 892 1455; x_wconf 91' lang='lat' dir='ltr'>rationes</span> <span class='ocrx_word' id='word_1_249' title='bbox 916 1435 994 1465; x_wconf 89' lang='lat' dir='ltr'>quas</span> <span class='ocrx_word' id='word_1_250' title='bbox 1017 1425 1203 1455; x_wconf 86' lang='lat' dir='ltr'>formamus.</span> 
     </span>
    </p>

    <p class='ocr_par' dir='ltr' id='par_1_13' title="bbox 282 1467 1351 3042">
     <span class='ocr_line' id='line_1_36' title="bbox 337 1467 1348 1509; baseline 0.001 -11"><span class='ocrx_word' id='word_1_251' title='bbox 337 1467 391 1498; x_wconf 94' lang='lat' dir='ltr'>VI.</span> <span class='ocrx_word' id='word_1_252' title='bbox 415 1467 600 1498; x_wconf 89' lang='lat' dir='ltr'>Secundum</span> <span class='ocrx_word' id='word_1_253' title='bbox 631 1474 755 1504; x_wconf 92' lang='lat' dir='ltr'>autem,</span> <span class='ocrx_word' id='word_1_254' title='bbox 787 1468 866 1509; x_wconf 91' lang='lat' dir='ltr'>quid</span> <span class='ocrx_word' id='word_1_255' title='bbox 888 1470 1008 1499; x_wconf 89' lang='lat' dir='ltr'>scilicet</span> <span class='ocrx_word' id='word_1_256' title='bbox 1032 1475 1079 1499; x_wconf 88' lang='lat' dir='ltr'>est</span> <span class='ocrx_word' id='word_1_257' title='bbox 1109 1470 1193 1499; x_wconf 91' lang='lat' dir='ltr'>uniri</span> <span class='ocrx_word' id='word_1_258' title='bbox 1220 1470 1253 1499; x_wconf 90' lang='lat' dir='ltr'>in</span> <span class='ocrx_word' id='word_1_259' title='bbox 1276 1479 1348 1509; x_wconf 90' lang='lat' dir='ltr'>per-</span> 
     </span>
     <span class='ocr_line' id='line_1_37' title="bbox 283 1511 1349 1554; baseline 0.002 -12"><span class='ocrx_word' id='word_1_260' title='bbox 283 1521 362 1542; x_wconf 92' lang='lat' dir='ltr'>sona</span> <span class='ocrx_word' id='word_1_261' title='bbox 378 1513 404 1548; x_wconf 57' lang='grc' dir='ltr'>’ζ</span> <span class='ocrx_word' id='word_1_262' title='bbox 421 1511 596 1542; x_wconf 89' lang='lat' dir='ltr'>declaratur</span> <span class='ocrx_word' id='word_1_263' title='bbox 611 1512 764 1552; x_wconf 89' lang='lat' dir='ltr'>ponendo</span> <span class='ocrx_word' id='word_1_264' title='bbox 781 1522 879 1543; x_wconf 91' lang='lat' dir='ltr'>unam</span> <span class='ocrx_word' id='word_1_265' title='bbox 895 1513 1122 1543; x_wconf 89' lang='lat' dir='ltr'>universalem:</span> <span class='ocrx_word' id='word_1_266' title='bbox 1146 1513 1248 1543; x_wconf 89' lang='lat' dir='ltr'>Omne</span> <span class='ocrx_word' id='word_1_267' title='bbox 1262 1514 1349 1554; x_wconf 84' lang='lat' dir='ltr'>quod</span> 
     </span>
     <span class='ocr_line' id='line_1_38' title="bbox 282 1555 1349 1597; baseline 0.002 -11"><span class='ocrx_word' id='word_1_268' title='bbox 282 1555 364 1586; x_wconf 84' lang='lat' dir='ltr'>inest</span> <span class='ocrx_word' id='word_1_269' title='bbox 385 1556 486 1586; x_wconf 87' lang='lat' dir='ltr'>alicui</span> <span class='ocrx_word' id='word_1_270' title='bbox 502 1565 674 1596; x_wconf 80' lang='lat' dir='ltr'>personae,</span> <span class='ocrx_word' id='word_1_271' title='bbox 697 1557 764 1587; x_wconf 77' lang='lat' dir='ltr'>sive</span> <span class='ocrx_word' id='word_1_272' title='bbox 781 1557 945 1597; x_wconf 83' lang='lat' dir='ltr'>pertineat</span> <span class='ocrx_word' id='word_1_273' title='bbox 966 1557 1010 1587; x_wconf 87' lang='lat' dir='ltr'>ad</span> <span class='ocrx_word' id='word_1_274' title='bbox 1025 1562 1176 1587; x_wconf 89' lang='lat' dir='ltr'>naturam</span> <span class='ocrx_word' id='word_1_275' title='bbox 1192 1558 1260 1588; x_wconf 86' lang='lat' dir='ltr'>eius</span> <span class='ocrx_word' id='word_1_276' title='bbox 1283 1558 1349 1588; x_wconf 75' lang='lat' dir='ltr'>sive</span> 
     </span>
     <span class='ocr_line' id='line_1_39' title="bbox 283 1600 1348 1640; baseline 0.001 -10"><span class='ocrx_word' id='word_1_277' title='bbox 283 1609 358 1635; x_wconf 87' lang='lat' dir='ltr'>non,</span> <span class='ocrx_word' id='word_1_278' title='bbox 384 1600 497 1630; x_wconf 85' lang='lat' dir='ltr'>unitur</span> <span class='ocrx_word' id='word_1_279' title='bbox 518 1601 548 1630; x_wconf 87' lang='lat' dir='ltr'>ei</span> <span class='ocrx_word' id='word_1_280' title='bbox 571 1601 602 1630; x_wconf 85' lang='lat' dir='ltr'>in</span> <span class='ocrx_word' id='word_1_281' title='bbox 621 1609 775 1640; x_wconf 88' lang='lat' dir='ltr'>persona.</span> <span class='ocrx_word' id='word_1_282' title='bbox 804 1601 867 1631; x_wconf 93' lang='lat' dir='ltr'>Ubi</span> <span class='ocrx_word' id='word_1_283' title='bbox 891 1602 970 1631; x_wconf 94' lang='lat' dir='ltr'>scito</span> <span class='ocrx_word' id='word_1_284' title='bbox 994 1601 1195 1631; x_wconf 90' lang='lat' dir='ltr'>latitudinem</span> <span class='ocrx_word' id='word_1_285' title='bbox 1218 1602 1348 1631; x_wconf 88' lang='lat' dir='ltr'>unionis</span> 
     </span>
     <span class='ocr_line' id='line_1_40' title="bbox 282 1644 1348 1684; baseline 0.002 -11"><span class='ocrx_word' id='word_1_286' title='bbox 282 1644 317 1673; x_wconf 89' lang='lat' dir='ltr'>in</span> <span class='ocrx_word' id='word_1_287' title='bbox 338 1653 476 1683; x_wconf 88' lang='lat' dir='ltr'>persona</span> <span class='ocrx_word' id='word_1_288' title='bbox 498 1644 614 1674; x_wconf 90' lang='lat' dir='ltr'>habere</span> <span class='ocrx_word' id='word_1_289' title='bbox 637 1644 795 1684; x_wconf 87' lang='lat' dir='ltr'>triplicem</span> <span class='ocrx_word' id='word_1_290' title='bbox 817 1644 961 1684; x_wconf 86' lang='lat' dir='ltr'>gradum.</span> <span class='ocrx_word' id='word_1_291' title='bbox 996 1644 1047 1675; x_wconf 92' lang='lat' dir='ltr'>Ad</span> <span class='ocrx_word' id='word_1_292' title='bbox 1078 1646 1169 1675; x_wconf 87' lang='lat' dir='ltr'>cuius</span> <span class='ocrx_word' id='word_1_293' title='bbox 1198 1645 1348 1675; x_wconf 88' lang='lat' dir='ltr'>clarifica-</span> 
     </span>
     <span class='ocr_line' id='line_1_41' title="bbox 282 1687 1348 1729; baseline 0.002 -12"><span class='ocrx_word' id='word_1_294' title='bbox 282 1687 416 1723; x_wconf 87' lang='lat' dir='ltr'>tionem,</span> <span class='ocrx_word' id='word_1_295' title='bbox 440 1687 648 1718; x_wconf 86' lang='lat' dir='ltr'>recolendum</span> <span class='ocrx_word' id='word_1_296' title='bbox 672 1693 719 1718; x_wconf 89' lang='lat' dir='ltr'>est</span> <span class='ocrx_word' id='word_1_297' title='bbox 742 1688 831 1728; x_wconf 92' lang='lat' dir='ltr'>quod</span> <span class='ocrx_word' id='word_1_298' title='bbox 854 1689 949 1718; x_wconf 91' lang='lat' dir='ltr'>alicui</span> <span class='ocrx_word' id='word_1_299' title='bbox 969 1698 1125 1728; x_wconf 90' lang='lat' dir='ltr'>personae</span> <span class='ocrx_word' id='word_1_300' title='bbox 1149 1694 1287 1729; x_wconf 87' lang='lat' dir='ltr'>quatuor</span> <span class='ocrx_word' id='word_1_301' title='bbox 1303 1695 1348 1719; x_wconf 91' lang='lat' dir='ltr'>at-</span> 
     </span>
     <span class='ocr_line' id='line_1_42' title="bbox 282 1731 1347 1770; baseline 0.001 -9"><span class='ocrx_word' id='word_1_302' title='bbox 282 1731 482 1761; x_wconf 89' lang='lat' dir='ltr'>tribuuntur:</span> <span class='ocrx_word' id='word_1_303' title='bbox 506 1732 622 1770; x_wconf 92' lang='lat' dir='ltr'>primo,</span> <span class='ocrx_word' id='word_1_304' title='bbox 647 1732 831 1767; x_wconf 84' lang='lat' dir='ltr'>extrinseca,</span> <span class='ocrx_word' id='word_1_305' title='bbox 852 1738 889 1762; x_wconf 94' lang='lat' dir='ltr'>ut</span> <span class='ocrx_word' id='word_1_306' title='bbox 903 1733 998 1762; x_wconf 90' lang='lat' dir='ltr'>vestis</span> <span class='ocrx_word' id='word_1_307' title='bbox 1015 1738 1046 1762; x_wconf 92' lang='lat' dir='ltr'>et</span> <span class='ocrx_word' id='word_1_308' title='bbox 1060 1732 1168 1768; x_wconf 88' lang='lat' dir='ltr'>locus;</span> <span class='ocrx_word' id='word_1_309' title='bbox 1193 1733 1347 1769; x_wconf 90' lang='lat' dir='ltr'>secundo,</span> 
     </span>
     <span class='ocr_line' id='line_1_43' title="bbox 283 1774 1347 1816; baseline 0.002 -12"><span class='ocrx_word' id='word_1_310' title='bbox 283 1774 458 1805; x_wconf 87' lang='lat' dir='ltr'>accidentia</span> <span class='ocrx_word' id='word_1_311' title='bbox 469 1776 673 1811; x_wconf 87' lang='lat' dir='ltr'>inhaerentia,</span> <span class='ocrx_word' id='word_1_312' title='bbox 685 1781 721 1805; x_wconf 94' lang='lat' dir='ltr'>ut</span> <span class='ocrx_word' id='word_1_313' title='bbox 733 1775 846 1806; x_wconf 91' lang='lat' dir='ltr'>albedo</span> <span class='ocrx_word' id='word_1_314' title='bbox 860 1781 891 1806; x_wconf 93' lang='lat' dir='ltr'>et</span> <span class='ocrx_word' id='word_1_315' title='bbox 902 1776 1103 1811; x_wconf 86' lang='lat' dir='ltr'>huiusmodi;</span> <span class='ocrx_word' id='word_1_316' title='bbox 1115 1777 1220 1811; x_wconf 91' lang='lat' dir='ltr'>tertio,</span> <span class='ocrx_word' id='word_1_317' title='bbox 1233 1781 1347 1816; x_wconf 89' lang='lat' dir='ltr'>partes,</span> 
     </span>
     <span class='ocr_line' id='line_1_44' title="bbox 282 1819 1348 1859; baseline 0.002 -11"><span class='ocrx_word' id='word_1_318' title='bbox 282 1824 318 1848; x_wconf 91' lang='lat' dir='ltr'>ut</span> <span class='ocrx_word' id='word_1_319' title='bbox 340 1828 454 1848; x_wconf 90' lang='lat' dir='ltr'>manus</span> <span class='ocrx_word' id='word_1_320' title='bbox 478 1824 509 1848; x_wconf 93' lang='lat' dir='ltr'>et</span> <span class='ocrx_word' id='word_1_321' title='bbox 531 1819 654 1858; x_wconf 91' lang='lat' dir='ltr'>reliqua</span> <span class='ocrx_word' id='word_1_322' title='bbox 675 1819 834 1855; x_wconf 90' lang='lat' dir='ltr'>membra;</span> <span class='ocrx_word' id='word_1_323' title='bbox 860 1825 984 1859; x_wconf 86' lang='lat' dir='ltr'>quarto,</span> <span class='ocrx_word' id='word_1_324' title='bbox 1009 1820 1143 1850; x_wconf 90' lang='lat' dir='ltr'>essentia</span> <span class='ocrx_word' id='word_1_325' title='bbox 1158 1820 1235 1859; x_wconf 92' lang='lat' dir='ltr'>ipsa,</span> <span class='ocrx_word' id='word_1_326' title='bbox 1254 1820 1348 1850; x_wconf 86' lang='lat' dir='ltr'>etiam</span> 
     </span>
     <span class='ocr_line' id='line_1_45' title="bbox 283 1862 1348 1902; baseline 0.002 -10"><span class='ocrx_word' id='word_1_327' title='bbox 283 1862 457 1902; x_wconf 84' lang='lat' dir='ltr'>singularis,</span> <span class='ocrx_word' id='word_1_328' title='bbox 475 1868 511 1892; x_wconf 91' lang='lat' dir='ltr'>ut</span> <span class='ocrx_word' id='word_1_329' title='bbox 529 1863 607 1892; x_wconf 89' lang='lat' dir='ltr'>haec</span> <span class='ocrx_word' id='word_1_330' title='bbox 623 1863 812 1893; x_wconf 87' lang='lat' dir='ltr'>humanitas.</span> <span class='ocrx_word' id='word_1_331' title='bbox 833 1863 939 1893; x_wconf 89' lang='lat' dir='ltr'>Habet</span> <span class='ocrx_word' id='word_1_332' title='bbox 955 1864 1040 1893; x_wconf 93' lang='lat' dir='ltr'>enim</span> <span class='ocrx_word' id='word_1_333' title='bbox 1057 1863 1202 1893; x_wconf 91' lang='lat' dir='ltr'>Socrates</span> <span class='ocrx_word' id='word_1_334' title='bbox 1217 1870 1348 1900; x_wconf 90' lang='lat' dir='ltr'>vestem,</span> 
     </span>
     <span class='ocr_line' id='line_1_46' title="bbox 283 1905 1349 1948; baseline 0.002 -12"><span class='ocrx_word' id='word_1_335' title='bbox 283 1905 472 1942; x_wconf 79' lang='lat' dir='ltr'>albedinem,</span> <span class='ocrx_word' id='word_1_336' title='bbox 496 1915 640 1942; x_wconf 89' lang='lat' dir='ltr'>manum,</span> <span class='ocrx_word' id='word_1_337' title='bbox 665 1912 695 1936; x_wconf 91' lang='lat' dir='ltr'>et</span> <span class='ocrx_word' id='word_1_338' title='bbox 717 1907 800 1936; x_wconf 89' lang='lat' dir='ltr'>hanc</span> <span class='ocrx_word' id='word_1_339' title='bbox 821 1916 912 1937; x_wconf 91' lang='lat' dir='ltr'>suam</span> <span class='ocrx_word' id='word_1_340' title='bbox 933 1907 1174 1937; x_wconf 88' lang='lat' dir='ltr'>humanitatem.</span> <span class='ocrx_word' id='word_1_341' title='bbox 1200 1907 1263 1937; x_wconf 89' lang='lat' dir='ltr'>Sed</span> <span class='ocrx_word' id='word_1_342' title='bbox 1285 1909 1349 1948; x_wconf 88' lang='lat' dir='ltr'>pri-</span> 
     </span>
     <span class='ocr_line' id='line_1_47' title="bbox 282 1950 1350 1991; baseline 0.002 -11"><span class='ocrx_word' id='word_1_343' title='bbox 282 1959 374 1980; x_wconf 90' lang='lat' dir='ltr'>mum</span> <span class='ocrx_word' id='word_1_344' title='bbox 404 1950 522 1980; x_wconf 92' lang='lat' dir='ltr'>horum</span> <span class='ocrx_word' id='word_1_345' title='bbox 551 1960 619 1980; x_wconf 91' lang='lat' dir='ltr'>non</span> <span class='ocrx_word' id='word_1_346' title='bbox 647 1955 694 1980; x_wconf 86' lang='lat' dir='ltr'>est</span> <span class='ocrx_word' id='word_1_347' title='bbox 721 1951 849 1980; x_wconf 91' lang='lat' dir='ltr'>unitum</span> <span class='ocrx_word' id='word_1_348' title='bbox 877 1951 999 1981; x_wconf 91' lang='lat' dir='ltr'>Socrati</span> <span class='ocrx_word' id='word_1_349' title='bbox 1026 1951 1059 1981; x_wconf 90' lang='lat' dir='ltr'>in</span> <span class='ocrx_word' id='word_1_350' title='bbox 1086 1960 1239 1990; x_wconf 89' lang='lat' dir='ltr'>persona:</span> <span class='ocrx_word' id='word_1_351' title='bbox 1274 1953 1350 1991; x_wconf 92' lang='lat' dir='ltr'>quia</span> 
     </span>
     <span class='ocr_line' id='line_1_48' title="bbox 283 1994 1349 2035; baseline 0.002 -11"><span class='ocrx_word' id='word_1_352' title='bbox 283 1999 407 2024; x_wconf 90' lang='lat' dir='ltr'>constat</span> <span class='ocrx_word' id='word_1_353' title='bbox 430 1994 516 2024; x_wconf 92' lang='lat' dir='ltr'>aliud</span> <span class='ocrx_word' id='word_1_354' title='bbox 540 2003 608 2024; x_wconf 91' lang='lat' dir='ltr'>esse</span> <span class='ocrx_word' id='word_1_355' title='bbox 631 1995 836 2034; x_wconf 89' lang='lat' dir='ltr'>suppositum</span> <span class='ocrx_word' id='word_1_356' title='bbox 851 1995 956 2030; x_wconf 87' lang='lat' dir='ltr'>vestis,</span> <span class='ocrx_word' id='word_1_357' title='bbox 981 2000 1012 2025; x_wconf 92' lang='lat' dir='ltr'>et</span> <span class='ocrx_word' id='word_1_358' title='bbox 1035 1994 1121 2024; x_wconf 90' lang='lat' dir='ltr'>aliud</span> <span class='ocrx_word' id='word_1_359' title='bbox 1144 1996 1349 2035; x_wconf 89' lang='lat' dir='ltr'>suppositum</span> 
     </span>
     <span class='ocr_line' id='line_1_49' title="bbox 282 2038 1350 2078; baseline 0.003 -11"><span class='ocrx_word' id='word_1_360' title='bbox 282 2045 438 2078; x_wconf 85' lang='lat' dir='ltr'>personae</span> <span class='ocrx_word' id='word_1_361' title='bbox 461 2038 591 2068; x_wconf 87' lang='lat' dir='ltr'>vestitae</span> <span class='ocrx_word' id='word_1_362' title='bbox 618 2038 671 2068; x_wconf 91' lang='lat' dir='ltr'>illa</span> <span class='ocrx_word' id='word_1_363' title='bbox 694 2044 798 2074; x_wconf 88' lang='lat' dir='ltr'>veste;</span> <span class='ocrx_word' id='word_1_364' title='bbox 829 2039 1034 2078; x_wconf 90' lang='lat' dir='ltr'>suppositum</span> <span class='ocrx_word' id='word_1_365' title='bbox 1065 2039 1151 2069; x_wconf 89' lang='lat' dir='ltr'>enim</span> <span class='ocrx_word' id='word_1_366' title='bbox 1177 2039 1272 2069; x_wconf 88' lang='lat' dir='ltr'>vestis</span> <span class='ocrx_word' id='word_1_367' title='bbox 1304 2045 1350 2070; x_wconf 89' lang='lat' dir='ltr'>est</span> 
     </span>
     <span class='ocr_line' id='line_1_50' title="bbox 283 2082 1350 2122; baseline 0.001 -10"><span class='ocrx_word' id='word_1_368' title='bbox 283 2082 457 2112; x_wconf 90' lang='lat' dir='ltr'>substantia</span> <span class='ocrx_word' id='word_1_369' title='bbox 477 2083 585 2121; x_wconf 90' lang='lat' dir='ltr'>panni,</span> <span class='ocrx_word' id='word_1_370' title='bbox 609 2091 677 2112; x_wconf 89' lang='lat' dir='ltr'>non</span> <span class='ocrx_word' id='word_1_371' title='bbox 693 2082 794 2112; x_wconf 92' lang='lat' dir='ltr'>homo</span> <span class='ocrx_word' id='word_1_372' title='bbox 811 2083 867 2122; x_wconf 90' lang='lat' dir='ltr'>qui</span> <span class='ocrx_word' id='word_1_373' title='bbox 883 2083 1024 2112; x_wconf 91' lang='lat' dir='ltr'>vestitur.</span> <span class='ocrx_word' id='word_1_374' title='bbox 1047 2083 1184 2122; x_wconf 87' lang='lat' dir='ltr'>Reliqua</span> <span class='ocrx_word' id='word_1_375' title='bbox 1198 2092 1275 2113; x_wconf 90' lang='lat' dir='ltr'>vero</span> <span class='ocrx_word' id='word_1_376' title='bbox 1291 2084 1350 2113; x_wconf 89' lang='lat' dir='ltr'>tria</span> 
     </span>
     <span class='ocr_line' id='line_1_51' title="bbox 283 2126 1350 2165; baseline 0.001 -9"><span class='ocrx_word' id='word_1_377' title='bbox 283 2126 439 2156; x_wconf 88' lang='lat' dir='ltr'>uniuntur</span> <span class='ocrx_word' id='word_1_378' title='bbox 462 2126 584 2156; x_wconf 87' lang='lat' dir='ltr'>Socrati</span> <span class='ocrx_word' id='word_1_379' title='bbox 606 2126 640 2156; x_wconf 94' lang='lat' dir='ltr'>in</span> <span class='ocrx_word' id='word_1_380' title='bbox 655 2135 810 2165; x_wconf 84' lang='lat' dir='ltr'>persona:</span> <span class='ocrx_word' id='word_1_381' title='bbox 834 2136 909 2156; x_wconf 89' lang='lat' dir='ltr'>nam</span> <span class='ocrx_word' id='word_1_382' title='bbox 932 2127 1113 2157; x_wconf 89' lang='lat' dir='ltr'>subiectum</span> <span class='ocrx_word' id='word_1_383' title='bbox 1136 2126 1350 2157; x_wconf 87' lang='lat' dir='ltr'>accidentium</span> 
     </span>
     <span class='ocr_line' id='line_1_52' title="bbox 284 2169 1349 2210; baseline 0.002 -11"><span class='ocrx_word' id='word_1_384' title='bbox 284 2169 422 2200; x_wconf 90' lang='lat' dir='ltr'>Socratis</span> <span class='ocrx_word' id='word_1_385' title='bbox 446 2175 493 2199; x_wconf 90' lang='lat' dir='ltr'>est</span> <span class='ocrx_word' id='word_1_386' title='bbox 514 2170 583 2209; x_wconf 91' lang='lat' dir='ltr'>ipse</span> <span class='ocrx_word' id='word_1_387' title='bbox 607 2169 768 2206; x_wconf 86' lang='lat' dir='ltr'>Socrates;</span> <span class='ocrx_word' id='word_1_388' title='bbox 793 2176 824 2200; x_wconf 93' lang='lat' dir='ltr'>et</span> <span class='ocrx_word' id='word_1_389' title='bbox 839 2170 983 2200; x_wconf 91' lang='lat' dir='ltr'>similiter</span> <span class='ocrx_word' id='word_1_390' title='bbox 998 2170 1144 2201; x_wconf 88' lang='lat' dir='ltr'>Socrates</span> <span class='ocrx_word' id='word_1_391' title='bbox 1161 2176 1207 2200; x_wconf 92' lang='lat' dir='ltr'>est</span> <span class='ocrx_word' id='word_1_392' title='bbox 1230 2171 1286 2210; x_wconf 93' lang='lat' dir='ltr'>qui</span> <span class='ocrx_word' id='word_1_393' title='bbox 1301 2172 1349 2201; x_wconf 90' lang='lat' dir='ltr'>in-</span> 
     </span>
     <span class='ocr_line' id='line_1_53' title="bbox 284 2213 1348 2254; baseline 0.002 -11"><span class='ocrx_word' id='word_1_394' title='bbox 284 2218 423 2254; x_wconf 90' lang='lat' dir='ltr'>tegratur</span> <span class='ocrx_word' id='word_1_395' title='bbox 446 2223 484 2243; x_wconf 88' lang='lat' dir='ltr'>ex</span> <span class='ocrx_word' id='word_1_396' title='bbox 506 2213 571 2243; x_wconf 86' lang='lat' dir='ltr'>suis</span> <span class='ocrx_word' id='word_1_397' title='bbox 594 2214 761 2249; x_wconf 87' lang='lat' dir='ltr'>membris;</span> <span class='ocrx_word' id='word_1_398' title='bbox 786 2219 817 2244; x_wconf 90' lang='lat' dir='ltr'>et</span> <span class='ocrx_word' id='word_1_399' title='bbox 840 2215 896 2254; x_wconf 87' lang='lat' dir='ltr'>qui</span> <span class='ocrx_word' id='word_1_400' title='bbox 920 2215 1123 2244; x_wconf 90' lang='lat' dir='ltr'>constituitur</span> <span class='ocrx_word' id='word_1_401' title='bbox 1145 2215 1179 2244; x_wconf 93' lang='lat' dir='ltr'>in</span> <span class='ocrx_word' id='word_1_402' title='bbox 1203 2224 1270 2245; x_wconf 92' lang='lat' dir='ltr'>esse</span> <span class='ocrx_word' id='word_1_403' title='bbox 1289 2224 1348 2245; x_wconf 91' lang='lat' dir='ltr'>suo</span> 
     </span>
     <span class='ocr_line' id='line_1_54' title="bbox 284 2256 1350 2297; baseline 0.002 -10"><span class='ocrx_word' id='word_1_404' title='bbox 284 2256 436 2297; x_wconf 91' lang='lat' dir='ltr'>specifico</span> <span class='ocrx_word' id='word_1_405' title='bbox 457 2256 655 2287; x_wconf 91' lang='lat' dir='ltr'>individuato</span> <span class='ocrx_word' id='word_1_406' title='bbox 679 2267 736 2297; x_wconf 91' lang='lat' dir='ltr'>per</span> <span class='ocrx_word' id='word_1_407' title='bbox 751 2258 833 2288; x_wconf 90' lang='lat' dir='ltr'>hanc</span> <span class='ocrx_word' id='word_1_408' title='bbox 849 2268 940 2288; x_wconf 87' lang='lat' dir='ltr'>suam</span> <span class='ocrx_word' id='word_1_409' title='bbox 956 2259 1196 2288; x_wconf 88' lang='lat' dir='ltr'>humanitatem.</span> <span class='ocrx_word' id='word_1_410' title='bbox 1221 2259 1278 2288; x_wconf 93' lang='lat' dir='ltr'>Est</span> <span class='ocrx_word' id='word_1_411' title='bbox 1294 2269 1350 2289; x_wconf 92' lang='lat' dir='ltr'>au-</span> 
     </span>
     <span class='ocr_line' id='line_1_55' title="bbox 284 2301 1349 2341; baseline 0.003 -11"><span class='ocrx_word' id='word_1_412' title='bbox 284 2306 350 2331; x_wconf 93' lang='lat' dir='ltr'>tem</span> <span class='ocrx_word' id='word_1_413' title='bbox 379 2301 461 2331; x_wconf 83' lang='lat' dir='ltr'>inter</span> <span class='ocrx_word' id='word_1_414' title='bbox 483 2301 561 2331; x_wconf 88' lang='lat' dir='ltr'>istos</span> <span class='ocrx_word' id='word_1_415' title='bbox 583 2307 645 2331; x_wconf 92' lang='lat' dir='ltr'>tres</span> <span class='ocrx_word' id='word_1_416' title='bbox 668 2301 785 2332; x_wconf 91' lang='lat' dir='ltr'>modos</span> <span class='ocrx_word' id='word_1_417' title='bbox 808 2302 938 2332; x_wconf 86' lang='lat' dir='ltr'>unionis</span> <span class='ocrx_word' id='word_1_418' title='bbox 964 2303 998 2332; x_wconf 91' lang='lat' dir='ltr'>in</span> <span class='ocrx_word' id='word_1_419' title='bbox 1020 2311 1158 2341; x_wconf 91' lang='lat' dir='ltr'>persona</span> <span class='ocrx_word' id='word_1_420' title='bbox 1188 2302 1349 2333; x_wconf 86' lang='lat' dir='ltr'>diversitas</span> 
     </span>
     <span class='ocr_line' id='line_1_56' title="bbox 283 2345 1350 2385; baseline 0.002 -11"><span class='ocrx_word' id='word_1_421' title='bbox 283 2354 409 2384; x_wconf 91' lang='lat' dir='ltr'>magna.</span> <span class='ocrx_word' id='word_1_422' title='bbox 444 2345 609 2382; x_wconf 90' lang='lat' dir='ltr'>Quoniam</span> <span class='ocrx_word' id='word_1_423' title='bbox 633 2345 808 2375; x_wconf 90' lang='lat' dir='ltr'>accidentia</span> <span class='ocrx_word' id='word_1_424' title='bbox 833 2346 990 2376; x_wconf 91' lang='lat' dir='ltr'>uniuntur</span> <span class='ocrx_word' id='word_1_425' title='bbox 1013 2345 1144 2385; x_wconf 92' lang='lat' dir='ltr'>quidem</span> <span class='ocrx_word' id='word_1_426' title='bbox 1168 2346 1290 2376; x_wconf 89' lang='lat' dir='ltr'>Socrati</span> <span class='ocrx_word' id='word_1_427' title='bbox 1315 2347 1350 2377; x_wconf 90' lang='lat' dir='ltr'>in</span> 
     </span>
     <span class='ocr_line' id='line_1_57' title="bbox 284 2388 1348 2430; baseline 0.003 -12"><span class='ocrx_word' id='word_1_428' title='bbox 284 2398 431 2429; x_wconf 87' lang='lat' dir='ltr'>persona,</span> <span class='ocrx_word' id='word_1_429' title='bbox 455 2388 511 2419; x_wconf 92' lang='lat' dir='ltr'>sed</span> <span class='ocrx_word' id='word_1_430' title='bbox 533 2398 601 2418; x_wconf 89' lang='lat' dir='ltr'>non</span> <span class='ocrx_word' id='word_1_431' title='bbox 624 2395 660 2419; x_wconf 92' lang='lat' dir='ltr'>ut</span> <span class='ocrx_word' id='word_1_432' title='bbox 682 2390 872 2429; x_wconf 87' lang='lat' dir='ltr'>pertinentia</span> <span class='ocrx_word' id='word_1_433' title='bbox 895 2389 934 2420; x_wconf 91' lang='lat' dir='ltr'>ad</span> <span class='ocrx_word' id='word_1_434' title='bbox 956 2390 1167 2429; x_wconf 85' lang='lat' dir='ltr'>integritatem</span> <span class='ocrx_word' id='word_1_435' title='bbox 1182 2400 1348 2430; x_wconf 88' lang='lat' dir='ltr'>personae,</span> 
     </span>
     <span class='ocr_line' id='line_1_58' title="bbox 284 2433 1350 2473; baseline 0.002 -11"><span class='ocrx_word' id='word_1_436' title='bbox 284 2438 321 2462; x_wconf 91' lang='lat' dir='ltr'>ut</span> <span class='ocrx_word' id='word_1_437' title='bbox 342 2438 446 2472; x_wconf 91' lang='lat' dir='ltr'>patet;</span> <span class='ocrx_word' id='word_1_438' title='bbox 470 2438 574 2472; x_wconf 88' lang='lat' dir='ltr'>partes</span> <span class='ocrx_word' id='word_1_439' title='bbox 590 2442 666 2463; x_wconf 92' lang='lat' dir='ltr'>vero</span> <span class='ocrx_word' id='word_1_440' title='bbox 690 2433 845 2463; x_wconf 89' lang='lat' dir='ltr'>uniuntur</span> <span class='ocrx_word' id='word_1_441' title='bbox 867 2434 901 2463; x_wconf 88' lang='lat' dir='ltr'>in</span> <span class='ocrx_word' id='word_1_442' title='bbox 924 2443 1060 2473; x_wconf 91' lang='lat' dir='ltr'>persona</span> <span class='ocrx_word' id='word_1_443' title='bbox 1084 2433 1220 2464; x_wconf 89' lang='lat' dir='ltr'>Socratis</span> <span class='ocrx_word' id='word_1_444' title='bbox 1243 2440 1279 2464; x_wconf 92' lang='lat' dir='ltr'>ut</span> <span class='ocrx_word' id='word_1_445' title='bbox 1301 2435 1350 2464; x_wconf 90' lang='lat' dir='ltr'>in-</span> 
     </span>
     <span class='ocr_line' id='line_1_59' title="bbox 284 2477 1351 2517; baseline 0.002 -11"><span class='ocrx_word' id='word_1_446' title='bbox 284 2481 441 2516; x_wconf 85' lang='lat' dir='ltr'>tegrantes</span> <span class='ocrx_word' id='word_1_447' title='bbox 463 2477 563 2516; x_wconf 90' lang='lat' dir='ltr'>ipsius</span> <span class='ocrx_word' id='word_1_448' title='bbox 586 2486 773 2517; x_wconf 89' lang='lat' dir='ltr'>personam;</span> <span class='ocrx_word' id='word_1_449' title='bbox 797 2483 910 2507; x_wconf 91' lang='lat' dir='ltr'>natura</span> <span class='ocrx_word' id='word_1_450' title='bbox 925 2483 1032 2508; x_wconf 90' lang='lat' dir='ltr'>autem</span> <span class='ocrx_word' id='word_1_451' title='bbox 1053 2478 1218 2517; x_wconf 88' lang='lat' dir='ltr'>singularis</span> <span class='ocrx_word' id='word_1_452' title='bbox 1241 2479 1351 2508; x_wconf 90' lang='lat' dir='ltr'>unitur</span> 
     </span>
     <span class='ocr_line' id='line_1_60' title="bbox 286 2520 1351 2562; baseline 0.002 -12"><span class='ocrx_word' id='word_1_453' title='bbox 286 2529 442 2559; x_wconf 85' lang='lat' dir='ltr'>personae</span> <span class='ocrx_word' id='word_1_454' title='bbox 466 2520 603 2550; x_wconf 86' lang='lat' dir='ltr'>Socratis</span> <span class='ocrx_word' id='word_1_455' title='bbox 626 2526 662 2550; x_wconf 93' lang='lat' dir='ltr'>ut</span> <span class='ocrx_word' id='word_1_456' title='bbox 685 2521 890 2551; x_wconf 90' lang='lat' dir='ltr'>constitutiva</span> <span class='ocrx_word' id='word_1_457' title='bbox 909 2522 1008 2561; x_wconf 91' lang='lat' dir='ltr'>ipsius</span> <span class='ocrx_word' id='word_1_458' title='bbox 1025 2521 1178 2558; x_wconf 90' lang='lat' dir='ltr'>Socratis;</span> <span class='ocrx_word' id='word_1_459' title='bbox 1202 2522 1246 2552; x_wconf 91' lang='lat' dir='ltr'>ita</span> <span class='ocrx_word' id='word_1_460' title='bbox 1261 2522 1351 2562; x_wconf 91' lang='lat' dir='ltr'>quod</span> 
     </span>
     <span class='ocr_line' id='line_1_61' title="bbox 286 2565 1350 2605; baseline 0.003 -12"><span class='ocrx_word' id='word_1_461' title='bbox 286 2569 351 2594; x_wconf 91' lang='lat' dir='ltr'>tam</span> <span class='ocrx_word' id='word_1_462' title='bbox 374 2569 478 2603; x_wconf 90' lang='lat' dir='ltr'>partes</span> <span class='ocrx_word' id='word_1_463' title='bbox 501 2573 599 2604; x_wconf 90' lang='lat' dir='ltr'>quam</span> <span class='ocrx_word' id='word_1_464' title='bbox 620 2570 733 2594; x_wconf 91' lang='lat' dir='ltr'>natura</span> <span class='ocrx_word' id='word_1_465' title='bbox 755 2565 911 2595; x_wconf 87' lang='lat' dir='ltr'>uniuntur</span> <span class='ocrx_word' id='word_1_466' title='bbox 926 2565 1047 2595; x_wconf 90' lang='lat' dir='ltr'>Socrati</span> <span class='ocrx_word' id='word_1_467' title='bbox 1070 2566 1103 2595; x_wconf 91' lang='lat' dir='ltr'>in</span> <span class='ocrx_word' id='word_1_468' title='bbox 1124 2575 1261 2605; x_wconf 87' lang='lat' dir='ltr'>persona</span> <span class='ocrx_word' id='word_1_469' title='bbox 1277 2567 1350 2596; x_wconf 90' lang='lat' dir='ltr'>sub-</span> 
     </span>
     <span class='ocr_line' id='line_1_62' title="bbox 286 2607 1350 2650; baseline 0.003 -13"><span class='ocrx_word' id='word_1_470' title='bbox 286 2607 480 2643; x_wconf 87' lang='lat' dir='ltr'>stantialiter,</span> <span class='ocrx_word' id='word_1_471' title='bbox 504 2607 560 2638; x_wconf 89' lang='lat' dir='ltr'>sed</span> <span class='ocrx_word' id='word_1_472' title='bbox 582 2613 685 2647; x_wconf 84' lang='lat' dir='ltr'>partes</span> <span class='ocrx_word' id='word_1_473' title='bbox 708 2608 887 2639; x_wconf 89' lang='lat' dir='ltr'>secundum</span> <span class='ocrx_word' id='word_1_474' title='bbox 907 2619 974 2639; x_wconf 92' lang='lat' dir='ltr'>esse</span> <span class='ocrx_word' id='word_1_475' title='bbox 990 2609 1193 2639; x_wconf 89' lang='lat' dir='ltr'>substantiale</span> <span class='ocrx_word' id='word_1_476' title='bbox 1209 2610 1350 2650; x_wconf 89' lang='lat' dir='ltr'>partiale,</span> 
     </span>
     <span class='ocr_line' id='line_1_63' title="bbox 286 2651 1351 2684; baseline 0.003 -3"><span class='ocrx_word' id='word_1_477' title='bbox 286 2657 398 2681; x_wconf 90' lang='lat' dir='ltr'>natura</span> <span class='ocrx_word' id='word_1_478' title='bbox 419 2661 497 2681; x_wconf 89' lang='lat' dir='ltr'>vero</span> <span class='ocrx_word' id='word_1_479' title='bbox 520 2651 699 2682; x_wconf 88' lang='lat' dir='ltr'>secundum</span> <span class='ocrx_word' id='word_1_480' title='bbox 715 2662 783 2682; x_wconf 89' lang='lat' dir='ltr'>esse</span> <span class='ocrx_word' id='word_1_481' title='bbox 799 2653 1003 2683; x_wconf 88' lang='lat' dir='ltr'>substantiale</span> <span class='ocrx_word' id='word_1_482' title='bbox 1026 2653 1124 2683; x_wconf 88' lang='lat' dir='ltr'>totius</span> <span class='ocrx_word' id='word_1_483' title='bbox 1144 2659 1285 2684; x_wconf 90' lang='lat' dir='ltr'>naturae.</span> <span class='ocrx_word' id='word_1_484' title='bbox 1310 2654 1351 2684; x_wconf 91' lang='lat' dir='ltr'>Et</span> 
     </span>
     <span class='ocr_line' id='line_1_64' title="bbox 287 2695 1350 2737; baseline 0.003 -12"><span class='ocrx_word' id='word_1_485' title='bbox 287 2695 363 2735; x_wconf 88' lang='lat' dir='ltr'>quia</span> <span class='ocrx_word' id='word_1_486' title='bbox 384 2695 419 2725; x_wconf 90' lang='lat' dir='ltr'>in</span> <span class='ocrx_word' id='word_1_487' title='bbox 441 2695 504 2725; x_wconf 92' lang='lat' dir='ltr'>hoc</span> <span class='ocrx_word' id='word_1_488' title='bbox 527 2695 660 2725; x_wconf 86' lang='lat' dir='ltr'>articulo</span> <span class='ocrx_word' id='word_1_489' title='bbox 685 2696 752 2726; x_wconf 90' lang='lat' dir='ltr'>sola</span> <span class='ocrx_word' id='word_1_490' title='bbox 775 2697 919 2736; x_wconf 89' lang='lat' dir='ltr'>quaestio</span> <span class='ocrx_word' id='word_1_491' title='bbox 943 2696 983 2727; x_wconf 95' lang='lat' dir='ltr'>de</span> <span class='ocrx_word' id='word_1_492' title='bbox 1006 2698 1128 2727; x_wconf 92' lang='lat' dir='ltr'>unione</span> <span class='ocrx_word' id='word_1_493' title='bbox 1157 2697 1190 2727; x_wconf 92' lang='lat' dir='ltr'>in</span> <span class='ocrx_word' id='word_1_494' title='bbox 1213 2707 1350 2737; x_wconf 91' lang='lat' dir='ltr'>persona</span> 
     </span>
     <span class='ocr_line' id='line_1_65' title="bbox 286 2738 1350 2778; baseline 0.004 -10"><span class='ocrx_word' id='word_1_495' title='bbox 286 2744 452 2774; x_wconf 88' lang='lat' dir='ltr'>tractatur;</span> <span class='ocrx_word' id='word_1_496' title='bbox 477 2744 507 2769; x_wconf 93' lang='lat' dir='ltr'>et</span> <span class='ocrx_word' id='word_1_497' title='bbox 529 2738 661 2769; x_wconf 82' lang='lat' dir='ltr'>inferius</span> <span class='ocrx_word' id='word_1_498' title='bbox 684 2739 881 2770; x_wconf 91' lang='lat' dir='ltr'>discutienda</span> <span class='ocrx_word' id='word_1_499' title='bbox 905 2746 960 2776; x_wconf 91' lang='lat' dir='ltr'>est,</span> <span class='ocrx_word' id='word_1_500' title='bbox 985 2741 1018 2770; x_wconf 92' lang='lat' dir='ltr'>in</span> <span class='ocrx_word' id='word_1_501' title='bbox 1036 2741 1169 2771; x_wconf 89' lang='lat' dir='ltr'>articulo</span> <span class='ocrx_word' id='word_1_502' title='bbox 1187 2747 1286 2778; x_wconf 89' lang='lat' dir='ltr'>sexto,</span> <span class='ocrx_word' id='word_1_503' title='bbox 1310 2752 1350 2772; x_wconf 90' lang='lat' dir='ltr'>an</span> 
     </span>
     <span class='ocr_line' id='line_1_66' title="bbox 286 2782 1349 2815; baseline 0.003 -3"><span class='ocrx_word' id='word_1_504' title='bbox 286 2782 473 2813; x_wconf 89' lang='lat' dir='ltr'>huiusmodi</span> <span class='ocrx_word' id='word_1_505' title='bbox 489 2783 567 2812; x_wconf 89' lang='lat' dir='ltr'>unio</span> <span class='ocrx_word' id='word_1_506' title='bbox 588 2783 622 2812; x_wconf 87' lang='lat' dir='ltr'>in</span> <span class='ocrx_word' id='word_1_507' title='bbox 639 2782 766 2813; x_wconf 89' lang='lat' dir='ltr'>Christo</span> <span class='ocrx_word' id='word_1_508' title='bbox 783 2784 822 2814; x_wconf 90' lang='lat' dir='ltr'>sit</span> <span class='ocrx_word' id='word_1_509' title='bbox 836 2785 1048 2814; x_wconf 90' lang='lat' dir='ltr'>substantialis</span> <span class='ocrx_word' id='word_1_510' title='bbox 1063 2785 1114 2815; x_wconf 92' lang='lat' dir='ltr'>vel</span> <span class='ocrx_word' id='word_1_511' title='bbox 1131 2785 1349 2815; x_wconf 87' lang='lat' dir='ltr'>accidentalis:</span> 
     </span>
     <span class='ocr_line' id='line_1_67' title="bbox 286 2826 1351 2869; baseline 0.003 -13"><span class='ocrx_word' id='word_1_512' title='bbox 286 2826 360 2857; x_wconf 93' lang='lat' dir='ltr'>ideo</span> <span class='ocrx_word' id='word_1_513' title='bbox 373 2827 531 2867; x_wconf 87' lang='lat' dir='ltr'>praesenti</span> <span class='ocrx_word' id='word_1_514' title='bbox 541 2827 709 2866; x_wconf 85' lang='lat' dir='ltr'>proposito</span> <span class='ocrx_word' id='word_1_515' title='bbox 721 2826 837 2857; x_wconf 89' lang='lat' dir='ltr'>sufficit</span> <span class='ocrx_word' id='word_1_516' title='bbox 847 2827 1028 2859; x_wconf 89' lang='lat' dir='ltr'>indistincte</span> <span class='ocrx_word' id='word_1_517' title='bbox 1040 2827 1249 2859; x_wconf 87' lang='lat' dir='ltr'>determinare</span> <span class='ocrx_word' id='word_1_518' title='bbox 1261 2829 1351 2869; x_wconf 90' lang='lat' dir='ltr'>quod</span> 
     </span>
     <span class='ocr_line' id='line_1_68' title="bbox 286 2871 1350 2913; baseline 0.003 -13"><span class='ocrx_word' id='word_1_519' title='bbox 286 2871 365 2901; x_wconf 91' lang='lat' dir='ltr'>unio</span> <span class='ocrx_word' id='word_1_520' title='bbox 397 2876 444 2900; x_wconf 92' lang='lat' dir='ltr'>est</span> <span class='ocrx_word' id='word_1_521' title='bbox 472 2871 506 2900; x_wconf 91' lang='lat' dir='ltr'>in</span> <span class='ocrx_word' id='word_1_522' title='bbox 528 2879 680 2910; x_wconf 86' lang='lat' dir='ltr'>persona,</span> <span class='ocrx_word' id='word_1_523' title='bbox 711 2880 778 2900; x_wconf 88' lang='lat' dir='ltr'>non</span> <span class='ocrx_word' id='word_1_524' title='bbox 807 2871 948 2902; x_wconf 90' lang='lat' dir='ltr'>curando</span> <span class='ocrx_word' id='word_1_525' title='bbox 978 2872 1018 2902; x_wconf 92' lang='lat' dir='ltr'>de</span> <span class='ocrx_word' id='word_1_526' title='bbox 1040 2872 1140 2902; x_wconf 91' lang='lat' dir='ltr'>modo</span> <span class='ocrx_word' id='word_1_527' title='bbox 1172 2883 1229 2903; x_wconf 89' lang='lat' dir='ltr'>seu</span> <span class='ocrx_word' id='word_1_528' title='bbox 1251 2872 1350 2913; x_wconf 89' lang='lat' dir='ltr'>gradu</span> 
     </span>
     <span class='ocr_line' id='line_1_69' title="bbox 287 2914 1350 2957; baseline 0.003 -13"><span class='ocrx_word' id='word_1_529' title='bbox 287 2915 416 2944; x_wconf 91' lang='lat' dir='ltr'>unionis</span> <span class='ocrx_word' id='word_1_530' title='bbox 439 2914 625 2954; x_wconf 83' lang='lat' dir='ltr'>personaliS.</span> <span class='ocrx_word' id='word_1_531' title='bbox 659 2914 700 2944; x_wconf 90' lang='lat' dir='ltr'>Et</span> <span class='ocrx_word' id='word_1_532' title='bbox 728 2920 897 2955; x_wconf 88' lang='lat' dir='ltr'>propterea</span> <span class='ocrx_word' id='word_1_533' title='bbox 925 2916 959 2946; x_wconf 92' lang='lat' dir='ltr'>in</span> <span class='ocrx_word' id='word_1_534' title='bbox 984 2916 1086 2946; x_wconf 91' lang='lat' dir='ltr'>littera</span> <span class='ocrx_word' id='word_1_535' title='bbox 1116 2916 1230 2947; x_wconf 91' lang='lat' dir='ltr'>dicitur</span> <span class='ocrx_word' id='word_1_536' title='bbox 1261 2917 1350 2957; x_wconf 90' lang='lat' dir='ltr'>quod</span> 
     </span>
     <span class='ocr_line' id='line_1_70' title="bbox 287 2958 1350 2999; baseline 0.002 -10"><span class='ocrx_word' id='word_1_537' title='bbox 287 2968 385 2989; x_wconf 89' lang='lat' dir='ltr'>omne</span> <span class='ocrx_word' id='word_1_538' title='bbox 409 2958 498 2998; x_wconf 91' lang='lat' dir='ltr'>quod</span> <span class='ocrx_word' id='word_1_539' title='bbox 520 2959 602 2988; x_wconf 89' lang='lat' dir='ltr'>inest</span> <span class='ocrx_word' id='word_1_540' title='bbox 625 2958 720 2988; x_wconf 91' lang='lat' dir='ltr'>alicui</span> <span class='ocrx_word' id='word_1_541' title='bbox 742 2968 908 2998; x_wconf 88' lang='lat' dir='ltr'>personae,</span> <span class='ocrx_word' id='word_1_542' title='bbox 931 2959 997 2990; x_wconf 89' lang='lat' dir='ltr'>sive</span> <span class='ocrx_word' id='word_1_543' title='bbox 1019 2960 1176 2999; x_wconf 87' lang='lat' dir='ltr'>pertineat</span> <span class='ocrx_word' id='word_1_544' title='bbox 1199 2960 1238 2991; x_wconf 93' lang='lat' dir='ltr'>ad</span> <span class='ocrx_word' id='word_1_545' title='bbox 1258 2966 1350 2991; x_wconf 88' lang='lat' dir='ltr'>natu-</span> 
     </span>
     <span class='ocr_line' id='line_1_71' title="bbox 287 3002 1046 3042; baseline 0 -9"><span class='ocrx_word' id='word_1_546' title='bbox 287 3012 355 3033; x_wconf 89' lang='lat' dir='ltr'>ram</span> <span class='ocrx_word' id='word_1_547' title='bbox 378 3003 446 3032; x_wconf 91' lang='lat' dir='ltr'>eius</span> <span class='ocrx_word' id='word_1_548' title='bbox 469 3003 535 3032; x_wconf 90' lang='lat' dir='ltr'>sive</span> <span class='ocrx_word' id='word_1_549' title='bbox 558 3011 636 3037; x_wconf 88' lang='lat' dir='ltr'>non,</span> <span class='ocrx_word' id='word_1_550' title='bbox 660 3002 769 3032; x_wconf 90' lang='lat' dir='ltr'>unitur</span> <span class='ocrx_word' id='word_1_551' title='bbox 792 3003 821 3032; x_wconf 94' lang='lat' dir='ltr'>ei</span> <span class='ocrx_word' id='word_1_552' title='bbox 843 3003 876 3032; x_wconf 92' lang='lat' dir='ltr'>in</span> <span class='ocrx_word' id='word_1_553' title='bbox 900 3012 1046 3042; x_wconf 88' lang='lat' dir='ltr'>persona.</span> 
     </span>
    </p>

    <p class='ocr_par' dir='ltr' id='par_1_14' title="bbox 342 3046 962 3086">
     <span class='ocr_line' id='line_1_72' title="bbox 342 3046 962 3086; baseline 0 -10"><span class='ocrx_word' id='word_1_554' title='bbox 342 3046 384 3076; x_wconf 94' lang='lat' dir='ltr'>Et</span> <span class='ocrx_word' id='word_1_555' title='bbox 406 3055 463 3086; x_wconf 89' lang='lat' dir='ltr'>per</span> <span class='ocrx_word' id='word_1_556' title='bbox 484 3046 563 3076; x_wconf 93' lang='lat' dir='ltr'>haec</span> <span class='ocrx_word' id='word_1_557' title='bbox 586 3051 673 3085; x_wconf 88' lang='lat' dir='ltr'>patet</span> <span class='ocrx_word' id='word_1_558' title='bbox 695 3046 805 3076; x_wconf 88' lang='lat' dir='ltr'>titulus</span> <span class='ocrx_word' id='word_1_559' title='bbox 828 3046 962 3076; x_wconf 87' lang='lat' dir='ltr'>articuli.</span> 
     </span>
    </p>

    <p class='ocr_par' dir='ltr' id='par_1_15' title="bbox 287 3090 1352 3611">
     <span class='ocr_line' id='line_1_73' title="bbox 342 3090 1350 3129; baseline 0.002 -9"><span class='ocrx_word' id='word_1_560' title='bbox 342 3090 410 3120; x_wconf 90' lang='lat' dir='ltr'>V11.</span> <span class='ocrx_word' id='word_1_561' title='bbox 435 3090 611 3120; x_wconf 88' lang='lat' dir='ltr'>Conclusio</span> <span class='ocrx_word' id='word_1_562' title='bbox 635 3090 819 3129; x_wconf 91' lang='lat' dir='ltr'>responsiva</span> <span class='ocrx_word' id='word_1_563' title='bbox 834 3090 851 3106; x_wconf 46' lang='grc' dir='ltr'><strong><em>ὓ</em></strong></span> <span class='ocrx_word' id='word_1_564' title='bbox 873 3091 1026 3129; x_wconf 89' lang='lat' dir='ltr'>probatur</span> <span class='ocrx_word' id='word_1_565' title='bbox 1048 3091 1102 3121; x_wconf 89' lang='lat' dir='ltr'>sic.</span> <span class='ocrx_word' id='word_1_566' title='bbox 1129 3091 1272 3122; x_wconf 89' lang='lat' dir='ltr'>Verbum</span> <span class='ocrx_word' id='word_1_567' title='bbox 1295 3093 1350 3122; x_wconf 90' lang='lat' dir='ltr'>ha-</span> 
     </span>
     <span class='ocr_line' id='line_1_74' title="bbox 288 3133 1350 3166; baseline 0.002 -2"><span class='ocrx_word' id='word_1_568' title='bbox 288 3135 342 3165; x_wconf 92' lang='lat' dir='ltr'>bet</span> <span class='ocrx_word' id='word_1_569' title='bbox 363 3139 509 3164; x_wconf 89' lang='lat' dir='ltr'>naturam</span> <span class='ocrx_word' id='word_1_570' title='bbox 531 3135 705 3164; x_wconf 91' lang='lat' dir='ltr'>humanam</span> <span class='ocrx_word' id='word_1_571' title='bbox 728 3134 787 3163; x_wconf 91' lang='lat' dir='ltr'>sibi</span> <span class='ocrx_word' id='word_1_572' title='bbox 810 3133 942 3164; x_wconf 85' lang='lat' dir='ltr'>unitam.</span> <span class='ocrx_word' id='word_1_573' title='bbox 966 3134 1007 3164; x_wconf 91' lang='lat' dir='ltr'>Et</span> <span class='ocrx_word' id='word_1_574' title='bbox 1029 3144 1097 3164; x_wconf 91' lang='lat' dir='ltr'>non</span> <span class='ocrx_word' id='word_1_575' title='bbox 1120 3134 1160 3165; x_wconf 87' lang='lat' dir='ltr'>ad</span> <span class='ocrx_word' id='word_1_576' title='bbox 1182 3145 1272 3165; x_wconf 88' lang='lat' dir='ltr'>suam</span> <span class='ocrx_word' id='word_1_577' title='bbox 1294 3145 1350 3166; x_wconf 87' lang='lat' dir='ltr'>na-</span> 
     </span>
     <span class='ocr_line' id='line_1_75' title="bbox 287 3177 1350 3217; baseline 0.001 -9"><span class='ocrx_word' id='word_1_578' title='bbox 287 3184 392 3208; x_wconf 87' lang='lat' dir='ltr'>turam</span> <span class='ocrx_word' id='word_1_579' title='bbox 415 3178 554 3208; x_wconf 89' lang='lat' dir='ltr'>divinam</span> <span class='ocrx_word' id='word_1_580' title='bbox 576 3178 798 3217; x_wconf 88' lang='lat' dir='ltr'>pertinentem.</span> <span class='ocrx_word' id='word_1_581' title='bbox 823 3178 908 3217; x_wconf 87' lang='lat' dir='ltr'>Ergo</span> <span class='ocrx_word' id='word_1_582' title='bbox 931 3178 1010 3207; x_wconf 93' lang='lat' dir='ltr'>unio</span> <span class='ocrx_word' id='word_1_583' title='bbox 1034 3183 1080 3208; x_wconf 91' lang='lat' dir='ltr'>est</span> <span class='ocrx_word' id='word_1_584' title='bbox 1103 3177 1184 3208; x_wconf 88' lang='lat' dir='ltr'>facta</span> <span class='ocrx_word' id='word_1_585' title='bbox 1203 3179 1238 3208; x_wconf 91' lang='lat' dir='ltr'>in</span> <span class='ocrx_word' id='word_1_586' title='bbox 1253 3179 1350 3209; x_wconf 90' lang='lat' dir='ltr'>Verbi</span> 
     </span>
     <span class='ocr_line' id='line_1_76' title="bbox 288 3221 1349 3262; baseline 0.001 -10"><span class='ocrx_word' id='word_1_587' title='bbox 288 3231 435 3262; x_wconf 87' lang='lat' dir='ltr'>persona,</span> <span class='ocrx_word' id='word_1_588' title='bbox 460 3227 491 3252; x_wconf 91' lang='lat' dir='ltr'>et</span> <span class='ocrx_word' id='word_1_589' title='bbox 513 3231 580 3252; x_wconf 92' lang='lat' dir='ltr'>non</span> <span class='ocrx_word' id='word_1_590' title='bbox 602 3222 637 3252; x_wconf 92' lang='lat' dir='ltr'>in</span> <span class='ocrx_word' id='word_1_591' title='bbox 659 3227 780 3252; x_wconf 87' lang='lat' dir='ltr'>natura.</span> <span class='ocrx_word' id='word_1_592' title='bbox 804 3239 824 3243; x_wconf 98' lang='lat'><em>-</em></span> <span class='ocrx_word' id='word_1_593' title='bbox 847 3221 1050 3252; x_wconf 87' lang='lat' dir='ltr'>Antecedens</span> <span class='ocrx_word' id='word_1_594' title='bbox 1072 3227 1158 3261; x_wconf 90' lang='lat' dir='ltr'>patet</span> <span class='ocrx_word' id='word_1_595' title='bbox 1179 3232 1216 3252; x_wconf 87' lang='lat' dir='ltr'>ex</span> <span class='ocrx_word' id='word_1_596' title='bbox 1231 3222 1304 3253; x_wconf 90' lang='lat' dir='ltr'>fide.</span> <span class='ocrx_word' id='word_1_597' title='bbox 1329 3240 1349 3245; x_wconf 96' lang='lat'>—</span> 
     </span>
     <span class='ocr_line' id='line_1_77' title="bbox 290 3265 1349 3305; baseline 0 -9"><span class='ocrx_word' id='word_1_598' title='bbox 290 3265 531 3305; x_wconf 68' lang='lat' dir='ltr'>Consequentia</span> <span class='ocrx_word' id='word_1_599' title='bbox 553 3266 715 3305; x_wconf 89' lang='lat' dir='ltr'>probatur.</span> <span class='ocrx_word' id='word_1_600' title='bbox 740 3265 825 3303; x_wconf 90' lang='lat' dir='ltr'>Quia</span> <span class='ocrx_word' id='word_1_601' title='bbox 847 3265 872 3295; x_wconf 89' lang='lat' dir='ltr'>si</span> <span class='ocrx_word' id='word_1_602' title='bbox 888 3275 955 3295; x_wconf 92' lang='lat' dir='ltr'>non</span> <span class='ocrx_word' id='word_1_603' title='bbox 971 3266 1080 3295; x_wconf 89' lang='lat' dir='ltr'>unitur</span> <span class='ocrx_word' id='word_1_604' title='bbox 1102 3266 1131 3295; x_wconf 90' lang='lat' dir='ltr'>ei</span> <span class='ocrx_word' id='word_1_605' title='bbox 1154 3266 1187 3295; x_wconf 92' lang='lat' dir='ltr'>in</span> <span class='ocrx_word' id='word_1_606' title='bbox 1203 3275 1349 3305; x_wconf 85' lang='lat' dir='ltr'>persona,</span> 
     </span>
     <span class='ocr_line' id='line_1_78' title="bbox 289 3308 1349 3349; baseline -0.001 -9"><span class='ocrx_word' id='word_1_607' title='bbox 289 3309 379 3340; x_wconf 92' lang='lat' dir='ltr'>nullo</span> <span class='ocrx_word' id='word_1_608' title='bbox 402 3309 502 3340; x_wconf 90' lang='lat' dir='ltr'>modo</span> <span class='ocrx_word' id='word_1_609' title='bbox 526 3310 635 3339; x_wconf 91' lang='lat' dir='ltr'>unitur</span> <span class='ocrx_word' id='word_1_610' title='bbox 658 3310 703 3340; x_wconf 84' lang='lat' dir='ltr'>ei:</span> <span class='ocrx_word' id='word_1_611' title='bbox 735 3319 772 3339; x_wconf 89' lang='lat' dir='ltr'>ac</span> <span class='ocrx_word' id='word_1_612' title='bbox 794 3318 851 3349; x_wconf 90' lang='lat' dir='ltr'>per</span> <span class='ocrx_word' id='word_1_613' title='bbox 873 3309 936 3339; x_wconf 94' lang='lat' dir='ltr'>hoc</span> <span class='ocrx_word' id='word_1_614' title='bbox 959 3314 1026 3339; x_wconf 89' lang='lat' dir='ltr'>tota</span> <span class='ocrx_word' id='word_1_615' title='bbox 1048 3308 1126 3339; x_wconf 92' lang='lat' dir='ltr'>fides</span> <span class='ocrx_word' id='word_1_616' title='bbox 1150 3309 1349 3339; x_wconf 89' lang='lat' dir='ltr'>subvertitur.</span> 
     </span>
     <span class='ocr_line' id='line_1_79' title="bbox 290 3352 1352 3393; baseline -0.001 -9"><span class='ocrx_word' id='word_1_617' title='bbox 290 3353 501 3393; x_wconf 80' lang='lat' dir='ltr'>Assumptum</span> <span class='ocrx_word' id='word_1_618' title='bbox 520 3352 670 3384; x_wconf 89' lang='lat' dir='ltr'>fundatur</span> <span class='ocrx_word' id='word_1_619' title='bbox 690 3362 785 3393; x_wconf 92' lang='lat' dir='ltr'>super</span> <span class='ocrx_word' id='word_1_620' title='bbox 799 3353 853 3383; x_wconf 88' lang='lat' dir='ltr'>illa</span> <span class='ocrx_word' id='word_1_621' title='bbox 867 3353 1020 3382; x_wconf 86' lang='lat' dir='ltr'>maxima:</span> <span class='ocrx_word' id='word_1_622' title='bbox 1048 3352 1149 3383; x_wconf 89' lang='lat' dir='ltr'>Omne</span> <span class='ocrx_word' id='word_1_623' title='bbox 1168 3353 1255 3393; x_wconf 88' lang='lat' dir='ltr'>quod</span> <span class='ocrx_word' id='word_1_624' title='bbox 1270 3353 1352 3383; x_wconf 89' lang='lat' dir='ltr'>inest</span> 
     </span>
     <span class='ocr_line' id='line_1_80' title="bbox 290 3396 1349 3437; baseline -0.001 -10"><span class='ocrx_word' id='word_1_625' title='bbox 290 3397 390 3428; x_wconf 85' lang='lat' dir='ltr'>alicui</span> <span class='ocrx_word' id='word_1_626' title='bbox 405 3406 577 3437; x_wconf 80' lang='lat' dir='ltr'>personae,</span> <span class='ocrx_word' id='word_1_627' title='bbox 600 3397 667 3428; x_wconf 76' lang='lat' dir='ltr'>sive</span> <span class='ocrx_word' id='word_1_628' title='bbox 683 3397 848 3437; x_wconf 83' lang='lat' dir='ltr'>pertineat</span> <span class='ocrx_word' id='word_1_629' title='bbox 869 3396 912 3427; x_wconf 81' lang='lat' dir='ltr'>ad</span> <span class='ocrx_word' id='word_1_630' title='bbox 935 3402 1085 3427; x_wconf 87' lang='lat' dir='ltr'>naturam</span> <span class='ocrx_word' id='word_1_631' title='bbox 1102 3396 1170 3426; x_wconf 87' lang='lat' dir='ltr'>eius</span> <span class='ocrx_word' id='word_1_632' title='bbox 1191 3397 1258 3427; x_wconf 80' lang='lat' dir='ltr'>sive</span> <span class='ocrx_word' id='word_1_633' title='bbox 1274 3406 1349 3432; x_wconf 89' lang='lat' dir='ltr'>non,</span> 
     </span>
     <span class='ocr_line' id='line_1_81' title="bbox 292 3440 1349 3481; baseline -0.001 -10"><span class='ocrx_word' id='word_1_634' title='bbox 292 3441 404 3471; x_wconf 84' lang='lat' dir='ltr'>unitur</span> <span class='ocrx_word' id='word_1_635' title='bbox 427 3441 475 3471; x_wconf 82' lang='lat' dir='ltr'>illi</span> <span class='ocrx_word' id='word_1_636' title='bbox 490 3440 522 3471; x_wconf 88' lang='lat' dir='ltr'>in</span> <span class='ocrx_word' id='word_1_637' title='bbox 540 3450 684 3481; x_wconf 83' lang='lat' dir='ltr'>persona</span> <span class='ocrx_word' id='word_1_638' title='bbox 700 3442 727 3471; x_wconf 54' lang='grc' dir='ltr'>’ἢ</span> <span class='ocrx_word' id='word_1_639' title='bbox 756 3441 803 3471; x_wconf 89' lang='lat' dir='ltr'>Ex</span> <span class='ocrx_word' id='word_1_640' title='bbox 826 3441 889 3471; x_wconf 93' lang='lat' dir='ltr'>hoc</span> <span class='ocrx_word' id='word_1_641' title='bbox 914 3441 999 3470; x_wconf 91' lang='lat' dir='ltr'>enim</span> <span class='ocrx_word' id='word_1_642' title='bbox 1022 3445 1108 3480; x_wconf 90' lang='lat' dir='ltr'>patet</span> <span class='ocrx_word' id='word_1_643' title='bbox 1124 3440 1213 3479; x_wconf 92' lang='lat' dir='ltr'>quod</span> <span class='ocrx_word' id='word_1_644' title='bbox 1235 3450 1349 3480; x_wconf 89' lang='lat' dir='ltr'>negare</span> 
     </span>
     <span class='ocr_line' id='line_1_82' title="bbox 292 3484 1350 3525; baseline 0 -10"><span class='ocrx_word' id='word_1_645' title='bbox 292 3485 448 3515; x_wconf 89' lang='lat' dir='ltr'>unionem</span> <span class='ocrx_word' id='word_1_646' title='bbox 469 3490 600 3515; x_wconf 86' lang='lat' dir='ltr'>naturae</span> <span class='ocrx_word' id='word_1_647' title='bbox 622 3485 781 3515; x_wconf 88' lang='lat' dir='ltr'>humanae</span> <span class='ocrx_word' id='word_1_648' title='bbox 803 3485 837 3515; x_wconf 89' lang='lat' dir='ltr'>in</span> <span class='ocrx_word' id='word_1_649' title='bbox 860 3494 995 3525; x_wconf 90' lang='lat' dir='ltr'>persona</span> <span class='ocrx_word' id='word_1_650' title='bbox 1017 3484 1114 3514; x_wconf 87' lang='lat' dir='ltr'>Verbi</span> <span class='ocrx_word' id='word_1_651' title='bbox 1137 3484 1198 3514; x_wconf 91' lang='lat' dir='ltr'>Dei</span> <span class='ocrx_word' id='word_1_652' title='bbox 1226 3490 1271 3514; x_wconf 90' lang='lat' dir='ltr'>est</span> <span class='ocrx_word' id='word_1_653' title='bbox 1293 3494 1350 3515; x_wconf 92' lang='lat' dir='ltr'>ne-</span> 
     </span>
     <span class='ocr_line' id='line_1_83' title="bbox 293 3527 1349 3568; baseline 0 -10"><span class='ocrx_word' id='word_1_654' title='bbox 293 3537 366 3568; x_wconf 88' lang='lat' dir='ltr'>gare</span> <span class='ocrx_word' id='word_1_655' title='bbox 388 3533 532 3559; x_wconf 87' lang='lat' dir='ltr'>naturam</span> <span class='ocrx_word' id='word_1_656' title='bbox 554 3529 728 3559; x_wconf 86' lang='lat' dir='ltr'>humanam</span> <span class='ocrx_word' id='word_1_657' title='bbox 750 3529 852 3559; x_wconf 91' lang='lat' dir='ltr'>inesse</span> <span class='ocrx_word' id='word_1_658' title='bbox 874 3529 981 3559; x_wconf 89' lang='lat' dir='ltr'>Verbo</span> <span class='ocrx_word' id='word_1_659' title='bbox 1005 3528 1081 3558; x_wconf 90' lang='lat' dir='ltr'>Dei:</span> <span class='ocrx_word' id='word_1_660' title='bbox 1114 3527 1202 3567; x_wconf 91' lang='lat' dir='ltr'>quod</span> <span class='ocrx_word' id='word_1_661' title='bbox 1226 3534 1271 3559; x_wconf 89' lang='lat' dir='ltr'>est</span> <span class='ocrx_word' id='word_1_662' title='bbox 1293 3538 1349 3558; x_wconf 89' lang='lat' dir='ltr'>ne-</span> 
     </span>
     <span class='ocr_line' id='line_1_84' title="bbox 293 3572 648 3611; baseline 0.003 -9"><span class='ocrx_word' id='word_1_663' title='bbox 293 3581 366 3611; x_wconf 82' lang='lat' dir='ltr'>gare</span> <span class='ocrx_word' id='word_1_664' title='bbox 387 3572 648 3603; x_wconf 85' lang='lat' dir='ltr'>incarnationem.</span> 
     </span>
    </p>
   </div>
   <div class='ocr_carea' id='block_1_10' title="bbox 1374 342 1378 1100">
    <p class='ocr_par' dir='ltr' id='par_1_16' title="bbox 1374 342 1378 1100">
     <span class='ocr_line' id='line_1_85' title="bbox 1374 342 1378 1100; baseline 0 0"><span class='ocrx_word' id='word_1_665' title='bbox 1374 342 1378 1100; x_wconf 95' lang='lat' dir='ltr'> </span> 
     </span>
    </p>
   </div>
   <div class='ocr_carea' id='block_1_11' title="bbox 2413 265 2461 301">
    <p class='ocr_par' dir='ltr' id='par_1_17' title="bbox 2413 265 2461 301">
     <span class='ocr_line' id='line_1_86' title="bbox 2413 265 2461 301; baseline 0 0"><span class='ocrx_word' id='word_1_666' title='bbox 2413 265 2461 301; x_wconf 86' lang='lat'>27</span> 
     </span>
    </p>
   </div>
   <div class='ocr_carea' id='block_1_12' title="bbox 1402 330 2470 3611">
    <p class='ocr_par' dir='ltr' id='par_1_18' title="bbox 1402 330 2469 942">
     <span class='ocr_line' id='line_1_87' title="bbox 1461 330 2466 371; baseline 0.003 -11"><span class='ocrx_word' id='word_1_667' title='bbox 1461 330 1523 360; x_wconf 91' lang='lat' dir='ltr'>Sed</span> <span class='ocrx_word' id='word_1_668' title='bbox 1547 336 1592 360; x_wconf 90' lang='lat' dir='ltr'>est</span> <span class='ocrx_word' id='word_1_669' title='bbox 1616 331 1697 360; x_wconf 91' lang='lat' dir='ltr'>circa</span> <span class='ocrx_word' id='word_1_670' title='bbox 1719 340 1905 370; x_wconf 87' lang='lat' dir='ltr'>processum</span> <span class='ocrx_word' id='word_1_671' title='bbox 1929 331 2016 360; x_wconf 90' lang='lat' dir='ltr'>hunc</span> <span class='ocrx_word' id='word_1_672' title='bbox 2041 333 2195 371; x_wconf 85' lang='lat' dir='ltr'>quaestio.</span> <span class='ocrx_word' id='word_1_673' title='bbox 2220 332 2383 370; x_wconf 90' lang='lat' dir='ltr'>Quoniam</span> <span class='ocrx_word' id='word_1_674' title='bbox 2399 342 2466 362; x_wconf 88' lang='lat' dir='ltr'>ma-</span> 
     </span>
     <span class='ocr_line' id='line_1_88' title="bbox 1404 374 2469 416; baseline 0.003 -12"><span class='ocrx_word' id='word_1_675' title='bbox 1404 374 1488 404; x_wconf 88' lang='lat' dir='ltr'>xima</span> <span class='ocrx_word' id='word_1_676' title='bbox 1511 374 1573 410; x_wconf 90' lang='lat' dir='ltr'>illa,</span> <span class='ocrx_word' id='word_1_677' title='bbox 1602 374 1703 404; x_wconf 89' lang='lat' dir='ltr'>Omne</span> <span class='ocrx_word' id='word_1_678' title='bbox 1725 375 1812 415; x_wconf 86' lang='lat' dir='ltr'>quod</span> <span class='ocrx_word' id='word_1_679' title='bbox 1830 375 1911 404; x_wconf 88' lang='lat' dir='ltr'>inest</span> <span class='ocrx_word' id='word_1_680' title='bbox 1925 375 2024 404; x_wconf 88' lang='lat' dir='ltr'>alicui</span> <span class='ocrx_word' id='word_1_681' title='bbox 2034 385 2205 415; x_wconf 83' lang='lat' dir='ltr'>personae,</span> <span class='ocrx_word' id='word_1_682' title='bbox 2230 377 2296 406; x_wconf 85' lang='lat' dir='ltr'>sive</span> <span class='ocrx_word' id='word_1_683' title='bbox 2304 377 2469 416; x_wconf 85' lang='lat' dir='ltr'>pertineat</span> 
     </span>
     <span class='ocr_line' id='line_1_89' title="bbox 1404 418 2467 460; baseline 0.003 -12"><span class='ocrx_word' id='word_1_684' title='bbox 1404 418 1448 448; x_wconf 87' lang='lat' dir='ltr'>ad</span> <span class='ocrx_word' id='word_1_685' title='bbox 1471 423 1621 448; x_wconf 89' lang='lat' dir='ltr'>naturam</span> <span class='ocrx_word' id='word_1_686' title='bbox 1645 419 1732 448; x_wconf 89' lang='lat' dir='ltr'>illius</span> <span class='ocrx_word' id='word_1_687' title='bbox 1754 419 1820 448; x_wconf 78' lang='lat' dir='ltr'>sive</span> <span class='ocrx_word' id='word_1_688' title='bbox 1836 428 1911 454; x_wconf 90' lang='lat' dir='ltr'>non,</span> <span class='ocrx_word' id='word_1_689' title='bbox 1937 419 2048 448; x_wconf 88' lang='lat' dir='ltr'>unitur</span> <span class='ocrx_word' id='word_1_690' title='bbox 2071 420 2100 449; x_wconf 91' lang='lat' dir='ltr'>ei</span> <span class='ocrx_word' id='word_1_691' title='bbox 2121 420 2152 449; x_wconf 91' lang='lat' dir='ltr'>in</span> <span class='ocrx_word' id='word_1_692' title='bbox 2164 430 2317 460; x_wconf 86' lang='lat' dir='ltr'>persona,</span> <span class='ocrx_word' id='word_1_693' title='bbox 2343 426 2397 450; x_wconf 93' lang='lat' dir='ltr'>aut</span> <span class='ocrx_word' id='word_1_694' title='bbox 2419 421 2467 450; x_wconf 90' lang='lat' dir='ltr'>in-</span> 
     </span>
     <span class='ocr_line' id='line_1_90' title="bbox 1404 462 2466 503; baseline 0.003 -12"><span class='ocrx_word' id='word_1_695' title='bbox 1404 462 1555 501; x_wconf 88' lang='lat' dir='ltr'>telligitur</span> <span class='ocrx_word' id='word_1_696' title='bbox 1579 462 1668 502; x_wconf 92' lang='lat' dir='ltr'>quod</span> <span class='ocrx_word' id='word_1_697' title='bbox 1691 462 1722 502; x_wconf 94' lang='lat' dir='ltr'>ly</span> <span class='ocrx_word' id='word_1_698' title='bbox 1746 463 1828 492; x_wconf 88' lang='lat' dir='ltr'>inest</span> <span class='ocrx_word' id='word_1_699' title='bbox 1848 462 2028 492; x_wconf 87' lang='lat' dir='ltr'>verificetur</span> <span class='ocrx_word' id='word_1_700' title='bbox 2051 472 2110 502; x_wconf 88' lang='lat' dir='ltr'>pro</span> <span class='ocrx_word' id='word_1_701' title='bbox 2135 473 2343 503; x_wconf 90' lang='lat' dir='ltr'>quocumque</span> <span class='ocrx_word' id='word_1_702' title='bbox 2366 463 2466 494; x_wconf 89' lang='lat' dir='ltr'>modo</span> 
     </span>
     <span class='ocr_line' id='line_1_91' title="bbox 1404 506 2466 546; baseline 0.002 -11"><span class='ocrx_word' id='word_1_703' title='bbox 1404 506 1580 536; x_wconf 87' lang='lat' dir='ltr'>inessendi:</span> <span class='ocrx_word' id='word_1_704' title='bbox 1612 512 1666 536; x_wconf 90' lang='lat' dir='ltr'>aut</span> <span class='ocrx_word' id='word_1_705' title='bbox 1690 506 1729 536; x_wconf 92' lang='lat' dir='ltr'>de</span> <span class='ocrx_word' id='word_1_706' title='bbox 1752 506 1861 546; x_wconf 88' lang='lat' dir='ltr'>aliquo</span> <span class='ocrx_word' id='word_1_707' title='bbox 1892 516 1949 536; x_wconf 90' lang='lat' dir='ltr'>seu</span> <span class='ocrx_word' id='word_1_708' title='bbox 1979 507 2137 546; x_wconf 90' lang='lat' dir='ltr'>aliquibus</span> <span class='ocrx_word' id='word_1_709' title='bbox 2163 507 2267 537; x_wconf 90' lang='lat' dir='ltr'>modis</span> <span class='ocrx_word' id='word_1_710' title='bbox 2297 507 2466 538; x_wconf 87' lang='lat' dir='ltr'>inessendi.</span> 
     </span>
     <span class='ocr_line' id='line_1_92' title="bbox 1405 549 2467 590; baseline 0.002 -11"><span class='ocrx_word' id='word_1_711' title='bbox 1405 549 1437 579; x_wconf 89' lang='lat' dir='ltr'>Si</span> <span class='ocrx_word' id='word_1_712' title='bbox 1460 550 1645 589; x_wconf 86' lang='lat' dir='ltr'>intelligitur</span> <span class='ocrx_word' id='word_1_713' title='bbox 1668 550 1817 580; x_wconf 88' lang='lat' dir='ltr'>latissime</span> <span class='ocrx_word' id='word_1_714' title='bbox 1848 560 1907 590; x_wconf 92' lang='lat' dir='ltr'>pro</span> <span class='ocrx_word' id='word_1_715' title='bbox 1932 559 2141 590; x_wconf 91' lang='lat' dir='ltr'>quocumque</span> <span class='ocrx_word' id='word_1_716' title='bbox 2164 551 2264 581; x_wconf 91' lang='lat' dir='ltr'>modo</span> <span class='ocrx_word' id='word_1_717' title='bbox 2291 551 2467 587; x_wconf 87' lang='lat' dir='ltr'>inessendi,</span> 
     </span>
     <span class='ocr_line' id='line_1_93' title="bbox 1404 593 2467 635; baseline 0.001 -12"><span class='ocrx_word' id='word_1_718' title='bbox 1404 593 1480 623; x_wconf 83' lang='lat' dir='ltr'>falsa</span> <span class='ocrx_word' id='word_1_719' title='bbox 1504 595 1748 633; x_wconf 89' lang='lat' dir='ltr'>comprobatur:</span> <span class='ocrx_word' id='word_1_720' title='bbox 1773 604 1848 624; x_wconf 92' lang='lat' dir='ltr'>cum</span> <span class='ocrx_word' id='word_1_721' title='bbox 1872 595 1966 624; x_wconf 90' lang='lat' dir='ltr'>etiam</span> <span class='ocrx_word' id='word_1_722' title='bbox 1990 595 2084 624; x_wconf 89' lang='lat' dir='ltr'>vestis</span> <span class='ocrx_word' id='word_1_723' title='bbox 2108 594 2229 624; x_wconf 91' lang='lat' dir='ltr'>dicatur</span> <span class='ocrx_word' id='word_1_724' title='bbox 2253 605 2320 625; x_wconf 90' lang='lat' dir='ltr'>esse</span> <span class='ocrx_word' id='word_1_725' title='bbox 2344 596 2376 624; x_wconf 90' lang='lat' dir='ltr'>in</span> <span class='ocrx_word' id='word_1_726' title='bbox 2397 605 2467 635; x_wconf 89' lang='lat' dir='ltr'>per-</span> 
     </span>
     <span class='ocr_line' id='line_1_94' title="bbox 1404 638 2467 678; baseline 0.001 -11"><span class='ocrx_word' id='word_1_727' title='bbox 1404 647 1482 667; x_wconf 89' lang='lat' dir='ltr'>sona</span> <span class='ocrx_word' id='word_1_728' title='bbox 1504 638 1631 673; x_wconf 89' lang='lat' dir='ltr'>vestita,</span> <span class='ocrx_word' id='word_1_729' title='bbox 1663 647 1760 677; x_wconf 89' lang='lat' dir='ltr'>quam</span> <span class='ocrx_word' id='word_1_730' title='bbox 1784 644 1907 668; x_wconf 89' lang='lat' dir='ltr'>constat</span> <span class='ocrx_word' id='word_1_731' title='bbox 1930 648 1997 668; x_wconf 92' lang='lat' dir='ltr'>non</span> <span class='ocrx_word' id='word_1_732' title='bbox 2021 639 2104 668; x_wconf 91' lang='lat' dir='ltr'>uniri</span> <span class='ocrx_word' id='word_1_733' title='bbox 2127 639 2159 668; x_wconf 91' lang='lat' dir='ltr'>in</span> <span class='ocrx_word' id='word_1_734' title='bbox 2183 648 2328 678; x_wconf 89' lang='lat' dir='ltr'>persona.</span> <span class='ocrx_word' id='word_1_735' title='bbox 2364 639 2397 669; x_wconf 90' lang='lat' dir='ltr'>Si</span> <span class='ocrx_word' id='word_1_736' title='bbox 2419 639 2467 668; x_wconf 90' lang='lat' dir='ltr'>in-</span> 
     </span>
     <span class='ocr_line' id='line_1_95' title="bbox 1403 682 2466 722; baseline 0.001 -11"><span class='ocrx_word' id='word_1_737' title='bbox 1403 682 1554 721; x_wconf 88' lang='lat' dir='ltr'>telligitur</span> <span class='ocrx_word' id='word_1_738' title='bbox 1568 683 1708 712; x_wconf 87' lang='lat' dir='ltr'>restricta</span> <span class='ocrx_word' id='word_1_739' title='bbox 1724 682 1763 711; x_wconf 91' lang='lat' dir='ltr'>ad</span> <span class='ocrx_word' id='word_1_740' title='bbox 1779 682 1919 721; x_wconf 90' lang='lat' dir='ltr'>aliquem</span> <span class='ocrx_word' id='word_1_741' title='bbox 1935 682 1984 712; x_wconf 88' lang='lat' dir='ltr'>vel</span> <span class='ocrx_word' id='word_1_742' title='bbox 2005 682 2044 712; x_wconf 90' lang='lat' dir='ltr'>ad</span> <span class='ocrx_word' id='word_1_743' title='bbox 2060 683 2184 722; x_wconf 90' lang='lat' dir='ltr'>aliquos</span> <span class='ocrx_word' id='word_1_744' title='bbox 2202 682 2325 712; x_wconf 89' lang='lat' dir='ltr'>essendi</span> <span class='ocrx_word' id='word_1_745' title='bbox 2340 682 2466 717; x_wconf 89' lang='lat' dir='ltr'>modos,</span> 
     </span>
     <span class='ocr_line' id='line_1_96' title="bbox 1403 725 2467 765; baseline 0.001 -10"><span class='ocrx_word' id='word_1_746' title='bbox 1403 731 1480 764; x_wconf 92' lang='lat' dir='ltr'>puta</span> <span class='ocrx_word' id='word_1_747' title='bbox 1504 731 1539 755; x_wconf 89' lang='lat' dir='ltr'>ut</span> <span class='ocrx_word' id='word_1_748' title='bbox 1562 725 1665 755; x_wconf 88' lang='lat' dir='ltr'>forma</span> <span class='ocrx_word' id='word_1_749' title='bbox 1687 727 1721 755; x_wconf 93' lang='lat' dir='ltr'>in</span> <span class='ocrx_word' id='word_1_750' title='bbox 1737 726 1892 761; x_wconf 90' lang='lat' dir='ltr'>subiecto,</span> <span class='ocrx_word' id='word_1_751' title='bbox 1910 732 1963 756; x_wconf 90' lang='lat' dir='ltr'>aut</span> <span class='ocrx_word' id='word_1_752' title='bbox 1983 736 2054 765; x_wconf 91' lang='lat' dir='ltr'>pars</span> <span class='ocrx_word' id='word_1_753' title='bbox 2073 727 2106 756; x_wconf 91' lang='lat' dir='ltr'>in</span> <span class='ocrx_word' id='word_1_754' title='bbox 2122 732 2202 761; x_wconf 86' lang='lat' dir='ltr'>toto,</span> <span class='ocrx_word' id='word_1_755' title='bbox 2220 732 2274 756; x_wconf 92' lang='lat' dir='ltr'>aut</span> <span class='ocrx_word' id='word_1_756' title='bbox 2289 726 2467 756; x_wconf 90' lang='lat' dir='ltr'>secundum</span> 
     </span>
     <span class='ocr_line' id='line_1_97' title="bbox 1404 770 2466 810; baseline 0.001 -11"><span class='ocrx_word' id='word_1_757' title='bbox 1404 779 1471 799; x_wconf 89' lang='lat' dir='ltr'>esse</span> <span class='ocrx_word' id='word_1_758' title='bbox 1501 770 1704 799; x_wconf 89' lang='lat' dir='ltr'>substantiale</span> <span class='ocrx_word' id='word_1_759' title='bbox 1728 770 1778 799; x_wconf 93' lang='lat' dir='ltr'>vel</span> <span class='ocrx_word' id='word_1_760' title='bbox 1809 770 2018 800; x_wconf 88' lang='lat' dir='ltr'>accidentale:</span> <span class='ocrx_word' id='word_1_761' title='bbox 2050 770 2214 810; x_wconf 89' lang='lat' dir='ltr'>probanda</span> <span class='ocrx_word' id='word_1_762' title='bbox 2237 776 2318 800; x_wconf 90' lang='lat' dir='ltr'>esset</span> <span class='ocrx_word' id='word_1_763' title='bbox 2344 771 2466 804; x_wconf 90' lang='lat' dir='ltr'>minor,</span> 
     </span>
     <span class='ocr_line' id='line_1_98' title="bbox 1403 813 2467 853; baseline 0.001 -11"><span class='ocrx_word' id='word_1_764' title='bbox 1403 813 1522 843; x_wconf 89' lang='lat' dir='ltr'>scilicet</span> <span class='ocrx_word' id='word_1_765' title='bbox 1546 813 1635 853; x_wconf 92' lang='lat' dir='ltr'>quod</span> <span class='ocrx_word' id='word_1_766' title='bbox 1658 814 1800 844; x_wconf 90' lang='lat' dir='ltr'>Verbum</span> <span class='ocrx_word' id='word_1_767' title='bbox 1825 814 1885 843; x_wconf 87' lang='lat' dir='ltr'>Dei</span> <span class='ocrx_word' id='word_1_768' title='bbox 1908 814 2021 844; x_wconf 89' lang='lat' dir='ltr'>habeat</span> <span class='ocrx_word' id='word_1_769' title='bbox 2044 820 2188 844; x_wconf 91' lang='lat' dir='ltr'>naturam</span> <span class='ocrx_word' id='word_1_770' title='bbox 2207 815 2380 844; x_wconf 91' lang='lat' dir='ltr'>humanam</span> <span class='ocrx_word' id='word_1_771' title='bbox 2396 814 2467 843; x_wconf 92' lang='lat' dir='ltr'>uni-</span> 
     </span>
     <span class='ocr_line' id='line_1_99' title="bbox 1402 857 2468 897; baseline 0.001 -11"><span class='ocrx_word' id='word_1_772' title='bbox 1402 862 1467 886; x_wconf 90' lang='lat' dir='ltr'>tam</span> <span class='ocrx_word' id='word_1_773' title='bbox 1491 858 1549 887; x_wconf 91' lang='lat' dir='ltr'>sibi</span> <span class='ocrx_word' id='word_1_774' title='bbox 1572 858 1626 887; x_wconf 90' lang='lat' dir='ltr'>tali</span> <span class='ocrx_word' id='word_1_775' title='bbox 1648 857 1758 887; x_wconf 90' lang='lat' dir='ltr'>modo.</span> <span class='ocrx_word' id='word_1_776' title='bbox 1783 858 1953 888; x_wconf 90' lang='lat' dir='ltr'>Processus</span> <span class='ocrx_word' id='word_1_777' title='bbox 1977 868 2052 897; x_wconf 87' lang='lat' dir='ltr'>ergo</span> <span class='ocrx_word' id='word_1_778' title='bbox 2076 859 2134 888; x_wconf 89' lang='lat' dir='ltr'>iste</span> <span class='ocrx_word' id='word_1_779' title='bbox 2157 864 2212 888; x_wconf 93' lang='lat' dir='ltr'>aut</span> <span class='ocrx_word' id='word_1_780' title='bbox 2233 857 2339 888; x_wconf 87' lang='lat' dir='ltr'>deficit</span> <span class='ocrx_word' id='word_1_781' title='bbox 2361 859 2395 887; x_wconf 94' lang='lat' dir='ltr'>in</span> <span class='ocrx_word' id='word_1_782' title='bbox 2415 858 2468 887; x_wconf 91' lang='lat' dir='ltr'>illa</span> 
     </span>
     <span class='ocr_line' id='line_1_100' title="bbox 1402 901 2200 942; baseline 0.003 -12"><span class='ocrx_word' id='word_1_783' title='bbox 1402 901 1555 930; x_wconf 85' lang='lat' dir='ltr'>maxima:</span> <span class='ocrx_word' id='word_1_784' title='bbox 1581 908 1634 931; x_wconf 90' lang='lat' dir='ltr'>aut</span> <span class='ocrx_word' id='word_1_785' title='bbox 1657 902 1690 931; x_wconf 90' lang='lat' dir='ltr'>in</span> <span class='ocrx_word' id='word_1_786' title='bbox 1714 902 1902 941; x_wconf 91' lang='lat' dir='ltr'>probatione</span> <span class='ocrx_word' id='word_1_787' title='bbox 1926 903 2200 942; x_wconf 88' lang='lat' dir='ltr'>subsumptorum.</span> 
     </span>
    </p>

    <p class='ocr_par' dir='ltr' id='par_1_19' title="bbox 1402 944 2469 1588">
     <span class='ocr_line' id='line_1_101' title="bbox 1458 944 2469 986; baseline 0.001 -12"><span class='ocrx_word' id='word_1_788' title='bbox 1458 944 1509 974; x_wconf 89' lang='lat' dir='ltr'>Ad</span> <span class='ocrx_word' id='word_1_789' title='bbox 1532 946 1595 974; x_wconf 92' lang='lat' dir='ltr'>hoc</span> <span class='ocrx_word' id='word_1_790' title='bbox 1619 945 1733 975; x_wconf 91' lang='lat' dir='ltr'>dicitur</span> <span class='ocrx_word' id='word_1_791' title='bbox 1757 945 1846 985; x_wconf 92' lang='lat' dir='ltr'>quod</span> <span class='ocrx_word' id='word_1_792' title='bbox 1861 946 1894 975; x_wconf 91' lang='lat' dir='ltr'>in</span> <span class='ocrx_word' id='word_1_793' title='bbox 1910 946 1963 975; x_wconf 89' lang='lat' dir='ltr'>illa</span> <span class='ocrx_word' id='word_1_794' title='bbox 1979 947 2125 981; x_wconf 89' lang='lat' dir='ltr'>maxima,</span> <span class='ocrx_word' id='word_1_795' title='bbox 2154 946 2256 976; x_wconf 89' lang='lat' dir='ltr'>Omne</span> <span class='ocrx_word' id='word_1_796' title='bbox 2278 946 2364 986; x_wconf 82' lang='lat' dir='ltr'>quod</span> <span class='ocrx_word' id='word_1_797' title='bbox 2388 946 2469 975; x_wconf 88' lang='lat' dir='ltr'>inest</span> 
     </span>
     <span class='ocr_line' id='line_1_102' title="bbox 1402 988 2467 1029; baseline 0.002 -12"><span class='ocrx_word' id='word_1_798' title='bbox 1402 988 1502 1018; x_wconf 87' lang='lat' dir='ltr'>alicui</span> <span class='ocrx_word' id='word_1_799' title='bbox 1518 998 1681 1028; x_wconf 88' lang='lat' dir='ltr'>personae</span> <span class='ocrx_word' id='word_1_800' title='bbox 1697 995 1775 1024; x_wconf 88' lang='lat' dir='ltr'>etc.‚</span> <span class='ocrx_word' id='word_1_801' title='bbox 1800 990 1935 1019; x_wconf 90' lang='lat' dir='ltr'>sumitur</span> <span class='ocrx_word' id='word_1_802' title='bbox 1957 990 2059 1019; x_wconf 89' lang='lat' dir='ltr'>inesse</span> <span class='ocrx_word' id='word_1_803' title='bbox 2082 1000 2237 1029; x_wconf 91' lang='lat' dir='ltr'>personae</span> <span class='ocrx_word' id='word_1_804' title='bbox 2261 991 2406 1029; x_wconf 88' lang='lat' dir='ltr'>proprie,</span> <span class='ocrx_word' id='word_1_805' title='bbox 2432 995 2467 1019; x_wconf 93' lang='lat' dir='ltr'>ut</span> 
     </span>
     <span class='ocr_line' id='line_1_103' title="bbox 1402 1032 2467 1073; baseline 0.002 -12"><span class='ocrx_word' id='word_1_806' title='bbox 1402 1033 1506 1061; x_wconf 88' lang='lat' dir='ltr'>inesse</span> <span class='ocrx_word' id='word_1_807' title='bbox 1528 1032 1730 1071; x_wconf 87' lang='lat' dir='ltr'>distinguitur</span> <span class='ocrx_word' id='word_1_808' title='bbox 1746 1039 1856 1063; x_wconf 91' lang='lat' dir='ltr'>contra</span> <span class='ocrx_word' id='word_1_809' title='bbox 1873 1034 2064 1063; x_wconf 87' lang='lat' dir='ltr'>extrinsecus</span> <span class='ocrx_word' id='word_1_810' title='bbox 2080 1034 2231 1069; x_wconf 90' lang='lat' dir='ltr'>adiacere,</span> <span class='ocrx_word' id='word_1_811' title='bbox 2257 1033 2467 1073; x_wconf 89' lang='lat' dir='ltr'>quemadmo-</span> 
     </span>
     <span class='ocr_line' id='line_1_104' title="bbox 1403 1075 2467 1116; baseline 0.002 -11"><span class='ocrx_word' id='word_1_812' title='bbox 1403 1075 1481 1105; x_wconf 92' lang='lat' dir='ltr'>dum</span> <span class='ocrx_word' id='word_1_813' title='bbox 1504 1076 1615 1111; x_wconf 92' lang='lat' dir='ltr'>vestis‚</span> <span class='ocrx_word' id='word_1_814' title='bbox 1639 1077 1746 1111; x_wconf 88' lang='lat' dir='ltr'>locus,</span> <span class='ocrx_word' id='word_1_815' title='bbox 1770 1082 1914 1116; x_wconf 87' lang='lat' dir='ltr'>tempus,</span> <span class='ocrx_word' id='word_1_816' title='bbox 1947 1083 1977 1107; x_wconf 90' lang='lat' dir='ltr'>et</span> <span class='ocrx_word' id='word_1_817' title='bbox 2008 1078 2068 1107; x_wconf 90' lang='lat' dir='ltr'>alia</span> <span class='ocrx_word' id='word_1_818' title='bbox 2090 1077 2292 1113; x_wconf 89' lang='lat' dir='ltr'>huiusmodi,</span> <span class='ocrx_word' id='word_1_819' title='bbox 2324 1077 2467 1107; x_wconf 91' lang='lat' dir='ltr'>adiacent</span> 
     </span>
     <span class='ocr_line' id='line_1_105' title="bbox 1403 1119 2466 1151; baseline 0.002 -3"><span class='ocrx_word' id='word_1_820' title='bbox 1403 1119 1496 1149; x_wconf 89' lang='lat' dir='ltr'>nobis</span> <span class='ocrx_word' id='word_1_821' title='bbox 1527 1125 1557 1149; x_wconf 91' lang='lat' dir='ltr'>et</span> <span class='ocrx_word' id='word_1_822' title='bbox 1580 1129 1647 1149; x_wconf 92' lang='lat' dir='ltr'>non</span> <span class='ocrx_word' id='word_1_823' title='bbox 1671 1126 1744 1149; x_wconf 87' lang='lat' dir='ltr'>sunt</span> <span class='ocrx_word' id='word_1_824' title='bbox 1774 1121 1951 1150; x_wconf 88' lang='lat' dir='ltr'>secundum</span> <span class='ocrx_word' id='word_1_825' title='bbox 1978 1122 2142 1151; x_wconf 78' lang='lat' dir='ltr'>veritatem</span> <span class='ocrx_word' id='word_1_826' title='bbox 2172 1122 2204 1151; x_wconf 88' lang='lat' dir='ltr'>in</span> <span class='ocrx_word' id='word_1_827' title='bbox 2235 1122 2338 1151; x_wconf 90' lang='lat' dir='ltr'>nobis.</span> <span class='ocrx_word' id='word_1_828' title='bbox 2373 1120 2466 1151; x_wconf 92' lang='lat' dir='ltr'>Unde</span> 
     </span>
     <span class='ocr_line' id='line_1_106' title="bbox 1403 1163 2467 1203; baseline 0.001 -10"><span class='ocrx_word' id='word_1_829' title='bbox 1403 1173 1471 1193; x_wconf 91' lang='lat' dir='ltr'>non</span> <span class='ocrx_word' id='word_1_830' title='bbox 1487 1169 1615 1203; x_wconf 89' lang='lat' dir='ltr'>oportet</span> <span class='ocrx_word' id='word_1_831' title='bbox 1638 1163 1830 1193; x_wconf 88' lang='lat' dir='ltr'>descendere</span> <span class='ocrx_word' id='word_1_832' title='bbox 1854 1164 1893 1193; x_wconf 90' lang='lat' dir='ltr'>ad</span> <span class='ocrx_word' id='word_1_833' title='bbox 1916 1164 2140 1194; x_wconf 87' lang='lat' dir='ltr'>determinatos</span> <span class='ocrx_word' id='word_1_834' title='bbox 2156 1164 2271 1194; x_wconf 91' lang='lat' dir='ltr'>modos</span> <span class='ocrx_word' id='word_1_835' title='bbox 2288 1165 2411 1194; x_wconf 90' lang='lat' dir='ltr'>essendi</span> <span class='ocrx_word' id='word_1_836' title='bbox 2433 1165 2467 1194; x_wconf 88' lang='lat' dir='ltr'>in</span> 
     </span>
     <span class='ocr_line' id='line_1_107' title="bbox 1403 1207 2467 1247; baseline 0.002 -11"><span class='ocrx_word' id='word_1_837' title='bbox 1403 1216 1558 1246; x_wconf 90' lang='lat' dir='ltr'>persona:</span> <span class='ocrx_word' id='word_1_838' title='bbox 1583 1207 1638 1236; x_wconf 90' lang='lat' dir='ltr'>sed</span> <span class='ocrx_word' id='word_1_839' title='bbox 1656 1207 1772 1237; x_wconf 87' lang='lat' dir='ltr'>sufficit</span> <span class='ocrx_word' id='word_1_840' title='bbox 1794 1208 1882 1247; x_wconf 93' lang='lat' dir='ltr'>quod</span> <span class='ocrx_word' id='word_1_841' title='bbox 1898 1217 1971 1237; x_wconf 89' lang='lat' dir='ltr'>vere</span> <span class='ocrx_word' id='word_1_842' title='bbox 1986 1209 2060 1237; x_wconf 90' lang='lat' dir='ltr'>insit</span> <span class='ocrx_word' id='word_1_843' title='bbox 2075 1218 2240 1247; x_wconf 89' lang='lat' dir='ltr'>personae,</span> <span class='ocrx_word' id='word_1_844' title='bbox 2259 1218 2467 1247; x_wconf 91' lang='lat' dir='ltr'>quocumque</span> 
     </span>
     <span class='ocr_line' id='line_1_108' title="bbox 1403 1250 2466 1290; baseline 0.001 -10"><span class='ocrx_word' id='word_1_845' title='bbox 1403 1250 1503 1281; x_wconf 93' lang='lat' dir='ltr'>modo</span> <span class='ocrx_word' id='word_1_846' title='bbox 1525 1250 1604 1281; x_wconf 92' lang='lat' dir='ltr'>illud</span> <span class='ocrx_word' id='word_1_847' title='bbox 1623 1250 1812 1281; x_wconf 87' lang='lat' dir='ltr'>verificetur.</span> <span class='ocrx_word' id='word_1_848' title='bbox 1837 1251 1878 1280; x_wconf 91' lang='lat' dir='ltr'>Et</span> <span class='ocrx_word' id='word_1_849' title='bbox 1894 1252 1978 1290; x_wconf 86' lang='lat' dir='ltr'>quia,</span> <span class='ocrx_word' id='word_1_850' title='bbox 1996 1251 2173 1281; x_wconf 90' lang='lat' dir='ltr'>secundum</span> <span class='ocrx_word' id='word_1_851' title='bbox 2190 1251 2264 1282; x_wconf 89' lang='lat' dir='ltr'>fidei</span> <span class='ocrx_word' id='word_1_852' title='bbox 2280 1252 2466 1287; x_wconf 88' lang='lat' dir='ltr'>doctrinam,</span> 
     </span>
     <span class='ocr_line' id='line_1_109' title="bbox 1403 1294 2468 1331; baseline 0.001 -7"><span class='ocrx_word' id='word_1_853' title='bbox 1403 1295 1547 1324; x_wconf 89' lang='lat' dir='ltr'>Verbum</span> <span class='ocrx_word' id='word_1_854' title='bbox 1570 1295 1630 1324; x_wconf 90' lang='lat' dir='ltr'>Dei</span> <span class='ocrx_word' id='word_1_855' title='bbox 1660 1294 1761 1324; x_wconf 83' lang='lat' dir='ltr'>factus</span> <span class='ocrx_word' id='word_1_856' title='bbox 1785 1300 1831 1324; x_wconf 89' lang='lat' dir='ltr'>est</span> <span class='ocrx_word' id='word_1_857' title='bbox 1854 1296 1954 1324; x_wconf 89' lang='lat' dir='ltr'>homo</span> <span class='ocrx_word' id='word_1_858' title='bbox 1986 1295 2163 1325; x_wconf 89' lang='lat' dir='ltr'>secundum</span> <span class='ocrx_word' id='word_1_859' title='bbox 2187 1305 2271 1331; x_wconf 90' lang='lat' dir='ltr'>rem,</span> <span class='ocrx_word' id='word_1_860' title='bbox 2302 1295 2376 1325; x_wconf 93' lang='lat' dir='ltr'>ideo</span> <span class='ocrx_word' id='word_1_861' title='bbox 2400 1305 2468 1325; x_wconf 90' lang='lat' dir='ltr'>non</span> 
     </span>
     <span class='ocr_line' id='line_1_110' title="bbox 1404 1338 2468 1379; baseline 0.001 -11"><span class='ocrx_word' id='word_1_862' title='bbox 1404 1345 1532 1378; x_wconf 88' lang='lat' dir='ltr'>oportet</span> <span class='ocrx_word' id='word_1_863' title='bbox 1555 1339 1700 1378; x_wconf 90' lang='lat' dir='ltr'>probare,</span> <span class='ocrx_word' id='word_1_864' title='bbox 1724 1338 1780 1368; x_wconf 88' lang='lat' dir='ltr'>sed</span> <span class='ocrx_word' id='word_1_865' title='bbox 1803 1348 1985 1378; x_wconf 90' lang='lat' dir='ltr'>supponere</span> <span class='ocrx_word' id='word_1_866' title='bbox 2008 1340 2172 1369; x_wconf 88' lang='lat' dir='ltr'>veritatem</span> <span class='ocrx_word' id='word_1_867' title='bbox 2196 1340 2384 1379; x_wconf 87' lang='lat' dir='ltr'>subsumpti,</span> <span class='ocrx_word' id='word_1_868' title='bbox 2409 1340 2468 1369; x_wconf 92' lang='lat' dir='ltr'>sci-</span> 
     </span>
     <span class='ocr_line' id='line_1_111' title="bbox 1403 1382 2467 1422; baseline 0.001 -10"><span class='ocrx_word' id='word_1_869' title='bbox 1403 1383 1478 1412; x_wconf 90' lang='lat' dir='ltr'>licet</span> <span class='ocrx_word' id='word_1_870' title='bbox 1501 1382 1590 1422; x_wconf 93' lang='lat' dir='ltr'>quod</span> <span class='ocrx_word' id='word_1_871' title='bbox 1613 1388 1724 1412; x_wconf 85' lang='lat' dir='ltr'>natura</span> <span class='ocrx_word' id='word_1_872' title='bbox 1740 1383 1879 1412; x_wconf 87' lang='lat' dir='ltr'>humana</span> <span class='ocrx_word' id='word_1_873' title='bbox 1894 1384 1976 1413; x_wconf 87' lang='lat' dir='ltr'>inest</span> <span class='ocrx_word' id='word_1_874' title='bbox 1991 1384 2098 1413; x_wconf 90' lang='lat' dir='ltr'>Verbo</span> <span class='ocrx_word' id='word_1_875' title='bbox 2116 1384 2176 1413; x_wconf 91' lang='lat' dir='ltr'>Dei</span> <span class='ocrx_word' id='word_1_876' title='bbox 2196 1383 2373 1413; x_wconf 91' lang='lat' dir='ltr'>secundum</span> <span class='ocrx_word' id='word_1_877' title='bbox 2389 1392 2467 1413; x_wconf 88' lang='lat' dir='ltr'>rem.</span> 
     </span>
     <span class='ocr_line' id='line_1_112' title="bbox 1403 1426 2468 1467; baseline 0.001 -11"><span class='ocrx_word' id='word_1_878' title='bbox 1403 1427 1517 1456; x_wconf 88' lang='lat' dir='ltr'>Existit</span> <span class='ocrx_word' id='word_1_879' title='bbox 1540 1426 1698 1466; x_wconf 89' lang='lat' dir='ltr'>siquidem</span> <span class='ocrx_word' id='word_1_880' title='bbox 1721 1427 1900 1456; x_wconf 89' lang='lat' dir='ltr'>humanitas</span> <span class='ocrx_word' id='word_1_881' title='bbox 1925 1427 2051 1462; x_wconf 88' lang='lat' dir='ltr'>Christi,</span> <span class='ocrx_word' id='word_1_882' title='bbox 2075 1437 2142 1457; x_wconf 91' lang='lat' dir='ltr'>non</span> <span class='ocrx_word' id='word_1_883' title='bbox 2165 1437 2222 1467; x_wconf 91' lang='lat' dir='ltr'>per</span> <span class='ocrx_word' id='word_1_884' title='bbox 2243 1428 2388 1467; x_wconf 87' lang='lat' dir='ltr'>seipsam,</span> <span class='ocrx_word' id='word_1_885' title='bbox 2413 1427 2468 1457; x_wconf 92' lang='lat' dir='ltr'>sed</span> 
     </span>
     <span class='ocr_line' id='line_1_113' title="bbox 1403 1470 2469 1510; baseline 0 -10"><span class='ocrx_word' id='word_1_886' title='bbox 1403 1471 1437 1500; x_wconf 92' lang='lat' dir='ltr'>in</span> <span class='ocrx_word' id='word_1_887' title='bbox 1460 1471 1567 1500; x_wconf 94' lang='lat' dir='ltr'>Verbo</span> <span class='ocrx_word' id='word_1_888' title='bbox 1592 1471 1669 1500; x_wconf 83' lang='lat' dir='ltr'>Dei:</span> <span class='ocrx_word' id='word_1_889' title='bbox 1695 1471 1840 1510; x_wconf 90' lang='lat' dir='ltr'>quamvis</span> <span class='ocrx_word' id='word_1_890' title='bbox 1863 1470 1980 1500; x_wconf 91' lang='lat' dir='ltr'>modus</span> <span class='ocrx_word' id='word_1_891' title='bbox 2004 1481 2070 1510; x_wconf 92' lang='lat' dir='ltr'>quo</span> <span class='ocrx_word' id='word_1_892' title='bbox 2089 1472 2191 1501; x_wconf 86' lang='lat' dir='ltr'>existit</span> <span class='ocrx_word' id='word_1_893' title='bbox 2206 1471 2240 1501; x_wconf 91' lang='lat' dir='ltr'>in</span> <span class='ocrx_word' id='word_1_894' title='bbox 2255 1471 2322 1507; x_wconf 92' lang='lat' dir='ltr'>illo,</span> <span class='ocrx_word' id='word_1_895' title='bbox 2346 1481 2413 1501; x_wconf 91' lang='lat' dir='ltr'>non</span> <span class='ocrx_word' id='word_1_896' title='bbox 2429 1471 2469 1500; x_wconf 92' lang='lat' dir='ltr'>sit</span> 
     </span>
     <span class='ocr_line' id='line_1_114' title="bbox 1403 1514 2467 1554; baseline 0 -10"><span class='ocrx_word' id='word_1_897' title='bbox 1403 1514 1599 1544; x_wconf 89' lang='lat' dir='ltr'>manifestus.</span> <span class='ocrx_word' id='word_1_898' title='bbox 1624 1514 1772 1544; x_wconf 92' lang='lat' dir='ltr'>Procedit</span> <span class='ocrx_word' id='word_1_899' title='bbox 1794 1515 1889 1554; x_wconf 88' lang='lat' dir='ltr'>igitur</span> <span class='ocrx_word' id='word_1_900' title='bbox 1911 1515 1990 1544; x_wconf 86' lang='lat' dir='ltr'>ratio</span> <span class='ocrx_word' id='word_1_901' title='bbox 2016 1515 2135 1545; x_wconf 90' lang='lat' dir='ltr'>litterae</span> <span class='ocrx_word' id='word_1_902' title='bbox 2153 1514 2319 1545; x_wconf 88' lang='lat' dir='ltr'>efficaciter</span> <span class='ocrx_word' id='word_1_903' title='bbox 2335 1515 2374 1545; x_wconf 92' lang='lat' dir='ltr'>ad</span> <span class='ocrx_word' id='word_1_904' title='bbox 2390 1524 2467 1545; x_wconf 92' lang='lat' dir='ltr'>con-</span> 
     </span>
     <span class='ocr_line' id='line_1_115' title="bbox 1404 1558 1772 1588; baseline 0 0"><span class='ocrx_word' id='word_1_905' title='bbox 1404 1559 1584 1588; x_wconf 92' lang='lat' dir='ltr'>clusionem</span> <span class='ocrx_word' id='word_1_906' title='bbox 1607 1558 1772 1588; x_wconf 89' lang='lat' dir='ltr'>intentam.</span> 
     </span>
    </p>

    <p class='ocr_par' dir='ltr' id='par_1_20' title="bbox 1402 1602 2470 2123">
     <span class='ocr_line' id='line_1_116' title="bbox 1458 1602 2468 1642; baseline 0.001 -11"><span class='ocrx_word' id='word_1_907' title='bbox 1458 1602 1540 1632; x_wconf 89' lang='lat' dir='ltr'>VIII.</span> <span class='ocrx_word' id='word_1_908' title='bbox 1565 1602 1600 1631; x_wconf 92' lang='lat' dir='ltr'>In</span> <span class='ocrx_word' id='word_1_909' title='bbox 1623 1602 1834 1641; x_wconf 89' lang='lat' dir='ltr'>responsione</span> <span class='ocrx_word' id='word_1_910' title='bbox 1857 1602 1895 1632; x_wconf 88' lang='lat' dir='ltr'>ad</span> <span class='ocrx_word' id='word_1_911' title='bbox 1918 1603 2059 1642; x_wconf 89' lang='lat' dir='ltr'>primum</span> <span class='ocrx_word' id='word_1_912' title='bbox 2083 1602 2225 1632; x_wconf 87' lang='lat' dir='ltr'>eiusdem</span> <span class='ocrx_word' id='word_1_913' title='bbox 2245 1602 2377 1632; x_wconf 88' lang='lat' dir='ltr'>secundi</span> <span class='ocrx_word' id='word_1_914' title='bbox 2396 1603 2468 1632; x_wconf 91' lang='lat' dir='ltr'>arti-</span> 
     </span>
     <span class='ocr_line' id='line_1_117' title="bbox 1404 1646 2467 1685; baseline 0.001 -10"><span class='ocrx_word' id='word_1_915' title='bbox 1404 1646 1468 1676; x_wconf 91' lang='lat' dir='ltr'>culi</span> <span class='ocrx_word' id='word_1_916' title='bbox 1492 1646 1626 1676; x_wconf 92' lang='lat' dir='ltr'>dubium</span> <span class='ocrx_word' id='word_1_917' title='bbox 1651 1646 1804 1681; x_wconf 88' lang='lat' dir='ltr'>occurrit,</span> <span class='ocrx_word' id='word_1_918' title='bbox 1837 1647 1992 1685; x_wconf 90' lang='lat' dir='ltr'>quoniam</span> <span class='ocrx_word' id='word_1_919' title='bbox 2016 1647 2160 1685; x_wconf 90' lang='lat' dir='ltr'>quaestio</span> <span class='ocrx_word' id='word_1_920' title='bbox 2191 1652 2221 1676; x_wconf 88' lang='lat' dir='ltr'>et</span> <span class='ocrx_word' id='word_1_921' title='bbox 2244 1652 2467 1685; x_wconf 87' lang='lat' dir='ltr'>argumentum</span> 
     </span>
     <span class='ocr_line' id='line_1_118' title="bbox 1404 1689 2468 1725; baseline 0 -6"><span class='ocrx_word' id='word_1_922' title='bbox 1404 1695 1451 1719; x_wconf 92' lang='lat' dir='ltr'>est</span> <span class='ocrx_word' id='word_1_923' title='bbox 1473 1689 1512 1719; x_wconf 91' lang='lat' dir='ltr'>de</span> <span class='ocrx_word' id='word_1_924' title='bbox 1535 1690 1647 1725; x_wconf 91' lang='lat' dir='ltr'>rebus,</span> <span class='ocrx_word' id='word_1_925' title='bbox 1676 1689 1795 1719; x_wconf 88' lang='lat' dir='ltr'>scilicet</span> <span class='ocrx_word' id='word_1_926' title='bbox 1819 1689 1857 1719; x_wconf 91' lang='lat' dir='ltr'>de</span> <span class='ocrx_word' id='word_1_927' title='bbox 1882 1690 2002 1719; x_wconf 90' lang='lat' dir='ltr'>unione</span> <span class='ocrx_word' id='word_1_928' title='bbox 2025 1695 2154 1719; x_wconf 90' lang='lat' dir='ltr'>naturae</span> <span class='ocrx_word' id='word_1_929' title='bbox 2177 1690 2336 1719; x_wconf 88' lang='lat' dir='ltr'>humanae</span> <span class='ocrx_word' id='word_1_930' title='bbox 2360 1690 2398 1719; x_wconf 92' lang='lat' dir='ltr'>ad</span> <span class='ocrx_word' id='word_1_931' title='bbox 2422 1690 2468 1719; x_wconf 91' lang='lat' dir='ltr'>di-</span> 
     </span>
     <span class='ocr_line' id='line_1_119' title="bbox 1402 1733 2470 1772; baseline 0.001 -10"><span class='ocrx_word' id='word_1_932' title='bbox 1402 1734 1510 1762; x_wconf 91' lang='lat' dir='ltr'>vinam</span> <span class='ocrx_word' id='word_1_933' title='bbox 1540 1742 1710 1772; x_wconf 91' lang='lat' dir='ltr'>personam</span> <span class='ocrx_word' id='word_1_934' title='bbox 1733 1733 1783 1762; x_wconf 92' lang='lat' dir='ltr'>vel</span> <span class='ocrx_word' id='word_1_935' title='bbox 1810 1738 1971 1763; x_wconf 86' lang='lat' dir='ltr'>naturam:</span> <span class='ocrx_word' id='word_1_936' title='bbox 2003 1734 2169 1772; x_wconf 91' lang='lat' dir='ltr'>responsio</span> <span class='ocrx_word' id='word_1_937' title='bbox 2201 1739 2308 1763; x_wconf 90' lang='lat' dir='ltr'>autem</span> <span class='ocrx_word' id='word_1_938' title='bbox 2338 1735 2470 1763; x_wconf 88' lang='lat' dir='ltr'>recurrit</span> 
     </span>
     <span class='ocr_line' id='line_1_120' title="bbox 1403 1776 2467 1816; baseline 0 -10"><span class='ocrx_word' id='word_1_939' title='bbox 1403 1777 1443 1806; x_wconf 90' lang='lat' dir='ltr'>ad</span> <span class='ocrx_word' id='word_1_940' title='bbox 1474 1776 1711 1806; x_wconf 89' lang='lat' dir='ltr'>distinctionem</span> <span class='ocrx_word' id='word_1_941' title='bbox 1742 1777 1872 1806; x_wconf 88' lang='lat' dir='ltr'>rationis</span> <span class='ocrx_word' id='word_1_942' title='bbox 1903 1777 2082 1806; x_wconf 89' lang='lat' dir='ltr'>secundum</span> <span class='ocrx_word' id='word_1_943' title='bbox 2112 1777 2228 1806; x_wconf 92' lang='lat' dir='ltr'>modos</span> <span class='ocrx_word' id='word_1_944' title='bbox 2259 1776 2467 1816; x_wconf 88' lang='lat' dir='ltr'>significandi.</span> 
     </span>
     <span class='ocr_line' id='line_1_121' title="bbox 1403 1820 2468 1860; baseline 0 -10"><span class='ocrx_word' id='word_1_945' title='bbox 1403 1821 1477 1850; x_wconf 92' lang='lat' dir='ltr'>Hoc</span> <span class='ocrx_word' id='word_1_946' title='bbox 1501 1826 1608 1850; x_wconf 88' lang='lat' dir='ltr'>autem</span> <span class='ocrx_word' id='word_1_947' title='bbox 1631 1829 1699 1850; x_wconf 92' lang='lat' dir='ltr'>non</span> <span class='ocrx_word' id='word_1_948' title='bbox 1722 1820 1817 1850; x_wconf 91' lang='lat' dir='ltr'>licere</span> <span class='ocrx_word' id='word_1_949' title='bbox 1839 1826 1926 1860; x_wconf 90' lang='lat' dir='ltr'>patet</span> <span class='ocrx_word' id='word_1_950' title='bbox 1950 1830 1987 1850; x_wconf 88' lang='lat' dir='ltr'>ex</span> <span class='ocrx_word' id='word_1_951' title='bbox 2008 1830 2047 1850; x_wconf 90' lang='lat' dir='ltr'>eo</span> <span class='ocrx_word' id='word_1_952' title='bbox 2072 1820 2171 1860; x_wconf 89' lang='lat' dir='ltr'>quod,</span> <span class='ocrx_word' id='word_1_953' title='bbox 2196 1821 2405 1850; x_wconf 90' lang='lat' dir='ltr'>abstrahendo</span> <span class='ocrx_word' id='word_1_954' title='bbox 2430 1822 2468 1850; x_wconf 91' lang='lat' dir='ltr'>ab</span> 
     </span>
     <span class='ocr_line' id='line_1_122' title="bbox 1404 1863 2469 1904; baseline 0.001 -11"><span class='ocrx_word' id='word_1_955' title='bbox 1404 1864 1555 1894; x_wconf 90' lang='lat' dir='ltr'>omnibus</span> <span class='ocrx_word' id='word_1_956' title='bbox 1578 1863 1683 1894; x_wconf 88' lang='lat' dir='ltr'>modis</span> <span class='ocrx_word' id='word_1_957' title='bbox 1706 1863 1914 1903; x_wconf 84' lang='lat' dir='ltr'>significandi,</span> <span class='ocrx_word' id='word_1_958' title='bbox 1932 1865 1987 1903; x_wconf 88' lang='lat' dir='ltr'>qui</span> <span class='ocrx_word' id='word_1_959' title='bbox 2004 1864 2043 1894; x_wconf 91' lang='lat' dir='ltr'>ad</span> <span class='ocrx_word' id='word_1_960' title='bbox 2057 1874 2154 1894; x_wconf 88' lang='lat' dir='ltr'>voces</span> <span class='ocrx_word' id='word_1_961' title='bbox 2170 1870 2322 1904; x_wconf 89' lang='lat' dir='ltr'>spectant,</span> <span class='ocrx_word' id='word_1_962' title='bbox 2345 1870 2376 1894; x_wconf 88' lang='lat' dir='ltr'>et</span> <span class='ocrx_word' id='word_1_963' title='bbox 2392 1875 2469 1895; x_wconf 92' lang='lat' dir='ltr'>con—</span> 
     </span>
     <span class='ocr_line' id='line_1_123' title="bbox 1403 1907 2470 1948; baseline 0.001 -11"><span class='ocrx_word' id='word_1_964' title='bbox 1403 1907 1589 1948; x_wconf 91' lang='lat' dir='ltr'>templando</span> <span class='ocrx_word' id='word_1_965' title='bbox 1622 1907 1877 1938; x_wconf 90' lang='lat' dir='ltr'>intellectualiter</span> <span class='ocrx_word' id='word_1_966' title='bbox 1908 1909 2096 1948; x_wconf 89' lang='lat' dir='ltr'>mysterium</span> <span class='ocrx_word' id='word_1_967' title='bbox 2128 1909 2354 1938; x_wconf 88' lang='lat' dir='ltr'>incarnationis</span> <span class='ocrx_word' id='word_1_968' title='bbox 2388 1909 2470 1938; x_wconf 90' lang='lat' dir='ltr'>sicut</span> 
     </span>
     <span class='ocr_line' id='line_1_124' title="bbox 1403 1951 2470 1992; baseline 0.001 -11"><span class='ocrx_word' id='word_1_969' title='bbox 1403 1952 1517 1991; x_wconf 87' lang='lat' dir='ltr'>angeli,</span> <span class='ocrx_word' id='word_1_970' title='bbox 1542 1957 1666 1982; x_wconf 90' lang='lat' dir='ltr'>constat</span> <span class='ocrx_word' id='word_1_971' title='bbox 1690 1951 1779 1991; x_wconf 91' lang='lat' dir='ltr'>quod</span> <span class='ocrx_word' id='word_1_972' title='bbox 1802 1953 1880 1982; x_wconf 91' lang='lat' dir='ltr'>unio</span> <span class='ocrx_word' id='word_1_973' title='bbox 1905 1952 2083 1982; x_wconf 89' lang='lat' dir='ltr'>secundum</span> <span class='ocrx_word' id='word_1_974' title='bbox 2099 1962 2166 1982; x_wconf 90' lang='lat' dir='ltr'>rem</span> <span class='ocrx_word' id='word_1_975' title='bbox 2187 1952 2373 1992; x_wconf 89' lang='lat' dir='ltr'>intelligitur</span> <span class='ocrx_word' id='word_1_976' title='bbox 2388 1952 2470 1982; x_wconf 88' lang='lat' dir='ltr'>facta</span> 
     </span>
     <span class='ocr_line' id='line_1_125' title="bbox 1402 1996 2469 2036; baseline 0.001 -11"><span class='ocrx_word' id='word_1_977' title='bbox 1402 1997 1435 2026; x_wconf 91' lang='lat' dir='ltr'>in</span> <span class='ocrx_word' id='word_1_978' title='bbox 1458 2005 1604 2036; x_wconf 83' lang='lat' dir='ltr'>persona,</span> <span class='ocrx_word' id='word_1_979' title='bbox 1630 2001 1660 2025; x_wconf 87' lang='lat' dir='ltr'>et</span> <span class='ocrx_word' id='word_1_980' title='bbox 1676 2005 1743 2025; x_wconf 91' lang='lat' dir='ltr'>non</span> <span class='ocrx_word' id='word_1_981' title='bbox 1759 2001 1870 2025; x_wconf 90' lang='lat' dir='ltr'>natura</span> <span class='ocrx_word' id='word_1_982' title='bbox 1885 1996 1991 2026; x_wconf 89' lang='lat' dir='ltr'>Verbi.</span> <span class='ocrx_word' id='word_1_983' title='bbox 2016 1996 2091 2026; x_wconf 91' lang='lat' dir='ltr'>Non</span> <span class='ocrx_word' id='word_1_984' title='bbox 2108 2002 2172 2026; x_wconf 90' lang='lat' dir='ltr'>erat</span> <span class='ocrx_word' id='word_1_985' title='bbox 2187 1996 2282 2035; x_wconf 90' lang='lat' dir='ltr'>igitur</span> <span class='ocrx_word' id='word_1_986' title='bbox 2299 1996 2337 2026; x_wconf 90' lang='lat' dir='ltr'>ad</span> <span class='ocrx_word' id='word_1_987' title='bbox 2353 1996 2469 2026; x_wconf 90' lang='lat' dir='ltr'>modos</span> 
     </span>
     <span class='ocr_line' id='line_1_126' title="bbox 1402 2039 2469 2079; baseline 0 -9"><span class='ocrx_word' id='word_1_988' title='bbox 1402 2039 1602 2079; x_wconf 89' lang='lat' dir='ltr'>significandi</span> <span class='ocrx_word' id='word_1_989' title='bbox 1624 2039 1853 2069; x_wconf 89' lang='lat' dir='ltr'>recurrendum</span> <span class='ocrx_word' id='word_1_990' title='bbox 1876 2049 1935 2079; x_wconf 91' lang='lat' dir='ltr'>pro</span> <span class='ocrx_word' id='word_1_991' title='bbox 1951 2041 2074 2070; x_wconf 90' lang='lat' dir='ltr'>ratione</span> <span class='ocrx_word' id='word_1_992' title='bbox 2098 2049 2194 2079; x_wconf 91' lang='lat' dir='ltr'>quare</span> <span class='ocrx_word' id='word_1_993' title='bbox 2216 2041 2293 2070; x_wconf 91' lang='lat' dir='ltr'>unio</span> <span class='ocrx_word' id='word_1_994' title='bbox 2318 2046 2364 2070; x_wconf 89' lang='lat' dir='ltr'>est</span> <span class='ocrx_word' id='word_1_995' title='bbox 2387 2039 2469 2070; x_wconf 89' lang='lat' dir='ltr'>facta</span> 
     </span>
     <span class='ocr_line' id='line_1_127' title="bbox 1402 2083 2180 2123; baseline 0 -10"><span class='ocrx_word' id='word_1_996' title='bbox 1402 2084 1436 2113; x_wconf 94' lang='lat' dir='ltr'>in</span> <span class='ocrx_word' id='word_1_997' title='bbox 1459 2093 1596 2123; x_wconf 89' lang='lat' dir='ltr'>persona</span> <span class='ocrx_word' id='word_1_998' title='bbox 1619 2083 1726 2118; x_wconf 86' lang='lat' dir='ltr'>Verbi,</span> <span class='ocrx_word' id='word_1_999' title='bbox 1752 2089 1782 2113; x_wconf 90' lang='lat' dir='ltr'>et</span> <span class='ocrx_word' id='word_1_1000' title='bbox 1804 2093 1872 2113; x_wconf 93' lang='lat' dir='ltr'>non</span> <span class='ocrx_word' id='word_1_1001' title='bbox 1895 2084 1928 2113; x_wconf 92' lang='lat' dir='ltr'>in</span> <span class='ocrx_word' id='word_1_1002' title='bbox 1952 2084 2035 2114; x_wconf 91' lang='lat' dir='ltr'>illius</span> <span class='ocrx_word' id='word_1_1003' title='bbox 2058 2090 2180 2114; x_wconf 90' lang='lat' dir='ltr'>natura.</span> 
     </span>
    </p>

    <p class='ocr_par' dir='ltr' id='par_1_21' title="bbox 1402 2126 2468 3480">
     <span class='ocr_line' id='line_1_128' title="bbox 1457 2126 2468 2166; baseline 0.001 -9"><span class='ocrx_word' id='word_1_1004' title='bbox 1457 2127 1508 2157; x_wconf 93' lang='lat' dir='ltr'>Ad</span> <span class='ocrx_word' id='word_1_1005' title='bbox 1532 2127 1595 2157; x_wconf 92' lang='lat' dir='ltr'>hoc</span> <span class='ocrx_word' id='word_1_1006' title='bbox 1619 2126 1733 2157; x_wconf 90' lang='lat' dir='ltr'>dicitur</span> <span class='ocrx_word' id='word_1_1007' title='bbox 1750 2127 1839 2166; x_wconf 90' lang='lat' dir='ltr'>quod</span> <span class='ocrx_word' id='word_1_1008' title='bbox 1854 2128 1978 2157; x_wconf 91' lang='lat' dir='ltr'>Auctor</span> <span class='ocrx_word' id='word_1_1009' title='bbox 1993 2128 2176 2158; x_wconf 89' lang='lat' dir='ltr'>altissimam</span> <span class='ocrx_word' id='word_1_1010' title='bbox 2191 2127 2293 2158; x_wconf 92' lang='lat' dir='ltr'>reddit</span> <span class='ocrx_word' id='word_1_1011' title='bbox 2311 2129 2468 2158; x_wconf 83' lang='lat' dir='ltr'>rationem</span> 
     </span>
     <span class='ocr_line' id='line_1_129' title="bbox 1403 2171 2468 2211; baseline 0.002 -11"><span class='ocrx_word' id='word_1_1012' title='bbox 1403 2181 1501 2211; x_wconf 89' lang='lat' dir='ltr'>quare</span> <span class='ocrx_word' id='word_1_1013' title='bbox 1524 2171 1603 2201; x_wconf 91' lang='lat' dir='ltr'>unio</span> <span class='ocrx_word' id='word_1_1014' title='bbox 1628 2176 1675 2200; x_wconf 91' lang='lat' dir='ltr'>est</span> <span class='ocrx_word' id='word_1_1015' title='bbox 1697 2171 1730 2200; x_wconf 91' lang='lat' dir='ltr'>in</span> <span class='ocrx_word' id='word_1_1016' title='bbox 1753 2180 1891 2210; x_wconf 89' lang='lat' dir='ltr'>persona</span> <span class='ocrx_word' id='word_1_1017' title='bbox 1914 2177 1944 2201; x_wconf 91' lang='lat' dir='ltr'>et</span> <span class='ocrx_word' id='word_1_1018' title='bbox 1967 2181 2034 2201; x_wconf 92' lang='lat' dir='ltr'>non</span> <span class='ocrx_word' id='word_1_1019' title='bbox 2057 2173 2090 2201; x_wconf 91' lang='lat' dir='ltr'>in</span> <span class='ocrx_word' id='word_1_1020' title='bbox 2111 2178 2238 2201; x_wconf 89' lang='lat' dir='ltr'>natura:</span> <span class='ocrx_word' id='word_1_1021' title='bbox 2264 2178 2295 2202; x_wconf 89' lang='lat' dir='ltr'>et</span> <span class='ocrx_word' id='word_1_1022' title='bbox 2319 2178 2365 2202; x_wconf 89' lang='lat' dir='ltr'>est</span> <span class='ocrx_word' id='word_1_1023' title='bbox 2387 2171 2468 2202; x_wconf 84' lang='lat' dir='ltr'>adeo</span> 
     </span>
     <span class='ocr_line' id='line_1_130' title="bbox 1402 2214 2468 2255; baseline 0.001 -11"><span class='ocrx_word' id='word_1_1024' title='bbox 1402 2214 1563 2255; x_wconf 90' lang='lat' dir='ltr'>profunda</span> <span class='ocrx_word' id='word_1_1025' title='bbox 1585 2224 1621 2244; x_wconf 91' lang='lat' dir='ltr'>ac</span> <span class='ocrx_word' id='word_1_1026' title='bbox 1645 2214 1786 2244; x_wconf 91' lang='lat' dir='ltr'>formalis</span> <span class='ocrx_word' id='word_1_1027' title='bbox 1815 2220 1851 2244; x_wconf 90' lang='lat' dir='ltr'>ut</span> <span class='ocrx_word' id='word_1_1028' title='bbox 1873 2224 1941 2244; x_wconf 88' lang='lat' dir='ltr'>non</span> <span class='ocrx_word' id='word_1_1029' title='bbox 1964 2215 2070 2245; x_wconf 90' lang='lat' dir='ltr'>solum</span> <span class='ocrx_word' id='word_1_1030' title='bbox 2094 2215 2344 2255; x_wconf 89' lang='lat' dir='ltr'>comprehendat</span> <span class='ocrx_word' id='word_1_1031' title='bbox 2371 2225 2468 2255; x_wconf 90' lang='lat' dir='ltr'>quare</span> 
     </span>
     <span class='ocr_line' id='line_1_131' title="bbox 1403 2256 2468 2298; baseline 0 -9"><span class='ocrx_word' id='word_1_1032' title='bbox 1403 2260 1482 2289; x_wconf 88' lang='lat' dir='ltr'>unio</span> <span class='ocrx_word' id='word_1_1033' title='bbox 1515 2264 1561 2289; x_wconf 89' lang='lat' dir='ltr'>est</span> <span class='ocrx_word' id='word_1_1034' title='bbox 1583 2259 1616 2288; x_wconf 95' lang='lat' dir='ltr'>in</span> <span class='ocrx_word' id='word_1_1035' title='bbox 1637 2256 1780 2298; x_wconf 66' lang='lat' dir='ltr'>fpersona</span> <span class='ocrx_word' id='word_1_1036' title='bbox 1802 2258 1899 2288; x_wconf 90' lang='lat' dir='ltr'>Verbi</span> <span class='ocrx_word' id='word_1_1037' title='bbox 1931 2265 1962 2288; x_wconf 90' lang='lat' dir='ltr'>et</span> <span class='ocrx_word' id='word_1_1038' title='bbox 1988 2268 2055 2288; x_wconf 93' lang='lat' dir='ltr'>non</span> <span class='ocrx_word' id='word_1_1039' title='bbox 2086 2259 2119 2289; x_wconf 94' lang='lat' dir='ltr'>in</span> <span class='ocrx_word' id='word_1_1040' title='bbox 2146 2260 2231 2289; x_wconf 87' lang='lat' dir='ltr'>illius</span> <span class='ocrx_word' id='word_1_1041' title='bbox 2253 2265 2380 2295; x_wconf 90' lang='lat' dir='ltr'>natura,</span> <span class='ocrx_word' id='word_1_1042' title='bbox 2412 2259 2468 2289; x_wconf 88' lang='lat' dir='ltr'>sed</span> 
     </span>
     <span class='ocr_line' id='line_1_132' title="bbox 1404 2301 2467 2342; baseline 0 -9"><span class='ocrx_word' id='word_1_1043' title='bbox 1404 2303 1499 2333; x_wconf 87' lang='lat' dir='ltr'>etiam</span> <span class='ocrx_word' id='word_1_1044' title='bbox 1523 2301 1773 2342; x_wconf 90' lang='lat' dir='ltr'>comprehendat</span> <span class='ocrx_word' id='word_1_1045' title='bbox 1797 2311 1894 2341; x_wconf 89' lang='lat' dir='ltr'>quare</span> <span class='ocrx_word' id='word_1_1046' title='bbox 1916 2303 1995 2332; x_wconf 91' lang='lat' dir='ltr'>unio</span> <span class='ocrx_word' id='word_1_1047' title='bbox 2012 2308 2059 2332; x_wconf 92' lang='lat' dir='ltr'>est</span> <span class='ocrx_word' id='word_1_1048' title='bbox 2076 2303 2109 2332; x_wconf 92' lang='lat' dir='ltr'>in</span> <span class='ocrx_word' id='word_1_1049' title='bbox 2125 2312 2262 2342; x_wconf 90' lang='lat' dir='ltr'>persona</span> <span class='ocrx_word' id='word_1_1050' title='bbox 2278 2304 2337 2333; x_wconf 91' lang='lat' dir='ltr'>Dei</span> <span class='ocrx_word' id='word_1_1051' title='bbox 2354 2309 2385 2333; x_wconf 94' lang='lat' dir='ltr'>et</span> <span class='ocrx_word' id='word_1_1052' title='bbox 2399 2313 2467 2333; x_wconf 92' lang='lat' dir='ltr'>non</span> 
     </span>
     <span class='ocr_line' id='line_1_133' title="bbox 1402 2345 2467 2386; baseline -0.001 -9"><span class='ocrx_word' id='word_1_1053' title='bbox 1402 2348 1437 2377; x_wconf 92' lang='lat' dir='ltr'>in</span> <span class='ocrx_word' id='word_1_1054' title='bbox 1459 2347 1520 2376; x_wconf 92' lang='lat' dir='ltr'>Dei</span> <span class='ocrx_word' id='word_1_1055' title='bbox 1543 2352 1663 2376; x_wconf 88' lang='lat' dir='ltr'>natura.</span> <span class='ocrx_word' id='word_1_1056' title='bbox 1700 2346 1744 2375; x_wconf 89' lang='lat' dir='ltr'>Ita</span> <span class='ocrx_word' id='word_1_1057' title='bbox 1768 2346 1873 2385; x_wconf 86' lang='lat' dir='ltr'>quod,</span> <span class='ocrx_word' id='word_1_1058' title='bbox 1898 2345 1971 2376; x_wconf 91' lang='lat' dir='ltr'>dato</span> <span class='ocrx_word' id='word_1_1059' title='bbox 1997 2346 2085 2386; x_wconf 92' lang='lat' dir='ltr'>quod</span> <span class='ocrx_word' id='word_1_1060' title='bbox 2109 2347 2196 2377; x_wconf 91' lang='lat' dir='ltr'>Deus</span> <span class='ocrx_word' id='word_1_1061' title='bbox 2219 2356 2286 2376; x_wconf 93' lang='lat' dir='ltr'>non</span> <span class='ocrx_word' id='word_1_1062' title='bbox 2310 2352 2391 2377; x_wconf 88' lang='lat' dir='ltr'>esset</span> <span class='ocrx_word' id='word_1_1063' title='bbox 2414 2348 2467 2376; x_wconf 90' lang='lat' dir='ltr'>tri-</span> 
     </span>
     <span class='ocr_line' id='line_1_134' title="bbox 1402 2389 2468 2430; baseline -0.001 -9"><span class='ocrx_word' id='word_1_1064' title='bbox 1402 2391 1500 2426; x_wconf 90' lang='lat' dir='ltr'>nitas,</span> <span class='ocrx_word' id='word_1_1065' title='bbox 1525 2389 1580 2420; x_wconf 90' lang='lat' dir='ltr'>sed</span> <span class='ocrx_word' id='word_1_1066' title='bbox 1607 2390 1704 2419; x_wconf 90' lang='lat' dir='ltr'>deitas</span> <span class='ocrx_word' id='word_1_1067' title='bbox 1727 2390 1796 2429; x_wconf 89' lang='lat' dir='ltr'>ipsa</span> <span class='ocrx_word' id='word_1_1068' title='bbox 1818 2399 1875 2429; x_wconf 91' lang='lat' dir='ltr'>per</span> <span class='ocrx_word' id='word_1_1069' title='bbox 1898 2391 2034 2429; x_wconf 91' lang='lat' dir='ltr'>seipsam</span> <span class='ocrx_word' id='word_1_1070' title='bbox 2057 2399 2194 2430; x_wconf 90' lang='lat' dir='ltr'>persona</span> <span class='ocrx_word' id='word_1_1071' title='bbox 2218 2396 2314 2426; x_wconf 88' lang='lat' dir='ltr'>esset,</span> <span class='ocrx_word' id='word_1_1072' title='bbox 2338 2395 2375 2420; x_wconf 92' lang='lat' dir='ltr'>ut</span> <span class='ocrx_word' id='word_1_1073' title='bbox 2395 2391 2468 2430; x_wconf 92' lang='lat' dir='ltr'>phi-</span> 
     </span>
     <span class='ocr_line' id='line_1_135' title="bbox 1403 2434 2468 2474; baseline -0.002 -9"><span class='ocrx_word' id='word_1_1074' title='bbox 1403 2434 1532 2474; x_wconf 90' lang='lat' dir='ltr'>losophi</span> <span class='ocrx_word' id='word_1_1075' title='bbox 1554 2434 1736 2473; x_wconf 90' lang='lat' dir='ltr'>intelligunt</span> <span class='ocrx_word' id='word_1_1076' title='bbox 1759 2434 1865 2463; x_wconf 90' lang='lat' dir='ltr'>Deum</span> <span class='ocrx_word' id='word_1_1077' title='bbox 1881 2434 2058 2469; x_wconf 90' lang='lat' dir='ltr'>subsistere,</span> <span class='ocrx_word' id='word_1_1078' title='bbox 2082 2434 2248 2473; x_wconf 90' lang='lat' dir='ltr'>responsio</span> <span class='ocrx_word' id='word_1_1079' title='bbox 2264 2435 2322 2463; x_wconf 93' lang='lat' dir='ltr'>ista</span> <span class='ocrx_word' id='word_1_1080' title='bbox 2344 2434 2468 2464; x_wconf 91' lang='lat' dir='ltr'>inveni-</span> 
     </span>
     <span class='ocr_line' id='line_1_136' title="bbox 1403 2477 2468 2517; baseline -0.001 -9"><span class='ocrx_word' id='word_1_1081' title='bbox 1403 2484 1455 2509; x_wconf 91' lang='lat' dir='ltr'>tur</span> <span class='ocrx_word' id='word_1_1082' title='bbox 1478 2477 1666 2508; x_wconf 89' lang='lat' dir='ltr'>satisfactiva</span> <span class='ocrx_word' id='word_1_1083' title='bbox 1689 2483 1893 2517; x_wconf 86' lang='lat' dir='ltr'>argumento:</span> <span class='ocrx_word' id='word_1_1084' title='bbox 1919 2478 1971 2507; x_wconf 89' lang='lat' dir='ltr'>cui</span> <span class='ocrx_word' id='word_1_1085' title='bbox 1993 2487 2061 2507; x_wconf 91' lang='lat' dir='ltr'>non</span> <span class='ocrx_word' id='word_1_1086' title='bbox 2077 2477 2270 2507; x_wconf 89' lang='lat' dir='ltr'>satisfaciunt</span> <span class='ocrx_word' id='word_1_1087' title='bbox 2286 2478 2468 2517; x_wconf 87' lang='lat' dir='ltr'>responsio-</span> 
     </span>
     <span class='ocr_line' id='line_1_137' title="bbox 1403 2521 2467 2552; baseline -0.001 0"><span class='ocrx_word' id='word_1_1088' title='bbox 1403 2532 1460 2552; x_wconf 89' lang='lat' dir='ltr'>nes</span> <span class='ocrx_word' id='word_1_1089' title='bbox 1484 2522 1715 2552; x_wconf 89' lang='lat' dir='ltr'>recurrentium</span> <span class='ocrx_word' id='word_1_1090' title='bbox 1731 2521 1771 2551; x_wconf 92' lang='lat' dir='ltr'>ad</span> <span class='ocrx_word' id='word_1_1091' title='bbox 1787 2521 2023 2551; x_wconf 88' lang='lat' dir='ltr'>distinctionem</span> <span class='ocrx_word' id='word_1_1092' title='bbox 2046 2522 2127 2551; x_wconf 89' lang='lat' dir='ltr'>inter</span> <span class='ocrx_word' id='word_1_1093' title='bbox 2144 2522 2311 2551; x_wconf 88' lang='lat' dir='ltr'>essentiam</span> <span class='ocrx_word' id='word_1_1094' title='bbox 2327 2521 2467 2551; x_wconf 90' lang='lat' dir='ltr'>divinam</span> 
     </span>
     <span class='ocr_line' id='line_1_138' title="bbox 1405 2565 2466 2604; baseline -0.001 -8"><span class='ocrx_word' id='word_1_1095' title='bbox 1405 2572 1436 2596; x_wconf 91' lang='lat' dir='ltr'>et</span> <span class='ocrx_word' id='word_1_1096' title='bbox 1459 2566 1593 2596; x_wconf 84' lang='lat' dir='ltr'>formale</span> <span class='ocrx_word' id='word_1_1097' title='bbox 1616 2565 1859 2595; x_wconf 85' lang='lat' dir='ltr'>constitutivum</span> <span class='ocrx_word' id='word_1_1098' title='bbox 1882 2575 2051 2604; x_wconf 89' lang='lat' dir='ltr'>personae,</span> <span class='ocrx_word' id='word_1_1099' title='bbox 2076 2571 2107 2595; x_wconf 90' lang='lat' dir='ltr'>et</span> <span class='ocrx_word' id='word_1_1100' title='bbox 2130 2566 2190 2595; x_wconf 90' lang='lat' dir='ltr'>alia</span> <span class='ocrx_word' id='word_1_1101' title='bbox 2212 2565 2397 2595; x_wconf 90' lang='lat' dir='ltr'>huiusmodi</span> <span class='ocrx_word' id='word_1_1102' title='bbox 2420 2565 2466 2595; x_wconf 92' lang='lat' dir='ltr'>di-</span> 
     </span>
     <span class='ocr_line' id='line_1_139' title="bbox 1405 2609 2467 2649; baseline -0.002 -9"><span class='ocrx_word' id='word_1_1103' title='bbox 1405 2611 1561 2645; x_wconf 90' lang='lat' dir='ltr'>centium,</span> <span class='ocrx_word' id='word_1_1104' title='bbox 1585 2615 1621 2639; x_wconf 89' lang='lat' dir='ltr'>ut</span> <span class='ocrx_word' id='word_1_1105' title='bbox 1643 2614 1739 2649; x_wconf 89' lang='lat' dir='ltr'>patet.</span> <span class='ocrx_word' id='word_1_1106' title='bbox 1776 2609 1891 2639; x_wconf 91' lang='lat' dir='ltr'>Merito</span> <span class='ocrx_word' id='word_1_1107' title='bbox 1915 2615 2022 2639; x_wconf 90' lang='lat' dir='ltr'>autem</span> <span class='ocrx_word' id='word_1_1108' title='bbox 2045 2609 2168 2639; x_wconf 86' lang='lat' dir='ltr'>Auctor</span> <span class='ocrx_word' id='word_1_1109' title='bbox 2190 2609 2253 2638; x_wconf 94' lang='lat' dir='ltr'>hoc</span> <span class='ocrx_word' id='word_1_1110' title='bbox 2277 2609 2367 2639; x_wconf 86' lang='lat' dir='ltr'>fecit:</span> <span class='ocrx_word' id='word_1_1111' title='bbox 2392 2609 2467 2648; x_wconf 88' lang='lat' dir='ltr'>quia</span> 
     </span>
     <span class='ocr_line' id='line_1_140' title="bbox 1404 2652 2466 2694; baseline -0.002 -10"><span class='ocrx_word' id='word_1_1112' title='bbox 1404 2659 1629 2694; x_wconf 89' lang='lat' dir='ltr'>argumentum</span> <span class='ocrx_word' id='word_1_1113' title='bbox 1653 2663 1691 2683; x_wconf 87' lang='lat' dir='ltr'>ex</span> <span class='ocrx_word' id='word_1_1114' title='bbox 1714 2652 1877 2683; x_wconf 88' lang='lat' dir='ltr'>identitate</span> <span class='ocrx_word' id='word_1_1115' title='bbox 1900 2658 2030 2683; x_wconf 88' lang='lat' dir='ltr'>naturae</span> <span class='ocrx_word' id='word_1_1116' title='bbox 2054 2653 2114 2682; x_wconf 93' lang='lat' dir='ltr'>Dei</span> <span class='ocrx_word' id='word_1_1117' title='bbox 2146 2662 2220 2682; x_wconf 90' lang='lat' dir='ltr'>cum</span> <span class='ocrx_word' id='word_1_1118' title='bbox 2248 2653 2307 2682; x_wconf 92' lang='lat' dir='ltr'>Dei</span> <span class='ocrx_word' id='word_1_1119' title='bbox 2330 2662 2466 2692; x_wconf 91' lang='lat' dir='ltr'>persona</span> 
     </span>
     <span class='ocr_line' id='line_1_141' title="bbox 1404 2696 2466 2738; baseline -0.001 -10"><span class='ocrx_word' id='word_1_1120' title='bbox 1404 2697 1549 2738; x_wconf 89' lang='lat' dir='ltr'>procedit</span> <span class='ocrx_word' id='word_1_1121' title='bbox 1572 2706 1782 2737; x_wconf 91' lang='lat' dir='ltr'>quocumque</span> <span class='ocrx_word' id='word_1_1122' title='bbox 1805 2696 1905 2726; x_wconf 92' lang='lat' dir='ltr'>modo</span> <span class='ocrx_word' id='word_1_1123' title='bbox 1928 2706 2065 2736; x_wconf 92' lang='lat' dir='ltr'>persona</span> <span class='ocrx_word' id='word_1_1124' title='bbox 2087 2697 2120 2726; x_wconf 93' lang='lat' dir='ltr'>in</span> <span class='ocrx_word' id='word_1_1125' title='bbox 2137 2697 2207 2726; x_wconf 93' lang='lat' dir='ltr'>Deo</span> <span class='ocrx_word' id='word_1_1126' title='bbox 2228 2702 2376 2735; x_wconf 90' lang='lat' dir='ltr'>ponatur,</span> <span class='ocrx_word' id='word_1_1127' title='bbox 2400 2697 2466 2727; x_wconf 89' lang='lat' dir='ltr'>sive</span> 
     </span>
     <span class='ocr_line' id='line_1_142' title="bbox 1403 2740 2465 2780; baseline -0.002 -8"><span class='ocrx_word' id='word_1_1128' title='bbox 1403 2741 1582 2772; x_wconf 88' lang='lat' dir='ltr'>secundum</span> <span class='ocrx_word' id='word_1_1129' title='bbox 1597 2741 1809 2780; x_wconf 90' lang='lat' dir='ltr'>philosophos</span> <span class='ocrx_word' id='word_1_1130' title='bbox 1833 2741 1898 2770; x_wconf 90' lang='lat' dir='ltr'>sive</span> <span class='ocrx_word' id='word_1_1131' title='bbox 1914 2740 2091 2770; x_wconf 90' lang='lat' dir='ltr'>secundum</span> <span class='ocrx_word' id='word_1_1132' title='bbox 2107 2740 2270 2770; x_wconf 89' lang='lat' dir='ltr'>veritatem</span> <span class='ocrx_word' id='word_1_1133' title='bbox 2285 2740 2465 2770; x_wconf 90' lang='lat' dir='ltr'>revelatam.</span> 
     </span>
     <span class='ocr_line' id='line_1_143' title="bbox 1405 2783 2466 2825; baseline -0.001 -10"><span class='ocrx_word' id='word_1_1134' title='bbox 1405 2786 1471 2816; x_wconf 93' lang='lat' dir='ltr'>Stat</span> <span class='ocrx_word' id='word_1_1135' title='bbox 1493 2786 1588 2825; x_wconf 88' lang='lat' dir='ltr'>igitur</span> <span class='ocrx_word' id='word_1_1136' title='bbox 1609 2785 1775 2824; x_wconf 90' lang='lat' dir='ltr'>responsio</span> <span class='ocrx_word' id='word_1_1137' title='bbox 1791 2785 1824 2814; x_wconf 93' lang='lat' dir='ltr'>in</span> <span class='ocrx_word' id='word_1_1138' title='bbox 1839 2784 1913 2820; x_wconf 89' lang='lat' dir='ltr'>hoc,</span> <span class='ocrx_word' id='word_1_1139' title='bbox 1931 2783 2019 2824; x_wconf 93' lang='lat' dir='ltr'>quod</span> <span class='ocrx_word' id='word_1_1140' title='bbox 2036 2784 2111 2823; x_wconf 90' lang='lat' dir='ltr'>quia</span> <span class='ocrx_word' id='word_1_1141' title='bbox 2125 2789 2236 2813; x_wconf 89' lang='lat' dir='ltr'>natura</span> <span class='ocrx_word' id='word_1_1142' title='bbox 2252 2783 2357 2813; x_wconf 89' lang='lat' dir='ltr'>divina</span> <span class='ocrx_word' id='word_1_1143' title='bbox 2371 2785 2466 2815; x_wconf 89' lang='lat' dir='ltr'>habet</span> 
     </span>
     <span class='ocr_line' id='line_1_144' title="bbox 1404 2827 2465 2867; baseline -0.002 -7"><span class='ocrx_word' id='word_1_1144' title='bbox 1404 2830 1561 2860; x_wconf 87' lang='lat' dir='ltr'>rationem</span> <span class='ocrx_word' id='word_1_1145' title='bbox 1583 2834 1729 2864; x_wconf 90' lang='lat' dir='ltr'>naturae,</span> <span class='ocrx_word' id='word_1_1146' title='bbox 1755 2833 1785 2858; x_wconf 90' lang='lat' dir='ltr'>et</span> <span class='ocrx_word' id='word_1_1147' title='bbox 1807 2837 1944 2867; x_wconf 90' lang='lat' dir='ltr'>persona</span> <span class='ocrx_word' id='word_1_1148' title='bbox 1968 2827 2073 2857; x_wconf 89' lang='lat' dir='ltr'>divina</span> <span class='ocrx_word' id='word_1_1149' title='bbox 2095 2828 2190 2856; x_wconf 90' lang='lat' dir='ltr'>habet</span> <span class='ocrx_word' id='word_1_1150' title='bbox 2212 2827 2368 2857; x_wconf 90' lang='lat' dir='ltr'>rationem</span> <span class='ocrx_word' id='word_1_1151' title='bbox 2391 2829 2465 2858; x_wconf 89' lang='lat' dir='ltr'>sub-</span> 
     </span>
     <span class='ocr_line' id='line_1_145' title="bbox 1404 2870 2465 2911; baseline -0.002 -7"><span class='ocrx_word' id='word_1_1152' title='bbox 1404 2874 1540 2904; x_wconf 86' lang='lat' dir='ltr'>sistentis</span> <span class='ocrx_word' id='word_1_1153' title='bbox 1559 2873 1593 2902; x_wconf 92' lang='lat' dir='ltr'>in</span> <span class='ocrx_word' id='word_1_1154' title='bbox 1608 2878 1720 2902; x_wconf 90' lang='lat' dir='ltr'>natura</span> <span class='ocrx_word' id='word_1_1155' title='bbox 1743 2871 1788 2911; x_wconf 92' lang='lat' dir='ltr'>(et</span> <span class='ocrx_word' id='word_1_1156' title='bbox 1810 2871 1892 2901; x_wconf 91' lang='lat' dir='ltr'>hanc</span> <span class='ocrx_word' id='word_1_1157' title='bbox 1909 2871 2115 2901; x_wconf 66' lang='lat' dir='ltr'>differentiam</span> <span class='ocrx_word' id='word_1_1158' title='bbox 2131 2870 2310 2901; x_wconf 86' lang='lat' dir='ltr'>manifestat</span> <span class='ocrx_word' id='word_1_1159' title='bbox 2325 2870 2465 2902; x_wconf 90' lang='lat' dir='ltr'>diversus</span> 
     </span>
     <span class='ocr_line' id='line_1_146' title="bbox 1403 2915 2464 2956; baseline -0.001 -9"><span class='ocrx_word' id='word_1_1160' title='bbox 1403 2917 1521 2947; x_wconf 93' lang='lat' dir='ltr'>modus</span> <span class='ocrx_word' id='word_1_1161' title='bbox 1544 2915 1771 2956; x_wconf 87' lang='lat' dir='ltr'>significandi);</span> <span class='ocrx_word' id='word_1_1162' title='bbox 1797 2920 1828 2944; x_wconf 92' lang='lat' dir='ltr'>et</span> <span class='ocrx_word' id='word_1_1163' title='bbox 1850 2915 1929 2944; x_wconf 91' lang='lat' dir='ltr'>unio</span> <span class='ocrx_word' id='word_1_1164' title='bbox 1945 2920 2075 2944; x_wconf 91' lang='lat' dir='ltr'>naturae</span> <span class='ocrx_word' id='word_1_1165' title='bbox 2090 2915 2250 2945; x_wconf 90' lang='lat' dir='ltr'>humanae</span> <span class='ocrx_word' id='word_1_1166' title='bbox 2264 2915 2298 2944; x_wconf 91' lang='lat' dir='ltr'>in</span> <span class='ocrx_word' id='word_1_1167' title='bbox 2313 2916 2464 2956; x_wconf 89' lang='lat' dir='ltr'>mysterio</span> 
     </span>
     <span class='ocr_line' id='line_1_147' title="bbox 1403 2958 2465 2997; baseline -0.001 -6"><span class='ocrx_word' id='word_1_1168' title='bbox 1403 2960 1627 2991; x_wconf 88' lang='lat' dir='ltr'>incarnationis</span> <span class='ocrx_word' id='word_1_1169' title='bbox 1650 2969 1718 2989; x_wconf 92' lang='lat' dir='ltr'>non</span> <span class='ocrx_word' id='word_1_1170' title='bbox 1741 2958 1826 2988; x_wconf 89' lang='lat' dir='ltr'>addit</span> <span class='ocrx_word' id='word_1_1171' title='bbox 1848 2958 1968 2997; x_wconf 88' lang='lat' dir='ltr'>aliquid</span> <span class='ocrx_word' id='word_1_1172' title='bbox 1990 2958 2104 2988; x_wconf 88' lang='lat' dir='ltr'>rationi</span> <span class='ocrx_word' id='word_1_1173' title='bbox 2127 2963 2274 2994; x_wconf 85' lang='lat' dir='ltr'>naturae,</span> <span class='ocrx_word' id='word_1_1174' title='bbox 2305 2959 2360 2989; x_wconf 92' lang='lat' dir='ltr'>sed</span> <span class='ocrx_word' id='word_1_1175' title='bbox 2383 2959 2465 2990; x_wconf 88' lang='lat' dir='ltr'>bene</span> 
     </span>
     <span class='ocr_line' id='line_1_148' title="bbox 1404 3001 2464 3043; baseline -0.002 -8"><span class='ocrx_word' id='word_1_1176' title='bbox 1404 3004 1490 3035; x_wconf 88' lang='lat' dir='ltr'>addit</span> <span class='ocrx_word' id='word_1_1177' title='bbox 1512 3002 1631 3043; x_wconf 90' lang='lat' dir='ltr'>aliquid</span> <span class='ocrx_word' id='word_1_1178' title='bbox 1653 3003 1767 3032; x_wconf 91' lang='lat' dir='ltr'>rationi</span> <span class='ocrx_word' id='word_1_1179' title='bbox 1790 3011 1955 3041; x_wconf 89' lang='lat' dir='ltr'>personae,</span> <span class='ocrx_word' id='word_1_1180' title='bbox 1979 3002 2055 3041; x_wconf 90' lang='lat' dir='ltr'>quia</span> <span class='ocrx_word' id='word_1_1181' title='bbox 2074 3001 2160 3032; x_wconf 90' lang='lat' dir='ltr'>addit</span> <span class='ocrx_word' id='word_1_1182' title='bbox 2177 3002 2345 3033; x_wconf 91' lang='lat' dir='ltr'>subsistere</span> <span class='ocrx_word' id='word_1_1183' title='bbox 2361 3003 2394 3033; x_wconf 89' lang='lat' dir='ltr'>in</span> <span class='ocrx_word' id='word_1_1184' title='bbox 2409 3013 2464 3033; x_wconf 91' lang='lat' dir='ltr'>na-</span> 
     </span>
     <span class='ocr_line' id='line_1_149' title="bbox 1403 3045 2464 3082; baseline -0.001 -4"><span class='ocrx_word' id='word_1_1185' title='bbox 1403 3054 1474 3078; x_wconf 90' lang='lat' dir='ltr'>tura</span> <span class='ocrx_word' id='word_1_1186' title='bbox 1496 3048 1652 3077; x_wconf 89' lang='lat' dir='ltr'>humana:</span> <span class='ocrx_word' id='word_1_1187' title='bbox 1679 3045 1752 3076; x_wconf 92' lang='lat' dir='ltr'>ideo</span> <span class='ocrx_word' id='word_1_1188' title='bbox 1776 3045 1854 3075; x_wconf 91' lang='lat' dir='ltr'>unio</span> <span class='ocrx_word' id='word_1_1189' title='bbox 1879 3045 1960 3075; x_wconf 88' lang='lat' dir='ltr'>facta</span> <span class='ocrx_word' id='word_1_1190' title='bbox 1983 3050 2039 3081; x_wconf 92' lang='lat' dir='ltr'>est,</span> <span class='ocrx_word' id='word_1_1191' title='bbox 2062 3055 2131 3075; x_wconf 93' lang='lat' dir='ltr'>non</span> <span class='ocrx_word' id='word_1_1192' title='bbox 2153 3046 2186 3075; x_wconf 94' lang='lat' dir='ltr'>in</span> <span class='ocrx_word' id='word_1_1193' title='bbox 2208 3051 2329 3082; x_wconf 89' lang='lat' dir='ltr'>natura,</span> <span class='ocrx_word' id='word_1_1194' title='bbox 2353 3046 2409 3076; x_wconf 93' lang='lat' dir='ltr'>sed</span> <span class='ocrx_word' id='word_1_1195' title='bbox 2430 3047 2464 3077; x_wconf 88' lang='lat' dir='ltr'>in</span> 
     </span>
     <span class='ocr_line' id='line_1_150' title="bbox 1403 3088 2464 3131; baseline -0.002 -9"><span class='ocrx_word' id='word_1_1196' title='bbox 1403 3101 1549 3131; x_wconf 91' lang='lat' dir='ltr'>persona.</span> <span class='ocrx_word' id='word_1_1197' title='bbox 1574 3091 1615 3119; x_wconf 91' lang='lat' dir='ltr'>Et</span> <span class='ocrx_word' id='word_1_1198' title='bbox 1630 3089 1720 3129; x_wconf 90' lang='lat' dir='ltr'>quod</span> <span class='ocrx_word' id='word_1_1199' title='bbox 1734 3099 1802 3119; x_wconf 93' lang='lat' dir='ltr'>non</span> <span class='ocrx_word' id='word_1_1200' title='bbox 1818 3089 2004 3119; x_wconf 88' lang='lat' dir='ltr'>adiunctum</span> <span class='ocrx_word' id='word_1_1201' title='bbox 2020 3088 2115 3119; x_wconf 91' lang='lat' dir='ltr'>fuerit</span> <span class='ocrx_word' id='word_1_1202' title='bbox 2130 3089 2250 3129; x_wconf 90' lang='lat' dir='ltr'>aliquid</span> <span class='ocrx_word' id='word_1_1203' title='bbox 2265 3090 2304 3119; x_wconf 91' lang='lat' dir='ltr'>ad</span> <span class='ocrx_word' id='word_1_1204' title='bbox 2319 3095 2464 3120; x_wconf 89' lang='lat' dir='ltr'>naturam</span> 
     </span>
     <span class='ocr_line' id='line_1_151' title="bbox 1404 3133 2464 3174; baseline -0.001 -9"><span class='ocrx_word' id='word_1_1205' title='bbox 1404 3136 1480 3170; x_wconf 91' lang='lat' dir='ltr'>Dei,</span> <span class='ocrx_word' id='word_1_1206' title='bbox 1504 3135 1656 3174; x_wconf 87' lang='lat' dir='ltr'>probatur</span> <span class='ocrx_word' id='word_1_1207' title='bbox 1678 3134 1711 3163; x_wconf 94' lang='lat' dir='ltr'>in</span> <span class='ocrx_word' id='word_1_1208' title='bbox 1734 3133 1835 3162; x_wconf 89' lang='lat' dir='ltr'>littera</span> <span class='ocrx_word' id='word_1_1209' title='bbox 1863 3133 1938 3172; x_wconf 86' lang='lat' dir='ltr'>quia</span> <span class='ocrx_word' id='word_1_1210' title='bbox 1960 3142 2021 3163; x_wconf 88' lang='lat' dir='ltr'>nec</span> <span class='ocrx_word' id='word_1_1211' title='bbox 2043 3143 2101 3172; x_wconf 91' lang='lat' dir='ltr'>per</span> <span class='ocrx_word' id='word_1_1212' title='bbox 2128 3134 2380 3173; x_wconf 87' lang='lat' dir='ltr'>appositionem,</span> <span class='ocrx_word' id='word_1_1213' title='bbox 2404 3143 2464 3164; x_wconf 91' lang='lat' dir='ltr'>nec</span> 
     </span>
     <span class='ocr_line' id='line_1_152' title="bbox 1403 3176 2464 3217; baseline -0.001 -8"><span class='ocrx_word' id='word_1_1214' title='bbox 1403 3178 1710 3209; x_wconf 89' lang='lat' dir='ltr'>transmutationem.</span> <span class='ocrx_word' id='word_1_1215' title='bbox 1734 3176 1834 3214; x_wconf 92' lang='lat' dir='ltr'>Quod</span> <span class='ocrx_word' id='word_1_1216' title='bbox 1848 3186 1924 3207; x_wconf 90' lang='lat' dir='ltr'>vero</span> <span class='ocrx_word' id='word_1_1217' title='bbox 1941 3176 2126 3207; x_wconf 84' lang='lat' dir='ltr'>adiunctum</span> <span class='ocrx_word' id='word_1_1218' title='bbox 2143 3177 2237 3207; x_wconf 88' lang='lat' dir='ltr'>fuerit</span> <span class='ocrx_word' id='word_1_1219' title='bbox 2259 3177 2378 3217; x_wconf 91' lang='lat' dir='ltr'>aliquid</span> <span class='ocrx_word' id='word_1_1220' title='bbox 2393 3187 2464 3217; x_wconf 92' lang='lat' dir='ltr'>per-</span> 
     </span>
     <span class='ocr_line' id='line_1_153' title="bbox 1404 3221 2464 3261; baseline 0 -9"><span class='ocrx_word' id='word_1_1221' title='bbox 1404 3232 1502 3252; x_wconf 92' lang='lat' dir='ltr'>sonae</span> <span class='ocrx_word' id='word_1_1222' title='bbox 1526 3222 1603 3257; x_wconf 87' lang='lat' dir='ltr'>Dei,</span> <span class='ocrx_word' id='word_1_1223' title='bbox 1633 3221 1785 3261; x_wconf 86' lang='lat' dir='ltr'>probatur</span> <span class='ocrx_word' id='word_1_1224' title='bbox 1809 3221 1884 3260; x_wconf 90' lang='lat' dir='ltr'>quia</span> <span class='ocrx_word' id='word_1_1225' title='bbox 1912 3221 2053 3250; x_wconf 91' lang='lat' dir='ltr'>humana</span> <span class='ocrx_word' id='word_1_1226' title='bbox 2084 3226 2195 3251; x_wconf 91' lang='lat' dir='ltr'>natura</span> <span class='ocrx_word' id='word_1_1227' title='bbox 2218 3222 2326 3251; x_wconf 91' lang='lat' dir='ltr'>unitur</span> <span class='ocrx_word' id='word_1_1228' title='bbox 2354 3231 2464 3261; x_wconf 91' lang='lat' dir='ltr'>perso-</span> 
     </span>
     <span class='ocr_line' id='line_1_154' title="bbox 1403 3264 2464 3304; baseline -0.001 -8"><span class='ocrx_word' id='word_1_1229' title='bbox 1403 3275 1463 3296; x_wconf 89' lang='lat' dir='ltr'>nae</span> <span class='ocrx_word' id='word_1_1230' title='bbox 1486 3266 1547 3295; x_wconf 92' lang='lat' dir='ltr'>Dei</span> <span class='ocrx_word' id='word_1_1231' title='bbox 1578 3270 1614 3295; x_wconf 89' lang='lat' dir='ltr'>ut</span> <span class='ocrx_word' id='word_1_1232' title='bbox 1635 3274 1772 3304; x_wconf 90' lang='lat' dir='ltr'>persona</span> <span class='ocrx_word' id='word_1_1233' title='bbox 1795 3264 1856 3294; x_wconf 89' lang='lat' dir='ltr'>Dei</span> <span class='ocrx_word' id='word_1_1234' title='bbox 1878 3265 1912 3294; x_wconf 90' lang='lat' dir='ltr'>in</span> <span class='ocrx_word' id='word_1_1235' title='bbox 1933 3270 2045 3294; x_wconf 90' lang='lat' dir='ltr'>natura</span> <span class='ocrx_word' id='word_1_1236' title='bbox 2066 3265 2206 3295; x_wconf 92' lang='lat' dir='ltr'>humana</span> <span class='ocrx_word' id='word_1_1237' title='bbox 2233 3265 2391 3295; x_wconf 86' lang='lat' dir='ltr'>subsistat:</span> <span class='ocrx_word' id='word_1_1238' title='bbox 2426 3275 2464 3295; x_wconf 88' lang='lat' dir='ltr'>ex</span> 
     </span>
     <span class='ocr_line' id='line_1_155' title="bbox 1405 3308 2463 3348; baseline 0 -10"><span class='ocrx_word' id='word_1_1239' title='bbox 1405 3319 1444 3339; x_wconf 92' lang='lat' dir='ltr'>eo</span> <span class='ocrx_word' id='word_1_1240' title='bbox 1469 3309 1554 3339; x_wconf 92' lang='lat' dir='ltr'>enirn</span> <span class='ocrx_word' id='word_1_1241' title='bbox 1579 3308 1668 3348; x_wconf 86' lang='lat' dir='ltr'>quod</span> <span class='ocrx_word' id='word_1_1242' title='bbox 1690 3317 1863 3348; x_wconf 79' lang='lat' dir='ltr'>personae,</span> <span class='ocrx_word' id='word_1_1243' title='bbox 1886 3314 1922 3338; x_wconf 90' lang='lat' dir='ltr'>ut</span> <span class='ocrx_word' id='word_1_1244' title='bbox 1945 3308 2147 3348; x_wconf 84' lang='lat' dir='ltr'>distinguitur</span> <span class='ocrx_word' id='word_1_1245' title='bbox 2170 3314 2279 3339; x_wconf 90' lang='lat' dir='ltr'>contra</span> <span class='ocrx_word' id='word_1_1246' title='bbox 2301 3314 2463 3345; x_wconf 89' lang='lat' dir='ltr'>naturam,</span> 
     </span>
     <span class='ocr_line' id='line_1_156' title="bbox 1405 3352 2464 3393; baseline 0 -10"><span class='ocrx_word' id='word_1_1247' title='bbox 1405 3358 1452 3383; x_wconf 90' lang='lat' dir='ltr'>est</span> <span class='ocrx_word' id='word_1_1248' title='bbox 1474 3353 1643 3383; x_wconf 90' lang='lat' dir='ltr'>subsistere</span> <span class='ocrx_word' id='word_1_1249' title='bbox 1664 3353 1699 3382; x_wconf 90' lang='lat' dir='ltr'>in</span> <span class='ocrx_word' id='word_1_1250' title='bbox 1720 3358 1848 3388; x_wconf 90' lang='lat' dir='ltr'>natura,</span> <span class='ocrx_word' id='word_1_1251' title='bbox 1879 3353 2022 3391; x_wconf 88' lang='lat' dir='ltr'>sequitur</span> <span class='ocrx_word' id='word_1_1252' title='bbox 2044 3352 2209 3382; x_wconf 90' lang='lat' dir='ltr'>manifeste</span> <span class='ocrx_word' id='word_1_1253' title='bbox 2233 3352 2338 3392; x_wconf 93' lang='lat' dir='ltr'>quod,</span> <span class='ocrx_word' id='word_1_1254' title='bbox 2363 3362 2464 3393; x_wconf 91' lang='lat' dir='ltr'>appo-</span> 
     </span>
     <span class='ocr_line' id='line_1_157' title="bbox 1403 3396 2463 3436; baseline 0 -9"><span class='ocrx_word' id='word_1_1255' title='bbox 1403 3396 1511 3427; x_wconf 91' lang='lat' dir='ltr'>nendo</span> <span class='ocrx_word' id='word_1_1256' title='bbox 1534 3406 1690 3436; x_wconf 90' lang='lat' dir='ltr'>personae</span> <span class='ocrx_word' id='word_1_1257' title='bbox 1713 3396 1802 3436; x_wconf 92' lang='lat' dir='ltr'>quod</span> <span class='ocrx_word' id='word_1_1258' title='bbox 1825 3397 1859 3426; x_wconf 89' lang='lat' dir='ltr'>in</span> <span class='ocrx_word' id='word_1_1259' title='bbox 1878 3396 1983 3435; x_wconf 90' lang='lat' dir='ltr'>aliqua</span> <span class='ocrx_word' id='word_1_1260' title='bbox 1999 3396 2058 3426; x_wconf 90' lang='lat' dir='ltr'>alia</span> <span class='ocrx_word' id='word_1_1261' title='bbox 2073 3402 2183 3426; x_wconf 89' lang='lat' dir='ltr'>natura</span> <span class='ocrx_word' id='word_1_1262' title='bbox 2206 3397 2361 3432; x_wconf 90' lang='lat' dir='ltr'>subsistat,</span> <span class='ocrx_word' id='word_1_1263' title='bbox 2384 3397 2463 3427; x_wconf 88' lang='lat' dir='ltr'>unio</span> 
     </span>
     <span class='ocr_line' id='line_1_158' title="bbox 1404 3440 1664 3480; baseline 0 -10"><span class='ocrx_word' id='word_1_1264' title='bbox 1404 3440 1440 3471; x_wconf 93' lang='lat' dir='ltr'>fit</span> <span class='ocrx_word' id='word_1_1265' title='bbox 1461 3441 1495 3470; x_wconf 91' lang='lat' dir='ltr'>in</span> <span class='ocrx_word' id='word_1_1266' title='bbox 1518 3450 1664 3480; x_wconf 90' lang='lat' dir='ltr'>persona.</span> 
     </span>
    </p>

    <p class='ocr_par' dir='ltr' id='par_1_22' title="bbox 1404 3483 2464 3611">
     <span class='ocr_line' id='line_1_159' title="bbox 1460 3483 2464 3524; baseline 0 -10"><span class='ocrx_word' id='word_1_1267' title='bbox 1460 3484 1552 3515; x_wconf 91' lang='lat' dir='ltr'>Unde</span> <span class='ocrx_word' id='word_1_1268' title='bbox 1568 3489 1654 3524; x_wconf 88' lang='lat' dir='ltr'>patet</span> <span class='ocrx_word' id='word_1_1269' title='bbox 1678 3483 1767 3524; x_wconf 91' lang='lat' dir='ltr'>quod</span> <span class='ocrx_word' id='word_1_1270' title='bbox 1785 3484 1948 3524; x_wconf 88' lang='lat' dir='ltr'>passiones</span> <span class='ocrx_word' id='word_1_1271' title='bbox 1962 3484 2133 3513; x_wconf 90' lang='lat' dir='ltr'>nominum</span> <span class='ocrx_word' id='word_1_1272' title='bbox 2156 3483 2333 3514; x_wconf 90' lang='lat' dir='ltr'>secundum</span> <span class='ocrx_word' id='word_1_1273' title='bbox 2348 3483 2464 3514; x_wconf 89' lang='lat' dir='ltr'>modos</span> 
     </span>
     <span class='ocr_line' id='line_1_160' title="bbox 1404 3527 2464 3568; baseline 0 -10"><span class='ocrx_word' id='word_1_1274' title='bbox 1404 3527 1612 3568; x_wconf 87' lang='lat' dir='ltr'>significandi,</span> <span class='ocrx_word' id='word_1_1275' title='bbox 1636 3537 1703 3558; x_wconf 92' lang='lat' dir='ltr'>non</span> <span class='ocrx_word' id='word_1_1276' title='bbox 1726 3537 1786 3568; x_wconf 91' lang='lat' dir='ltr'>pro</span> <span class='ocrx_word' id='word_1_1277' title='bbox 1809 3528 1944 3563; x_wconf 88' lang='lat' dir='ltr'>ratione,</span> <span class='ocrx_word' id='word_1_1278' title='bbox 1969 3527 2024 3557; x_wconf 91' lang='lat' dir='ltr'>sed</span> <span class='ocrx_word' id='word_1_1279' title='bbox 2046 3537 2105 3567; x_wconf 94' lang='lat' dir='ltr'>pro</span> <span class='ocrx_word' id='word_1_1280' title='bbox 2128 3527 2382 3558; x_wconf 88' lang='lat' dir='ltr'>manifestatione</span> <span class='ocrx_word' id='word_1_1281' title='bbox 2405 3527 2464 3558; x_wconf 89' lang='lat' dir='ltr'>dif-</span> 
     </span>
     <span class='ocr_line' id='line_1_161' title="bbox 1404 3571 2464 3611; baseline -0.001 -9"><span class='ocrx_word' id='word_1_1282' title='bbox 1404 3572 1555 3603; x_wconf 89' lang='lat' dir='ltr'>ferentiae</span> <span class='ocrx_word' id='word_1_1283' title='bbox 1578 3572 1659 3602; x_wconf 90' lang='lat' dir='ltr'>inter</span> <span class='ocrx_word' id='word_1_1284' title='bbox 1680 3577 1825 3601; x_wconf 89' lang='lat' dir='ltr'>naturam</span> <span class='ocrx_word' id='word_1_1285' title='bbox 1849 3577 1879 3601; x_wconf 93' lang='lat' dir='ltr'>et</span> <span class='ocrx_word' id='word_1_1286' title='bbox 1901 3580 2071 3611; x_wconf 87' lang='lat' dir='ltr'>personam</span> <span class='ocrx_word' id='word_1_1287' title='bbox 2087 3571 2147 3601; x_wconf 89' lang='lat' dir='ltr'>Dei</span> <span class='ocrx_word' id='word_1_1288' title='bbox 2170 3571 2346 3602; x_wconf 89' lang='lat' dir='ltr'>secundum</span> <span class='ocrx_word' id='word_1_1289' title='bbox 2370 3572 2464 3601; x_wconf 88' lang='lat' dir='ltr'>ratio-</span> 
     </span>
    </p>
   </div>
  </div>
 </body>
</html>
