2872 3970
161 382 172 393 ⁸
184 380 249 403 vers.
264 386 300 409 50.

157 1744 166 1753 '¹
181 1742 217 1764 Cf.
234 1745 282 1763 not.
298 1746 321 1768 γ.

409 303 478 350 178

397 383 499 420 Ioan.
519 381 632 419 v111*:
661 382 747 431 Ego
766 381 929 430 gloriam
949 391 1073 416 meam
1103 391 1177 415 non
1207 390 1358 427 quaero.
1387 378 1464 414 Vo-

398 436 498 472 lebat
524 442 654 471 tamen
681 434 873 478 absolute,
902 431 1126 482 praesertim
1165 430 1381 467 secundum
1411 429 1464 466 di-

1097 299 1361 346 QUAESTIO
1391 299 1491 344 XIII,
1521 297 1814 337 ARTICULUS
1841 300 1892 338 IV

1521 377 1636 414 etiam
1663 389 1735 427 pro
1763 377 1822 415 his
1850 391 1949 428 quae
1977 378 2114 415 virtute
2144 377 2274 416 divina
2301 375 2430 416 fienda
2458 386 2581 416 erant:

1521 437 1558 466 et
1584 441 1656 479 pro
1690 429 1750 467 his
1784 430 1899 468 etiam
1933 443 2033 480 quae
2068 432 2241 468 humana
2274 431 2470 469 voluntate
2504 438 2584 468 erat

398 488 529 524 vinam
566 488 824 532 voluntatem,
856 492 899 522 ut
934 484 1196 534 publicaretur
1233 482 1465 520 miraculum
1519 482 1698 519 facturus.
1728 482 1832 529 Quia
1857 483 1978 521 virtus
2005 491 2042 520 et
2069 483 2241 533 operatio
2269 483 2421 520 animae
2444 483 2583 521 Christi

398 541 552 587 sactum,
581 546 739 589 propter
765 538 931 575 aliorum
959 536 1171 574 utilitatem.

1520 535 1762 584 dependebat
1781 548 1803 573 a
1821 537 1917 583 Deo,
1939 538 2003 586 qui
2019 542 2194 586 operatur
2212 538 2250 573 in
2270 537 2440 574 omnibus
2454 541 2472 564 η
2490 536 2584 574 velle

451 594 508 629 AD
545 604 703 629 Teanum
745 603 925 628 meaNnuM
968 589 1075 638 quod
1117 588 1290 625 Christus
1332 587 1465 624 orabat
1519 593 1552 624 et
1573 589 1768 637 perficere,
1798 596 1840 625 ut
1868 588 2004 626 dicitur
2030 589 2187 639 Philipp.
2217 601 2238 626 11
2258 589 2288 626 ²¹².

403 757 405 763 Ι
451 724 479 758 η)
499 724 627 749 omnibus.
645 737 665 742 -
684 722 756 747 nobis
775 722 862 746 tertia.

1073 807 1408 840 Commentario
1430 805 1685 838 Cardinalis
1706 806 1908 840 Caietani

457 912 563 933 nurus
587 896 755 931 clarus‘est
774 898 1022 938 intelligentibus
1042 898 1204 927 terminos.
1228 897 1283 927 llle
1306 897 1392 927 enim
1415 896 1462 927 di—

399 915 537 977 Tcitur
560 946 765 984 omnipotens
788 948 933 983 respectu
958 942 1154 972 executionis
1175 942 1323 982 propriae
1345 941 1461 971 volun—

396 991 466 1020 tatis
482 991 538 1030 qui
557 994 662 1029 potest
682 988 798 1027 exequi
823 986 981 1026 quidquid
1001 986 1069 1016 vult
1089 986 1214 1025 exequi,
1226 986 1270 1015 ita
1294 985 1384 1025 quod
1402 995 1462 1026 po-

395 1035 492 1064 tentia
515 1034 678 1064 executiva
702 1031 924 1071 aequiparatur
944 1031 976 1060 in
993 1030 1048 1060 illo
1072 1030 1228 1060 voluntati
1253 1030 1460 1060 executionis.

450 1079 485 1108 In
509 1087 643 1117 corpore
669 1081 715 1106 est
738 1085 802 1105 una
825 1075 985 1105 distinctio
1010 1074 1210 1110 bimembris,
1239 1083 1314 1104 curn
1338 1073 1461 1104 duabus

395 1122 655 1153 conclusionibus
680 1119 871 1160 responsivis
896 1119 1051 1159 quaesito,
1075 1119 1162 1153 iuxta
1185 1118 1328 1148 membra
1351 1117 1460 1148 distin-

395 1167 520 1198 ctionis.
544 1165 714 1196 Distinctio
739 1169 794 1194 est.
826 1164 983 1194 Voluntas
1008 1163 1125 1193 Christi
1149 1162 1318 1202 dupliciter
1341 1162 1461 1202 aliquid

394 1211 512 1241 voluit:
542 1210 593 1240 vel
623 1218 679 1249 per
709 1209 850 1248 seipsum
882 1207 1124 1248 exequendum;
1151 1207 1202 1237 vel
1232 1215 1289 1246 per
1310 1206 1460 1237 virtutem

395 1255 545 1286 divinam.
557 1272 580 1276 —
595 1253 657 1284 Ubi
673 1258 750 1282 nota
766 1251 855 1292 quod
870 1252 903 1293 ly
914 1261 976 1292 per
990 1251 1128 1291 seipsum
1144 1250 1299 1291 significat
1313 1259 1371 1291 per
1386 1260 1460 1290 pro-

395 1299 496 1340 priam
518 1299 678 1332 virtutem‚
702 1296 878 1327 naturalem
894 1296 944 1326 vel
960 1296 1138 1336 gratuitam,
1154 1296 1384 1326 immanentem
1401 1295 1460 1324 sci-

394 1345 469 1374 licet
491 1343 523 1373 in
546 1343 634 1382 ipso:
660 1341 703 1370 ita
726 1340 816 1380 quod
839 1339 1043 1380 distinguitur
1065 1340 1128 1370 hoc
1144 1339 1326 1369 membrum
1350 1344 1460 1369 contra

395 1389 447 1418 illa
471 1396 553 1427 quae
576 1391 701 1426 poterat
725 1385 868 1415 Christus
888 1394 944 1424 per
959 1385 1108 1414 virtutem
1124 1383 1408 1419 instrumentalem,
1424 1389 1461 1414 ut

394 1437 481 1472 patet
503 1432 537 1461 in
560 1430 671 1460 littera.
708 1429 851 1459 Sumitur
874 1428 1034 1468 siquidem
1057 1429 1108 1458 hic
1127 1437 1189 1468 per
1211 1427 1348 1467 seipsum
1379 1427 1461 1458 sicut

395 1477 428 1506 in
451 1474 593 1505 secundo
618 1473 750 1503 articulo
775 1479 941 1512 sumptum
961 1478 1007 1502 est
1024 1481 1087 1512 per
1103 1471 1276 1512 propriam
1292 1471 1461 1505 virtutem:

395 1520 566 1558 utrobique
591 1518 675 1548 enim
700 1522 810 1546 contra
833 1518 982 1547 virtutem
1001 1515 1276 1546 instrumentalem
1299 1514 1459 1545 distinctio

395 1564 439 1600 fit,
465 1569 500 1593 ut
523 1567 610 1603 patet
633 1563 665 1591 in
689 1561 800 1591 littera.

449 1608 554 1637 Prima
578 1616 652 1646 ergo
678 1605 844 1635 conclusio
867 1610 929 1635 est:
954 1604 1070 1634 Anima
1093 1603 1213 1634 Christi
1235 1603 1390 1644 quidquid
1405 1613 1460 1633 νο-

395 1653 456 1683 luit
472 1661 535 1692 per
557 1651 694 1690 seipsum
718 1649 947 1689 exequendum,
966 1649 1084 1689 potuit.
1109 1648 1273 1678 Probatur.
1299 1647 1384 1685 Quia
1407 1647 1461 1678 de-

395 1697 521 1727 deceret
544 1695 730 1735 sapientiam
754 1703 844 1723 suam
869 1700 904 1723 ut
927 1692 1048 1732 aliquid
1069 1692 1163 1722 vellet
1186 1701 1243 1732 per
1258 1693 1399 1732 seipsum
1416 1691 1461 1722 ef·

395 1741 490 1771 ficere
514 1739 603 1780 quod
627 1748 695 1768 non
718 1739 895 1769 subiaceret
917 1737 1025 1767 virtuti
1047 1746 1122 1766 suae
1142 1737 1168 1766 ἣ

451 1783 598 1815 Secunda
622 1783 788 1813 conclusio
814 1787 876 1812 est:
901 1782 1018 1811 Anima
1045 1781 1164 1811 Christi
1187 1780 1341 1820 quidquid
1359 1780 1463 1811 voluit

396 1828 599 1870 efficiendum
622 1827 732 1858 divina
755 1827 882 1861 virtute,
901 1826 1010 1865 potuit
1033 1825 1329 1859 instrumentaliter,
1350 1829 1381 1854 et
1395 1833 1460 1854 non

392 1874 530 1914 propria
555 1872 691 1902 virtute:
714 1876 750 1901 ut
772 1875 859 1910 patet
882 1869 921 1899 de
945 1869 1096 1909 operibus
1119 1868 1327 1898 miraculosis.

453 1917 489 1947 11.
514 1917 549 1946 In
566 1915 775 1955 responsione
799 1913 838 1944 ad
858 1914 1008 1954 primum,
1032 1913 1187 1953 perspice,
1205 1922 1243 1942 ex
1258 1911 1398 1942 secunda
1413 1922 1462 1942 re-

397 1962 586 2002 sponsione,
612 1959 701 2000 quod
725 1959 884 1989 distinctio
907 1958 941 1988 in
965 1967 1100 1997 corpore
1123 1956 1245 1986 articuli
1268 1957 1372 1996 posita
1394 1966 1461 1986 non

398 2006 458 2036 fuit
479 2004 742 2045 comprehensiva
758 2003 905 2033 omnium
927 2011 1010 2042 quae
1027 2000 1143 2032 Christi
1158 2001 1299 2031 humana
1314 2001 1462 2031 voluntas

397 2050 500 2080 voluit
522 2049 600 2080 fieri.
626 2049 791 2086 Quoniam
807 2047 865 2077 sub
882 2051 997 2076 neutro
1014 2046 1160 2075 membro
1180 2044 1461 2084 comprehendun-

397 2101 448 2125 tur
472 2103 554 2134 quae
579 2093 723 2124 Christus
739 2091 841 2122 voluit
864 2099 921 2130 per
937 2089 1016 2120 alios
1031 2090 1179 2119 homines
1198 2088 1276 2125 fieri,
1297 2098 1380 2129 quae
1394 2098 1462 2119 non

398 2138 603 2168 subiacebant
623 2136 772 2177 potestati
788 2135 855 2166 eius
876 2134 1010 2164 naturali
1026 2139 1080 2164 aut
1095 2133 1258 2173 gratuitae,
1283 2133 1375 2163 cuius
1391 2142 1462 2163 exe-

397 2183 486 2213 cutio
510 2181 550 2212 ad
572 2182 746 2211 humanam
761 2179 923 2220 spectabat
938 2178 1147 2208 voluntatem.
1172 2176 1235 2207 Sed
1251 2177 1462 2217 comprehen-

399 2227 444 2257 dit
467 2236 579 2256 omnes
602 2224 718 2255 modos
742 2224 858 2264 quibus
882 2223 987 2253 anima
1003 2222 1120 2252 Christi
1143 2226 1250 2261 potest
1272 2220 1335 2251 dici
1358 2222 1462 2251 omni-

398 2276 513 2311 potens
540 2274 686 2309 respectu
718 2268 913 2299 executionis
946 2267 1093 2307 propriae
1122 2265 1308 2296 voluntatis:
1344 2265 1464 2296 scilicet

398 2320 545 2355 respectu
569 2312 831 2353 exequendorum
855 2321 912 2352 per
933 2311 1056 2351 ipsum;
1082 2315 1113 2340 et
1136 2309 1399 2349 exequendorum
1414 2310 1463 2339 in-

399 2358 643 2389 strumentaliter
672 2362 797 2387 tantum
819 2366 876 2396 per
899 2357 1022 2395 ipsum,
1051 2355 1122 2385 Deo
1146 2353 1361 2394 principaliter
1384 2363 1463 2393 ope-

398 2409 496 2433 rante.
526 2403 687 2442 Respectu
711 2400 868 2441 siquidem
891 2399 1090 2439 reliquorum
1112 2408 1181 2429 non
1203 2398 1334 2438 ponitur
1358 2398 1463 2428 omni-

398 2452 530 2487 potens:
562 2447 648 2476 iuxta
675 2446 756 2476 hanc
787 2443 961 2475 secundam
990 2443 1251 2483 responsionem,
1276 2442 1463 2472 auctoritate

400 2491 576 2531 Agathonis
599 2490 766 2520 firmatam.

455 2536 505 2566 111.
530 2534 592 2566 Sed
616 2534 715 2565 dubio
735 2544 802 2564 non
819 2539 903 2564 caret
921 2533 1000 2563 haec
1016 2531 1156 2562 secunda
1171 2531 1355 2571 responsio:
1381 2539 1463 2570 quo-

399 2579 498 2610 modo
514 2579 694 2610 verificetur
718 2577 807 2618 quod
831 2577 975 2608 Christus
990 2576 1128 2606 voluerit
1143 2575 1284 2605 humana
1298 2574 1463 2605 voluntate

1516 897 1635 938 aliquid
1658 897 1727 928 fieri
1745 907 1803 938 per
1818 898 1896 928 alios
1911 898 2069 934 homines,
2087 903 2118 929 et
2133 907 2200 929 non
2216 899 2357 939 potuerit
2371 898 2475 930 facere
2491 898 2581 940 quod

1515 942 1560 972 sic
1584 941 1690 978 fieret;
1715 951 1790 972 cum
1813 943 1919 972 minus
1942 942 1995 982 pie
2018 951 2132 972 sonare
2155 943 2218 973 hoc
2242 942 2395 973 videatur.

1569 986 1681 1017 Posset
1704 986 1766 1016 dici
1789 986 1879 1026 quod
1902 985 2081 1016 verificatur
2103 985 2143 1016 de
2165 986 2330 1017 voluntate
2353 986 2580 1018 antecedente:

1515 1039 1582 1060 non
1598 1035 1827 1070 consequente.
1844 1048 1867 1052 -
1885 1029 1948 1060 Sed
1963 1030 2042 1060 haec
2057 1030 2225 1070 responsio
2240 1039 2309 1060 non
2325 1036 2483 1061 consonat
2497 1031 2582 1072 Aga-

1514 1075 1616 1104 thoni.
1641 1074 1726 1112 Quia
1748 1075 1812 1104 hoc
1835 1083 2010 1104 commune
2027 1079 2073 1105 est
2088 1074 2246 1105 voluntati
2261 1079 2326 1104 tam
2342 1073 2467 1105 divinae
2483 1083 2582 1115 quam

1514 1119 1684 1155 humanae,
1704 1123 1740 1149 ut
1759 1123 1870 1149 contra
1884 1118 2085 1149 voluntatem
2100 1117 2342 1148 antecedentem
2358 1123 2477 1158 agatur.
2502 1118 2582 1150 Sen-

1514 1163 1613 1193 tentia
1636 1168 1744 1193 autem
1766 1162 1943 1203 Agathonis
1966 1162 2144 1193 secundum
2169 1161 2378 1192 differentiam
2400 1163 2482 1193 inter
2501 1162 2581 1194 divi-

1514 1216 1590 1237 nam
1614 1212 1646 1237 et
1667 1207 1842 1237 humanam
1865 1206 2074 1242 voluntatem,
2098 1206 2131 1236 in
2155 1206 2218 1236 hoc
2242 1205 2332 1246 quod
2355 1205 2462 1237 divina
2483 1215 2581 1248 quae—¹

1514 1260 1649 1292 cumque
1672 1251 1775 1282 voluit
1787 1251 1875 1292 fecit
1888 1251 1915 1286 θ’,
1939 1251 2080 1281 humana
2103 1256 2210 1281 autem
2233 1249 2354 1290 aliquid
2375 1250 2444 1281 vult
2463 1255 2495 1281 et
2511 1259 2580 1282 non

1514 1300 1630 1336 potest,
1655 1294 1816 1335 procedit:
1841 1300 1877 1325 ut
1899 1299 1987 1335 patet
2009 1295 2043 1325 in
2065 1294 2178 1325 littera.

1569 1340 1622 1370 IV.
1646 1339 1829 1370 Dicendum
1845 1344 1892 1369 est
1914 1347 1990 1378 ergo
2014 1338 2104 1378 quod
2122 1347 2190 1369 non
2212 1339 2399 1369 inconvenit
2415 1338 2579 1370 Christum

1514 1384 1654 1414 humana
1677 1383 1842 1414 voluntate
1865 1392 1938 1413 vere
1960 1382 2101 1413 voluisse
2129 1381 2248 1423 aliquid
2271 1391 2329 1422 per
2351 1383 2477 1422 aliquos
2501 1392 2580 1423 ope-

1514 1427 1650 1458 randum
1672 1428 1723 1458 vel
1746 1437 1813 1458 non
1837 1426 2047 1467 operandum,
2065 1427 2157 1457 cuius
2173 1427 2361 1467 oppositum
2385 1426 2505 1458 factum
2521 1432 2578 1458 est.

1513 1472 1604 1507 Puta,
1628 1473 1734 1512 potuit
1756 1471 1838 1502 velle
1861 1470 1951 1511 quod
1974 1471 2088 1511 aliquis
2106 1479 2173 1501 non
2189 1476 2345 1510 peccaret,
2370 1470 2578 1503 desiderando

1515 1515 1604 1555 quod
1627 1516 1680 1546 ille
1703 1525 1771 1546 non
1795 1514 1970 1545 offenderet
1994 1514 2120 1550 Deum,
2149 1520 2179 1544 et
2201 1520 2309 1544 tamen
2332 1514 2385 1544 ille
2408 1515 2578 1554 peccabat,

1515 1559 1644 1590 Christo
1666 1569 1734 1590 non
1753 1559 1956 1599 permittente
1979 1558 2158 1589 secundum
2173 1559 2348 1588 humanam
2362 1558 2578 1590 voluntatem:

1515 1605 1591 1643 quia
1613 1613 1681 1634 non
1705 1609 1770 1634 erat
1792 1603 1826 1633 in
1849 1607 2006 1642 potestate
2021 1602 2144 1632 virtutis
2161 1602 2229 1632 eius
2245 1602 2395 1632 cohibere
2410 1608 2581 1642 peccatum

1516 1653 1626 1678 contra
1648 1647 1810 1687 peccantis
1825 1647 2034 1676 voluntatem.
2059 1646 2100 1676 Et
2123 1651 2170 1676 est
2192 1655 2297 1676 sermo
2315 1645 2354 1676 de
2370 1645 2499 1677 Christo
2521 1647 2582 1678 ho-

1515 1692 1602 1722 mine
1626 1691 1804 1722 secundum
1820 1690 1983 1730 propriam
1998 1690 2158 1720 virtutem.
2179 1690 2220 1720 Et
2235 1691 2298 1721 hoc
2314 1689 2414 1721 modo
2430 1691 2582 1731 Agathou

1515 1736 1591 1766 dicit
1614 1735 1703 1776 quod
1727 1735 1829 1765 voluit
1851 1735 1948 1765 latere
1972 1739 2002 1764 et
2025 1743 2093 1765 non
2115 1734 2231 1774 potuit,
2256 1734 2375 1765 scilicet
2402 1734 2582 1767 secundum

1515 1781 1678 1820 propriam
1701 1780 1861 1810 virtutem.
1885 1778 2044 1809 Potuisset
2065 1783 2173 1808 tamen
2196 1777 2374 1809 secundum
2389 1773 2582 1811 instrumen-

1515 1824 1611 1854 talem
1628 1824 1787 1854 virtutem.
1803 1841 1827 1845 —
1849 1823 1917 1853 Nec
1933 1823 2011 1853 haec
2027 1822 2135 1853 minus
2150 1823 2203 1862 pie
2218 1828 2344 1858 sonant,
2361 1821 2448 1862 apud
2465 1822 2582 1864 discea-

1515 1874 1627 1898 nentes
1649 1867 1731 1898 inter
1749 1867 1944 1897 subiacentia
1968 1872 1999 1896 et
2016 1875 2084 1896 non
2099 1866 2294 1897 subiacentia
2313 1865 2440 1898 Christo
2455 1863 2582 1902 hanimi

1515 1911 1693 1943 secundum
1717 1911 1880 1952 propriam
1902 1911 2069 1946 virtutem,
2101 1919 2199 1950 quam
2223 1909 2312 1951 quod
2335 1909 2501 1942 decuednt
2520 1904 2582 1944 liu·-

1515 1965 1643 1987 manam
1660 1955 1778 1986 Christi
1792 1955 1992 1985 voluntatem
2007 1960 2092 1985 recta
2108 1953 2261 1984 desideria
2277 1954 2373 1985 etiam
2387 1954 2456 1985 sine
2472 1962 2580 1996 opere.

1570 2001 1609 2031 V.
1634 2000 1670 2030 In
1693 2000 1903 2040 responsione
1928 1999 1967 2029 ad
1989 1998 2179 2034 secundum,
2204 1999 2326 2039 optime
2349 1999 2447 2029 uteris
2470 1998 2582 2031 distin-

1517 2045 1623 2075 etione
1645 2045 1727 2074 inter
1749 2044 1948 2074 voluntatem
1972 2042 2211 2078 antecedenter,
2235 2042 2286 2073 vel
2309 2043 2471 2074 absolute:
2495 2044 2582 2074 attri-

1517 2088 1646 2119 buendo
1670 2093 1839 2128 praecepta
1869 2086 2088 2118 taciturnitatis
2115 2087 2273 2117 voluntati
2304 2087 2399 2117 etiam
2421 2087 2581 2119 humanae

1517 2132 1634 2163 Christi
1657 2131 1891 2163 antecedenter.
1926 2131 2063 2162 Volebat
2086 2130 2262 2171 siquidem,
2295 2136 2452 2171 quantum
2483 2140 2521 2162 ex
2546 2141 2581 2163 se

1517 2174 1597 2212 erat,
1620 2176 1755 2216 gloriam
1777 2175 1903 2215 fugere:
1929 2181 1960 2206 et
1982 2175 2065 2206 hanc
2087 2174 2287 2205 voluntatem
2310 2180 2481 2215 praecepto
2504 2176 2582 2207 taci-

1516 2221 1674 2251 turnitatis
1697 2219 1903 2260 significabat.
1938 2219 2076 2250 Nolebat
2106 2224 2213 2249 tamen
2237 2219 2402 2255 absolute,
2430 2219 2495 2250 hoc
2517 2225 2582 2257 est,

1518 2265 1669 2295 omnibus
1692 2264 1908 2300 consideratis,
1931 2264 2038 2294 taceri.
2073 2263 2114 2294 Et
2136 2262 2211 2294 ideo
2234 2272 2302 2293 non
2323 2263 2500 2303 peccabant
2520 2272 2582 2305 pu·-

1518 2309 1670 2340 blicantes
1693 2309 1746 2339 illa
1768 2308 1931 2339 miracula.

1573 2353 1626 2384 VI.
1650 2353 1686 2383 In
1714 2353 1925 2393 responsione
1956 2351 1996 2383 ad
2021 2352 2168 2387 tertium,
2200 2350 2366 2382 considera
2396 2356 2516 2392 quanta
2541 2352 2583 2384 sit

1517 2398 1686 2428 necessitas
1711 2396 1839 2427 orandi:
1864 2405 1939 2427 cum
1963 2397 2058 2426 etiam
2081 2395 2120 2426 ad
2139 2395 2208 2435 ipsa
2223 2403 2322 2435 opera
2337 2404 2420 2435 quae
2436 2394 2581 2427 Christus

1517 2442 1635 2472 sciebat
1650 2451 1684 2472 se
1700 2441 1868 2477 facturum,
1882 2441 2034 2471 orationis
2047 2438 2191 2470 medium
2206 2438 2383 2475 adhiberet;
2399 2448 2436 2470 ea
2447 2440 2580 2477 ratione,

1518 2486 1593 2526 quia
1617 2486 1777 2516 orationes
1800 2494 1913 2515 causae
1935 2483 2060 2515 mediae
2083 2488 2157 2514 sunt
2179 2482 2219 2513 ad
2241 2482 2403 2522 operanda
2421 2489 2452 2514 et
2468 2492 2581 2515 conse-

1518 2529 1661 2570 quenda;
1686 2530 1754 2560 sine
1777 2529 1879 2559 causis
1902 2533 2010 2559 autem
2029 2526 2142 2558 mediis
2160 2526 2243 2557 velle
2265 2525 2396 2558 effectus
2412 2527 2500 2558 stulti
2523 2533 2580 2565 est,

1517 2575 1599 2604 sicut
1621 2574 1702 2604 velle
1726 2573 1874 2613 colligere
1898 2572 2056 2603 frumenta
2079 2572 2151 2615 sine,
2169 2571 2389 2601 seminatione.

2707 550 2722 574 η

2611 594 2621 603 ·
2635 592 2702 615 Ver..
2719 599 2751 621 ¹³·

2609 1259 2619 1268 ·
2626 1258 2663 1280 Po.
2674 1263 2728 1280 mn
2738 1274 2745 1284 .
2758 1264 2820 1282 ven.
2847 1245 2848 1248 Ἴ

2606 1284 2738 1341 ἑῖὢέὶῐῗζ
2754 1290 2820 1312 ‘¹¹¹¹'
