2872 3970
41 379 44 382 >
202 364 432 406 mequentia
461 368 508 395 est
537 363 629 394 clara.
652 380 675 384 —
702 361 848 393 Secunda
878 361 1053 392 declaratur
1083 371 1120 392 ex
1149 362 1259 398 tribus,

164 432 175 447 ,
201 407 432 450 sginpetcausa
446 411 479 438 et
492 405 555 442 fide
568 411 599 437 et
606 405 736 442 effectu,
748 406 884 436 inventis
898 406 932 436 in
949 405 1087 436 efficacia
1102 405 1259 445 baptismi.

134 482 142 491 „
213 481 220 490 ,
337 450 377 483 ad
399 449 586 486 secundum,
603 449 789 480 declaratur.
811 448 896 487 Quia
915 450 1016 479 oratio
1033 449 1083 479 vel
1100 448 1139 479 ad
1155 459 1261 479 exem-

147 491 162 525 {⁴¹²
204 519 205 522 ,
244 518 305 539 ,
316 493 379 543 ‚vel
401 493 441 525 ad
463 502 591 525 causam
621 493 792 534 apertionis
823 493 901 523 caeli
930 493 1033 529 nobis,
1056 492 1205 523 refertur:
1230 498 1261 523 et

147 543 151 550 ·
173 559 176 564 ,
283 541 286 544 ’
470 537 675 567 conveniens.

130 567 163 589 ζ’
192 542 590 621 v{iiimmilii&roaissitaonsione
615 579 656 611 ad
683 579 879 615 secundum
902 580 975 610 vide
1004 580 1070 611 duo
1101 580 1260 610 declarari.

288 1013 294 1037 ξ
318 1014 384 1053 t«,
400 1004 435 1045 >D
462 1002 604 1030 saxrun
632 1004 684 1030 s1c
712 1004 949 1030 paocnnrrua.
978 992 1140 1029 Videtur
1157 992 1265 1041 quod

331 1038 382 1105 ’ΞΒ
412 1045 727 1082 inconvenienter
758 1045 920 1094 Spiritus
955 1046 1118 1082 Sanctus
1150 1057 1266 1104 super

338 1104 381 1146 [ἢ
396 1097 400 1101 ’
413 1097 611 1135 Christum
632 1097 873 1147 baptizatum
898 1097 1046 1134 dicatur
1072 1097 1112 1134 in
1139 1097 1264 1147 specie

152 1182 196 1201 „.
370 1143 618 1189 columbae
652 1150 913 1187 descendisse.
957 1150 1118 1210 Spiritus
1160 1150 1264 1187 enim

150 1199 366 1251 &mus
390 1202 537 1240 habitat
563 1202 603 1240 in
629 1199 789 1240 homine
816 1215 886 1252 per
911 1203 1081 1250 gratiam.
1121 1203 1197 1239 Sed
1225 1202 1264 1239 in

146 1249 181 1294 ⁶5³²
202 1254 362 1299 bomine
383 1255 535 1293 Christo
552 1255 622 1293 fuit
639 1255 837 1305 plenitudo
860 1254 999 1303 gratiae
1027 1268 1050 1292 a
1076 1255 1263 1304 principio

153 1301 312 1356 'me
310 1308 591 1358 conceptionis,
612 1320 692 1357 quo
716 1307 784 1345 fuit
806 1309 1025 1358 Unigenitus
1051 1321 1075 1345 α
1102 1309 1214 1345 Patre
1231 1307 1263 1354 *,

155 1356 319 1405 &tex
336 1370 454 1410 supra
471 1360 492 1382 '¹‘
518 1360 629 1398 dictis
644 1367 757 1410 patet.
780 1361 890 1408 Ergo
917 1372 998 1397 non
1024 1360 1157 1397 debuit
1181 1361 1263 1410 Spi-

155 1412 309 1465 {flius
318 1413 485 1451 Sancms
508 1414 562 1451 ad
583 1425 682 1451 eum
709 1413 806 1450 mitti
833 1413 873 1450 in
901 1412 1102 1462 baptismo.

142 1444 186 1505 ,23
168 1471 294 1515 ΨΜ.
296 1466 543 1513 immet,
565 1466 737 1503 Christus
760 1466 897 1503 dicitur
923 1466 962 1503 in
990 1466 1184 1503 mundum
1203 1466 1263 1503 de-

153 1518 382 1565 mdasse
411 1530 484 1568 per
507 1519 733 1568 mysterium
767 1518 1047 1564 incarnationis,
1072 1519 1230 1580 quando
1247 1524 1264 1540 ‘²

156 1571 407 1614 munivit
430 1573 679 1621 semetipsum,
695 1572 871 1619 formam
897 1573 996 1609 sewi
1027 1573 1214 1620 accipiens
1230 1571 1261 1608 *.

298 1623 470 1673 *Spiritus
505 1625 666 1662 Sanctus
700 1636 780 1661 non
809 1632 864 1661 est
890 1624 1118 1661 incarnatus.
1161 1625 1262 1672 Ergo

259 1700 262 1702 -
290 1677 515 1714 nvenienter
541 1676 678 1714 dicitur
696 1677 804 1726 quod
832 1676 993 1730 Spiritus
1022 1677 1184 1714 Sanctus
1202 1677 1262 1714 de-

286 1729 380 1770 derit
405 1741 517 1779 super
543 1742 638 1767 eum.
1169 1745 1171 1750 κ

252 1781 290 1819 3.
319 1781 580 1829 ΡΚΑΕΤΕΒΕΑ,
571 1794 611 1819 in
638 1782 828 1831 baptismo
858 1782 997 1819 Christi
1025 1782 1174 1820 ostendi
1199 1782 1261 1819 de-

258 1833 266 1842 '
315 1834 413 1872 sicut
439 1834 479 1872 in
506 1835 680 1884 quodam
708 1835 926 1884 exemplari,
951 1835 990 1871 id
1017 1836 1125 1884 quod
1151 1835 1195 1872 fit
1222 1835 1261 1871 in

194 1889 333 1930 &actm
365 1887 567 1947 baptismo.
611 1886 688 1924 Sed
722 1887 761 1924 in
789 1895 920 1924 nostro
955 1887 1145 1936 baptismo
1181 1900 1260 1924 non

143 1936 261 2015 {iffi
259 1940 398 1990 aliqua
424 1939 555 1977 missio
591 1939 749 1977 visibilis
778 1939 939 1989 Spiritus
977 1941 1116 1978 Sancti.
1159 1942 1260 1988 Ergo

152 1992 300 2036 m
291 2005 330 2030 in
349 1993 541 2042 baptismo
561 1992 701 2030 Christi
729 1992 861 2030 debuit
878 1992 962 2030 fieri
987 1993 1143 2030 visibilis
1171 1993 1261 2030 mis-

197 2045 259 2083 sio
288 2045 449 2095 Spiritus
477 2045 616 2082 Sancti.

250 2108 291 2146 4.
320 2098 558 2144 PRAETEREA‚
589 2098 750 2147 Spiritus
787 2099 949 2135 Sanctus
981 2111 1003 2136 a
1039 2099 1189 2137 Christo
1222 2099 1261 2136 in

170 2150 173 2152 ’
161 2152 338 2197 mnes
357 2149 451 2188 alios
478 2127 690 2188 derivatur:
720 2151 937 2188 secundum
956 2151 1048 2188 illud
1067 2153 1170 2188 Ioan.
1192 2151 1259 2188 1³¹⁸:

147 2200 302 2254 Βθψ
300 2203 500 2240 lenitudine
524 2205 601 2240 eius
627 2216 695 2240 nos
712 2216 840 2240 omnes
863 2206 1082 2254 accepimus.
1103 2205 1181 2242 Sed
1200 2217 1261 2241 su-

151 2254 279 2310 per
271 2214 503 2306 pApostolos
523 2256 684 2305 Spiritus
713 2257 875 2293 Sanctus
898 2257 1103 2302 descendit,
1124 2269 1204 2294 non
1223 2257 1262 2293 in

149 2307 327 2362 specie
346 2308 561 2349 columbae.
581 2309 649 2346 sed
677 2309 716 2345 in
744 2309 870 2358 specie
895 2309 990 2357 ignis
1008 2309 1039 2346 *.
1069 2310 1171 2358 Ergo
1190 2322 1262 2346 nec

158 2365 318 2411 super
345 2361 542 2398 Christum
569 2361 609 2398 in
637 2361 762 2421 specie
791 2362 993 2399 columbae
1032 2362 1262 2400 descendere

145 2410 345 2461 debuit
366 2414 434 2451 sed
461 2414 500 2450 in
527 2414 653 2463 specie
681 2414 787 2462 ignis.

148 2470 219 2510 ff.
255 2467 331 2504 San
357 2478 502 2504 CONTRA
529 2478 595 2504 asr
617 2467 726 2516 quod
762 2467 899 2504 dicitur
925 2469 1020 2504 Luc.
1050 2480 1083 2504 111
1110 2468 1150 2505 *z
1187 2470 1261 2506 De-

157 2514 339 2557 &cendit
365 2520 520 2581 Spiritus
548 2522 703 2557 Sanctus
734 2521 925 2570 corporali
949 2522 1069 2570 specie
1086 2523 1178 2558 sicut
1204 2534 1262 2558 co-

162 2568 328 2611 lumba
360 2574 397 2609 in
426 2574 557 2622 ipsum.

224 2624 478 2663 Rsssponnsso
497 2637 678 2663 DlCENDUM
693 2625 801 2674 quod
819 2626 895 2662 hoc
913 2626 1020 2675 quod
1039 2626 1138 2663 circa
1157 2626 1263 2664 Chri-

166 2682 306 2717 §tum
338 2677 481 2715 factum
516 2686 571 2715 est
597 2677 637 2714 in
665 2678 746 2714 eius
774 2678 982 2727 baptismo,
1013 2679 1109 2716 sicut
1145 2679 1263 2729 Chry-

165 2737 397 2774 metemus
429 2730 531 2776 dicit,
560 2743 672 2792 super
696 2732 831 2768 Matth.
855 2731 876 2753 '⁸‘
885 2733 1079 2781 pertinet
1105 2733 1155 2769 ad
1180 2745 1263 2781 my-

166 2783 352 2821 §verium
371 2785 536 2820 omnium
552 2786 615 2833 qui
625 2785 862 2833 postmodum
871 2785 1030 2831 fuerant
1044 2786 1262 2834 baptizandi.

141 2833 181 2886 ζ
203 2832 352 2897 Ques
379 2843 510 2883 autern
537 2835 604 2885 qui
631 2836 823 2895 baptismo
846 2837 985 2874 Christi
1013 2837 1261 2886 baptizantur,

145 2901 159 2935 J
186 2907 203 2910 ‘⁴
289 2887 387 2930 tum
417 2879 603 2927 Sanctum
630 2888 832 2938 recipiunt,
861 2889 932 2926 nisi
959 2889 1037 2927 ficti
1065 2890 1262 2928 accedant:

140 2946 184 2990 ᾖ]
204 2931 419 2978 secundum
454 2941 545 2978 illud
579 2942 713 2978 Matth.
734 2953 767 2978 111
791 2941 830 2978 *ε
863 2944 950 2991 Ipse
979 2955 1044 2980 vos
1071 2945 1264 2992 baptizabzt

204 2993 245 3031 in
271 2995 406 3044 Spiritu
433 2995 579 3031 Sancto.
609 2994 656 3031 Et
683 2993 770 3030 ideo
799 2994 1032 3031 conveniens
1051 2995 1119 3032 fuit
1141 3003 1183 3032 ut
1202 3009 1263 3032 su-

151 3067 175 3100 3,
204 3053 274 3097 per
297 3045 529 3095 baptizatum
549 3046 764 3082 Dominum
784 3045 798 3076 β
827 3046 987 3095 Spiritus
1013 3048 1174 3084 Sanctus
1202 3049 1264 3085 de-

141 3096 173 3143 1³3³
192 3096 411 3136 scenderet.
645 3121 649 3125 ‚

162 3178 163 3182 ,
187 3178 190 3179 γ
258 3151 316 3188 An
335 3163 469 3188 prunum
497 3163 595 3188 ERGO
619 3163 799 3188 memnon
828 3151 946 3200 quod,
967 3151 1063 3189 sicut
1089 3153 1264 3200 Augusti-

141 3202 171 3254 ‘33
202 3210 280 3257 11115
297 3202 396 3250 dicit,
416 3204 487 3240 XV
505 3203 551 3240 de
572 3205 608 3240 T
605 3216 675 3240 rzn
694 3203 726 3249 *,
746 3204 1047 3241 absurdissimum
1067 3210 1117 3241 est
1144 3206 1265 3242 dicere

157 3263 183 3295 cl
199 3242 306 3310 quod
329 3256 514 3301 Christus,
541 3267 626 3292 cum
654 3261 743 3292 esset
776 3257 851 3292 iam
878 3256 1030 3306 triginta
1057 3268 1262 3304 annorum,

195 3310 400 3360 rmepwsel
427 3310 601 3358 Spiritum
631 3310 827 3345 Sanctum.-
859 3309 925 3345 sed
948 3311 1047 3346 venit
1073 3310 1124 3346 ad
1148 3311 1263 3358 bapti-

139 3359 338 3423 ..qmem
357 3362 448 3398 sicut
464 3362 543 3398 sine
555 3366 721 3410 peccato,
743 3362 792 3397 ita
821 3374 894 3398 non
914 3363 993 3398 sine
1016 3363 1151 3411 Spiritu
1172 3364 1264 3399 San·

198 3453 307 3507 mm
306 3469 423 3507 mado.
439 3482 529 3508 -qua
547 3475 600 3507 PG,
616 3483 667 3508 per
686 3482 764 3508 quam
784 3475 825 3507 pfl
845 3481 871 3500 et
889 3475 925 3504 bc,
941 3482 993 3507 per
1010 3475 1082 3507 quod
1095 3476 1141 3504 εΗ,
1156 3483 1208 3500 om.
1222 3475 1262 3501 EI.

142 3522 191 3553 μζ
205 3506 294 3604 πῖξβξ
305 3509 466 3544 Quum
485 3511 639 3538 Danuvinum.
656 3525 676 3531 -
695 3511 828 3536 Christum
853 3511 1016 3543 baptizatum
1035 3511 1107 3537 tertia
1127 3517 1227 3543 praeter
1245 3511 1262 3536 1.

178 3556 180 3559 ·
253 3545 415 3606 wrzuidst-
394 3546 532 3578 -Tertia3
551 3546 599 3572 hoc
617 3547 686 3571 idem
705 3547 734 3577 E,
754 3546 825 3578 quod
843 3546 947 3578 quidem
967 3546 1052 3571 ceteri.
1070 3546 1156 3571 —Pro
1175 3546 1260 3576 Nunc,

349 3633 458 3658 suumn
476 3633 576 3659 Timor..
596 3634 627 3659 D.
640 3634 755 3658 ΤιιοΜΛε
774 3634 806 3659 Τ.
821 3634 884 3659 VIII.

848 282 1116 329 ›QUAESTIO
1145 283 1322 330 XXXIX,
1351 283 1641 320 ARTICULUS
1669 283 1718 321 VI

2295 282 2368 330 393

1312 362 1474 397 Primum,
1499 361 1588 401 quod
1616 362 1694 392 caeli
1724 363 1823 402 aperti
1853 362 2002 393 dicuntur
2027 372 2094 393 non
2119 363 2151 393 in
2174 363 2293 403 seipsss,
2318 362 2373 392 sed

1315 405 1494 436 secundum
1516 406 1673 442 visionem
1698 405 1824 436 Christi.

1370 449 1627 485 Secundum-est,
1644 449 1745 489 qualis
1761 449 1855 480 fuerit
1869 451 1927 480 ista
1942 450 2021 480 visio
2034 461 2040 480 :
2066 451 2247 490 corporalis,
2263 451 2374 490 imagi-

1314 493 1410 528 naria,
1427 493 1478 523 vel
1493 493 1722 523 intellectualis.
1739 492 1780 523 Et
1793 493 1868 523 licet
1884 494 2043 533 quaelibet
2060 494 2218 533 possibilis
2242 494 2373 529 dicatur,

1314 537 1535 567 intellectualis
1563 542 1672 567 tamen
1704 538 1945 568 convenientior
1971 537 2111 574 videtur,
2135 543 2247 577 utpote
2272 538 2376 568 excel-

1314 580 1440 610 lentior.

1008 714 1326 757 -ARTICU-LUS
1357 715 1565 757 SEXTUS

458 807 615 841 UTRUM
639 806 980 838 CONVENIENTER
1004 807 1192 838 SPIRITUS
1215 806 1413 838 SANCTUS
1436 807 1571 839 SUPER
1594 808 1819 840 CHRISTUM
1842 797 2121 840 BAPTIZATUM

782 851 977 883 DICATUR
1000 852 1043 882 IN
1067 851 1215 882 SPECIE
1239 851 1479 882 COLUMBAE
1503 852 1792 884 DESCENDISSE

721 921 794 952 Infra,
814 929 859 953 qu.
877 929 933 951 xcv,
953 925 999 946 art.
1018 928 1044 952 4,
1063 921 1095 946 ad
1115 928 1145 952 23
1165 921 1174 945 l
1194 921 1276 949 Sent„
1297 921 1354 945 dist.
1373 929 1423 951 xm,
1443 927 1489 946 art.
1511 922 1540 952 33
1560 923 1589 947 In
1610 923 1717 952 Matth.,
1737 930 1793 955 cap.
1812 930 1850 948 111.

1317 998 1386 1029 cto.
1408 995 1449 1029 Si
1465 995 1563 1030 enim
1583 994 1627 1030 de
1640 996 1786 1031 Ioanne
1804 996 1979 1044 scriptum
1999 1001 2049 1031 est
2068 995 2166 1044 quod
2186 1010 2204 1028 «
2223 995 2374 1044 replebi-

1316 1050 1378 1081 tur
1396 1047 1532 1095 Spiritu
1547 1048 1681 1084 Sancto
1701 1049 1748 1083 ab
1767 1053 1870 1084 utero
1890 1049 2018 1084 matris
2035 1059 2125 1084 suae
2141 1063 2175 1093 ›>,
2192 1048 2279 1097 quid
2295 1053 2311 1076 Υ
2331 1048 2375 1085 de

1316 1098 1467 1134 honnne
1506 1099 1648 1136 Christo
1685 1100 1879 1136 dicendum
1907 1106 1976 1145 est,
2005 1102 2108 1136 cuius
2144 1102 2268 1137 carnis
2296 1102 2374 1149 ipsa

1316 1152 1506 1199 conceptio
1535 1164 1608 1188 non
1637 1152 1810 1198 carnalis,
1835 1153 1899 1188 sed
1923 1153 2120 1201 spiritualis
2137 1153 2243 1200 fuit?
2261 1154 2375 1190 Nunc

1318 1214 1422 1252 ergo,
1442 1202 1538 1239 idest
1557 1203 1596 1240 in
1615 1204 1817 1252 baptismo,
1838 1217 1972 1253 corpus
1995 1217 2114 1250 suum,
2135 1206 2223 1242 idest
2249 1206 2375 1242 Eccle-

1316 1257 1423 1301 siam,
1438 1258 1705 1305 praefigurare
1737 1257 1910 1306 dignatus
1937 1263 2004 1303 est,
2033 1259 2071 1294 in
2101 1270 2173 1306 qua
2208 1260 2378 1307 baptizat-i

1312 1310 1516 1357 praecipue
1542 1310 1726 1358 accipiunt
1753 1311 1928 1359 Spiritum
1956 1311 2142 1347 Sanctum.

1371 1362 1428 1398 AD
1456 1373 1645 1399 SECUNDUM
1671 1374 1852 1399 DICENDUM
1880 1363 1998 1411 quod,
2019 1362 2115 1399 sicut
2141 1363 2375 1411 Augustinus

1317 1413 1423 1459 dicit,
1453 1413 1492 1450 in
1521 1415 1550 1451 II
1578 1415 1623 1451 de
1650 1416 1753 1452 Trin.
1774 1414 1811 1460 ³⁸,
1843 1415 2002 1464 Spiritus
2032 1416 2192 1452 Sanctus
2221 1416 2375 1453 descen·
2404 1426 2412 1437 ·
2446 1432 2459 1447 a
2498 1432 2512 1446 v
2535 1432 2547 1446 v

1318 1466 1416 1503 disse
1431 1467 1568 1504 dicitur
1586 1479 1701 1516 super
1715 1467 1910 1504 Christum
1930 1468 2054 1516 specie
2074 1469 2262 1517 corporali
2281 1469 2376 1506 sicut

1317 1520 1510 1565 columba,
1530 1532 1610 1556 non
1638 1519 1729 1568 quia
1756 1519 1838 1569 ipsa
1865 1520 2073 1557 substantia
2092 1521 2253 1570 Spiritus
2282 1523 2375 1559 San—

1317 1571 1365 1608 cti
1382 1572 1594 1609 videretur:
1615 1585 1715 1621 quae
1734 1580 1789 1609 est
1808 1573 2013 1610 invisibilis.
2042 1575 2181 1622 Neque
2200 1574 2250 1611 ita
2269 1575 2375 1623 quod

1317 1624 1378 1661 illa
1405 1625 1561 1662 visibilis
1589 1633 1760 1662 creamra
1787 1625 1826 1662 in
1854 1626 2038 1663 unitatem
2065 1639 2252 1675 personae
2281 1627 2375 1664 divi-

1316 1689 1389 1714 nae
1417 1685 1693 1715 assumeretur:
1723 1689 1850 1727 neque
1870 1678 1971 1715 enim
2000 1679 2138 1715 dicitur
2164 1680 2272 1728 quod
2292 1680 2375 1728 Spi-

1317 1730 1409 1767 ritus
1438 1731 1600 1767 Sanctus
1628 1730 1673 1767 sit
1701 1731 1892 1778 columba,
1913 1731 2008 1767 sicut
2027 1731 2162 1768 dicitur
2189 1732 2295 1780 quod
2315 1733 2375 1769 Fi-

1316 1783 1388 1820 lius
1407 1783 1479 1820 Dei
1499 1791 1553 1819 est
1577 1784 1709 1829 homo,
1730 1783 1875 1820 ratione
1899 1783 2064 1820 unionis.
2094 1785 2232 1833 Neque
2261 1785 2375 1822 etiam

1316 1836 1392 1872 hoc
1419 1836 1539 1872 modo
1575 1835 1735 1884 Spiritus
1772 1837 1932 1872 Sanctus
1959 1837 2065 1872 visus
2100 1844 2155 1872 est
2182 1837 2221 1873 in
2250 1837 2375 1885 specie

1315 1888 1519 1932 columbae
1547 1888 1643 1924 sicut
1670 1889 1831 1924 Ioannes
1854 1888 1948 1925 vidit
1975 1901 2118 1936 agnum
2147 1890 2317 1926 occisum
2337 1890 2375 1926 in

1314 1940 1556 1990 Apocalypsi,
1577 1948 1619 1977 ut
1641 1941 1803 1978 habetur
1829 1942 1945 1990 Apoc.
1966 1954 1989 1978 v
2007 1941 2047 1977 *z

1304 1994 1415 2041 facta
1431 1995 1510 2041 fuit
1537 1995 1574 2030 in
1602 1995 1730 2043 spiritu
1753 2006 1826 2043 per
1851 1994 2056 2043 spirituales
2084 1997 2267 2044 imagines
2294 2008 2376 2032 cor-

1309 2059 1469 2096 porum;
1487 2046 1532 2083 de
1555 2047 1618 2083 illa
1645 2059 1733 2084 vero
1768 2047 1940 2084 columba
1968 2047 2088 2084 nullus
2123 2059 2285 2096 unquam
2314 2048 2375 2085 du-

1315 2100 1439 2136 bitavit
1458 2101 1544 2147 quin
1565 2099 1679 2136 oculis
1696 2101 1775 2136 visa
1793 2101 1846 2136 sit.
1868 2101 1951 2136 Nec
1970 2099 2084 2136 etiarn
2103 2100 2179 2136 hoc
2197 2101 2317 2137 modo
2337 2100 2376 2137 in

1316 2151 1441 2200 specie
1469 2151 1672 2188 columbae
1702 2151 1863 2200 Spiritus
1888 2152 2049 2189 Sanctus
2077 2152 2252 2202 apparuit
2281 2153 2376 2190 sicut

1316 2203 1463 2248 dicitur,
1484 2205 1498 2240 Ι
1522 2205 1607 2240 Cor.
1628 2216 1652 2240 x
1669 2203 1700 2249 a«,
1732 2219 1750 2238 «
1772 2206 1883 2241 Petra
1902 2211 2024 2241 autem
2045 2211 2123 2241 erat
2148 2206 2311 2242 Christus
2332 2221 2351 2240 ›>
2365 2220 2376 2242 :
2404 2218 2413 2228 ·
2450 2223 2462 2238 e

1315 2258 1379 2294 illa
1407 2258 1505 2293 enim
1524 2255 1537 2278 δ
1566 2258 1640 2293 iam
1669 2263 1749 2293 erat
1776 2258 1813 2293 in
1849 2263 2040 2303 creatura,
2069 2263 2116 2294 et-
2123 2270 2196 2307 per
2223 2260 2376 2295 actionis

1315 2310 1466 2347 modum
1487 2315 1698 2358 nuncupata
1718 2315 1768 2345 est
1787 2312 1936 2346 nomine
1953 2311 2097 2356 Christi,
2109 2322 2216 2359 quem
2231 2316 2242 2331 Ε
2260 2313 2375 2361 signi-

1304 2364 1469 2411 ficabat,·
1496 2362 1559 2399 illa
1587 2368 1709 2399 autem
1728 2363 1899 2399 columba
1927 2363 1978 2399 ad
1996 2364 2066 2399 hoc
2092 2368 2233 2399 tantum
2261 2365 2374 2413 signi-

1305 2415 1504 2463 ficandum
1541 2421 1688 2464 repente
1725 2416 1838 2451 extitit
1865 2421 1898 2451 et
1923 2421 2054 2464 postea
2088 2417 2256 2462 cessavit,
2284 2418 2375 2453 sicut

1307 2470 1471 2518 flamma
1499 2480 1593 2516 quae
1620 2469 1657 2504 in
1687 2469 1780 2504 rubo
1808 2469 1979 2517 apparuit
2005 2470 2147 2516 Moysi.

1368 2520 1515 2557 Dicitur
1533 2532 1622 2568 ergo
1643 2520 1802 2569 Spiritus
1823 2521 1983 2557 Sanctus
2010 2521 2234 2558 descendisse
2260 2533 2376 2570 super

1317 2573 1524 2619 Christum,
1563 2585 1643 2609 non
1679 2572 1824 2609 ratione
1861 2572 2014 2609 unionis
2051 2574 2099 2610 ad
2137 2574 2373 2610 columbam:

1317 2626 1384 2662 sed
1402 2627 1464 2662 vel
1492 2625 1636 2663 ratione
1656 2625 1774 2675 ipsius
1802 2626 2004 2663 columbae
2032 2626 2273 2674 significantis
2294 2626 2374 2675 Spi-

1317 2678 1433 2715 ritum
1463 2679 1665 2723 Sanctum,
1692 2691 1791 2727 quae
1820 2678 2089 2715 descendendo
2123 2691 2239 2727 super
2267 2679 2374 2715 Chri-

1317 2739 1419 2768 stum
1447 2731 1571 2777 venit;
1600 2733 1662 2768 vel
1690 2731 1803 2768 etiam
1832 2731 1976 2768 ratione
2005 2731 2206 2779 spiritualis
2224 2732 2373 2779 gratiae,

1317 2797 1417 2834 quae
1445 2797 1467 2821 a
1486 2785 1570 2821 Deo
1598 2795 1668 2833 per
1695 2784 1859 2820 modum
1885 2783 2084 2820 cuiusdam
2113 2784 2317 2820 descensus
2336 2784 2375 2820 in

1317 2845 1530 2874 creaturam
1568 2836 1780 2885 derivatur,
1816 2837 2030 2872 secundum
2067 2835 2159 2872 illud
2195 2837 2265 2873 Iac.
2296 2849 2305 2873 1
2333 2836 2373 2884 ²¹²,
2403 2841 2411 2850 ·

1322 2890 1440 2926 Omne
1467 2890 1592 2926 datum
1612 2891 1802 2938 optimum,
1823 2894 1856 2924 et
1874 2901 1984 2925 omne
2002 2889 2139 2925 donum
2153 2890 2374 2938 perfectum,

1317 2943 1507 2979 desursum
1535 2947 1596 2987 est,
1617 2941 1836 2978 descendens
1863 2953 1886 2978 a
1913 2943 2024 2978 Patre
2050 2942 2242 2978 luminum.

1371 2996 1427 3031 AD
1447 3006 1604 3031 TERTmM
1619 3006 1799 3030 memnon
1819 2994 1935 3041 quod,
1957 2993 2051 3030 sicut
2076 2994 2375 3042 Chrysostornus

1318 3047 1417 3092 dicit,
1437 3059 1548 3095 super
1575 3047 1708 3083 Matth.
1728 3045 1758 3091 ⁵¹2
1780 3047 1816 3082 in
1840 3047 2034 3095 principiis
2055 3047 2299 3095 spiritualium
2319 3060 2375 3084 re-

1319 3112 1402 3136 rum
1429 3111 1574 3147 semper
1599 3099 1783 3135 sensibiles
1817 3105 1997 3147 apparent
2023 3100 2196 3144 visiones,
2221 3106 2376 3149 propter

1318 3165 1379 3189 eos
1399 3153 1462 3200 qui
1488 3151 1628 3187 nullam
1647 3151 1923 3200 intelligentiam
1950 3152 2193 3200 incorporalis
2221 3158 2377 3189 naturae

1317 3206 1501 3253 suscipere
1522 3209 1697 3252 possunt:
1725 3209 1773 3248 ut,
1793 3205 1826 3239 si
1845 3209 1974 3252 postea
2003 3216 2076 3240 non
2094 3206 2216 3252 fiant,
2245 3217 2295 3242 ex
2321 3206 2376 3242 his

1319 3269 1412 3306 quae
1438 3256 1551 3292 semel
1573 3256 1683 3303 facta
1709 3261 1809 3302 sunt,
1838 3258 2015 3305 recipiant
2038 3257 2170 3305 fidem.
2213 3258 2260 3294 Et
2288 3257 2374 3294 ideo

1318 3309 1416 3346 circa
1445 3307 1639 3345 Christum
1667 3307 1898 3356 baptizatum
1923 3309 2110 3357 corporali
2139 3309 2262 3358 specie
2293 3310 2375 3359 Spi-

1319 3361 1411 3398 ritus
1431 3362 1592 3398 Sanctus
1611 3360 1803 3397 visibiliter
1821 3361 2024 3408 descendit,
2045 3370 2086 3398 ut
2106 3374 2221 3411 super
2240 3374 2376 3400 omnes

1370 3474 1396 3508 ὃ)
1415 3475 1493 3500 enim.
1510 3488 1530 3493 -
1543 3478 1624 3506 petra
1643 3474 1713 3499 addit
1730 3475 1810 3500 tertia.

1370 3511 1393 3544 ε)
1412 3518 1496 3542 quem.
1515 3524 1534 3529 —
1551 3510 1664 3540 PDGac3
1683 3518 1770 3542 quam.

2077 1942 2140 1978 illa
2163 1943 2260 1979 enim
2287 1944 2376 1980 visio
2405 1956 2412 1964 ·
2450 1959 2486 1974 es

2403 3051 2413 3062 ⁴
2427 3051 2513 3073 Homil.
2529 3051 2582 3073 ΧΠ,
