2912 4030
327 307 360 338 Si
383 307 479 337 lectio
503 305 515 335 1
541 303 731 335 ordinariam
755 304 955 334 solutionum
979 304 1133 335 facturam
1157 310 1188 335 et
1211 305 1338 335 solitam

272 350 421 382 dictionis
443 348 640 380 luciditatem
664 347 854 384 ostenderet,
871 349 952 378 inter
972 358 1043 379 eam
1059 355 1090 379 et
1106 349 1275 388 antiquum
1291 354 1338 379 te-

270 402 362 426 xtum
380 394 526 425 haesitari
548 393 600 423 vix
623 393 740 423 liceret.
765 393 807 422 At
827 398 925 433 prout
947 393 1038 426 iacet,
1056 399 1086 423 et
1109 394 1142 423 in
1166 402 1199 423 se
1223 399 1254 423 et
1277 398 1338 423 tra-

272 439 401 471 ditionis
416 438 601 469 testimonio
618 442 811 477 comparata,
828 446 888 467 nec
904 438 1056 476 tantisper
1071 437 1246 471 haesitandi
1263 447 1338 467 cau-

271 493 339 514 sam
369 483 509 523 praebet.
532 481 769 522 Argumentum
794 487 826 511 et
853 481 972 511 solutio
997 491 1014 511 a
1037 491 1203 512 recensore
1234 487 1338 512 textus

272 528 284 558 1
307 527 435 558 noviter
457 525 626 557 adinventa
649 530 732 556 sunt.
758 525 842 556 Inter
858 525 1055 556 obiectiones
1079 531 1304 566 argumentum
1320 536 1338 556 a

272 569 488 602 controversia
510 569 550 600 de
574 578 710 610 corpore
727 570 879 600 existente
902 570 936 599 in
961 579 1106 600 convexo
1123 570 1202 600 caeli
1226 579 1337 610 empy—

270 616 318 647 rei
339 615 477 656 petitum
500 613 610 644 adesse
625 613 736 649 voluit,
755 613 805 643 vel
828 613 910 644 forte
934 614 1126 654 scriptorum
1142 620 1268 644 tantum
1291 614 1337 644 vi—

270 659 317 690 tio
341 669 409 690 non
438 658 548 689 adesse
577 657 725 694 credidit3
750 658 883 688 lacunae
914 657 1095 698 implendae
1123 659 1222 699 gratia
1245 668 1336 698 argu-

269 709 418 734 mentum
434 713 473 734 ex
491 702 732 733 Commentario
751 702 802 732 vel
822 711 859 732 ex
879 702 1052 738 Quodlibet
1066 703 1182 733 variata
1197 702 1336 733 dictione

219 767 221 769 ·
269 747 448 784 mutuavit;
472 746 670 778 solutionem
692 752 801 777 tamen
832 747 900 787 ipse
928 747 1128 786 composuit,
1155 747 1206 777 vel
1229 747 1337 787 potius

271 800 289 822 a
312 801 346 822 se
362 800 560 832 componere
582 795 712 821 coactus
737 795 792 821 est.
818 791 866 821 Ex
887 801 952 821 una
973 791 1059 821 enim
1074 796 1173 831 parte,
1190 792 1223 821 in
1242 791 1337 821 Com-

271 836 430 866 mentario
463 835 582 866 solutio
616 836 794 875 argumenti
825 835 1015 875 opinionem
1045 845 1103 875 per
1126 835 1156 866 S.
1174 835 1337 865 Thomam

269 885 383 921 postea
397 885 596 910 retractatam
613 880 777 920 supponit,
790 889 828 910 ex
843 879 939 910 altera
951 889 1028 910 vero
1044 879 1162 910 solutio
1178 880 1212 909 in
1227 879 1337 916 Quod-

271 924 346 956 libet
368 930 400 955 et
428 923 555 955 brevior
583 929 630 954 est
653 933 751 964 quam
774 929 810 954 ut
832 925 949 954 variata
973 923 1113 954 dictione
1135 923 1193 954 fini
1222 924 1336 954 servire

269 974 389 1010 posset,
407 974 438 999 et
461 969 530 1008 ipsa
552 977 610 998 sua
632 967 742 998 indole
766 977 842 998 eum
865 967 905 998 ad
929 977 1046 1008 corpus
1069 968 1193 998 articuli
1215 968 1337 998 reiicie-

269 1013 333 1044 bat.
357 1013 521 1044 Recensor
537 1021 613 1052 ergo
630 1013 694 1043 suis
717 1012 835 1043 viribus
858 1012 986 1043 relictus
1003 1017 1078 1043 erat.
1101 1012 1151 1042 Ne
1168 1021 1338 1052 argumen-

270 1063 379 1088 torum
401 1066 555 1088 numerus
577 1066 638 1087 nec
662 1057 832 1087 solutionis
859 1057 941 1087 iusta
964 1055 1133 1097 longitudo
1165 1061 1336 1092 cresceret,

270 1107 433 1132 extensam
453 1101 643 1132 obiectionis
667 1107 699 1131 et
721 1100 947 1131 adiunctorum
966 1101 1130 1131 materiam
1153 1101 1236 1130 inter
1257 1110 1337 1140 pau-

270 1155 384 1176 corum
398 1146 572 1176 verborum
594 1146 748 1176 terminos
764 1150 882 1175 arctare
899 1145 1085 1185 compulsus
1102 1150 1158 1180 est,
1175 1143 1231 1175 sed
1247 1145 1338 1185 operi

268 1198 337 1220 non
360 1189 421 1220 fuit
443 1189 603 1229 aequalis:
628 1189 828 1219 solutionum
851 1190 1078 1219 oeconomiam
1101 1198 1170 1219 non
1193 1189 1336 1225 servavit,

268 1235 443 1274 genuinam
466 1233 613 1263 Thomae
629 1234 863 1274 praecisionem
887 1238 918 1263 et
937 1238 1152 1273 spontaneum
1168 1242 1337 1272 argumen-

267 1278 397 1308 tationis
420 1276 567 1308 ordinem
590 1276 746 1308 imitando
769 1286 838 1307 non
862 1277 1019 1317 aequavit,
1044 1276 1100 1307 sed
1124 1287 1141 1307 e
1157 1282 1268 1307 contra
1290 1282 1337 1307 ta-

267 1321 333 1353 lem
349 1322 545 1352 solutionem
570 1322 764 1363 composuit.
783 1321 874 1351 cuius
897 1321 1033 1352 similem
1056 1322 1090 1351 in
1113 1326 1180 1351 tota
1204 1321 1337 1351 Summa

267 1374 336 1397 non
358 1366 401 1397 sis
423 1366 622 1397 inventurus.

324 1409 457 1441 Clarum
487 1415 537 1441 est
567 1409 658 1451 quod
681 1418 889 1451 quacumque
916 1410 1038 1440 ratione
1072 1414 1184 1440 auctor
1214 1410 1337 1450 antiqui

267 1460 373 1486 textus
396 1453 512 1486 adduci
539 1455 697 1497 potuisset
719 1459 756 1484 ut
778 1454 952 1484 lectionem
980 1454 1169 1494 autographi
1193 1463 1337 1484 corrum-

267 1504 367 1540 peret,
386 1498 498 1530 eadem
522 1498 597 1530 duci
627 1498 734 1539 potuit
762 1503 875 1529 auctor
897 1498 1075 1529 lectionum
1099 1508 1178 1538 quas
1208 1502 1338 1529 notator

267 1544 496 1585 patrocinatur.
521 1543 570 1574 Ex
584 1543 644 1574 hac
659 1548 749 1583 parte
773 1547 909 1582 uterque
925 1548 1038 1573 auctor
1054 1542 1170 1573 eodem
1189 1543 1258 1573 iure
1274 1543 1337 1573 uti-

267 1594 329 1619 tur.
353 1588 396 1618 Et
411 1588 437 1618 si
459 1588 592 1628 insuper
605 1586 784 1618 traditionis
806 1587 1029 1618 testimonium
1045 1587 1150 1617 neutri
1173 1587 1254 1626 parti
1269 1596 1336 1617 ma-

266 1633 316 1674 gis
339 1631 444 1663 favere
467 1633 562 1673 gratis
586 1631 792 1667 admittimus,
810 1636 842 1661 et
864 1630 1020 1662 iudicium
1041 1631 1124 1662 circa
1147 1631 1336 1669 authentici-

266 1682 366 1708 tatem
391 1676 430 1707 ad
453 1676 522 1707 sola
543 1676 714 1707 intrinseca
737 1675 915 1706 lectionum
937 1676 1049 1706 merita
1078 1674 1253 1706 deductum
1276 1675 1336 1706 fin-

265 1722 384 1762 gimus,
400 1730 452 1753 me
468 1719 574 1751 indice
590 1725 646 1750 aut
660 1720 756 1750 lectio
781 1720 794 1750 I
818 1724 873 1750 aut
895 1724 1031 1759 utraque
1048 1720 1250 1760 supposititia
1267 1720 1335 1750 erit.

324 1775 376 1807 27.
401 1764 476 1795 Duo
500 1764 572 1795 loca
587 1763 627 1795 ad
641 1773 779 1804 sequens
794 1763 958 1794 volumen
981 1768 1127 1794 nostrum
1147 1764 1336 1803 pertinentia

266 1819 326 1851 pro
351 1808 508 1840 essentiali
526 1813 615 1849 parte
639 1808 856 1843 exscribimus,
872 1812 909 1837 ut
923 1807 1025 1838 lector
1046 1807 1196 1838 locorum
1220 1807 1335 1838 descri-

265 1854 413 1896 ptionem
429 1863 447 1884 a
462 1858 610 1884 notatore
633 1851 807 1883 adhibitam
830 1851 993 1891 intelligat.
1018 1851 1126 1882 Primo
1149 1851 1225 1882 loco
1245 1861 1335 1892 pono

266 1898 422 1930 lectiones
445 1897 601 1937 antiquas,
617 1896 669 1927 vel
687 1896 802 1927 melius
821 1896 919 1926 totius
935 1895 1000 1926 fere
1016 1895 1203 1931 traditionis,
1220 1895 1335 1926 deinde

266 1943 420 1974 lectiones
442 1941 467 1978 1,
491 1941 606 1972 ultimo
630 1941 784 1972 lectiones
808 1940 879 1978 QR,
904 1949 1041 1980 quarum
1064 1940 1122 1971 uni
1138 1940 1150 1970 Ι
1165 1950 1232 1971 non
1258 1950 1336 1971 con-

266 1987 371 2018 sentit.
405 1986 565 2017 Praenoto
599 1986 716 2026 primo,
745 1986 841 2016 etiam
870 1985 923 2015 hic
954 1985 1004 2025 agi
1031 1984 1070 2015 de
1097 1984 1241 2015 doctrina
1272 1994 1336 2025 qua

266 2030 299 2063 S.
324 2030 468 2062 Thomas
499 2029 576 2061 dicit
602 2039 636 2060 se
662 2029 700 2060 ab
729 2029 878 2060 anteriori
904 2029 1060 2070 opinione
1087 2039 1145 2059 sua
1171 2028 1335 2060 recedere:

266 2076 354 2118 quod
377 2075 553 2117 aliquando
577 2074 656 2104 mihi
678 2074 780 2104 visum
804 2078 860 2105 est.
895 2073 959 2104 Sed
981 2073 1169 2115 diligentius
1192 2074 1336 2104 conside-

267 2121 356 2152 ranti
379 2126 439 2151 etc.
464 2119 540 2150 dicit
555 2124 696 2159 utroque
718 2118 804 2149 loco.
829 2117 991 2153 Secundo,
1008 2118 1080 2148 loca
1096 2118 1244 2158 parallela
1267 2127 1335 2148 esse

266 2171 299 2197 et
313 2170 381 2196 tota
396 2162 621 2205 comparanda,
637 2163 822 2203 praesertim
835 2173 841 2193 :
867 2163 989 2193 iustitia
1006 2167 1078 2193 erat
1092 2172 1134 2193 ex
1145 2161 1219 2203 fide
1233 2162 1335 2203 signi-

254 2210 373 2252 ficata,
398 2218 463 2239 non
487 2217 530 2239 ex
551 2206 796 2238 circumcisione
818 2207 1032 2249 significante.

328 2318 386 2352 Qu.
406 2324 474 2350 an,
496 2322 549 2344 art.
572 2316 589 2343 6
611 2316 648 2343 ad
672 2315 698 2343 3.

325 2357 447 2387 Taxrus
467 2363 641 2385 ammons:
668 2356 704 2384 Et
725 2354 791 2383 ideo
813 2354 916 2383 melius
938 2354 1094 2383 dicendum
1121 2353 1234 2382 videtur
1255 2354 1335 2391 quod

265 2396 446 2426 circumcisio
468 2402 528 2424 erat
549 2395 663 2432 signum
685 2394 751 2423 fidei
772 2394 962 2423 iustificantis.
984 2395 1068 2423 Unde
1089 2394 1248 2431 Apostolus
1267 2394 1336 2422 dicit

266 2436 351 2466 Rom.
369 2445 389 2472 4
410 2437 492 2473 quod
519 2436 665 2463 Abraham
694 2434 804 2477 accepit
831 2434 945 2472 signum
977 2433 1212 2469 circumcisionis,
1240 2433 1336 2472 signa-

265 2477 364 2505 culum
379 2475 502 2504 iustitiae
517 2475 594 2504 fidei.
616 2475 653 2503 Et
667 2474 735 2503 ideo
750 2474 779 2503 in
795 2474 1011 2503 circumcisione
1032 2474 1232 2503 conferebatur
1245 2474 1336 2511 gratia

266 2517 439 2554 inquantum
454 2521 516 2544 erat
528 2515 642 2552 siguum
657 2514 799 2552 passionis
814 2514 920 2543 Christi
942 2515 1062 2549 futurae,
1077 2521 1108 2542 ut
1123 2514 1195 2542 infra
1217 2514 1335 2551 patebit.

327 2557 440 2584 Luc‘rto
454 2556 464 2583 1
479 2555 532 2590 (sG
545 2561 574 2583 et
587 2555 673 2590 Pbc):
695 2556 731 2583 Et
746 2555 812 2583 ideo
827 2554 929 2583 melius
951 2554 1107 2583 dicendum
1121 2554 1234 2582 videtur
1254 2555 1335 2591 quod

266 2595 446 2625 circumcisio
477 2595 551 2623 sicut
570 2600 599 2623 et
619 2595 678 2623 alia
702 2600 887 2623 sacramenta
915 2595 1024 2623 veteris
1051 2594 1128 2633 Iegis
1154 2601 1215 2623 erat
1240 2595 1334 2623 solum

266 2637 380 2673 signum
402 2635 467 2664 fidei
489 2634 668 2663 iustificantis
689 2637 797 2671 (cetera
820 2641 850 2663 ut
872 2640 969 2663 textus
989 2635 1132 2672 antiquus,
1149 2635 1203 2663 sed
1222 2634 1335 2663 futurae

266 2685 324 2705 om.
345 2677 373 2711 1;
393 2675 497 2704 sicut...
518 2674 588 2712 legis
608 2675 690 2703 addit
709 2675 796 2703 etiam
817 2676 862 2711 E).

326 2716 440 2744 lac-rto
461 2715 529 2750 QR:
550 2715 587 2742 Et
605 2714 672 2743 ideo
693 2714 796 2743 melius
817 2715 974 2743 dicendum
989 2715 1101 2743 videtur
1117 2715 1197 2752 quod
1212 2715 1333 2744 circum-

265 2754 338 2784 cisio
359 2754 433 2784 sicut
453 2760 482 2782 et
502 2754 562 2783 alia
582 2760 765 2783 sacramenta
787 2755 896 2783 veteris
918 2755 995 2793 Iegis
1023 2762 1084 2783 erat
1104 2754 1197 2783 solum
1219 2755 1332 2792 signum

266 2795 334 2824 fidei
355 2794 544 2823 iustificantis.
568 2793 651 2822 Unde
672 2794 832 2832 Apostolus
853 2794 922 2823 dicit
942 2795 1028 2823 Rom.
1043 2804 1063 2830 4
1085 2795 1165 2832 quod
1185 2795 1333 2824 Abraham

264 2834 376 2872 accepit
395 2834 509 2871 signum
531 2831 765 2869 circumcisionis,
779 2834 959 2872 signaculum
980 2834 1103 2863 iustitiae
1126 2834 1202 2863 fidei.
1217 2836 1252 2863 Et
1267 2835 1334 2863 ideo

266 2884 323 2903 non
339 2875 425 2903 habet
439 2874 468 2902 in
483 2883 514 2902 se
530 2873 665 2902 virtutem
688 2883 741 2902 nec
761 2875 935 2912 conserendi
953 2875 1084 2913 gratiam
1107 2884 1158 2903 nec
1176 2875 1336 2914 auferendi

261 2920 432 2953 peccatum,·
454 2914 506 2942 sed
531 2914 586 2942 hoc
602 2913 698 2952 fiebat
713 2922 772 2951 per
793 2914 929 2942 virtutem
947 2915 1094 2953 passionis
1117 2915 1228 2943 Christi
1248 2923 1333 2952 quam

265 2955 354 2992 (quod
368 2955 408 2990 Q)
421 2953 604 2982 circumcisio
619 2953 801 2992 designabat.
822 2954 874 2982 vel
888 2954 1042 2982 dicendum
1058 2956 1138 2991 quod
1152 2954 1333 2983 circumcisio

265 2995 340 3023 sicut
360 3001 388 3022 et
408 2993 464 3022 alia
491 3000 672 3022 sacramenta
700 3000 761 3022 erat
787 2993 900 3030 signum
932 2993 999 3022 fidei
1028 2994 1219 3023 iustificantis.
1249 2995 1333 3023 Unde

264 3034 424 3071 Apostolus
445 3033 514 3062 dicit
534 3035 617 3062 Rom.
632 3043 652 3068 4
673 3033 753 3070 quod
773 3034 920 3062 Abraham
945 3034 1056 3070 accepit
1076 3034 1190 3071 signum
1212 3034 1334 3063 circum-

265 3074 384 3103 cisionis
398 3080 451 3102 etc.
474 3075 510 3101 Et
523 3073 589 3101 ideo
608 3073 636 3101 in
651 3072 869 3101 circumcisione
891 3073 1092 3102 conferebatur
1104 3074 1196 3111 gratia
1209 3074 1332 3111 inquan-

265 3121 328 3142 tum
350 3121 411 3142 erat
431 3113 546 3151 signum
568 3112 711 3150 passionis
732 3112 839 3141 Christi
860 3113 980 3148 futurae,
1001 3120 1033 3141 ut
1053 3113 1127 3142 infra
1147 3113 1264 3151 patebit.

327 3218 384 3252 Qu.
405 3225 472 3246 Lxx.
493 3223 546 3246 art.
567 3227 586 3252 4
608 3226 688 3254 corp.
711 3223 776 3254 post
797 3217 874 3244 med.

324 3257 446 3286 Tarus
472 3264 640 3286 amanus:
673 3256 861 3285 Circumcisio
893 3263 989 3284 autem
1018 3257 1185 3286 conferebat
1208 3258 1330 3294 gratiam

265 3297 443 3334 inquantum·
460 3303 522 3326 erat
542 3297 657 3334 signum
678 3296 748 3325 fidei
767 3295 909 3333 passionis
932 3296 1039 3325 Christi
1058 3297 1188 3332 futurae;
1217 3297 1256 3325 ita
1276 3298 1331 3326 sci-

264 3336 332 3365 licet
353 3337 435 3374 quod
454 3337 545 3365 homo
566 3342 620 3365 etc.

325 3377 438 3405 Laeuo
459 3377 486 3404 I:
508 3377 540 3404 ln
560 3376 779 3405 circumcisione
804 3383 899 3404 autem
927 3376 1127 3404 conferebatur
1147 3376 1246 3413 gratia,
1268 3386 1330 3405 non

263 3424 300 3444 ex
319 3415 423 3444 virtute
450 3416 686 3451 circumcisionis,
708 3417 759 3444 sed
780 3425 814 3444 ex
834 3416 938 3444 virtute
963 3415 1029 3444 fidei
1051 3415 1192 3452 passionis
1214 3416 1328 3452 Christi,

264 3454 347 3484 cuius
367 3455 481 3493 signum
503 3463 564 3484 erat
584 3455 772 3490 circumcisio,
795 3455 834 3484 ita
853 3455 960 3484 scilicet
981 3456 1062 3493 quod
1082 3455 1173 3484 homo
1195 3461 1247 3484 etc.

325 3495 439 3524 Lemo
461 3496 544 3530 QRc:
572 3497 604 3524 In
632 3495 851 3524 circumcisione
878 3503 975 3524 autem
1003 3496 1203 3524 conferebatur
1229 3496 1328 3533 gratia,

264 3543 326 3562 non
347 3544 382 3563 ex
401 3534 505 3564 virtute
531 3535 766 3571 circumcisionis,
788 3536 840 3564 sed
861 3545 894 3564 ex
915 3536 1018 3564 virtute
1044 3535 1186 3572 passionis
1214 3536 1328 3572 Christi,

264 3573 346 3602 cuius
367 3574 480 3612 signum
496 3582 556 3604 erat
570 3575 759 3604 circumcisio.
782 3575 970 3604 Circumcisio
985 3576 1049 3611 (Vel
1064 3575 1118 3604 sic:
1141 3575 1328 3605 Circumcisio

2404 241 2462 265 XIX

1394 304 1448 338 Qc)
1477 310 1574 332 autern
1607 302 1772 332 conferebat
1802 305 1921 342 gratiam
1954 305 2126 343 inquantum
2159 313 2218 335 erat
2248 307 2363 344 signum
2394 306 2462 334 fidei

1393 343 1536 378 passionis
1568 343 1673 371 Christi
1703 344 1831 380 futurae,
1865 346 1904 373 ita
1935 346 2042 374 scilicet
2071 347 2151 382 quod
2183 348 2275 383 (quod
2307 347 2414 375 scilicet
2434 350 2461 382 c)

1394 383 1484 411 homo
1505 389 1558 411 etc.

1445 424 1475 466 ‘P
1496 422 1526 450 in
1547 430 1625 451 textu
1650 424 1736 451 habet
1762 424 1916 452 lectionem
1938 426 1957 459 Ι,
1981 425 2110 462 margine
2131 435 2182 462 per
2203 426 2285 454 Alias
2306 426 2460 455 lectionem

1393 468 1553 499 annquam.

1447 569 1632 600 Differentia
1661 580 1772 601 sensus
1795 572 1877 601 inter
1900 571 2053 602 lectiones
2080 573 2225 612 antiquas
2253 579 2283 603 et
2307 573 2379 604 ficte
2404 584 2460 604 au-

1392 613 1546 643 thenticas
1571 614 1791 645 conferentem
1815 615 1905 646 locos
1929 617 2068 656 integros
2091 618 2255 656 praeterit:
2282 624 2368 648 certo
2391 627 2460 648 non

1391 658 1531 688 inveniet
1555 658 1653 688 ullam
1683 659 1779 689 talem
1807 661 1898 690 euius
1922 670 2016 690 causa
2039 662 2174 691 mutatio
2198 661 2344 691 lectionis
2368 668 2460 692 auto-

1391 702 1502 741 graphi
1518 703 1687 742 provocari
1706 705 1857 743 potuerit.
1880 704 1979 742 Quod
1996 705 2018 741 1,
2035 706 2140 745 primo
2157 705 2242 741 loco,
2260 705 2345 735 addit
2360 707 2460 736 textui

1391 746 1525 786 antiquo
1558 746 1695 777 sicut...
1721 748 1812 788 legis,
1838 748 1927 788 quod
1954 749 2017 778 iam
2046 749 2175 779 saeculo
2209 749 2335 779 decimo
2366 751 2458 780 tertio

1392 789 1552 820 addiderat
1576 791 1613 827 E,
1637 791 1778 822 innocue
1803 793 1986 832 appositum
2010 798 2064 823 aut
2089 793 2244 823 omissum
2269 799 2330 830 est;
2354 794 2460 824 solum

1390 834 1521 875 signum
1538 836 1702 874 urgentius
1726 836 1857 876 quidem
1881 836 2002 867 dictum
2019 843 2065 867 est
2081 847 2179 877 quarn
2198 838 2338 878 signum,
2356 837 2411 868 sed
2426 839 2459 868 ni

1391 878 1484 908 fallor
1506 879 1611 909 solum
1633 879 1715 910 iacet
1729 881 1763 910 in
1780 886 1932 911 contextu
1955 881 2101 911 lectionis
2118 882 2276 921 antiquae.
2294 881 2349 912 Illa
2365 883 2460 912 etiam

1392 932 1474 962 quae
1498 922 1558 960 QR
1582 933 1620 953 ex
1643 924 1742 954 altero
1769 924 1844 955 loco
1868 925 1920 955 hic
1944 925 2118 965 anticipant
2142 926 2187 966 (et
2211 935 2293 965 quae
2316 927 2350 956 in
2372 927 2460 956 nulla

1392 966 1532 997 editione
1555 968 1724 1008 hucusque
1755 969 1912 1009 obtinent)
1938 969 2147 1000 deductiones
2171 975 2245 1000 sunt
2269 975 2299 1000 et
2323 971 2459 1010 explica-

1392 1011 1506 1046 tiones,
1531 1011 1587 1041 sed
1614 1012 1794 1052 legitimae;
1831 1018 1965 1053 excepto
1999 1013 2088 1053 quod
2119 1014 2242 1044 locutio
2274 1014 2336 1044 hoc
2355 1014 2462 1055 fiebat

1392 1054 1423 1084 S.
1449 1054 1595 1086 Thomae
1620 1055 1794 1087 dictionem
1818 1067 1932 1097 parum
1956 1058 2112 1097 exprimit.
2148 1058 2241 1088 Ratio
2266 1057 2459 1089 differentiae

1391 1099 1568 1129 lectionum
1589 1100 1716 1130 alterius
1732 1101 1796 1131 loci
1815 1102 1848 1131 in
1868 1102 1931 1132 hoc
1951 1103 2123 1132 consistere
2147 1102 2271 1132 videtur
2295 1102 2384 1142 quod
2399 1112 2458 1142 pro

1394 1142 1604 1174 Circumcisio
1629 1149 1736 1174 autem
1759 1145 1947 1186 conserebat
1968 1146 2122 1187 gratiam,
2147 1156 2224 1186 quo,
2248 1147 2280 1176 vi
2303 1156 2459 1186 gramma-

1391 1187 1482 1223 ticae,
1501 1188 1778 1219 circumcisionem
1803 1189 1865 1219 dici
1889 1189 2009 1229 aliquid
2033 1191 2133 1220 active
2149 1191 2182 1220 in
2199 1190 2371 1220 collatione
2391 1200 2459 1230 gra-

1391 1232 1453 1262 tiae
1477 1232 1577 1271 egisse
1605 1233 1728 1262 auctori
1757 1238 1861 1263 textus
1885 1233 1898 1263 I
1921 1234 2026 1263 visum
2056 1233 2160 1270 fuerit,
2185 1234 2308 1273 passive
2339 1234 2460 1264 dicatur

1392 1275 1431 1305 In
1455 1276 1701 1306 circumcisione
1723 1282 1830 1307 autem
1854 1278 2084 1318 conferebatur
2114 1278 2235 1319 gratia.
2271 1278 2460 1308 Lectionem

1391 1321 1557 1359 antiquam
1580 1321 1770 1361 inquantum
1798 1326 1870 1351 erat
1895 1322 2026 1363 signum
2045 1322 2131 1363 fidei
2150 1322 2316 1362 passionis
2341 1322 2461 1353 Christi

1363 1375 1365 1388 ι
1381 1364 1526 1405 futurae
1549 1364 1562 1394 I
1586 1364 1759 1405 amplificat
1782 1371 1813 1395 et
1837 1365 1953 1402 dilatat,
1970 1375 2003 1396 re
2022 1375 2091 1396 non
2113 1372 2225 1401 mutat,
2250 1367 2331 1396 sicut
2354 1367 2459 1406 primo

1391 1408 1466 1438 loco
1486 1408 1546 1446 QR
1567 1408 1804 1449 amplificabant
1826 1410 1999 1440 lectionem
2018 1410 2039 1446 1,
2056 1411 2134 1440 nihil
2159 1409 2305 1441 addendo
2331 1420 2369 1440 ex
2393 1420 2458 1451 quo

1391 1458 1543 1492 sequatur
1566 1458 1602 1483 ut
1625 1453 1813 1493 quidquam,
1839 1454 1947 1494 quoad
1970 1464 2100 1484 sensum
2120 1460 2151 1485 et
2166 1454 2354 1490 doctrinam,
2378 1455 2461 1485 inter

1392 1506 1505 1527 omnes
1529 1497 1673 1537 quinque
1698 1497 1852 1528 lectiones
1882 1499 2012 1528 intersit.
2048 1499 2108 1528 Per
2131 1499 2286 1529 variantes
2309 1499 2321 1528 I
2346 1504 2377 1528 et
2400 1499 2459 1537 QR

1391 1541 1512 1571 activus
1546 1541 1686 1572 influxus
1715 1542 1749 1572 in
1779 1542 1896 1582 gratiae
1931 1543 2138 1573 collationem
2169 1553 2187 1572 a
2214 1543 2458 1573 circumcisione

1391 1585 1519 1625 longius
1550 1591 1752 1622 removetur,
1776 1593 1812 1616 ut
1834 1587 1877 1616 ita
1901 1586 2023 1623 dicam,
2048 1592 2078 1617 et
2102 1587 2288 1617 excellentia
2311 1587 2459 1626 baptismi

1391 1639 1466 1669 prae
1491 1630 1734 1660 circumcisione
1757 1631 1857 1670 magis
1880 1636 2026 1670 urgetur;
2051 1631 2155 1661 verbis
2179 1631 2307 1667 scilicet,
2323 1641 2391 1661 non
2414 1641 2457 1669 re.

1392 1673 1439 1703 Ex
1455 1674 1588 1713 antiquo
1612 1679 1700 1704 textu
1724 1674 1828 1714 logice
1852 1674 2008 1705 deductae
2024 1681 2107 1711 sunt,
2125 1680 2156 1705 et
2172 1675 2211 1705 ad
2227 1675 2458 1714 expromendas

1392 1718 1638 1757 consequentias
1659 1727 1697 1747 ex
1713 1718 1835 1748 ratione
1858 1718 1956 1759 signi,
1981 1724 2092 1748 auctor
2115 1719 2293 1749 lectionum
2309 1719 2321 1748 Ι
2338 1724 2370 1749 et
2384 1720 2412 1749 R
2429 1725 2459 1750 et

1392 1761 1418 1791 si
1440 1761 1487 1791 vis
1510 1762 1579 1801 ipse
1603 1767 1715 1792 auctor
1738 1762 1900 1797 Summae,
1926 1763 2016 1802 plura
2039 1763 2219 1802 potuissent
2242 1762 2357 1793 addere
2381 1764 2460 1803 quin

1391 1814 1448 1845 per
1481 1805 1544 1835 hoc
1577 1804 1724 1836 distantia
1756 1806 2007 1837 circumcisionis
2031 1817 2048 1836 a
2070 1807 2242 1847 privilegiis
2273 1808 2459 1837 sacramenti

1390 1849 1502 1879 Novae
1526 1849 1620 1890 Legis
1642 1859 1753 1890 reapse
1777 1855 1939 1881 cresceret.
1971 1850 2139 1888 Quantum
2163 1851 2258 1890 igitur
2281 1850 2321 1881 ad
2343 1850 2459 1881 doctri-

1390 1893 1497 1924 nalem
1521 1895 1710 1924 variantium
1733 1895 1952 1931 substantiam,
1971 1895 2051 1925 nihil
2075 1896 2204 1925 interest
2227 1905 2324 1935 quam
2348 1895 2459 1926 lectio-

1390 1947 1466 1968 nem
1491 1947 1557 1978 quo
1581 1938 1656 1969 loco
1681 1939 1916 1979 autographum
1939 1939 2094 1970 habuerit.

1446 1982 1639 2013 Lectionum
1655 1988 1763 2013 tamen
1779 1982 1964 2019 differentia,
1982 1982 2021 2014 ad
2037 1984 2154 2013 criseos
2169 1984 2321 2014 trutinam
2343 1984 2460 2014 exami-

1390 2031 1480 2062 nata,
1501 2031 1533 2057 et
1555 2027 1748 2067 proprietate
1773 2027 1923 2058 codicum
1947 2028 2162 2058 attestantium
2185 2027 2291 2058 iudice
2314 2033 2458 2068 sumpta,

1391 2071 1506 2101 oculos
1529 2077 1695 2111 percutere
1718 2072 1798 2102 mihi
1821 2072 1955 2102 videtur.

1446 2114 1705 2146 praenotandum
1729 2115 1825 2152 duco,
1849 2117 1882 2146 in
1906 2117 2011 2156 primo
2035 2117 2132 2146 trium
2159 2116 2308 2146 locorum
2330 2117 2364 2146 in
2388 2117 2459 2156 qui-

1390 2159 1450 2188 bus
1474 2157 1513 2189 de
1537 2159 1726 2190 authenticis
1749 2160 1941 2191 lectionibus
1961 2159 2071 2190 deletis
2095 2169 2200 2191 sermo
2225 2165 2281 2196 est,
2305 2161 2459 2191 lectiones

1391 2203 1536 2243 antiquas
1561 2209 1592 2234 et
1616 2204 1627 2233 I
1651 2214 1711 2234 nec
1734 2205 1767 2234 in
1792 2210 1980 2244 argumento
2000 2214 2060 2235 nec
2083 2205 2116 2235 in
2139 2205 2301 2235 solutione
2322 2205 2387 2235 ulla
2410 2215 2457 2235 re-

1390 2247 1510 2283 latione
1539 2249 1706 2288 coniungi‚
1731 2258 1795 2288 qua
1818 2259 1883 2279 una
1907 2259 1944 2279 ex
1975 2250 2071 2279 altera
2101 2254 2170 2279 orta
2193 2259 2261 2279 esse
2291 2248 2456 2279 diceretur.

1390 2291 1522 2332 Aliquid
1546 2293 1681 2322 omnino
1705 2302 1828 2323 novum
1852 2299 1964 2324 auctor
1987 2294 2110 2333 antiqui
2142 2299 2246 2324 textus
2269 2299 2324 2323 aut
2347 2299 2458 2323 auctor

1389 2341 1493 2366 textus
1518 2336 1529 2366 Ι
1554 2337 1753 2377 autographo
1770 2338 1940 2368 substituit.
1965 2337 2011 2367 Ibi
2035 2347 2110 2377 ergo
2134 2338 2228 2367 nobis
2244 2347 2296 2367 eas
2318 2338 2457 2367 invicem

1389 2386 1543 2420 tanquam
1566 2381 1739 2411 lectionem
1755 2387 1786 2411 et
1808 2382 1982 2411 variantem
2006 2381 2213 2421 comparandi
2234 2391 2301 2411 non
2321 2386 2387 2411 erat
2402 2391 2457 2412 oc-

1390 2426 1485 2455 casio.
1511 2424 1574 2455 Sed
1597 2426 1631 2455 in
1654 2425 1702 2455 his
1726 2425 1853 2456 duobus
1876 2425 1956 2456 locis
1979 2426 2130 2465 antiquus
2148 2430 2252 2455 textus
2276 2430 2307 2455 et
2330 2425 2455 2455 lectiol

1389 2477 1423 2499 se
1446 2470 1485 2499 ab
1510 2470 1632 2509 origine
1657 2470 1857 2509 contingunt.
1882 2470 2041 2500 Alterutra
2070 2474 2178 2509 aperte
2202 2479 2240 2499 ex
2270 2469 2365 2499 altera
2389 2475 2457 2500 orta

1390 2518 1453 2543 est:
1478 2519 1533 2544 aut
1557 2514 1568 2543 Ι
1593 2513 1733 2544 extendit
1756 2514 1929 2544 lectionem
1953 2515 2118 2554 antiquam
2140 2519 2195 2544 aut
2217 2519 2329 2544 auctor
2352 2519 2456 2544 textus

1389 2558 1512 2598 antiqui
1529 2558 1708 2588 breviorem
1732 2557 1807 2588 fecit
1822 2559 1995 2588 lectionem
2016 2558 2038 2588 Ι.
2063 2559 2178 2589 Utrum
2195 2557 2342 2588 acciderit
2358 2567 2455 2597 quae-

1389 2602 1449 2632 stio
1475 2608 1522 2632 est
1544 2603 1578 2632 ni
1602 2601 1704 2638 fallor,
1721 2612 1824 2643 eaque
1847 2602 1940 2633 facile
1963 2601 2125 2633 solvenda.

1444 2646 1565 2677 Textus
1596 2647 1746 2687 antiquus
1776 2656 1902 2686 semper
1926 2652 1957 2677 et
1979 2647 2118 2687 ubique,
2143 2656 2161 2676 a
2187 2646 2272 2682 Quia
2303 2646 2456 2676 Salvator

1387 2700 1491 2730 usque
1526 2690 1566 2721 ad
1600 2691 1774 2721 venialium
1809 2692 1963 2726 sincerus,
1999 2697 2194 2731 spontaneus
2224 2696 2255 2720 et
2284 2691 2453 2730 ingenuus.

1388 2735 1491 2765 brevis
1507 2740 1538 2765 et
1554 2734 1671 2766 densus
1695 2741 1751 2766 est.
1775 2735 1912 2773 Quoties
1935 2736 2042 2765 minus
2067 2740 2120 2765 aut
2142 2734 2214 2774 plus
2237 2735 2333 2764 habet
2357 2744 2454 2774 quam

1388 2780 1624 2819 autographum
1654 2780 1775 2814 habuit,
1799 2789 1971 2810 monemur
2001 2779 2146 2809 lectionis
2176 2777 2398 2818 ineptitudine,
2423 2784 2455 2809 et

1388 2823 1433 2854 rei
1456 2824 1613 2854 rationem
1643 2824 1832 2864 vestigantes
1862 2824 2024 2853 librarium
2057 2827 2213 2852 errantem
2243 2822 2454 2862 apprehendi-

1387 2877 1470 2898 mus.
1495 2868 1676 2904 Praeterea,
1709 2867 1787 2908 quid
1809 2868 1888 2898 lucri
1916 2868 1964 2897 his
1994 2866 2182 2906 specialibus
2212 2866 2292 2896 locis
2323 2873 2453 2907 captum

1388 2917 1434 2942 est
1469 2922 1507 2942 ex
1541 2913 1729 2952 autographi
1764 2908 2008 2941 falsificatione?
2040 2928 2064 2932 —
2096 2910 2123 2940 E
2150 2916 2262 2940 contra
2295 2916 2398 2941 textus
2430 2911 2452 2947 Ι,

1387 2957 1580 2996 inquantum
1614 2955 1717 2986 differt
1751 2956 1789 2984 ab
1824 2955 1974 2994 antiquo,
2010 2954 2137 2994 longior
2172 2963 2211 2985 eo
2246 2964 2314 2984 asse
2349 2955 2450 2985 solet:

1387 2999 1427 3030 cf.
1452 3010 1472 3030 1.
1493 3007 1520 3030 1.
1538 2998 1566 3036 θ,
1590 3010 1631 3030 rv.
1650 3000 1679 3030 3.
1698 2998 1727 3037 β,
1750 3009 1815 3029 vm.
1838 3005 1863 3028 1.
1883 2998 1912 3036 β,
1937 3008 1965 3028 x.
1984 2998 2013 3028 3.
2030 2998 2061 3034 λ,
2085 3007 2117 3037 4.
2138 2996 2168 3036 β.
2193 2998 2261 3029 Nec
2285 2999 2345 3028 soli
2361 2999 2373 3028 I
2389 2999 2453 3029 hoc

1387 3044 1520 3074 accidit:
1546 3045 1699 3074 lectiones
1715 3043 1753 3072 ab
1770 3043 1902 3082 antiquo
1927 3042 2015 3072 bono
2039 3048 2127 3072 textu
2150 3043 2304 3072 variantes
2320 3043 2353 3072 in
2370 3052 2452 3083 quo-

1387 3097 1527 3128 cumque
1554 3088 1634 3118 libro
1666 3095 1815 3126 magnam
1844 3091 1967 3127 partem
1993 3086 2027 3116 in
2051 3086 2286 3116 dilatationibus
2310 3092 2341 3117 et
2364 3086 2451 3117 addi-

1386 3133 1527 3162 tionibus
1550 3132 1748 3162 consistunt:
1774 3140 1812 3161 ex
1835 3130 1948 3161 decem
1970 3131 2080 3171 primis
2105 3131 2345 3170 quaestionibus
2368 3140 2451 3170 pene

1386 3182 1517 3206 centum
1551 3175 1729 3205 additiones
1763 3175 1936 3215 abegimus.
1971 3175 2012 3205 Et
2034 3180 2165 3205 naturae
2198 3180 2450 3205 consentaneum

1386 3225 1433 3250 est
1462 3225 1498 3250 ut
1529 3224 1724 3250 correctores
1758 3219 1942 3251 dilatarent:
1978 3219 2145 3259 supposita
2178 3219 2264 3249 enim
2299 3219 2451 3250 brevitate

1385 3264 1576 3299 thomistica,
1600 3264 1664 3294 iam
1687 3262 1816 3294 aliunde
1838 3268 1916 3294 nota
1939 3268 1970 3293 et
1991 3262 2168 3299 manifesta,
2190 3262 2316 3293 difficile
2340 3262 2451 3293 fuisset

1384 3308 1434 3338 vel
1454 3307 1703 3347 prudentissimo
1725 3308 1907 3338 innovatori
1931 3316 2032 3347 aeque
2049 3308 2130 3337 bene
2152 3312 2183 3337 et
2206 3306 2301 3337 simul
2324 3307 2450 3337 brevius

1384 3351 1499 3388 dicere,
1515 3357 1604 3382 tanto
1623 3361 1699 3382 vero
1715 3351 1838 3382 facilius
1854 3352 1997 3392 pluribus
2013 3352 2116 3381 verbis
2131 3352 2187 3381 uti.
2213 3351 2291 3391 Styli
2311 3350 2342 3381 S.
2359 3351 2449 3381 Tho-

1383 3405 1454 3426 mae
1473 3396 1649 3436 proprietas
1673 3405 1728 3426 eos
1753 3397 1858 3436 coegit
1872 3401 1918 3432 ut,
1936 3396 2015 3436 quin
2030 3395 2102 3426 data
2117 3405 2215 3435 opera
2231 3395 2449 3425 extensionem

1383 3445 1487 3470 textus
1510 3439 1719 3477 intenderent,
1743 3440 1953 3470 nihilominus
1976 3439 2151 3470 dilatarent.
2185 3439 2259 3469 Hoc
2281 3444 2452 3479 tantopere

1383 3493 1496 3515 verum
1520 3490 1567 3515 est
1590 3490 1621 3515 et
1643 3490 1708 3515 tam
1731 3485 1793 3514 late
1816 3489 1912 3524 patet,
1937 3489 1973 3514 ut
1995 3484 2021 3514 si
2043 3489 2147 3514 textus
2177 3483 2327 3523 antiquus
2349 3488 2447 3519 totus,

1385 3534 1470 3559 extra
1492 3528 1748 3559 testificationem
1772 3529 2008 3568 antiquissimae
2026 3533 2056 3558 et
2071 3527 2239 3558 latissimae
2261 3525 2447 3563 traditionis,

1384 3579 1494 3603 contra
1519 3578 1641 3603 textum
1664 3573 1810 3609 Pianum,
1836 3572 1983 3603 felicioris
2007 3573 2102 3612 partis
2129 3571 2341 3602 tentaminum
2365 3571 2450 3601 criti-
