2872 3970
144 607 155 618 ⁸
169 606 206 628 ef.
220 612 285 628 num.
299 612 324 629 u.

162 2844 171 2854 ⁸
187 2843 232 2870 Qu.
248 2849 279 2869 ix,
294 2846 334 2864 art.
350 2848 369 2863 2.

163 3002 173 3011 ⁸
188 3000 252 3022 Vera.
267 3009 289 3027 ⁴·

163 3210 372 3238 ‘l⁸11¹¹',qu.xxxv.

165 3240 207 3258 ιη.
223 3242 243 3263 7·

385 306 456 342 190

1089 293 1351 341 QUAESTIO
1382 293 1469 338 XV,

1499 291 1790 328 ARTICULUS
1818 291 1852 327 V

1053 425 1387 458 Commentaria
1409 422 1662 455 Gar-(linaiis
1678 421 1885 461 Caietam

415 529 434 549 N
459 518 551 549 titulo
570 517 766 558 passibilitas
789 522 824 546 ut
847 521 938 545 sonat
965 513 1118 544 sumenda
1135 517 1190 543 est.
1206 530 1229 534 -
1252 512 1287 542 In
1308 519 1443 551 corpore

388 530 539 593 Iarticuli
556 561 620 592 duo
638 561 734 591 fiunt:
759 561 874 600 primo,
887 557 1096 598 respondetur
1112 556 1273 596 quaesito;
1291 553 1444 590 secundo,

385 607 560 637 declaratur
582 605 748 645 responsio
771 605 797 634 *ἢ
1365 643 1371 648 1

440 649 557 688 Quoad
580 649 729 689 primum,
754 648 868 687 primo,
889 645 1088 685 distinguitur
1105 644 1143 674 de
1159 643 1305 684 passione
1322 651 1446 672 ammae

386 695 576 725 coniunctae
601 692 745 732 corpori:
770 692 819 721 vel
843 689 1011 730 corporali,
1035 689 1085 719 vel
1109 687 1246 718 animali.

441 737 601 772 Secund0‚
626 736 800 766 declaratur
822 735 975 765 terminus
994 733 1130 773 primus:
1156 730 1234 771 quid
1257 730 1377 761 scilicet
1400 735 1446 760 est

386 783 525 813 animam
547 781 612 821 pati
635 780 782 820 passione
806 778 973 818 corporali.

441 826 566 861 Tertio,
591 823 800 863 respondetur
823 821 1000 852 secundum
1023 820 1119 850 talem
1143 819 1325 859 passionem
1349 827 1447 858 quae-

386 871 447 900 sito
470 879 534 900 una
557 867 781 899 conclusione:
813 866 930 896 Anima
956 864 1076 895 Christi
1095 864 1169 904 suit
1189 862 1353 903 passibilis
1370 871 1447 902 pas-

385 914 475 945 sione
497 911 672 952 cotporali.
696 910 860 941 Probatur.
886 910 1013 949 Corpus
1038 908 1155 938 Christi
1178 906 1238 937 fuit
1253 906 1399 947 passibile
1417 911 1447 936 et

385 957 528 988 mortale.
548 957 633 995 Ergo
649 964 778 985 necesse
794 954 853 984 fuit
869 954 1008 984 animam
1024 961 1092 982 esse
1107 951 1299 991 passibilem.
1317 968 1340 972 —
1358 950 1447 980 Patet

387 1000 615 1040 consequentia
640 1009 677 1030 ex
699 998 841 1028 terminis
865 997 1037 1027 declaratis.

440 1045 574 1082 Quarto,
599 1043 774 1074 declaratur
797 1041 874 1072 alter
896 1042 1064 1071 terminus:
1091 1039 1169 1080 quid
1184 1039 1303 1069 scilicet
1319 1044 1366 1069 est
1381 1039 1447 1069 ani-

385 1098 471 1120 mam
494 1089 559 1128 pati
582 1088 730 1127 passione
753 1086 891 1116 animali.
916 1085 956 1115 Et
978 1085 1031 1115 hic
1055 1083 1274 1123 distinguitur:
1298 1083 1349 1113 vel
1372 1092 1448 1123 pro-

386 1133 467 1173 prie;
492 1132 542 1162 vel
564 1131 792 1172 propriissime.

442 1177 584 1214 Quinto,
614 1174 825 1215 respondetur
854 1174 940 1204 iuxta
969 1173 1065 1203 talem
1094 1172 1277 1212 passionem
1302 1172 1448 1211 quaesito

386 1221 480 1251 unica
503 1220 728 1251 conclusione:
754 1219 870 1249 Anima
894 1217 1013 1248 Christi
1026 1217 1100 1258 suit
1112 1216 1277 1257 passibilis
1294 1215 1449 1256 passione

1500 510 1644 541 animali.
1673 510 1838 540 Probatur.
1867 509 2063 541 Affectiones
2086 511 2246 551 appetitus
2269 510 2408 542 sensitivi
2434 510 2564 542 fuerunt

1500 555 1534 584 in
1550 553 1688 585 Christo.
1706 554 1802 593 Ergo.
1819 571 1840 577 -
1855 554 2058 585 Antecedens
2074 555 2226 594 probatur
2242 553 2420 594 dupliciter.
2443 555 2562 590 Primo,

1464 627 1469 633 ,
1501 599 1575 638 quia
1598 599 1758 638 pertinent
1781 598 1821 628 ad
1843 603 1989 629 naturam
2011 599 2160 630 hominis.
2193 598 2353 635 Secund0‚
2378 599 2564 630 auctoritate

1500 642 1680 682 Augustini.

1556 686 1593 716 11.
1618 685 1736 724 Quoad
1760 686 1948 722 secundum,
1974 686 2149 718 declaratur
2171 686 2311 718 secunda
2335 687 2500 717 conclusio
2517 695 2565 717 re-

1501 731 1666 770 sponsiva:
1692 730 1825 770 qualiter
1848 736 1880 761 et
1903 731 2012 771 quales
2035 731 2153 762 fuerint
2175 731 2338 772 passiones
2361 731 2512 762 animales
2531 730 2566 762 in

1502 775 1640 805 Christo.
1664 775 1706 805 Et
1724 775 1856 814 ponitur
1870 775 1983 815 triplex
1999 774 2184 812 differentia,
2207 774 2386 806 secundum
2407 775 2566 816 triplicem

1501 818 1637 849 modum
1661 827 1728 858 quo
1752 817 1980 849 deordinantur
2002 819 2182 859 passiones:
2205 818 2311 850 velex
2326 824 2416 860 parte
2431 818 2565 855 obiecti:

1501 863 1551 893 vel
1574 863 1740 903 principii;
1770 862 1821 893 vel
1848 862 1989 894 effectus.
2024 863 2070 894 lta
2099 863 2188 904 quod
2215 871 2342 894 summa
2372 862 2567 894 differentiae

1501 907 1646 937 consistit
1667 907 1749 937 inter
1771 907 1936 947 passiones
1960 916 2027 938 esse
2047 907 2216 944 ordinatas,
2232 908 2283 939 vel
2298 906 2502 938 inordinatas.
2526 906 2568 938 Et

1501 951 1573 982 illae
1597 950 1729 991 quidem
1752 951 1785 981 in
1809 951 1872 981 hoc
1895 951 2064 991 proposito
2091 957 2248 982 vocantur
2272 950 2461 993 passiones:
2489 952 2568 982 istae

1502 1001 1609 1026 autem
1622 994 1864 1036 propassiones.
1889 995 1930 1026 Et
1944 994 2030 1031 ideo,
2047 1005 2122 1026 cum
2138 995 2177 1026 de
2193 995 2336 1026 Domino
2352 994 2424 1026 lesu
2439 994 2568 1026 Christo

1502 1048 1608 1069 sermo
1633 1045 1688 1075 est,
1713 1048 1754 1069 ne
1771 1039 1963 1079 cuiusquam
1979 1049 2070 1070 aures
2087 1038 2298 1074 offendamus.
2321 1039 2479 1070 animales
2491 1048 2569 1080 pas—

1500 1084 1608 1114 siones
1630 1092 1795 1123 negamus,
1814 1083 2046 1124 propassiones
2069 1088 2177 1114 autem
2200 1084 2368 1114 asserimus
2390 1083 2424 1114 in
2441 1082 2569 1114 Christo

1502 1127 1617 1163 fuisse,
1646 1127 1885 1168 Hieronymum
1908 1128 2068 1158 imitantes
2095 1127 2256 1158 dicentem
2272 1128 2288 1145 ⁴*
2312 1127 2352 1159 de
2376 1126 2494 1158 Christi
2516 1127 2570 1158 tri-

1501 1172 1597 1202 stitia:
1623 1171 1698 1202 Non
1717 1172 1841 1212 passio,
1865 1171 1922 1202 sed
1938 1172 2113 1212 propassio
2137 1177 2192 1202 est.

1190 1369 1510 1412 ARTICULUS
1540 1369 1799 1420 QUINTUS

875 1465 1030 1495 UTRUM
1055 1464 1098 1494 IN
1123 1463 1312 1494 cnms'ro
1336 1463 1497 1494 FUERIT
1520 1462 1661 1494 VERUS
1685 1462 1835 1494 DOLOR
1859 1463 2086 1494 SENsmlms

539 1546 570 1571 111
590 1546 673 1575 Sent.‚
694 1545 752 1570 dist.
771 1552 811 1575 κν,
831 1552 875 1576 qu.
894 1551 922 1574 ιι,
942 1549 987 1568 art.
1009 1543 1032 1574 3,
1052 1543 1101 1575 qu·
1123 1549 1152 1572 1;
1172 1543 1267 1575 Expos.
1288 1541 1349 1572 litt.;
1370 1541 1412 1566 De
1434 1541 1524 1571 Verit„
1545 1549 1589 1574 qu.
1607 1549 1674 1573 xxvi,
1694 1547 1740 1567 art.
1760 1541 1785 1573 8,
1805 1542 1836 1566 ad
1856 1549 1881 1574 7,
1899 1540 1916 1566 8
1923 1549 1931 1572 3
1952 1541 2097 1574 Compend.
2118 1541 2217 1571 Tneol„
2238 1549 2293 1574 cap.
2312 1548 2421 1568 ccxxxii.

599 1636 621 1660 D
641 1634 801 1665 QUINTUM
829 1633 881 1658 SlC
909 1632 1143 1658 PROCEDlTUR.
1164 1619 1324 1656 Videtur
1343 1619 1451 1668 quod

420 1707 424 1718 „
517 1667 579 1726 ’ξῆ
599 1676 640 1713 in
668 1675 819 1712 Christo
839 1686 917 1711 non
947 1673 1058 1710 fuerit
1082 1685 1197 1709 verus
1226 1673 1338 1709 dolor
1366 1684 1450 1708 sen-

408 1709 728 1775 wsibssi&
766 1727 867 1764 Dicit
903 1726 1006 1763 enim
1043 1725 1230 1772 Hilarius,
1260 1725 1298 1762 in
1335 1726 1371 1761 X
1408 1725 1453 1761 de

445 1758 543 1815 §2³55
558 1774 590 1817 K
607 1784 641 1818 T
639 1783 709 1818 rin.
729 1780 768 1816 *ε
799 1782 893 1817 Cum
916 1791 991 1829 pro
1014 1780 1157 1816 Christo
1177 1779 1276 1815 mori
1297 1779 1372 1815 vita
1395 1779 1450 1823 sit,

394 1835 482 1885 quid
507 1836 583 1884 ipse
610 1835 647 1870 in
675 1835 804 1870 mortis
821 1837 1054 1869 sacramento
1082 1831 1240 1867 doluisse
1257 1831 1453 1868 aestiman-

502 1642 559 1672 v«

394 1889 460 1925 dus
479 1893 550 1933 est,
571 1888 636 1936 qui
646 1898 720 1935 pro
738 1898 778 1922 se
795 1886 1033 1922 morientibus
1057 1885 1168 1921 vitam
1189 1882 1381 1932 rependit?
1407 1883 1455 1918 Et
1480 1914 1482 1922 χ

395 1939 554 1977 infra“*
582 1939 686 1976 dicit:
721 1939 939 1987 Unigenitus
968 1938 1069 1973 Deus
1096 1937 1283 1973 hominem
1310 1947 1452 1980 verum,

396 2006 470 2030 non
498 1993 669 2040 deficiens
696 2004 719 2028 a
747 2003 785 2028 se
802 1992 896 2037 Deo,
923 1991 1094 2039 sumpsit:
1121 1991 1157 2026 in
1184 2001 1267 2038 quo,
1289 1989 1455 2038 quamvis

395 2052 458 2084 aut
477 2047 565 2082 ictus
584 2046 769 2091 incideret,
790 2050 853 2080 aut
870 2044 1002 2081 vulnus
1021 2043 1263 2088 descenderet,
1284 2047 1347 2079 aut
1369 2041 1457 2077 nodi

395 2104 669 2144 concurrerent,
690 2103 753 2134 aut
779 2098 966 2146 suspensio
985 2096 1154 2141 elevaret,
1175 2094 1355 2144 afferrent
1378 2097 1455 2143 qui-

396 2153 478 2189 dem
498 2153 589 2188 haec
608 2153 781 2200 impetum
807 2150 999 2198 passionis,
1021 2161 1094 2185 non
1114 2154 1236 2185 tamen
1259 2148 1425 2185 dolorem
1441 2145 1455 2176 β

396 2206 585 2252 inferrent.
614 2205 706 2240 Non
734 2202 846 2251 igitur
873 2201 912 2238 in
932 2201 1083 2238 Christo
1102 2201 1171 2238 suit
1198 2213 1313 2237 verus
1332 2200 1454 2237 dolor.

451 2269 484 2293 2.
510 2258 739 2301 PRAETEREA,
760 2256 835 2291 hoc
854 2253 1055 2304 proprium
1074 2254 1226 2290 videtur
1251 2266 1332 2290 esse
1352 2252 1455 2290 carni

396 2310 435 2347 in
471 2317 627 2359 peccato
665 2315 891 2357 conceptae,
921 2307 1028 2356 quod
1065 2306 1276 2344 necessitati
1313 2305 1455 2343 doloris

396 2362 598 2399 subiaceat.
640 2361 716 2398 Sed
754 2373 842 2398 caro
881 2359 1019 2397 Christi
1047 2372 1127 2397 non
1159 2367 1214 2396 est
1250 2371 1340 2396 cum
1369 2371 1455 2408 pec-

395 2423 479 2452 cato
508 2422 711 2464 concepta,
741 2414 808 2450 sed
841 2426 887 2450 ex
916 2413 1058 2463 Spiritu
1094 2413 1234 2450 Sancto
1272 2412 1311 2449 in
1346 2420 1455 2449 utero

395 2467 576 2516 virginali.
606 2469 697 2504 Non
726 2479 815 2515 ergo
844 2466 1032 2503 subiacuit
1059 2465 1270 2502 necessitati
1288 2465 1455 2515 patiendi

397 2521 583 2558 dolorem.

452 2574 484 2610 3.
514 2575 744 2615 PRAETEREA,
774 2571 971 2609 delectatio
1000 2571 1331 2621 contemplationis
1361 2570 1455 2608 divi-

396 2638 537 2663 norum
566 2625 743 2663 diminuit
777 2637 934 2662 sensum
962 2624 1121 2662 doloris:
1160 2625 1264 2661 unde
1293 2632 1329 2661 et
1356 2636 1456 2661 mar-

395 2687 495 2729 tyres
523 2679 562 2715 in
590 2678 832 2728 passionibus
870 2677 947 2715 suis
975 2677 1207 2715 tolerabilius
1245 2677 1421 2714 dolorem
1441 2683 1456 2705 's

396 2732 655 2769 sustinuerunt
675 2744 720 2768 ex
740 2731 1043 2768 consideratione
1063 2730 1182 2768 divini
1201 2730 1353 2767 amoris.
1380 2730 1456 2767 Sed

397 2785 524 2822 anima
549 2784 685 2821 Christi
706 2797 858 2821 summe
887 2785 1146 2821 delectabatur
1163 2783 1202 2820 in
1222 2785 1455 2832 contempla-

397 2838 498 2874 tione
518 2838 600 2885 Dei,
617 2850 735 2887 quem
755 2850 824 2886 per
843 2837 1045 2874 essentiam
1064 2836 1229 2882 videbat,
1250 2844 1291 2873 ut
1311 2836 1456 2886 supra*

399 2889 541 2927 dictum
562 2898 626 2927 est.
657 2891 747 2927 Non
768 2903 856 2939 ergo
877 2898 1024 2940 poterat
1043 2889 1180 2927 sentire
1200 2889 1368 2939 aliquem
1388 2889 1456 2926 do-

399 2943 530 2979 lorem.

452 2996 524 3032 SED
545 3008 686 3032 CONTRA
707 3008 770 3033 EST
790 2996 895 3045 quod
916 2995 1031 3033 Isaiae
1051 3008 1107 3033 Lm
1126 2995 1145 3017 ³¹⁵
1173 2995 1326 3033 dicitur:
1364 2997 1457 3033 Vere

399 3048 598 3097 languores
618 3055 759 3085 nostros
787 3051 862 3098 ipse
884 3049 973 3095 tulit,
994 3055 1027 3086 et
1046 3049 1191 3086 dolores
1219 3055 1363 3086 nostros
1382 3050 1457 3098 ipse

395 3102 555 3149 portavit
573 3099 597 3137 ὅ.

451 3154 673 3190 ΚΕεΡοΝῡΕο
701 3165 880 3191 ῡιεΕΝῡυΜ
909 3155 1033 3203 quod,
1063 3155 1158 3192 sicut
1185 3162 1287 3204 patet
1324 3167 1369 3192 ex
1397 3154 1456 3192 his

400 3217 498 3253 quae
519 3205 557 3242 in
578 3206 754 3242 Secunda
773 3207 882 3242 Parte
901 3206 920 3227 ’¹‘
948 3207 1046 3244 dicta
1072 3215 1170 3254 sunt,
1191 3208 1239 3244 ad
1258 3207 1455 3244 veritatem

401 3257 542 3293 doloris
562 3257 744 3294 sensibilis
765 3258 966 3307 requiritur
986 3260 1099 3296 laesio
1126 3260 1297 3310 corporis
1317 3269 1352 3298 et
1371 3273 1454 3298 sen-

456 3389 482 3418 α)
502 3387 582 3419 irisra.
594 3402 612 3405 -
626 3387 679 3416 PF;
700 3387 738 3412 ita
752 3387 768 3417 l,
789 3387 847 3412 ideo
866 3388 949 3413 ceteri.
963 3402 982 3406 »-
996 3396 1085 3414 verum
1105 3390 1124 3413 F
1143 3396 1167 3415 et
1186 3391 1272 3422 tertia3
1293 3395 1427 3418 naturam.
1440 3406 1459 3411 -

406 3421 461 3446 Deo
481 3422 564 3452 tertia:
586 3422 665 3447 Dent.

457 3455 481 3487 β)
501 3457 626 3482 dolorem.
644 3471 662 3475 ——
677 3457 812 3488 passionis
831 3457 899 3481 addit
918 3458 998 3483 tertia.

456 3494 483 3523 γ)
502 3491 627 3517 dolorem.
645 3506 665 3511 -
679 3493 829 3523 passionem
845 3493 884 3517 ed.
899 3499 924 3521 a,
939 3493 1043 3517 dolores
1063 3499 1119 3518 ante
1140 3496 1303 3521 tolerabilius
1317 3497 1390 3527 BCD,
1404 3506 1456 3523 om.

404 3524 473 3549 ΕΘΗ
494 3531 518 3550 et
537 3527 670 3552 editiones.

454 3559 481 3600 ᾗ)
506 3561 598 3620 Vsa-...l
610 3562 738 3593 portavit.
753 3576 771 3580 -
796 3562 858 3587 Vere
877 3562 982 3587 dolores
1002 3566 1105 3587 nostros
1126 3563 1180 3595 ipse
1194 3567 1317 3596 portavit
1331 3567 1365 3596 Ἐς
1386 3567 1419 3592 ita
1432 3573 1456 3592 et

404 3600 475 3620 tertia
495 3603 523 3620 se
560 3599 587 3620 tu
601 3597 628 3621 ie.

1504 1631 1569 1656 sus
1588 1619 1776 1656 laesionis.
1803 1620 1956 1669 Corpus
1975 1628 2106 1657 autem
2126 1619 2267 1658 Christi
2286 1621 2384 1658 laedi
2403 1629 2569 1671 poterat:

1504 1672 1596 1721 quia
1615 1680 1694 1709 erat
1711 1672 1888 1722 passibile
1909 1680 1944 1710 et
1963 1674 2135 1720 mortale,
2155 1681 2198 1710 ut
2217 1685 2334 1723 supra
2351 1673 2372 1696 ’⁸
2394 1674 2569 1723 habitum

1505 1733 1570 1762 est.
1607 1726 1691 1762 Nec
1719 1725 1837 1762 defuit
1865 1725 1899 1762 ei
1927 1737 2062 1763 sensus
2089 1725 2284 1764 laesionis:
2322 1738 2413 1764 cum
2441 1726 2572 1770 anima

1507 1777 1646 1815 Christi
1682 1778 1846 1827 perfecte
1884 1779 2042 1816 haberet
2078 1790 2216 1816 omnes
2241 1779 2430 1829 potentias
2462 1788 2572 1826 natur

1506 1832 1613 1868 raleS.
1634 1831 1745 1868 Unde
1765 1831 1858 1868 nulli
1878 1831 2043 1870 dubium
2062 1831 2175 1869 debet
2194 1843 2276 1869 esse
2291 1832 2386 1882 quin
2405 1833 2445 1870 in
2461 1833 2570 1872 Chri-

1508 1890 1565 1919 sto
1594 1883 1704 1920 fuerit
1731 1895 1847 1920 verus
1866 1883 1989 1921 dolor.

1562 1937 1618 1972 Au
1647 1947 1781 1973 PRiMUM
1818 1948 1916 1973 ERGO
1954 1948 2135 1975 mensuum
2171 1938 2278 1987 quod
2316 1938 2355 1975 in
2387 1938 2572 1985 omnibus

1507 1987 1578 2024 illis
1605 1989 1744 2035 verbis,
1773 1996 1810 2025 et
1837 1988 2037 2036 similibus,
2057 1989 2225 2027 Hilarius
2249 2003 2271 2030 a
2289 2003 2403 2028 carne
2433 1991 2572 2030 Christi

1508 2053 1587 2077 non
1606 2041 1804 2079 veritatem
1825 2042 1980 2090 doloris,
2001 2042 2068 2079 sed
2087 2042 2348 2082 necessitatem
2369 2045 2572 2085 excludere

1508 2093 1678 2131 intendit.
1717 2094 1828 2132 Unde
1864 2103 1952 2144 post
1987 2095 2197 2144 praemissa
2223 2097 2343 2134 verba
2379 2096 2509 2135 subdit
2530 2097 2570 2136 *ε
2599 2099 2610 2111 ’

1507 2147 1640 2196 Neque
1667 2148 1778 2193 enim,
1798 2159 1883 2184 cum
1910 2149 2018 2185 sitivit
2045 2154 2108 2185 aut
2135 2151 2284 2187 esurivit
2301 2155 2366 2187 aut
2378 2151 2498 2200 flevit,
2517 2153 2571 2189 bi·

1507 2201 1601 2236 bisse
1627 2201 1811 2237 Dominus
1838 2206 1901 2237 aut
1928 2202 2172 2239 manducasse
2193 2208 2256 2239 aut
2283 2203 2440 2240 doluisse
2466 2215 2572 2242 mon-

1507 2258 1639 2290 stratus
1658 2259 1730 2290 est:
1755 2254 1821 2290 sed
1837 2254 1888 2290 ad
1904 2254 2230 2292 demonstrandam
2251 2257 2419 2306 corporis
2438 2258 2573 2295 verita-

1508 2311 1579 2342 tem
1604 2307 1772 2355 corporis
1799 2307 2022 2344 consuetudo
2046 2314 2212 2358 suscepta
2240 2314 2301 2355 est,
2322 2309 2373 2346 ita
2397 2314 2447 2356 ut,
2467 2316 2573 2353 natu-

1509 2371 1575 2396 rae
1603 2365 1750 2396 nostrae
1772 2360 2044 2406 consuetudine,
2064 2361 2319 2398 consuetudini
2342 2363 2387 2399 sit
2404 2364 2573 2412 corporis

1507 2412 1745 2460 satisfactum.
1773 2413 1848 2459 Vel,
1864 2425 1949 2450 cum
1962 2419 2093 2462 potum
2108 2419 2172 2451 aut
2189 2415 2312 2451 cibum
2328 2416 2479 2465 accepit,
2495 2427 2572 2454 non

1507 2477 1546 2501 se
1572 2466 1773 2502 necessitati
1799 2467 1978 2515 corporis,
1996 2466 2063 2503 sed
2083 2467 2338 2504 consuetudini
2361 2469 2495 2506 tribuit.
2524 2468 2574 2509 Et

1509 2517 1653 2567 accepit
1681 2519 1927 2556 necessitatem
1955 2531 2024 2568 per
2051 2519 2381 2568 comparationem
2408 2521 2458 2558 ad
2483 2533 2573 2561 cau·

1509 2583 1592 2608 sam
1619 2570 1786 2620 primam
1821 2571 1964 2608 horum
2000 2571 2240 2620 defectuum,
2270 2585 2370 2622 quae
2403 2581 2458 2611 est
2483 2585 2573 2624 pec-

1509 2632 1648 2670 catum,
1676 2631 1718 2661 ut
1745 2636 1862 2673 supra
1879 2623 1900 2646 ’¹‘
1927 2623 2073 2661 dictum
2101 2633 2174 2662 est:
2205 2633 2247 2662 ut
2275 2625 2414 2663 scilicet
2441 2638 2487 2664 ea
2514 2639 2573 2666 ra-

1507 2677 1610 2714 tione
1630 2676 1777 2714 dicatur
1804 2689 1893 2714 caro
1923 2677 2061 2715 Christi
2081 2690 2161 2715 non
2181 2677 2415 2716 subiacuisse
2443 2691 2572 2723 necese¹

1509 2729 1605 2767 sitati
1642 2731 1783 2766 horum
1814 2730 2054 2774 defectuum,
2093 2731 2184 2780 quia
2220 2744 2301 2769 non
2328 2731 2398 2769 fuit
2427 2731 2468 2770 in
2496 2737 2573 2787 eaf

1507 2790 1721 2832 peccatum.
1760 2783 1871 2820 Unde
1900 2782 2028 2820 subdit
2046 2783 2085 2820 *ε
2115 2785 2260 2822 Habuit
2287 2787 2405 2833 enim,
2433 2784 2574 2827 scilicet
2600 2789 2611 2800 ⁸

1510 2835 1704 2881 Christus,
1734 2847 1889 2886 corpus,
1917 2837 1983 2873 sed
2004 2835 2016 2862 t
2044 2838 2202 2887 originis
2237 2850 2327 2876 suae
2351 2839 2575 2889 proprium:

1510 2901 1627 2938 neque
1654 2901 1703 2926 ex
1729 2890 1822 2926 vitiis
1840 2890 2028 2927 humanae
2046 2892 2293 2941 conceptionis
2321 2892 2491 2940 existens,
2509 2891 2576 2933 sed

1509 2944 1546 2978 in
1564 2942 1739 2990 formam
1767 2944 1936 2992 corporis
1960 2945 2086 2989 nostri,
2107 2945 2247 2981 virtutis
2273 2956 2363 2982 suae
2383 2949 2572 2995 potestate,

1507 2997 1712 3032 subsistens
1751 2995 1952 3042 Quantum
1987 3003 2118 3034 tamen
2146 2997 2195 3034 ad
2223 3009 2381 3035 causam
2415 2996 2573 3048 propin-

1509 3059 1629 3098 quam
1665 3049 1807 3085 horum
1845 3049 2086 3097 defectuum,
2115 3061 2216 3100 quae
2252 3057 2308 3088 est
2343 3049 2572 3099 compositio

1509 3101 1810 3147 contrariorum,
1840 3113 1928 3139 caro
1963 3102 2102 3140 Christi
2139 3102 2327 3141 subiacuit
2362 3101 2572 3141 necessitati

1510 3155 1652 3191 horum
1681 3154 1911 3203 defectuum,
1941 3163 1983 3192 ut
2010 3167 2127 3206 supra
2144 3155 2165 3178 ¹¹⁸
2191 3154 2367 3194 habitum
2394 3162 2460 3192 est.

1563 3208 1620 3244 An
1648 3219 1837 3245 SECUNDUM
1864 3220 2046 3247 mensuum
2081 3209 2189 3258 quod
2222 3219 2311 3247 caro
2347 3206 2388 3245 in
2414 3215 2572 3258 peccato

1510 3267 1694 3310 concepta
1723 3260 1891 3298 subiacet
1919 3261 2042 3299 dolori
2069 3273 2149 3299 non
2181 3262 2307 3299 solum
2336 3272 2383 3298 ex
2410 3260 2572 3298 necessi-

1566 3391 1588 3425 ε)
1607 3400 1647 3418 ea.
1666 3407 1684 3411 -
1703 3393 1804 3423 Tertiam
1824 3400 1863 3419 eo.

1564 3427 1589 3461 ζ)
1608 3429 1707 3453 scilicet
1725 3428 1853 3458 Christus,
1872 3435 1977 3461 corpus,
1990 3428 2044 3454 sed.
2056 3442 2076 3447 -
2088 3427 2175 3453 Tertia
2188 3432 2291 3461 praeter
2303 3426 2341 3457 ῦς
2359 3426 2459 3453 scilicet
2475 3433 2573 3459 oerpus

1513 3463 1634 3488 Christus
1653 3463 1788 3496 (Christus
1807 3471 1904 3496 corpus
1921 3463 1970 3498 sG)
1987 3463 2132 3490 mundum
2147 3462 2179 3494 G,
2192 3469 2290 3495 eorpus
2311 3461 2412 3488 Otr-icti
2428 3462 2573 3487 secundum

1512 3499 1596 3524 ceteri.
1610 3513 1627 3517 -
1641 3499 1784 3531 propritim
1800 3499 1820 3524 F
1834 3505 1859 3524 et
1877 3499 1964 3530 tei-tin
1977 3499 2156 3532 propositum.
2167 3512 2187 3517 —
2201 3498 2227 3523 in
2240 3498 2362 3532 sormam
2380 3497 2453 3523 tertia
2472 3502 2574 3531 praeter

1513 3533 1546 3563 Ρ;
1566 3534 1591 3558 in
1606 3535 1709 3567 forma.
1727 3549 1746 3553 -
1760 3538 1896 3566 potestate
1913 3534 1934 3559 F
1954 3539 1979 3560 et
1997 3534 2084 3565 tertia:
2099 3533 2229 3566 puritate.

2596 1128 2606 1139 ·
2613 1127 2670 1151 Loe.
2678 1127 2716 1151 eli.
2722 1127 2748 1151 in
2754 1133 2809 1154 cm

2596 1160 2661 1183 pore.

2597 1679 2609 1727 ;
2624 1678 2672 1707 Qu.
2681 1684 2727 1707 xiv,
2737 1681 2812 1707 nnn,
2831 1678 2833 1682 ‘

2602 3159 2781 3202 ‘Quane-n.
2866 3189 2871 3199 q
