2872 3970
2352 248 2471 273 XXXVII

415 319 560 360 Gloss.
595 317 699 358 Ord.
739 317 949 369 Orz‘gem's,
986 317 1133 357 Matth.
1170 330 1260 370 cap.
1292 329 1317 364 1,
1352 329 1462 356 vers.
1495 318 1559 363 18,
1594 316 1656 356 sic
1689 315 1812 356 dicit:
1852 332 1870 353 «
1899 316 2192 370 Desponsatio
2236 317 2365 359 fiebat
2397 333 2473 373 per

289 381 455 434 aliquot
488 380 580 420 dies
612 385 710 419 ante
744 378 961 418 assiduam
995 379 1370 426 cohabitationem,
1397 385 1438 418 et
1461 378 1627 418 interim
1661 383 1750 417 erat
1783 391 1893 417 uxor
1926 379 2007 418 sub
2043 380 2239 420 custodia
2265 381 2344 421 viri
2373 398 2407 421 ».

413 443 469 482 D.
494 442 701 488 Thomas,
730 439 958 480 Commenl.
982 440 1026 479 in
1049 440 1208 480 Matth.
1234 439 1348 488 ibid.,
1373 440 1514 494 posita
1537 441 1592 480 D.
1618 439 1873 493 Hieronymi
1897 439 2244 494 interpretatione
2278 443 2471 484 eiusdem

287 503 499 551 versiculi,
534 501 782 556 subiungit:
828 518 846 538 ‹
875 501 1100 556 Remigius
1139 502 1258 542 aliter
1291 502 1477 555 exponit,
1513 508 1559 542 ut
1593 501 1849 556 intelligatur
1882 501 1934 541 de
1969 503 2150 543 solemni
2185 505 2472 545 celebratione

288 565 543 618 nuptiarum.
591 564 706 604 Ante
741 563 854 603 enim
889 569 977 603 erat
1011 569 1052 602 et
1084 563 1215 603 fiebat
1247 577 1323 617 per
1354 563 1523 617 aliquos
1567 563 1658 603 dies
1702 563 1993 617 desponsatio,
2029 571 2070 604 et
2102 565 2267 605 interim
2311 580 2472 620 spons-a

289 639 377 667 non
421 631 509 667 erat
549 625 631 666 sub
677 624 876 665 custodia
914 624 1019 672 viri;
1062 630 1214 678 postea
1255 631 1398 666 autem
1441 624 1572 665 fiebat
1613 625 1818 665 solemnis
1862 626 2092 667 celebratio
2136 628 2389 681 nuptiarum,
2432 635 2473 669 et

288 694 390 729 tunc
421 687 724 728 traducebatur
755 686 812 726 ad
845 686 1025 726 domum
1057 686 1136 726 viri
1165 703 1202 726 ›.

412 809 501 862 Qu..
530 821 634 858 XXX,
670 814 744 849 art.
780 820 821 859 4,
855 807 909 848 ad
944 810 997 849 3:
1034 824 1053 846 ‹
1081 807 1203 849 Sicut
1234 808 1497 849 Ambrosius
1531 808 1643 857 dicit,
1679 810 1720 849 in
1753 810 2069 857 Hexaemeron,
2106 811 2163 850 ob
2198 811 2279 851 hoc
2314 814 2471 854 multae

288 871 458 913 steriles
487 877 817 925 praevenerunt,
848 876 894 910 ut
925 875 1072 924 partus
1106 869 1302 910 credatur
1333 870 1527 925 Virginis
1556 887 1590 911 ».

411 932 678 975 Ambrosius
708 931 898 986 quidem,
927 932 1141 972 Hexaem.
1175 931 1247 972 lib.
1281 932 1334 979 V,
1370 945 1460 985 cap.
1495 945 1566 979 xx,
1603 932 1726 973 dicit:
1768 949 1785 970 «ι
1813 934 2085 988 Impossibile
2118 941 2290 988 putatur
2322 936 2363 976 in
2387 938 2470 978 Dei

288 1000 435 1043 matre,
470 994 590 1048 quod
624 994 665 1034 in
699 994 941 1035 vulturibus
982 993 1190 1047 possibile
1232 1006 1320 1033 non
1363 994 1578 1048 negatur?
1621 995 1731 1035 Avis
1763 995 1856 1036 sine
1889 997 2081 1036 masculo
2115 997 2224 1050 parit
2256 1004 2299 1038 et
2330 999 2471 1039 nullus

287 1056 456 1104 refellit;
492 1063 534 1097 et
566 1056 667 1110 quia
700 1056 964 1110 desponsata
984 1055 1079 1096 viro
1102 1055 1239 1095 Maria
1270 1055 1409 1109 Virgo
1444 1056 1620 1109 peperit,
1654 1056 1809 1109 pudori
1843 1058 1934 1098 eius
1967 1058 2125 1098 faciunt
2158 1060 2469 1112 quaestionem.

286 1119 449 1159 Nonne
478 1118 742 1159 advertimus
776 1117 896 1171 quod
930 1118 1052 1158 Deus
1086 1129 1139 1157 ex
1171 1117 1265 1171 ipsa
1297 1123 1446 1158 natura
1478 1117 1660 1170 plurima
1694 1119 1889 1172 exempla
1921 1125 2019 1160 ante
2052 1121 2271 1173 praemisit
2312 1122 2471 1175 quibus

287 1187 514 1234 susceptae
546 1179 853 1220 Incarnationis
888 1179 1088 1219 decorem
1122 1179 1335 1232 probaret,
1371 1185 1413 1219 et
1444 1185 1652 1219 astrueret
1683 1180 1941 1220 veritatem?
1970 1198 1987 1218 »

412 1242 753 1295 Chrysostomus
786 1246 929 1281 tamen
963 1240 1102 1280 adhuc
1136 1240 1288 1281 clarius
1322 1241 1447 1281 refert
1469 1241 1588 1294 quod
1612 1255 1638 1281 a
1660 1242 1714 1282 D.
1739 1241 1911 1282 Thoma
1944 1242 2183 1283 Ambrosio
2217 1244 2469 1286 attribuitur.

286 1304 400 1344 Nam
441 1303 588 1344 homil.
619 1303 763 1343 XLIX
796 1302 840 1342 in
880 1302 1029 1342 Genes.
1063 1302 1122 1342 ita
1162 1302 1318 1343 habet:
1373 1318 1392 1339 ‹
1420 1302 1566 1344 Unum
1609 1303 1692 1343 hoc
1734 1303 1776 1343 in
1810 1304 1957 1357 primis
2000 1317 2158 1358 operae
2200 1306 2382 1359 pretium
2426 1313 2472 1347 ut

287 1377 556 1420 quaeramus,
600 1377 732 1418 quare
779 1377 876 1404 cum
910 1369 952 1404 et
984 1364 1077 1418 ipsa
1110 1363 1340 1418 (Rebecca)
1374 1370 1416 1404 et
1447 1365 1513 1404 vir
1553 1365 1643 1405 eius
1686 1365 1800 1405 vitae
1849 1365 2002 1406 fuerint
2049 1366 2283 1408 eximiae...
2318 1369 2470 1409 sterilis

211 1483 214 1484 ⁷
286 1427 396 1469 fuit?
485 1427 542 1467 Et
574 1432 620 1466 ut
653 1426 794 1466 discas
826 1438 918 1466 rem
951 1426 1114 1474 miram,
1139 1440 1226 1466 non
1259 1426 1402 1466 solum
1435 1426 1530 1481 ipsa
1562 1427 1715 1467 sterilis
1749 1427 1836 1475 suit,
1861 1428 1939 1468 sed
1968 1434 2010 1468 et
2042 1434 2178 1469 mater
2207 1429 2304 1469 iusti
2339 1429 2468 1471 Sara:

286 1502 429 1543 neque
462 1495 598 1530 mater
630 1487 720 1528 eius
753 1488 859 1536 sola,
892 1488 970 1528 sed
1003 1494 1046 1529 et
1078 1501 1222 1545 nurus,
1258 1488 1418 1529 Rachel
1452 1502 1562 1529 uxor
1593 1489 1749 1529 Iacobi.
1786 1489 1902 1541 Quid
1935 1489 2017 1530 sibi
2039 1491 2131 1530 vult
2163 1490 2231 1531 ille
2265 1492 2469 1533 sterilium

286 1550 532 1592 chorus?...
566 1551 629 1592 Ut
656 1550 768 1590 scias
810 1555 989 1604 propter
1026 1549 1110 1590 hoc
1151 1550 1317 1590 steriles
1357 1550 1475 1603 prius
1517 1550 1668 1598 fuisse,
1703 1557 1750 1591 ut
1789 1551 1984 1592 credatur
2015 1552 2270 1607 virginitatis
2310 1561 2468 1608 partus.

287 1613 405 1653 Audi
438 1613 572 1653 verba
605 1612 818 1653 Gabrielis
846 1628 866 1650 »
904 1618 985 1653 etc.
1023 1612 1080 1652 Et
1110 1612 1227 1660 infra,
1267 1629 1285 1649 ‹
1313 1612 1490 1660 Verum,
1525 1618 1572 1652 ut
1612 1612 1710 1661 dixi,
1756 1619 1930 1667 propter
1967 1614 2051 1654 hoc
2094 1615 2259 1655 steriles
2302 1616 2470 1657 fuerunt

286 1676 404 1724 istae,
438 1681 486 1715 ut
517 1675 761 1716 crederetur
791 1674 1049 1729 virginitatis
1082 1680 1228 1728 partus
1258 1690 1294 1714 ».

411 1798 493 1850 Qu.
518 1810 636 1845 XXXI,
660 1803 735 1837 art.
762 1809 799 1844 2,
824 1797 879 1836 ad
905 1809 953 1837 2:
994 1813 1012 1834 ‹
1042 1796 1281 1851 Gregorius
1314 1797 1612 1836 Nazianzenus
1645 1796 1879 1850 respondet
1911 1796 2070 1845 dicens,
2106 1798 2225 1851 quod
2259 1799 2341 1839 hoc
2365 1806 2470 1840 nutu

286 1871 473 1914 superno
507 1859 701 1913 contigit,
733 1865 780 1900 ut
812 1859 979 1914 regium
1010 1872 1150 1914 genus
1184 1858 1439 1899 sacerdotali
1471 1858 1590 1912 stirpi
1624 1858 1881 1913 iungeretur,
1907 1864 1953 1899 ut
1975 1859 2183 1908 Christus,
2208 1861 2281 1914 qui
2309 1874 2382 1901 rex
2407 1867 2471 1902 est

287 1929 328 1963 et
359 1922 581 1969 sacerdos,
610 1922 665 1962 ab
699 1921 891 1975 utrisque
925 1926 1170 1962 nasceretur
1202 1920 1440 1961 secundum
1473 1932 1656 1960 carnem.
1693 1920 1819 1961 Unde
1844 1926 1886 1960 et
1907 1921 2069 1969 Aaron,
2094 1922 2167 1975 qui
2199 1921 2276 1962 fuit
2307 1923 2470 1976 primus

286 1985 490 2027 sacerdos
522 1983 762 2024 secundum
795 1983 950 2039 legem,
975 1983 1096 2023 duxit
1118 1996 1171 2023 ex
1193 1982 1459 2023 tribu‘ludae
1493 1982 1724 2037 coniugem
1748 1982 1970 2023 Elisabeth
2003 1983 2133 2024 filiam
2157 1983 2403 2025 Aminadab
2434 2002 2468 2025 ».

415 2047 576 2089 Catena
607 2045 773 2092 Aurea,
809 2046 914 2086 Luc.
949 2057 1039 2099 cap.
1073 2057 1098 2092 1,
1133 2044 1158 2092 l,
1193 2044 1308 2084 idem
1341 2044 1422 2084 sub
1457 2044 1737 2084 Nazmnzem·
1772 2044 1947 2084 nomine
1987 2044 2095 2085 citat.
2130 2046 2239 2099 Ipse,
2278 2046 2467 2087 Carmin.

284 2109 355 2150 lib.
390 2110 420 2158 1,
456 2114 557 2150 sect.
591 2120 617 2156 1,
653 2120 778 2148 carm.
813 2119 930 2154 xv111,
965 2107 1026 2148 sic
1059 2106 1213 2147 habet:

734 2181 753 2201 «
784 2167 843 2204 Ex
869 2166 995 2204 Maria
1021 2178 1138 2215 porro
1165 2165 1350 2202 Levides:
1381 2177 1553 2214 namque
1580 2165 1628 2202 ab
1658 2166 1787 2202 Arone

785 2219 864 2267 Qui
890 2219 988 2257 Levi
1015 2220 1064 2257 de
1092 2218 1206 2268 stirpe
1234 2218 1314 2263 fuit,
1334 2229 1456 2266 genus
1483 2218 1565 2267 ipsa
1593 2218 1766 2255 trahebat
1797 2233 1830 2255 ».

286 2276 334 2312 Et
362 2275 476 2312 infra:
736 2287 754 2306 <⁴
785 2272 853 2310 Nil
878 2285 995 2323 porro
1024 2284 1235 2309 commune
1263 2271 1383 2309 tribus
1412 2271 1544 2319 regalis
1572 2271 1738 2308 habebat

785 2326 885 2362 Cum
916 2337 1022 2363 sacra
1050 2324 1147 2362 inter
1175 2337 1214 2361 se
1242 2323 1400 2362 thalami
1428 2336 1500 2360 nec
1527 2323 1609 2360 iure
1638 2323 1801 2361 coibant.

784 2379 953 2416 Falsum.
996 2378 1101 2415 Nam
1129 2377 1308 2427 quamvis
1337 2376 1511 2414 distincta
1539 2384 1618 2414 erat
1645 2386 1807 2425 utraque
1837 2377 1976 2424 classis,

782 2432 954 2480 Utraque
982 2430 1064 2468 iure
1091 2439 1222 2468 tamen
1249 2429 1407 2467 thalami
1435 2442 1550 2479 saepe
1578 2429 1704 2467 coivit.

782 2486 966 2533 Namque
994 2484 1100 2533 prius
1129 2491 1259 2521 natam
1286 2484 1457 2520 thalamo
1486 2483 1558 2519 sibi
1586 2482 1707 2519 iunxit
1735 2483 1874 2520 Aronis

782 2539 937 2576 Nasson
965 2537 1013 2574 ab
1042 2536 1174 2574 illustri
1203 2536 1270 2586 qui
1298 2544 1426 2574 sextus
1454 2535 1564 2573 fiuxit
1592 2537 1696 2573 Iuda.

783 2591 845 2629 Sic
873 2591 932 2628 ille
961 2603 1008 2627 ex
1035 2589 1158 2627 Maria
1187 2589 1300 2638 regali
1330 2597 1384 2626 est
1412 2589 1596 2637 sanguine
1626 2596 1749 2626 cretus
1781 2605 1813 2625 ›>.
1833 2619 1866 2626 ..

410 2647 542 2697 Beda,
575 2647 771 2702 Exposit.
806 2647 850 2687 in
882 2647 988 2686 Luc.
1022 2645 1092 2685 lib.
1127 2645 1156 2693 I,
1191 2645 1247 2685 ad
1281 2658 1371 2699 cap.
1404 2657 1429 2692 1,
1464 2657 1574 2685 verS.
1617 2646 1688 2692 36,
1725 2658 1836 2698 quae
1876 2659 1900 2685 a
1934 2645 1978 2686 S.
2014 2645 2185 2686 Thoma
2228 2646 2294 2686 hic
2338 2652 2379 2686 et
2422 2647 2463 2686 in

291 2713 382 2753 Cat
414 2710 529 2751 Aur.
563 2709 810 2757 referuntur,
834 2708 898 2748 his
922 2707 1067 2748 verbis
1102 2707 1324 2761 exprimit:
1364 2723 1382 2743 ⁴<
1412 2706 1612 2760 Siquam
1646 2719 1751 2747 vero
1787 2713 1935 2747 movet
1968 2707 2192 2761 quomodo
2227 2708 2272 2747 B.
2302 2707 2465 2749 Mariae

287 2779 517 2829 cognatam
551 2771 663 2812 dicat
694 2770 928 2823 Elisabeth,
964 2783 1060 2810 cum
1093 2769 1198 2810 haec
1231 2769 1285 2809 de
1318 2768 1451 2809 domo
1486 2767 1644 2815 David,
1679 2768 1748 2809 illa
1782 2768 1835 2809 de
1869 2768 2036 2809 filiabus
2070 2770 2218 2808 Aaron
2253 2768 2463 2824 originem

287 2835 466 2882 duxerit,
500 2831 811 2874 animadvertat
843 2845 1033 2886 proavos
1067 2844 1213 2871 earum
1246 2830 1389 2872 liberis
1421 2830 1605 2871 invicem
1640 2836 1819 2884 nuptum
1852 2830 2014 2870 traditis
2051 2836 2274 2884 utramque
2306 2831 2464 2872 tribum

286 2897 480 2953 potuisse
514 2894 788 2949 coniungere.
823 2894 904 2934 Cui
937 2893 972 2934 si
1005 2893 1110 2933 haec
1145 2893 1359 2947 expositio
1397 2892 1505 2933 forte
1545 2906 1631 2932 non
1665 2892 1956 2933 suffecerit...
1992 2892 2107 2946 legat
2137 2891 2353 2939 Exodum,
2390 2893 2463 2933 ubi

286 2960 490 3013 scriptum
525 2963 608 2998 est:
643 2955 824 3009 Accepit
851 2958 994 2996 autem
1026 2955 1182 2995 Aaron
1215 2967 1394 2995 uxorem
1427 2954 1652 2994 Elisabeth
1667 2954 1817 3007 filiam
1849 2953 2101 2993 Aminadab
2121 2987 2128 2994 .
2147 2987 2183 2994 ..
2218 2953 2462 3008 Videatque

287 3027 385 3063 ante
418 3014 605 3061 edictum
637 3018 757 3073 legis,
791 3030 976 3071 superna
1008 3017 1257 3071 provisione
1300 3016 1609 3057 sacerdotalem
1643 3015 1773 3070 regali
1808 3015 1992 3055 iunctam
2026 3014 2109 3055 iam
2142 3015 2272 3056 fuisse
2305 3029 2462 3071 proge-

287 3083 413 3124 niem.
447 3082 508 3124 Ut
529 3080 729 3122 videlicet
760 3079 978 3119 Dominus
1008 3079 1128 3120 Iesus
1150 3079 1356 3126 Christus,
1382 3078 1455 3132 qui
1477 3077 1713 3118 secundum
1748 3089 1917 3117 carnem
1949 3089 2078 3118 verus
2101 3089 2174 3117 rex
2197 3083 2238 3118 et
2260 3077 2462 3118 sacerdos

288 3151 378 3187 erat
397 3144 574 3192 futurus,
594 3143 729 3197 ipsam
754 3153 930 3195 quoque
953 3153 1124 3180 carnem
1147 3140 1201 3180 de
1225 3146 1415 3194 utraque,
1440 3138 1585 3180 David
1607 3138 1767 3179 scilicet
1789 3144 1831 3179 et
1848 3138 1997 3178 Aaron
2020 3139 2149 3192 stirpe
2172 3139 2406 3193 susciperet
2427 3156 2461 3181 ».

413 3256 496 3310 Qu.
530 3268 647 3304 XXXI,
681 3261 754 3296 art.
790 3256 830 3303 3,
865 3253 918 3293 ad
954 3266 1008 3293 2:
1047 3269 1066 3290 ‹
1095 3251 1282 3305 Quidam
1326 3253 1450 3300 enim,
1485 3258 1531 3292 ut
1564 3252 1800 3308 Gregorius
1842 3251 2137 3293 Nazianzenus
2172 3252 2282 3300 dicit,
2318 3252 2464 3293 dicunt

289 3318 467 3360 eosdem
500 3331 595 3359 esse
629 3330 740 3371 quos
774 3322 951 3369 uterque
985 3314 1263 3368 Evangelista
1305 3319 1535 3361 enumerat,
1571 3313 1647 3353 sed
1696 3313 1776 3354 sub
1828 3313 2007 3354 diversis
2046 3314 2303 3362 nominibus,
2339 3314 2462 3368 quasi

289 3380 509 3422 binomios
538 3397 573 3420 ».

417 3441 580 3482 Calena
610 3441 776 3487 Aurea,
810 3440 914 3480 Luc.
940 3451 1029 3492 cap.
1053 3450 1109 3485 111,
1132 3437 1188 3477 bc.-
1226 3453 1244 3474 «
1279 3437 1515 3491 Gregorzus
1546 3437 1869 3479 Nazzzznzenus.
1903 3437 2063 3478 Dicunt
2095 3443 2236 3478 autem
2271 3436 2459 3492 quidam,

289 3503 408 3558 quod
441 3503 566 3544 unica
598 3509 663 3543 est
694 3499 912 3543 successio
935 3514 960 3541 a
982 3498 1126 3540 David
1159 3512 1297 3554 usque
1321 3498 1374 3539 ad
1397 3499 1566 3554 Ioseph,
1589 3498 1687 3540 licet
1719 3498 1898 3539 diversis
1933 3498 2177 3540 nominibus
2200 3499 2253 3540 ab
2277 3505 2461 3554 utroque

289 3564 569 3620 Evangelista
602 3570 793 3605 narratur
821 3580 856 3604 ›.

430 3642 539 3667 Suum:
557 3641 659 3666 Tuum..
679 3641 711 3665 D.
729 3641 844 3666 Tamus.
863 3639 894 3664 T.
913 3639 977 3665 VIII.
