2872 3970
914 290 1176 337 QUAESTIO
1206 292 1361 339 XXVII,
1390 291 1682 329 ARTICULUS
1711 292 1741 328 Il
2337 305 2406 341 29¹

265 451 275 466 x
913 421 1247 454 Commenta-ia
1268 421 1520 454 Cardinatis
1541 422 1740 455 Caietam

305 519 412 542 rmus
440 510 541 542 clarus
565 516 628 547 est,
659 510 699 542 de
729 511 923 541 animatione
953 510 1131 541 secundum
1162 511 1302 540 animam

305 554 492 586 rationalem
519 555 708 585 intellectus.

175 599 200 631 ‘.
243 602 246 604 ’
274 606 286 613 ”
310 599 347 630 In
369 607 505 638 corpore
527 598 650 629 articuli
673 603 720 628 est
739 607 803 628 una
824 598 1000 634 conclusio,
1025 607 1100 628 cum
1115 607 1182 628 uno
1199 598 1303 628 corol-

238 643 334 675 hdo.
353 642 542 674 Conclusio
572 648 619 673 est
647 643 831 682 responsiva
860 642 1004 682 quaesito
1037 642 1169 672 directe:
1200 642 1303 672 Beata

196 692 207 710 '-
238 686 351 729 Wrg‘o
377 696 441 717 non
459 686 534 728 suit
553 686 754 727 sanctificata
783 691 857 717 ante
879 686 1118 716 animationem.
1142 704 1165 708 —
1188 685 1304 716 Corol-

140 768 146 775 ί
238 730 359 763 lat-ium
382 735 444 764 est:
474 730 577 761 Beata
605 730 705 771 Virgo
719 730 794 771 fuit
815 730 1016 772 sanctificata
1033 735 1112 770 post
1132 730 1303 760 animatio-

252 780 271 787 „
333 775 351 791 „

244 783 477 849 ‘'e-”Conclusio
500 818 652 858 probatur
668 817 844 857 dupliciter.
867 818 986 855 Primo,
1010 818 1064 848 sic.
1089 817 1303 848 Sanctificatio

240 862 287 895 ‘de
308 871 373 903 qua
394 861 568 901 loquimur,
593 867 640 892 est
655 861 840 892 emundatio
857 872 874 892 a
889 867 1022 902 peccato
1039 862 1193 902 originali.
1218 862 1303 901 Ergo

247 911 295 938 est
315 915 372 946 per
394 906 535 946 gratiam.
559 906 644 947 Ergo
667 907 702 936 in
717 906 785 936 sola
801 911 942 936 creatura
957 906 1110 936 rationali.
1135 906 1220 945 Ergo
1236 915 1304 935 non

239 955 319 983 -ante
333 949 529 981 infusionem
545 951 670 980 animae
684 949 894 987 rationalis.·-—
908 950 1110 980 Antecedens
1129 949 1304 980 declaratur

242 1003 286 1025 *ex
300 994 475 1035 Dionysio:
492 993 653 1025 Sanctitas
668 999 715 1024 est
722 995 871 1036 perfecta
886 994 1054 1024 munditia.
1070 1012 1092 1016 —
1106 994 1212 1024 Prima
1227 1003 1304 1024 con-

246 1039 411 1079 sequentia
433 1038 600 1078 probatur:
633 1039 708 1078 quia
731 1038 825 1078 culpa
852 1047 921 1068 non
944 1038 1134 1068 emundatur
1156 1038 1216 1068 nisi
1246 1046 1304 1077 per

243 1082 386 1125 gratiam.
409 1100 433 1104 —
455 1081 602 1112 Secunda
624 1092 717 1112 vero:
743 1083 817 1122 quia
840 1082 908 1112 sola
927 1087 1068 1112 creatura
1083 1082 1242 1112 rationalis
1259 1087 1306 1111 est

246 1126 426 1157 subiectum
448 1126 575 1166 gratiae.

249 1182 251 1187 ⁴
301 1169 462 1206 Secundo,
486 1169 634 1200 ducendo
658 1170 698 1201 ad
720 1170 959 1206 inconveniens,
984 1170 1038 1200 sic.
1062 1170 1170 1200 Proles
1189 1179 1305 1200 conce-

237 1219 311 1255 «pta,
335 1219 408 1247 ante
429 1213 623 1244 infusionem
640 1215 763 1245 animae
779 1214 948 1250 rationalis,
973 1224 1040 1244 non
1057 1220 1103 1244 est
1119 1214 1231 1254 culpae
1248 1214 1305 1244 ob—

246 1258 352 1289 noxia.
382 1258 483 1298 Ergo,
507 1267 716 1298 quocumque
738 1258 838 1289 modo
863 1263 935 1288 ante
958 1259 1187 1288 animationem
1209 1259 1306 1288 Beata

247 1301 346 1342 Virgo
369 1301 561 1333 sanctificata
583 1301 703 1338 fuisset,
727 1311 795 1332 non
813 1302 994 1332 incurrisset
1009 1302 1168 1342 originalis
1183 1303 1306 1342 peccati

240 1346 416 1387 maculam.
440 1346 525 1386 Ergo
541 1355 609 1376 non
623 1345 809 1387 indiguisset
824 1345 1045 1386 redemptione
1061 1351 1092 1376 et
1107 1346 1207 1376 salute
1224 1356 1306 1386 quae

246 1395 295 1421 est
310 1389 392 1420 facta
406 1398 464 1430 per
479 1389 652 1420 Christum.
678 1390 741 1421 Sed
760 1391 823 1420 hoc
840 1395 886 1420 est
901 1391 1140 1420 inconveniens
1164 1391 1261 1430 Ergo.
1285 1409 1307 1413 —

247 1433 449 1465 Antecedens
471 1435 634 1474 probatur.
658 1434 744 1472 Quia
759 1434 827 1464 sola
843 1439 984 1464 creatura
999 1434 1160 1464 rationalis
1184 1440 1231 1465 est
1254 1444 1307 1465 su-

247 1479 388 1518 sceptiva
410 1478 533 1517 culpae.
557 1496 580 1501 -
601 1478 706 1508 Prffla
729 1479 959 1518 consequentia
987 1483 1024 1508 ut
1047 1479 1129 1509 clara
1155 1479 1307 1519 relinqui-

247 1527 308 1553 tur.
318 1539 342 1544 —
357 1522 504 1553 Secunda
519 1527 627 1552 autem
642 1523 794 1562 probatur
810 1523 996 1553 auctoritate
1007 1522 1132 1562 Angeli,
1150 1523 1261 1553 Matth.
1278 1533 1306 1553 1:

247 1565 321 1607 Ipse
334 1566 459 1597 salvum
469 1566 577 1608 faciet
590 1575 611 1596 a
621 1567 773 1606 peccatis.
791 1584 815 1588 —
834 1566 1065 1597 Inconveniens
1082 1568 1308 1607 consequentis

246 1610 401 1651 probatur
423 1611 609 1640 auctoritate
632 1610 791 1650 Apostoli,
815 1610 828 1640 1
851 1610 894 1640 ad
921 1611 1000 1641 Tim.
1017 1621 1058 1640 1v.

303 1653 341 1684 Π.
364 1653 502 1685 Adverte
525 1655 593 1690 hic,
618 1655 722 1694 primo
735 1678 742 1690 ,
767 1654 856 1694 quod
885 1654 1092 1685 sanctificatio
1117 1660 1222 1694 potest
1250 1654 1308 1685 du-

249 1697 372 1738 pliciter
393 1699 487 1728 sumi.
518 1698 643 1734 Primo,
666 1704 703 1728 ut
725 1705 772 1728 est
794 1698 834 1729 de
858 1699 1016 1729 contrario
1039 1699 1072 1728 in
1096 1700 1306 1729 contrarium:

249 1741 290 1772 de
311 1742 514 1773 immunditia
536 1741 576 1772 ad
599 1742 798 1772 munditiam.
823 1742 864 1772 Et
879 1743 924 1773 sic
941 1748 1064 1773 constat
1087 1743 1176 1782 quod
1200 1748 1246 1773 est
1269 1742 1308 1773 de

249 1792 382 1826 peccato
405 1787 439 1816 in
461 1787 602 1826 gratiam.
625 1804 648 1808 -
676 1786 842 1822 Secundo,
875 1791 911 1816 ut
933 1792 980 1817 est
1003 1787 1042 1817 de
1065 1792 1180 1826 negato
1207 1787 1241 1816 in
1264 1786 1309 1816 af-

249 1829 427 1860 firmatum:
459 1830 498 1861 de
521 1839 587 1860 non
611 1835 721 1860 sancto
751 1830 784 1860 in
808 1836 970 1866 sanctum,
1002 1830 1042 1861 de
1068 1831 1250 1870 non-gratia
1275 1831 1309 1860 in

249 1874 390 1914 gratiam.
423 1874 464 1904 Et
486 1875 531 1904 sic
554 1883 621 1904 non
645 1875 798 1914 supponit
820 1880 998 1914 peccatum.
1030 1874 1071 1904 Et
1093 1875 1253 1904 invenitur
1275 1875 1309 1904 in

251 1917 378 1948 Christo
403 1923 434 1948 et
457 1918 593 1959 angelis:
626 1918 729 1957 angeli
760 1919 845 1948 enim
873 1917 1058 1948 sanctificati
1081 1923 1155 1953 sunt
1178 1928 1195 1948 a
1218 1918 1308 1954 Deo,

217 1981 224 1993 t
249 1962 307 2003 qui
328 1971 496 2002 nunquam
519 1967 749 2002 peccaverunt;
774 1967 805 1992 et
828 1961 867 1992 de
884 1963 989 2002 seipso
1013 1961 1090 1992 dicit
1113 1962 1258 1992 Christus
1274 1963 1307 1992 4⁶:

253 2005 354 2043 Quem
376 2006 474 2036 Pater
494 2005 716 2047 sanctificavit,
733 2012 792 2036 etc.

305 2050 340 2080 In
362 2051 465 2090 prima
487 2055 595 2080 autem
617 2050 740 2080 ratione
763 2050 815 2080 hic
831 2050 922 2080 allata
945 2051 1081 2081 sumitur
1101 2050 1308 2081 sanctificatio

249 2094 354 2135 primo
377 2094 488 2129 modo,
511 2095 609 2134 gratia
627 2092 789 2124 materiae:
814 2095 969 2134 quoniam
992 2104 1097 2125 sermo
1114 2100 1160 2124 est
1183 2094 1222 2125 de
1239 2105 1309 2125 san-

250 2137 442 2169 ctificatione
465 2139 604 2168 hominis
628 2137 847 2168 descendentis
867 2147 904 2168 ex
924 2139 1153 2168 commixtione
1168 2139 1263 2168 maris
1280 2144 1311 2169 et

251 2180 403 2226 ieminae3
435 2183 647 2222 supponimus
672 2182 758 2212 enim
782 2191 914 2212 omnem
936 2182 1122 2213 huiusmodi
1145 2182 1310 2213 hominem

114 2215 122 2224 ⁶
137 2233 154 2238 ’·
193 2237 226 2250 ··
248 2231 419 2266 peccatum
441 2226 594 2266 originale
617 2226 821 2262 contrahere,
851 2227 938 2256 iuxta
961 2227 1106 2266 superius
1122 2227 1139 2242 ὃ*
1163 2226 1310 2257 determi-

249 2275 324 2300 nata
345 2269 385 2300 de
407 2275 540 2310 peccato
565 2269 720 2310 originali.
755 2269 796 2300 Et
821 2275 990 2310 propterea
1015 2271 1049 2300 in
1072 2271 1174 2301 littera
1197 2270 1311 2301 dicitur

251 2313 340 2355 quod
362 2314 573 2355 sanctificatio
587 2314 636 2344 de
658 2323 721 2354 qua
746 2314 917 2354 loquimur,
942 2319 990 2344 est
1004 2315 1187 2345 emundatio
1204 2325 1223 2344 a
1234 2324 1310 2355 pec-

250 2363 323 2389 cato
339 2359 506 2400 originali.
526 2358 567 2389 Et
583 2367 620 2388 ex
636 2359 823 2388 auctoritate
839 2358 996 2399 Dionysii,
1013 2358 1200 2399 accipiendo
1217 2369 1311 2389 mun-

251 2401 362 2433 ditiam
384 2412 402 2433 a
425 2403 595 2438 contrario,
614 2403 777 2442 probatur.
801 2402 861 2432 Vel
884 2403 1007 2432 ratione
1022 2403 1172 2434 materiae
1195 2403 1310 2443 proba-

251 2450 318 2478 tur:
343 2447 419 2487 quia
441 2446 580 2487 perfecta
602 2446 759 2477 munditia
781 2446 815 2476 in
833 2446 887 2476 tali
902 2447 1032 2477 materia
1056 2452 1103 2477 est
1126 2446 1310 2478 emundatio

251 2499 273 2522 a
291 2495 425 2531 peccato
449 2490 605 2531 originali.

306 2534 358 2565 111.
381 2533 520 2566 Adverte
542 2534 685 2565 secundo
709 2533 816 2575 quod,
847 2534 921 2564 licet
944 2534 1151 2566 sanctificatio
1182 2535 1310 2576 proprie

251 2584 394 2619 sumpta,
422 2583 459 2610 ut
481 2578 601 2609 scilicet
629 2579 779 2618 pertingit
808 2578 848 2609 ad
874 2579 1041 2618 proprium
1068 2580 1240 2610 terminum
1271 2579 1310 2610 ad

253 2631 360 2663 quem,
385 2623 441 2663 qui
464 2628 511 2653 est
533 2623 631 2663 gratia
653 2621 787 2653 reddens
811 2627 985 2653 creaturam
1001 2624 1253 2663 impeccabilem,
1271 2623 1310 2654 ad

250 2667 358 2697 minus
380 2667 564 2703 mortaliter,
587 2672 731 2697 sumatur
749 2666 876 2697 duobus
891 2666 1056 2697 antedictis
1072 2669 1088 2684 ⁴*
1112 2667 1232 2704 modis;
1257 2677 1310 2698 ex-

252 2709 391 2743 tenditur
413 2716 520 2741 tamen
543 2710 801 2742 sanctificationis
824 2720 955 2747 nomen,
980 2712 1061 2742 sicut
1085 2712 1179 2742 etiam
1203 2717 1310 2742 exten-

253 2754 371 2786 duntur
393 2755 453 2786 alia
475 2755 607 2785 nomina
630 2755 835 2795 multiplicia,
866 2754 906 2785 ad
929 2765 966 2785 ea
995 2765 1077 2796 quae
1101 2756 1141 2786 ad
1164 2757 1310 2786 sanctita-

251 2803 318 2829 tem
339 2804 539 2839 praeparant,
562 2799 614 2830 vel
636 2798 771 2835 faciunt,
797 2805 827 2829 et
849 2799 1044 2830 huiusmodi.
1080 2799 1120 2830 Et
1143 2806 1311 2840 propterea

252 2842 384 2879 Auctor,
408 2843 442 2873 in
465 2842 605 2873 secunda
626 2844 748 2873 ratione
771 2843 824 2873 hic
847 2843 954 2879 allata,
980 2849 1110 2874 extenso
1135 2843 1310 2874 sanctifica-

251 2886 348 2917 tionis
370 2887 503 2918 nomine
525 2887 633 2923 utitur,
658 2887 787 2917 dicens:
812 2886 1020 2928 Quocumque
1035 2888 1130 2919 modo
1150 2893 1225 2918 ante
1240 2889 1310 2919 ani-

236 2930 425 2961 -mationem
446 2930 550 2961 Beata
578 2931 677 2972 Virgo
699 2931 901 2971 sanctificata
915 2931 1047 2973 fuisset.

270 2992 273 2993 ν
307 2974 354 3004 Ea
377 2979 484 3004 autem
506 2975 676 3005 necessitas
705 2975 863 3005 secundae
886 2976 1016 3006 rationis
1040 2975 1116 3012 fuit,
1142 2977 1232 3016 quia,
1259 2986 1311 3006 ex-

254 3018 343 3049 cluso
366 3027 423 3058 per
446 3019 580 3058 primam
603 3019 759 3049 rationem
790 3019 879 3058 quod
901 3025 974 3050 ante
997 3019 1193 3050 infusionem
1216 3021 1310 3050 ratio-

252 3061 332 3092 nalis
355 3062 479 3092 animae
501 3060 694 3092 sanctificata
709 3061 769 3092 fuit
790 3063 930 3103 proprie,
955 3063 1029 3102 quia
1045 3073 1112 3094 non
1129 3069 1193 3094 erat
1213 3073 1310 3104 capax

253 3106 379 3146 gratiae,
403 3111 564 3145 supererat
587 3105 753 3136 excludere
777 3105 866 3146 quod
887 3112 965 3137 tunc
981 3108 1086 3142 etiam,
1103 3107 1223 3138 scilicet
1238 3113 1310 3138 ante

254 3149 491 3185 animationem,
507 3159 574 3180 non
590 3149 651 3180 fuit
666 3149 858 3180 sanctificata
876 3150 932 3180 illo
952 3150 1052 3180 modo
1070 3159 1136 3190 quo
1151 3151 1205 3181 ille
1228 3151 1310 3182 fetus

254 3197 320 3224 erat
341 3192 598 3224 sanctificationis
622 3203 736 3233 capax.
761 3199 837 3233 puta
861 3193 950 3233 quod
973 3194 1178 3225 mundaretur
1201 3196 1240 3225 ab
1262 3196 1310 3226 in-

255 3235 394 3268 sectione
415 3247 472 3268 seu
496 3238 687 3277 contagione
711 3247 774 3277 qua
790 3243 854 3267 erat
877 3237 1032 3268 infectura
1054 3239 1193 3268 animam
1215 3240 1310 3269 ratio-

254 3280 360 3312 mlem
385 3281 445 3311 sibi
465 3280 706 3312 infundendam.
732 3281 773 3312 Et
795 3282 857 3311 hoc
880 3291 938 3321 per
958 3281 1131 3312 secundam
1154 3283 1310 3313 rationem

256 3323 372 3356 directe
395 3324 582 3361 excluditur,
606 3331 642 3355 ut
664 3330 760 3365 patet.

311 3367 364 3400 IV.
388 3368 481 3399 Circa
511 3368 684 3400 secundam
714 3369 870 3399 rationem
886 3369 919 3404 Ἡ
950 3368 1084 3399 dubium
1111 3370 1248 3399 occurrit
1271 3369 1310 3400 de

255 3410 308 3442 illa
322 3413 565 3452 consequentia:
589 3413 682 3454 Ergo
700 3423 763 3443 non
781 3412 971 3453 indiguisset
986 3413 1200 3453 redemptione
1218 3413 1310 3444 Chri-

256 3455 307 3485 sti.
329 3455 412 3486 Nam
432 3456 558 3488 videtur
579 3466 647 3487 non
662 3457 784 3487 valere:
809 3466 847 3486 ex
863 3465 902 3487 eo
927 3456 1025 3496 quod,
1050 3457 1142 3487 multi
1159 3466 1233 3487 cum
1249 3459 1310 3487 sint

257 3498 346 3529 modi
375 3501 490 3540 quibus
513 3500 691 3540 redemptio
723 3507 754 3531 et
777 3500 859 3530 salus
882 3510 939 3540 per
963 3500 1125 3531 Christum
1145 3500 1188 3536 fit,
1215 3502 1309 3532 etiam

258 3550 276 3571 a
297 3549 446 3582 peccato,
477 3545 556 3575 ratio
579 3545 654 3580 ista,
685 3554 788 3575 unum
811 3550 935 3574 tantum
961 3544 1096 3575 modum
1121 3545 1308 3581 excludens,

259 3586 347 3625 quasi
371 3595 482 3618 omnes
505 3588 688 3625 excluserit,
720 3588 814 3619 infert
844 3589 1021 3628 negativam
1044 3589 1196 3625 totaliter,
1221 3589 1309 3629 quod

1355 520 1423 542 non
1445 511 1633 551 indiguisset
1655 510 1877 551 redemptione
1901 510 2028 540 Christi.
2053 510 2151 548 Quod
2167 516 2274 540 autem
2292 520 2359 540 non
2375 512 2414 541 sit

1355 556 1470 585 unicus
1493 561 1618 585 tantum
1642 554 1758 585 modus
1790 564 1856 594 quo
1880 554 2058 593 redemptio
2086 563 2103 584 a
2129 560 2262 593 peccato
2293 554 2328 584 fit
2358 564 2414 595 per

1357 599 1530 635 Christum,
1555 609 1592 630 ex
1617 609 1656 629 eo
1680 604 1766 639 patet
1790 598 1888 638 quod,
1906 598 1986 628 ultra
2009 598 2099 628 illum
2121 607 2328 628 communem
2344 608 2414 629 mo-

1356 643 1434 673 dum
1466 653 1531 683 quo
1556 643 1653 673 salvat
1683 642 1819 673 delendo
1850 643 2012 672 inventam
2042 642 2164 681 peccati
2194 642 2352 672 maculam
2381 643 2414 672 in

1356 688 1471 723 anima,
1489 687 1580 718 datur
1595 687 1684 722 alius,
1697 696 1774 726 qu0,
1791 685 1934 716 tollendo
1953 686 2152 725 contagionis
2167 685 2272 716 labem
2288 696 2305 716 a
2322 696 2414 716 carne

1356 737 1542 772 susceptura
1565 732 1714 767 animam,
1737 736 1916 770 praeservat
1940 740 1957 760 a
1979 735 2112 770 peccato
2137 730 2286 766 animam,
2310 740 2352 760 ne
2367 731 2415 760 in-

1357 781 1461 805 currat
1483 776 1515 805 in
1539 775 1628 805 illud.
1652 775 1701 805 Ac
1728 784 1785 815 per
1807 775 1880 810 hoc,
1905 775 1978 804 licet
2001 774 2098 804 Beata
2121 774 2220 814 Virgo
2243 783 2311 804 non
2333 774 2414 804 indi-

1356 820 1475 859 guisset
1497 819 1553 850 illo
1577 819 1688 854 modo,
1713 819 1832 849 scilicet
1855 828 1912 858 per
1934 818 2128 848 deletionem
2151 818 2294 848 maculae
2310 819 2415 848 incur—

1357 873 1419 898 sae,
1443 863 1555 893 redimi
1575 870 1606 894 et
1628 863 1739 893 salvari
1755 872 1812 903 per
1827 862 2007 899 Christum;
2030 862 2166 902 indiguit
2181 867 2288 892 tamen
2303 862 2415 893 redimi

1358 908 1388 937 et
1417 907 1526 937 salvari
1549 917 1606 947 per
1630 906 1768 937 eundern
1799 907 1861 936 alio
1889 906 2007 942 modo,
2038 906 2157 936 scilicet
2183 916 2240 946 per
2263 906 2416 936 emunda-

1356 952 1479 981 tionem
1505 951 1687 982 infectionis
1714 951 1813 987 fetus,
1844 956 1880 981 ut
1910 951 1954 980 sic
1984 955 2234 990 praeservaretur
2263 961 2280 980 a
2312 951 2416 990 culpa.

1412 995 1450 1025 V.
1475 995 1526 1025 Ad
1548 996 1643 1026 huius
1667 995 1874 1030 evidentiam,
1899 994 2126 1025 advertendum
2151 999 2197 1024 est
2220 994 2309 1034 quod
2331 995 2417 1025 aliud

1357 1044 1404 1069 est
1427 1049 1597 1079 personam
1621 1039 1736 1069 Beatae
1752 1039 1889 1078 Virginis
1913 1038 2085 1079 indiguisse
2107 1038 2219 1068 redimi
2243 1049 2260 1068 a
2283 1044 2415 1079 peccato

1357 1093 1414 1123 per
1438 1083 1616 1113 Christum:
1643 1089 1673 1113 et
1697 1083 1782 1113 aliud
1806 1089 1851 1113 est
1881 1082 1982 1123 fetum
2004 1083 2105 1119 illum,
2126 1088 2198 1113 ante
2221 1083 2344 1113 animae
2368 1083 2416 1112 in-

1358 1126 1529 1162 fusionem,
1554 1127 1726 1167 indiguisse
1749 1126 1936 1157 sanctificari
1959 1136 2016 1166 per
2040 1126 2212 1157 Christum.
2241 1127 2323 1156 Nam
2346 1137 2417 1166 per—

1359 1180 1471 1201 sonam
1494 1171 1596 1211 ipsam
1619 1171 1760 1210 indigere
1784 1171 1894 1200 salvari
1912 1180 1930 1200 a
1945 1176 2088 1210 peccato,
2110 1176 2156 1200 est
2170 1171 2293 1200 liberari
2310 1181 2327 1200 a
2342 1180 2417 1210 pec-

1360 1220 1431 1245 cato
1456 1214 1545 1255 quod
1568 1215 1672 1250 habet,
1696 1215 1747 1244 vel
1761 1215 1906 1244 haberet:
1932 1220 2060 1254 oportet
2075 1215 2161 1244 enim
2185 1220 2239 1244 aut
2258 1215 2347 1254 quod
2362 1215 2417 1244 ha-

1359 1260 1432 1289 beat
1454 1264 1633 1299 peccatum,
1657 1259 1707 1288 vel
1731 1258 1820 1298 quod
1843 1259 1882 1288 sit
1897 1259 1930 1288 in
1946 1259 2114 1298 procinctu
2131 1268 2187 1288 seu
2202 1259 2346 1298 periculo
2363 1259 2418 1288 ha-

1359 1302 1455 1333 bendi
1479 1309 1657 1342 peccatum,
1682 1303 1826 1342 quisquis
1850 1308 1920 1342 eget
1943 1302 2053 1332 salvari
2076 1312 2094 1332 a
2116 1308 2266 1342 peccat0;
2289 1303 2316 1332 si
2333 1303 2418 1332 enim

1359 1352 1529 1387 peccatum
1551 1357 1619 1377 non
1642 1347 1746 1382 habet,
1770 1356 1829 1376 nec
1854 1352 1899 1376 θεῖ
1922 1347 1955 1376 in
1978 1346 2122 1386 periculo
2146 1346 2283 1376 habendi
2306 1356 2418 1386 pecca-

1360 1397 1439 1427 tum,
1457 1391 1610 1421 salvatore
1627 1401 1645 1421 a
1660 1397 1792 1431 peccato
1815 1400 1882 1421 non
1904 1390 2034 1430 indiget,
2050 1396 2086 1420 ut
2106 1396 2201 1430 patet.
2226 1391 2341 1421 Fetum
2364 1400 2419 1421 au-

1360 1441 1427 1465 tem
1450 1445 1542 1475 egere
1566 1435 1815 1465 sanctificatione
1839 1440 1886 1465 est
1909 1435 1999 1474 quia,
2023 1435 2083 1464 nisi
2107 1434 2336 1470 sanctificetur,
2360 1435 2419 1465 im-

1360 1479 1501 1510 mundus
1525 1480 1592 1510 erit.
1625 1480 1658 1510 Si
1681 1480 1796 1509 Beatae
1819 1479 1914 1519 igitur
1933 1479 2071 1519 Virginis
2094 1479 2176 1509 fetus
2207 1478 2420 1509 sanctificatus

1362 1524 1471 1554 fuisset
1495 1529 1567 1554 ante
1591 1523 1787 1553 infusionem
1810 1524 1933 1553 animae
1958 1523 2127 1559 rationalis,
2153 1533 2227 1553 cum
2250 1523 2332 1553 fetus
2352 1533 2419 1553 non

1362 1569 1400 1598 sit
1426 1568 1527 1598 homo
1558 1568 1619 1597 nisi
1645 1577 1702 1607 per
1729 1568 1868 1597 animam
1898 1567 2103 1603 rationalem,
2135 1577 2202 1597 non
2228 1568 2296 1607 ipsa
2323 1568 2419 1598 Beata

1361 1612 1477 1652 Virgo.
1503 1621 1585 1651 quae
1614 1621 1681 1641 non
1713 1617 1777 1642 erat
1808 1611 1927 1647 adhuc,
1958 1611 2013 1641 sed
2044 1610 2126 1641 fetus
2153 1611 2206 1641 ille
2235 1611 2421 1651 indiguisset

1362 1655 1549 1686 sanctificari
1571 1665 1629 1695 per
1647 1655 1820 1691 Christum,
1838 1655 1893 1686 sed
1909 1655 1975 1695 ipsa
1991 1655 2088 1685 Beata
2103 1656 2200 1695 Virgo
2219 1655 2328 1685 fuisset
2343 1665 2420 1685 con-

1363 1705 1454 1740 cepta
1474 1701 1540 1730 sine
1556 1705 1690 1740 peccato
1707 1699 1851 1739 originali
1875 1700 1994 1739 absque
2011 1709 2215 1739 quacumque
2232 1700 2291 1729 alia
2306 1700 2420 1739 gratia:

1362 1745 1405 1774 ita
1429 1743 1533 1783 quod,
1559 1753 1596 1774 ex
1620 1744 1682 1774 hoc
1705 1744 1776 1783 ipso
1801 1743 1890 1783 quod
1914 1744 2018 1773 anima
2041 1753 2098 1773 sua
2123 1743 2228 1773 infusa
2251 1749 2332 1773 esset
2354 1753 2421 1773 ma-

1362 1789 1458 1818 teriae
1482 1787 1631 1823 mundae,
1656 1787 1807 1827 originale
1823 1793 1991 1827 peccatum
2007 1797 2074 1817 non
2091 1788 2305 1823 contraxisset,
2327 1789 2422 1817 etiam

1363 1833 1388 1862 si
1404 1831 1491 1862 nulla
1507 1832 1748 1871 superapposita
1766 1831 1876 1861 fuisset
1891 1832 1998 1870 gratia.
2017 1832 2065 1861 Ac
2081 1841 2138 1871 per
2153 1832 2226 1867 hoc,
2243 1832 2311 1875 ipsa
2326 1832 2422 1861 Beata

1362 1876 1461 1915 Virgo
1484 1885 1551 1905 non
1575 1875 1761 1915 indiguisset
1783 1876 1881 1915 gratia
1898 1874 2138 1914 redemptionis,
2163 1885 2219 1905 seu
2242 1870 2423 1905 salvationis

1363 1930 1381 1950 a
1404 1925 1554 1959 peccato,
1588 1929 1644 1959 per
1676 1919 1838 1949 Christum
1868 1918 1978 1949 factae.
2011 1919 2222 1958 Exemplum.
2247 1920 2423 1959 Apostolus

1362 1963 1490 2000 Paulus,
1515 1964 1589 2003 quia
1604 1969 1697 1997 natus
1714 1969 1760 1993 est
1779 1964 1855 1993 civis
1874 1963 2040 1993 Romanus
2056 1964 2082 1999 θ,
2106 1973 2273 2003 nunquam
2289 1963 2461 2003 indiguit

1364 2007 1518 2038 Caesarea
1541 2008 1639 2047 gratia
1661 2007 1701 2037 ad
1724 2007 1906 2037 civilitatem
1929 2008 2125 2037 Romanam:
2151 2008 2294 2047 quamvis
2311 2008 2424 2048 aliquis

1363 2062 1401 2082 ex
1424 2052 1565 2091 patribus
1589 2052 1653 2082 suis
1677 2052 1735 2082 hac
1758 2052 1856 2091 gratia
1879 2051 2059 2091 indiguerit.
2091 2051 2200 2082 Simile
2225 2057 2271 2082 θεῖ
2293 2053 2326 2082 in
2349 2062 2423 2092 pro-

1363 2097 1486 2136 posito:
1512 2096 1597 2135 quia,
1621 2096 1695 2126 licet
1718 2105 1791 2125 caro
1815 2095 2006 2126 antecedens
2029 2105 2199 2136 personam
2223 2096 2338 2128 Beatae
2354 2097 2424 2127 Vir-

1363 2140 1446 2179 ginis
1468 2139 1638 2180 indiguerit
1654 2139 1766 2170 redimi
1785 2140 1839 2169 tali
1855 2139 1954 2169 modo
1970 2149 2027 2179 per
2044 2139 2216 2175 Christum,
2234 2139 2301 2180 ipsa
2317 2146 2424 2171 tamen

1363 2184 1460 2214 Beata
1475 2184 1584 2223 Virgo,
1605 2184 1680 2223 quia
1695 2189 1768 2213 nata
1783 2184 1816 2213 in
1832 2189 1924 2213 utero
1942 2188 2023 2213 esset
2039 2193 2149 2223 expers
2165 2185 2287 2223 peccati
2304 2185 2423 2224 absque

1362 2227 1467 2258 infusa
1491 2229 1549 2258 sibi
1572 2228 1670 2267 gratia
1692 2233 1913 2267 praeservante
1929 2237 1970 2257 ne
1986 2227 2169 2263 incurreret,
2188 2237 2256 2258 non
2271 2228 2424 2268 indiguis-

1363 2278 1410 2302 set
1433 2272 1618 2312 simpliciter
1642 2277 1672 2301 et
1695 2271 1839 2301 absolute
1862 2271 1992 2307 redimi,
2017 2281 2074 2301 seu
2097 2271 2208 2302 salvari
2231 2281 2250 2302 a
2272 2279 2422 2312 peccat0,

1363 2325 1420 2355 per
1444 2315 1617 2346 Christum.
1641 2315 1682 2345 Et
1705 2315 1778 2345 hinc
1801 2316 1897 2345 habes
1921 2314 2020 2355 quod,
2045 2316 2070 2345 si
2086 2315 2208 2346 dicatur
2223 2315 2312 2355 quod
2327 2317 2424 2347 Beata

1363 2360 1461 2400 Virgo
1485 2359 1671 2399 indiguisset
1693 2359 1726 2389 in
1750 2369 1843 2390 carne
1866 2358 2075 2399 praecedente
2102 2359 2214 2390 redimi
2238 2370 2256 2390 a
2278 2366 2423 2400 peccato,

1364 2405 1509 2444 quamvis
1529 2413 1596 2434 non
1612 2404 1645 2434 in
1661 2413 1704 2439 se,
1729 2404 1807 2434 haec
1823 2403 1982 2433 distinctio
2004 2413 2072 2433 non
2089 2404 2192 2433 obstat
2207 2403 2307 2434 dictis.
2331 2404 2423 2442 Quo-

1363 2449 1450 2479 niam
1472 2448 1614 2488 indigere
1637 2449 1670 2478 in
1694 2446 1953 2478 antecedentibus
1980 2457 2048 2477 non
2072 2453 2118 2477 est
2140 2447 2242 2487 ipsam
2264 2448 2422 2488 indigere:

1362 2493 1406 2522 ita
1429 2492 1519 2533 quod
1541 2493 1574 2534 ly
1598 2492 1630 2522 in
1654 2491 1910 2522 antecedentibus
1937 2497 1983 2521 est
2006 2491 2148 2521 conditio
2173 2491 2353 2522 diminuens
2375 2502 2423 2522 ra-

1362 2537 1485 2567 tionem
1507 2536 1699 2576 indigentiae
1715 2536 1900 2576 personalis.
1925 2535 1965 2566 Et
1980 2541 2149 2575 propterea
2164 2545 2230 2565 non
2247 2536 2330 2566 valet
2345 2546 2423 2566 con-

1363 2581 1543 2620 sequentia:
1564 2580 1761 2621 Indiguisset
1776 2580 1808 2610 in
1827 2580 1879 2610 sui
1889 2580 1983 2621 fetus
1998 2589 2105 2615 carne,
2121 2579 2214 2621 Ergo
2235 2580 2303 2620 ipsa
2320 2580 2423 2611 Beata

1369 2625 1468 2666 Virgo
1493 2625 1693 2666 indiguisset.

1418 2669 1474 2699 Est
1490 2679 1565 2709 ergo
1582 2668 1767 2708 simpliciter
1781 2678 1854 2698 vera
1870 2668 2013 2698 doctrina
2025 2668 2058 2698 in
2070 2668 2172 2698 littera
2184 2667 2304 2704 tradita,
2323 2668 2421 2708 quod,

1363 2714 1389 2743 si
1412 2713 1509 2743 Beata
1527 2713 1625 2753 Virgo
1649 2712 1759 2742 fuisset
1782 2718 1853 2742 ante
1869 2711 2064 2742 infusionem
2080 2713 2204 2742 animae
2215 2711 2421 2748 sanctificata,

1364 2757 1453 2797 quod
1476 2767 1544 2788 non
1568 2757 1704 2797 eguisset
1727 2756 1948 2796 redemptione
1972 2761 2003 2786 et
2025 2756 2125 2786 salute
2149 2766 2166 2786 a
2185 2762 2317 2796 peccato
2342 2755 2423 2786 facta

1363 2811 1421 2841 per
1443 2801 1616 2832 Christum.
1641 2801 1682 2830 Et
1705 2801 1786 2830 bene
1809 2806 1885 2830 nota
1909 2799 1998 2839 quod
2020 2809 2087 2830 non
2107 2799 2221 2830 dicitur
2244 2800 2332 2839 quod
2355 2810 2422 2831 non

1363 2845 1549 2885 indiguisset
1570 2845 1674 2875 salute
1695 2844 1825 2885 gratiae
1848 2849 1906 2874 aut
1919 2844 2049 2884 gloriae
2072 2843 2153 2873 facta
2168 2853 2225 2883 per
2241 2844 2421 2874 Christum:

1364 2889 1428 2924 sed,
1452 2890 1556 2920 salute
1579 2899 1599 2918 a
1610 2893 1754 2928 peccato,
1779 2898 1797 2918 a
1816 2897 1879 2927 qua
1903 2887 2005 2917 dictus
2022 2892 2068 2917 est
2083 2888 2182 2923 Iesus,
2199 2888 2262 2917 hoc
2279 2893 2334 2922 est,
2351 2888 2423 2918 Sal-

1364 2938 1467 2969 vator,
1492 2938 1528 2963 ut
1542 2932 1684 2972 Angelus
1707 2931 1856 2962 revelavit
1873 2931 1996 2970 Ioseph,
2022 2931 2140 2967 dicens,
2157 2932 2268 2962 Matth.
2282 2942 2293 2961 1
2308 2933 2340 2962 *ε
2363 2933 2422 2963 Vo-

1363 2977 1450 3008 cabis
1473 2986 1587 3007 nomen
1613 2976 1681 3006 eius
1703 2975 1830 3006 Iesum:
1860 2975 1925 3015 ipse
1947 2976 2031 3005 enim
2053 2975 2178 3006 salvum
2193 2975 2301 3016 faciet
2317 2987 2422 3017 popu-

1364 3022 1430 3051 lum
1453 3030 1546 3051 suum
1569 3030 1590 3049 a
1609 3019 1750 3059 peccatis
1773 3029 1896 3049 eorum.

1419 3065 1459 3094 Et
1482 3074 1538 3104 per
1560 3064 1639 3093 haec
1663 3069 1748 3103 patet
1770 3063 1936 3102 responsio
1953 3062 1992 3093 ad
2009 3063 2233 3099 obiectionem.
2259 3063 2422 3101 Quoniam

1364 3109 1494 3138 Beatam
1517 3108 1682 3147 Virginem
1704 3107 1737 3136 in
1760 3106 1969 3146 praecedente
1993 3106 2076 3141 fetu,
2101 3107 2152 3137 vel
2174 3114 2319 3147 parente,
2344 3114 2420 3145 etc.,

1364 3151 1503 3191 indigere
1527 3150 1757 3190 redemptione,
1781 3160 1848 3180 non
1865 3156 1911 3180 est
1931 3151 2033 3190 ipsam
2049 3151 2179 3181 Beatam
2195 3151 2358 3192 Virginem
2374 3154 2422 3183 in-

1364 3195 1486 3235 digere:
1519 3195 1600 3225 sicut
1622 3194 1758 3224 Paulum
1781 3195 1814 3224 in
1837 3195 1901 3225 suis
1924 3195 2107 3234 parentibus
2130 3195 2302 3235 indiguisse
2325 3198 2422 3236 gratia

1364 3239 1519 3269 civilitatis
1542 3239 1724 3274 Romanae,
1754 3248 1823 3269 non
1850 3244 1897 3268 est
1919 3239 2055 3269 Paulum
2078 3239 2131 3269 illa
2154 3239 2342 3279 indiguisse,
2367 3241 2422 3271 sed

1363 3283 1499 3313 maiores
1523 3292 1598 3312 suos
1621 3282 1792 3322 indiguisse
1815 3282 1877 3313 illa.

1418 3326 1471 3356 VI.
1497 3325 1589 3356 Circa
1611 3326 1815 3356 corollarium
1830 3327 1847 3343 Ψ
1870 3326 2004 3357 dubium
2028 3327 2174 3363 occurrit,
2200 3328 2274 3367 quia
2293 3338 2360 3359 non
2375 3329 2422 3359 vi-

1364 3369 1455 3400 detur
1477 3370 1568 3410 sequi
1593 3379 1629 3400 ex
1653 3370 1840 3410 praemissis.
1864 3370 1947 3400 Nam
1971 3380 2007 3401 ex
2024 3371 2086 3400 hoc
2107 3371 2196 3410 quod
2212 3372 2308 3402 Beata
2322 3373 2421 3413 Virgo

1363 3423 1430 3443 non
1453 3413 1513 3444 fuit
1536 3413 1726 3444 sanctificata
1750 3420 1822 3444 ante
1838 3415 2075 3450 animationem,
2092 3424 2159 3445 non
2176 3417 2318 3455 sequitur
2333 3417 2422 3456 quod

1363 3457 1568 3488 sanctificatio
1586 3458 1653 3488 eius
1677 3457 1771 3488 fuerit
1793 3464 1868 3498 post
1883 3459 2121 3489 animationem.
2146 3459 2212 3489 Stat
2227 3461 2313 3490 enim
2332 3461 2421 3500 quod

1363 3511 1422 3532 nec
1446 3507 1518 3532 ante
1541 3512 1601 3532 nec
1624 3508 1707 3542 post,
1732 3502 1787 3532 sed
1809 3503 1842 3532 in
1866 3503 1935 3542 ipso
1960 3503 2087 3532 instanti
2110 3502 2278 3534 infusionis
2297 3505 2420 3535 animae

1363 3544 1457 3576 fuerit
1480 3545 1687 3576 sanctificata:
1712 3552 1747 3576 ut
1770 3547 1862 3576 multi
1886 3546 2031 3576 moderni
2054 3552 2173 3577 tenent.

1418 3589 1468 3619 Ad
1491 3590 1554 3620 hoc
1579 3589 1692 3620 dicitur
1716 3590 1804 3630 quod
1823 3590 1908 3620 aliud
1925 3596 1971 3620 est
1987 3590 2143 3621 discutere
2159 3593 2323 3622 materiam
2338 3593 2419 3622 hanc

2475 1967 2524 1989 Act.
2541 1973 2591 1995 cap.
2607 1974 2663 1994 xxn,

2452 2000 2510 2015 vers.
2524 1995 2559 2016 28.

2451 2937 2461 2946 ⁸
2476 2936 2541 2957 Vers-
2557 2941 2590 2957 ει.

2451 3379 2458 3389 “
2473 3378 2542 3400 Num.
2558 3385 2574 3400 ι.
