2872 3970
0 161 29 204 :³²5

14 227 23 236 ί,

37 3244 131 3278 ³¹Qn.
138 3248 208 3276 unic„
216 3254 273 3270 con-

44 3269 156 3309 squ-1.

40 3302 73 3328 ξ.

34 3330 50 3346 '‘-t

1015 250 1277 296 QUAESTIO
1306 251 1373 296 IV,
1404 249 1695 287 ARTICULUS
1723 250 1737 286 Ι
2410 250 2458 298 73

290 328 454 368 negative,
479 333 533 359 aut
555 337 573 358 e
597 333 706 358 contra
733 327 910 358 secundum
931 327 1059 367 propria
1081 328 1225 367 negative
1248 333 1279 357 et
1301 337 1349 357 se-

293 371 435 403 cundum
463 372 599 411 primam
623 381 750 402 causam
773 371 956 401 affirmative
979 376 1052 401 sunt
1079 371 1349 401 denominandae:

292 421 370 446 tunc
393 421 554 446 creaturae
583 414 829 445 denominantur
851 414 1002 454 aliquales
1026 415 1209 453 simpliciter
1238 424 1351 445 secun-

293 458 371 489 dum
403 459 548 498 propria;
584 464 615 489 et
643 467 711 488 non
744 458 921 488 secundum
953 458 1088 497 primam
1122 467 1265 493 causam,
1297 457 1351 487 sed

294 511 369 533 cum
391 501 562 538 additione,
586 507 622 532 ut
644 506 731 541 patet
753 502 786 532 in
809 501 956 540 exemplo
980 501 1110 531 litterae.
1142 502 1274 531 Morbus
1297 501 1351 531 de-

293 546 452 577 nominari
474 550 580 585 potest
602 545 748 576 curabilis
771 550 802 575 et
817 545 998 575 incurabilis
1020 544 1197 575 secundum
1213 545 1351 584 propria,

294 594 325 619 et
348 588 524 619 secundum
546 589 682 628 primam
698 598 826 618 causam
849 588 1009 618 curabilis:
1035 593 1065 618 et
1081 587 1153 618 ideo
1170 589 1352 628 simpliciter

294 632 407 662 dicitur
430 632 575 662 curabilis
598 632 648 662 vel
670 631 850 662 incurabilis
873 631 1064 661 attendendo
1081 631 1120 661 ad
1135 633 1280 671 propria;
1304 641 1351 661 se-

294 675 436 706 cundum
459 676 595 716 primam
617 681 724 705 autem
755 685 882 705 causam
918 675 1032 705 dicitur
1068 685 1142 705 cum
1173 675 1351 710 additione,

294 719 446 750 curabilis
469 728 532 759 per
553 719 616 749 Dei
632 718 821 759 potentiam.
856 718 897 748 Et
919 719 1021 748 simile
1045 724 1091 749 est
1117 719 1151 749 in
1174 719 1351 758 proposito.

295 762 464 793 Creaturae
480 763 664 802 simpliciter
687 762 836 792 dicuntur
850 762 1082 801 assumptibiles
1106 772 1188 802 quae
1205 764 1352 802 congrui-

293 811 390 837 tatem
413 806 530 836 habent
552 805 591 836 ad
609 806 764 836 unionem
787 806 1002 845 personalem,
1027 811 1059 836 et
1086 806 1353 845 inassumptibiles

294 859 376 890 quae
399 850 453 880 illa
475 855 591 880 carent.
627 849 713 880 Cum
736 859 802 889 quo
832 855 939 879 tamen
962 854 1021 879 stat
1051 849 1140 889 quod
1163 859 1275 879 omnes
1297 859 1352 879 na-

293 899 382 924 turae
412 892 556 923 dicantur
578 893 810 932 assumptibiles
833 902 908 923 cum
931 892 1110 928 additione,
1135 893 1268 928 scilieet,
1290 902 1354 933 per

292 937 356 967 Dei
371 937 563 977 potentiam.

347 980 400 1011 Ad
427 981 563 1020 primam
593 989 669 1020 ergo
699 980 916 1010 obiectionem
947 979 1062 1010 dicitur
1093 979 1182 1020 quod
1210 981 1354 1020 potentia

294 1023 510 1060 obedientiae,
535 1024 610 1064 quia
632 1023 804 1064 respondet
827 1024 1078 1063 omnipotentiae
1102 1023 1242 1059 divinae,
1268 1024 1353 1054 clau-

295 1067 379 1098 ditur
394 1068 428 1098 in
442 1068 609 1108 proposito
626 1068 684 1098 sub
701 1067 971 1102 denominatione,
984 1077 1025 1098 ex
1041 1067 1270 1108 omnipotentia
1281 1067 1353 1098 Dei.

293 1110 447 1142 Eiusdem
470 1112 556 1142 enirn
577 1112 707 1141 rationis
731 1117 778 1141 est
807 1110 896 1151 quod
919 1111 1143 1141 denominetur
1172 1117 1284 1141 natura
1306 1121 1354 1141 as-

294 1155 485 1196 sumptibilis
507 1165 546 1186 ex
567 1155 712 1195 potentia
735 1155 811 1191 Dei,
842 1160 874 1185 et
905 1164 942 1184 ex
969 1156 1112 1194 potentia
1135 1154 1352 1188 obedientiae,

295 1208 359 1239 qua
374 1204 514 1229 creatura
529 1199 673 1229 subditur
688 1198 748 1228 Dei
763 1199 924 1238 potentiae
939 1198 1095 1228 absolute.
1119 1199 1160 1228 Et
1174 1198 1247 1229 ideo
1264 1208 1354 1238 prae-

293 1243 437 1275 termissa
458 1248 505 1272 est
526 1243 560 1272 in
581 1242 645 1272 hoc
667 1251 829 1281 processu,
854 1242 936 1272 sicut
958 1247 989 1272 et
1010 1242 1154 1282 potentia
1177 1242 1246 1272 Dei.

348 1285 400 1316 Ad
422 1285 595 1316 secundam
618 1285 731 1316 dicitur
754 1285 859 1326 quod,
889 1285 964 1316 licet
986 1286 1202 1325 assumptibile
1233 1286 1354 1316 dicatur

294 1328 500 1360 solummodo
517 1330 550 1359 in
566 1329 677 1359 ordine
693 1329 732 1359 ad
748 1329 864 1365 Deum,
881 1329 1000 1360 attendi
1015 1334 1122 1359 tamen
1137 1334 1243 1369 potest
1259 1330 1354 1360 etiam

295 1383 333 1404 ex
354 1378 443 1413 parte
472 1373 698 1413 congruentiae
728 1378 859 1403 naturae
887 1373 1065 1403 secundum
1095 1373 1180 1403 illius
1208 1374 1353 1413 propria,

294 1422 326 1448 et
356 1425 396 1447 ex
420 1422 509 1456 parte
535 1417 789 1457 omnipotentiae
812 1417 882 1447 Dei.
917 1417 958 1446 Et
987 1416 1165 1448 secundum
1195 1417 1259 1447 hoc
1295 1427 1353 1457 op-

292 1461 400 1501 posito
422 1460 522 1491 modo
545 1466 657 1492 natura
679 1460 785 1500 aliqua
807 1466 854 1491 est
876 1459 1129 1491 denominabilis.
1154 1461 1194 1490 Et
1216 1460 1289 1491 ideo
1306 1471 1353 1491 se-

294 1504 437 1536 cundum
458 1505 588 1544 propria
607 1503 721 1535 dicitur
737 1514 877 1545 congrue
893 1504 1118 1544 assumptibilis
1133 1504 1184 1534 vel
1198 1505 1353 1535 inassum-

316 1548 421 1579 tibilis.

292 1557 314 1589 p
347 1591 400 1622 Ad
421 1592 562 1628 tertiam,
593 1591 779 1622 conceditur
808 1591 897 1632 quod
920 1597 1079 1622 creaturae
1108 1591 1354 1622 denominantur

294 1634 478 1676 simpliciter
501 1635 652 1676 aliquales
675 1645 713 1665 ex
735 1635 797 1665 Dei
818 1636 978 1675 potentia„
1003 1634 1132 1675 quando
1157 1645 1194 1665 ex
1217 1636 1353 1675 propriis

293 1689 361 1710 non
383 1685 458 1710 sunt
481 1679 631 1719 opposito
654 1678 754 1709 modo
781 1677 1041 1710 denominabiles.
1075 1679 1144 1709 Nec
1168 1680 1354 1718 oppositum

294 1723 426 1755 habetur
449 1733 487 1753 ex
509 1723 610 1753 littera
632 1732 707 1753 sane
729 1723 898 1753 intellecta.

348 1767 388 1797 V.
411 1767 555 1797 Dubium
577 1765 756 1796 secundum
780 1771 841 1796 est:
866 1765 1044 1804 Quomodo
1067 1775 1179 1796 verum
1195 1771 1242 1796 est
1265 1765 1354 1806 quod

294 1811 328 1841 in
357 1809 475 1850 angelis
505 1809 630 1840 deficiat
658 1810 826 1840 necessitas
855 1809 1078 1848 reparationis3
1111 1819 1186 1840 cum
1213 1809 1354 1849 angelica

293 1858 405 1884 natura
427 1853 531 1884 adhuc
553 1853 751 1892 reparatione
774 1850 932 1892 indigeat?

348 1897 400 1927 Ad
421 1897 484 1927 hoc
512 1896 626 1927 dicitur
656 1896 745 1936 quod
773 1906 841 1926 non
871 1895 1006 1926 intendit
1033 1895 1157 1926 Auctor
1187 1895 1352 1926 excludere

293 1941 332 1972 ab
355 1941 496 1980 angelica
518 1946 629 1971 natura
655 1940 862 1980 indigentiam
897 1949 954 1970 seu
983 1940 1203 1970 necessitatem
1229 1949 1353 1980 repara-

293 1985 405 2017 tionis:
436 1984 491 2015 sed
513 1984 759 2025 congruentiam
783 1984 986 2014 necessitatis.
1021 1983 1067 2014 lta
1093 1983 1192 2023 quod,
1223 1984 1298 2014 licet
1320 1984 1353 2014 in

294 2028 435 2068 angelica
456 2034 568 2059 natura
590 2029 629 2058 sit
650 2028 753 2058 maior
774 2027 956 2067 indigentia,
980 2027 1057 2069 quia
1078 2027 1285 2068 irreparabilis
1308 2033 1354 2058 est

293 2069 377 2103 illius
400 2072 523 2114 lapsus;
547 2072 622 2112 quia
638 2077 745 2102 tamen
759 2071 929 2102 necessitas
945 2071 998 2102 illa
1012 2080 1080 2102 non
1095 2071 1190 2102 habet
1205 2072 1353 2111 congrui-

293 2121 391 2146 tatem
413 2115 453 2146 ad
474 2115 716 2156 reparationem,
741 2115 816 2155 quia
839 2120 886 2145 est
907 2115 1076 2146 necessitas
1100 2124 1167 2144 non
1189 2115 1275 2152 viae,
1299 2115 1354 2145 sed

293 2159 436 2195 termini;
460 2158 534 2189 ideo
557 2164 704 2189 notanter
727 2158 840 2189 dicitur
863 2158 952 2199 quod
973 2158 1060 2189 deest
1077 2158 1245 2200 angelicae
1261 2164 1354 2189 natu-

295 2213 353 2234 rae
366 2203 557 2245 congruitas
572 2207 720 2243 exparte
735 2203 939 2239 necessitatis,
952 2208 1017 2232 tarn
1032 2203 1066 2232 in
1080 2211 1217 2242 corpore
1232 2203 1354 2233 articuli

296 2256 393 2288 quarn
414 2247 448 2278 in
470 2247 680 2297 responsione
702 2246 742 2277 ad
763 2247 901 2279 tertium.

349 2290 402 2321 VI.
425 2290 533 2321 Nota
525 2300 559 2320 in
575 2290 664 2321 dictis
679 2290 774 2321 huius
790 2290 913 2321 articuli
934 2289 1022 2321 illam
1035 2290 1292 2331 propositionem
1315 2289 1354 2320 de

294 2334 438 2374 potentia
459 2334 583 2374 passiva
604 2333 748 2370 naturali,
773 2333 863 2374 quod
879 2343 942 2365 non
959 2343 992 2364 se
1008 2333 1151 2365 extendit
1164 2334 1208 2365 ad
1222 2334 1255 2365 id
1269 2334 1356 2375 quod

295 2377 493 2409 transcendit
514 2377 695 2408 naturalem
719 2377 883 2408 ordinem:
906 2377 1059 2417 quoniam
1074 2378 1236 2407 verissima
1251 2383 1307 2414 est,
1325 2382 1355 2408 et

295 2421 446 2457 formalis,
470 2426 502 2452 et
523 2422 661 2461 propria,
686 2426 717 2451 et
736 2420 915 2455 secundum
933 2421 986 2451 illa
1007 2420 1175 2451 iudicanda
1198 2431 1280 2461 quae
1303 2422 1354 2452 hic

296 2471 392 2506 atque
413 2465 478 2496 illic
501 2466 706 2496 inveniuntur
721 2465 813 2495 dicta.
837 2464 1022 2495 Secundum
1038 2474 1135 2504 quam
1157 2471 1244 2504 patet
1267 2465 1356 2506 quod

295 2509 439 2549 potentia
461 2509 610 2539 naturalis
632 2508 810 2539 intellectus
833 2509 933 2539 nostri
956 2518 1023 2538 non
1047 2518 1080 2538 se
1096 2509 1235 2539 extendit
1255 2509 1294 2540 ad
1309 2510 1355 2539 vi-

296 2553 421 2583 sionem
443 2552 513 2588 Dei,
535 2557 594 2583 etc.
627 2552 721 2583 Unde
745 2558 776 2582 et
797 2553 850 2582 hic
873 2551 987 2582 dicitur
1010 2552 1049 2582 de
1071 2557 1183 2582 natura
1204 2553 1354 2589 humana,

297 2601 453 2637 quatenus
469 2595 697 2631 intellectualis,
717 2595 806 2636 quod
821 2601 894 2626 nata
909 2601 956 2626 est
971 2596 1157 2636 aliqualiter
1172 2597 1354 2637 contingere

295 2650 353 2681 per
376 2640 596 2680 operationem
618 2640 760 2670 Verbum
784 2640 854 2670 Dei.

351 2684 418 2714 Vll.
443 2683 479 2714 In
500 2684 709 2723 responsione
731 2682 772 2714 ad
793 2684 933 2723 primum
954 2683 1097 2714 eiusdem
1113 2684 1207 2723 primi
1222 2684 1354 2720 articuli,

295 2727 475 2759 notandum
497 2732 544 2757 est
573 2726 662 2766 quod
683 2727 758 2758 hinc
781 2732 910 2766 apparet
931 2727 1107 2758 Auctorem
1136 2737 1204 2758 non
1231 2733 1355 2758 contra-

297 2771 402 2802 dicere
424 2771 488 2801 suis
503 2770 594 2802 dictis
616 2771 649 2801 in
665 2770 706 2800 111
721 2770 818 2806 Sent„
836 2770 905 2801 dist.
922 2781 954 2807 11,
972 2780 1025 2811 qu.
1042 2781 1063 2806 1,
1080 2776 1135 2801 art.
1156 2778 1167 2800 1
1189 2772 1215 2807 ⁴⁶,
1231 2781 1292 2802 nec
1307 2781 1355 2802 re-

295 2821 427 2847 tractare
450 2814 518 2845 illa:
546 2813 603 2844 sed
625 2814 734 2850 altius,
758 2823 795 2844 ac
817 2814 988 2855 Theologo
1011 2814 1137 2854 dignius
1158 2815 1286 2846 locutus
1310 2821 1356 2846 est

297 2858 337 2891 de
358 2858 582 2898 assumptibili,
605 2857 793 2888 sententiam
815 2857 947 2888 eandem
970 2868 1103 2889 servans
1125 2863 1156 2888 et
1177 2868 1356 2889 sermonem

255 2909 271 2925 ¹-
297 2902 389 2944 quasi
411 2902 559 2933 cohibens
574 2902 600 2931 *.
625 2901 717 2931 Unde
741 2906 782 2937 et,
804 2902 1064 2941 pertranseundo,
1088 2903 1122 2932 in
1144 2903 1203 2934 hac
1223 2912 1355 2942 respon-

263 2951 270 2962 '
296 2947 387 2978 sione
398 2945 618 2986 praetermittit
633 2944 863 2975 discussionem
875 2946 1142 2985 consequentium
1154 2946 1194 2976 ad
1206 2946 1355 2977 effectum

297 2989 422 3021 divinae
445 2989 697 3029 omnipotentiae
719 2989 746 3018 si
764 2994 936 3019 assumeret
958 2989 1107 3029 angelum
1130 2995 1183 3020 aut
1206 2990 1353 3030 lapidem.

297 3033 391 3064 Unde
414 3039 445 3064 et
467 3043 537 3068 nos,
560 3033 710 3063 Auctoris
731 3032 862 3071 vestigia
884 3037 1052 3068 sectantes,
1075 3034 1295 3072 quaestionem
1318 3034 1354 3064 il-

297 3078 371 3114 lam,
394 3078 444 3108 An
466 3077 557 3108 Deus
573 3076 679 3116 possit
700 3085 863 3106 assumere
885 3075 1000 3115 lapidis
1018 3081 1178 3112 naturam,
1202 3082 1355 3117 tanquam

298 3121 511 3152 communiter
534 3125 729 3160 acceptatam
753 3125 783 3150 et
806 3118 997 3150 sufficienter
1012 3119 1194 3156 discussam,
1219 3126 1250 3151 et
1265 3122 1355 3160 quasi

298 3164 484 3196 offensivam
506 3165 630 3204 piarum
654 3164 778 3194 aurium
802 3163 835 3193 in
849 3162 933 3193 illius
949 3162 1154 3199 discussione,
1173 3163 1355 3204 relinquen-

298 3207 372 3240 dam
391 3208 552 3239 duximus.
582 3207 662 3238 Vide
691 3208 783 3243 haec,
807 3207 834 3236 si
855 3206 912 3242 vis,
935 3207 969 3237 in
990 3206 1131 3237 Auctore
1158 3207 1191 3237 in
1213 3207 1287 3238 loco
1311 3207 1355 3238 al-

297 3252 412 3292 legato,
434 3257 469 3283 et
490 3252 524 3282 in
547 3251 707 3291 Capreolo
730 3250 850 3281 ibidem
866 3251 892 3280 ἥ.

349 3295 434 3326 vm.
457 3295 493 3327 ln
522 3295 732 3335 responsione
762 3294 802 3325 ad
830 3292 1024 3329 secundum,
1056 3293 1190 3324 dubium
1218 3294 1355 3324 occurrit

299 3339 380 3371 circa
400 3338 496 3370 illud:
520 3339 628 3369 Multo
650 3343 758 3369 autem
781 3338 887 3368 maior
908 3342 939 3368 et
954 3337 1135 3378 perfectior
1152 3341 1198 3367 est
1213 3337 1289 3367 unio
1313 3337 1356 3367 ad

297 3382 402 3415 Dum
423 3382 597 3414 secundum
620 3391 687 3413 esse
703 3382 878 3422 personale
901 3390 996 3421 quam
1018 3390 1101 3420 quae
1116 3385 1162 3411 est
1183 3380 1355 3411 secundum

299 3426 526 3466 operationem.
550 3425 714 3463 Quoniam
729 3435 797 3456 non
813 3430 897 3456 caret
912 3424 1063 3464 scrupulo
1086 3424 1264 3464 propositio
1280 3424 1354 3460 ista3

300 3472 335 3500 et·
349 3469 444 3501 multi
461 3469 615 3509 glossam,
638 3475 693 3500 aut
715 3475 832 3509 negant
855 3478 934 3500 eam.
959 3468 1015 3499 Est
1037 3473 1143 3499 autem
1165 3468 1244 3498 ratio
1269 3477 1354 3499 scru-

298 3512 367 3552 puli
390 3514 473 3552 quia,
495 3523 638 3543 seorsum
658 3514 715 3543 ista
737 3518 863 3552 sumpta
885 3513 962 3542 unio
982 3511 1154 3551 personalis
1176 3512 1354 3543 communis

299 3561 346 3586 est
367 3556 570 3586 rationalibus
594 3562 625 3587 et
640 3557 886 3587 irrationalibus:
910 3556 988 3586 unio
1005 3555 1180 3585 secundum
1197 3556 1354 3595 operatio-

439 3617 548 3642 Sumuss
567 3617 667 3642 Tanos.
681 3618 711 3643 D.
730 3617 845 3642 Tamum
864 3617 895 3642 T.
914 3616 977 3642 VIll.

1403 336 1478 357 nem
1502 328 1630 367 propria
1657 327 1707 357 est’
1725 327 1939 357 rationalibus.
1975 327 2014 357 Et
2045 337 2150 358 rursus
2180 329 2258 358 unio
2289 329 2462 368 personalis

1405 372 1555 401 convenit
1585 371 1788 401 rationalibus
1818 370 1994 401 secundum
2017 371 2049 401 id
2079 373 2111 401 in
2135 381 2200 411 quo
2225 373 2463 403 communicant

1405 424 1479 444 cum
1495 415 1644 445 omnibus
1662 415 1852 450 substantiis,
1869 416 1943 454 quia
1960 416 2110 445 convenit
2125 417 2169 445 eis
2185 417 2375 455 inquantum
2390 422 2463 447 sunt

1404 464 1533 488 naturae
1557 464 1704 498 potentes
1728 459 1910 488 subsistere:
1935 459 2012 488 unio
2029 465 2136 489 autem
2160 460 2335 490 secundum
2352 470 2463 500 opera-

1404 502 1527 531 tionem
1557 502 1715 542 perfectae
1745 502 1900 532 felicitatis
1932 503 2082 532 convenit
2105 504 2149 533 eis
2178 504 2368 542 inquantum
2391 509 2464 534 sunt

1404 550 1570 575 consortes
1592 546 1720 576 divinae
1743 552 1879 576 naturae
1895 547 1911 562 ³*
1934 556 1991 586 per
2013 546 2230 586 adoptionem.
2264 548 2366 577 Maior
2389 557 2463 587 ergo

1406 594 1437 618 et
1464 589 1634 628 perfectior
1665 596 1710 620 est
1739 591 1817 620 unio
1849 590 2026 620 secundum
2057 591 2277 629 operationem
2307 591 2464 621 fruitionis

1405 633 1514 662 beatae
1539 643 1636 672 quam
1659 633 1836 664 secundum
1860 643 1926 663 esse
1950 634 2125 673 personale.
2154 635 2194 663 Et
2217 640 2384 674 propterea
2407 636 2465 664 ista

1405 677 1584 715 propositio
1607 683 1748 716 negatur,
1773 687 1917 707 seorsum
1940 678 2077 717 acceptis
2101 679 2255 708 extremis.
2279 697 2302 700 -
2324 679 2365 708 Et
2388 688 2464 708 con-

1405 719 1556 750 firmatur.
1581 720 1666 757 Quia
1688 722 1790 751 maius
1814 726 1860 750 est
1883 731 2042 751 assumere
2064 721 2202 761 lapidem
2225 722 2258 751 in
2281 721 2382 752 filium
2406 722 2465 752 Dei

1406 763 1593 802 adoptivum
1617 774 1714 803 quam
1737 764 1775 794 ad
1799 765 1953 794 unionem
1977 766 2193 804 personalem:
2219 766 2371 805 quoniam
2387 765 2465 796 illud

1406 807 1547 846 implicat
1571 807 1865 843 contradictionem,
1890 809 1953 838 hoc
1975 818 2053 838 non.

1462 850 1626 880 Glossatur
1642 857 1758 887 autem,
1784 851 1872 891 quod
1895 861 1967 881 vera
1984 858 2030 882 est
2045 853 2078 882 in
2093 858 2203 883 natura
2220 853 2327 892 capaci
2350 853 2465 883 utrius-

1407 902 1469 932 que
1493 904 1633 924 unionis.

1463 937 1503 967 Et
1525 938 1623 977 aliqui
1646 938 1684 968 de
1704 939 1832 969 veritate
1848 939 1931 969 illius
1948 940 2042 969 etiam
2058 940 2102 969 sic
2118 940 2295 970 intellectae
2311 940 2464 970 dubitant.

1407 980 1492 1017 Quia
1513 981 1628 1011 melius
1652 988 1698 1012 est
1721 983 1891 1022 concipere
1914 983 2020 1012 Deum
2043 988 2147 1013 mente
2169 993 2264 1023 quam
2288 993 2401 1020 carne,
2430 989 2465 1014 ut

1407 1023 1522 1054 dicitur
1545 1025 1577 1054 in
1600 1025 1681 1055 libro
1705 1025 1743 1055 de
1766 1026 1884 1056 Sancta
1906 1026 2096 1067 Virginitate
2111 1028 2137 1056 ᾗ.
2162 1027 2202 1056 Et
2225 1026 2263 1057 de
2285 1027 2381 1058 Beata
2394 1027 2465 1057 Vir-

1406 1068 1480 1107 gine
1503 1068 1617 1098 dicitur
1633 1069 1648 1085 ³*
1672 1069 1761 1108 quod
1783 1069 1908 1099 beatior
1921 1070 1995 1111 suit
2009 1070 2215 1110 concipiendo
2225 1071 2328 1111 fidem
2347 1071 2465 1102 Christz

1407 1121 1502 1151 quam
1526 1121 1655 1141 carnem
1681 1113 1810 1142 Christi.

1462 1155 1498 1185 In
1522 1156 1708 1194 oppositum
1732 1161 1839 1186 autem
1866 1161 1912 1186 est
1935 1157 2054 1187 litterae
2077 1158 2262 1192 auctoritas,
2294 1167 2332 1188 ex
2354 1158 2465 1198 Augu-

1407 1199 1501 1234 stin0‚
1525 1208 1621 1238 super
1643 1199 1732 1235 illud,
1762 1200 1895 1230 Verbum
1917 1210 1996 1230 caro
2010 1201 2141 1240 factum
2164 1205 2212 1230 est
2225 1202 2251 1230 ὕ.

1462 1242 1514 1272 ΙΧ.
1538 1242 1590 1272 Ad
1612 1243 1693 1273 hanc
1717 1244 1938 1282 quaestionem
1968 1243 2139 1274 dicendum
2163 1250 2209 1273 est
2238 1244 2327 1284 quod
2353 1246 2466 1284 procul

1408 1285 1506 1317 dubio
1530 1286 1642 1322 maius,
1667 1287 1816 1323 nobilius,
1842 1287 2045 1317 excellentius
2068 1287 2303 1328 perfectiusque
2323 1294 2369 1318 est
2384 1290 2466 1320 uniri

1407 1329 1477 1360 Deo
1501 1330 1534 1359 in
1557 1335 1693 1369 persona
1716 1339 1813 1369 quam
1836 1340 1893 1370 per
1915 1331 2045 1370 gratiam
2069 1337 2099 1361 et
2114 1331 2248 1371 gloriam
2264 1341 2467 1363 consumma-

1407 1379 1481 1403 tam.
1513 1374 1553 1403 Et
1576 1375 1654 1403 ratio
1685 1374 1790 1404 habita
1814 1380 1859 1404 est
1889 1375 1922 1404 in
1951 1375 2065 1404 ultimo
2089 1375 2222 1405 articulo
2252 1376 2466 1414 praecedentis

1408 1417 1618 1457 quaestionis:
1643 1418 1718 1457 quia
1733 1418 1852 1447 scilicet
1874 1419 1953 1448 unio
1969 1418 2143 1458 personalis
2158 1428 2225 1448 non
2242 1424 2287 1448 est
2302 1420 2380 1449 unio
2396 1429 2467 1459 par-

1406 1461 1575 1500 ticipativa,
1599 1461 1654 1491 sed
1676 1470 1733 1500 per
1755 1462 2054 1497 substantiam‘Dei,
2079 1461 2245 1492 conferens
2267 1472 2335 1502 non
2358 1464 2467 1494 simili-

1406 1504 1551 1534 tudinem
1575 1510 1629 1534 aut
1648 1505 1924 1545 participationem
1940 1506 2010 1541 Dei,
2027 1505 2082 1535 sed
2097 1506 2203 1545 ipsum
2219 1515 2285 1536 esse
2300 1508 2467 1546 personale

1407 1548 1483 1583 Dei,
1513 1548 1555 1578 ita
1579 1553 1614 1578 ut
1636 1558 1773 1588 persona
1796 1549 1856 1578 Dei
1879 1548 1933 1578 fiat
1956 1558 2092 1588 persona
2115 1554 2244 1580 naturae
2268 1557 2465 1590 assumptae;

1407 1592 1485 1622 unio
1502 1597 1609 1622 autem
1627 1602 1684 1631 per
1699 1591 1884 1622 fruitionem
1907 1593 1984 1622 unio
2008 1594 2224 1632 participativa
2241 1593 2300 1623 Dei
2316 1599 2372 1629 est,
2389 1604 2466 1624 con-

1407 1635 1510 1665 ferens
1533 1645 1600 1665 non
1624 1645 1691 1665 esse
1716 1636 1785 1671 Dei,
1809 1635 1864 1665 sed
1887 1636 2126 1666 similitudinem
2151 1642 2182 1666 et
2199 1636 2406 1676 adoptionem
2430 1638 2466 1668 fi-

1407 1679 1522 1708 lialem.
1562 1679 1618 1708 Est
1648 1679 1743 1719 igitur
1771 1679 1850 1709 unio
1881 1680 2055 1718 personalis
2085 1681 2210 1710 maior:
2240 1681 2314 1719 quia
2345 1681 2467 1711 confert

1406 1723 1518 1758 maius,
1543 1722 1662 1752 scilicet
1685 1731 1753 1752 esse
1776 1723 1883 1752 Deum
1905 1733 1972 1752 non
1989 1724 2214 1763 participative,
2239 1724 2294 1754 sed
2317 1734 2466 1763 persona-

1407 1766 1485 1796 liter.
1521 1765 1652 1803 Quanto
1675 1775 1816 1805 namque
1845 1767 1948 1796 maius
1972 1772 2017 1796 est
2041 1776 2107 1797 esse
2130 1767 2236 1797 Deum
2262 1769 2468 1807 personaliter

1408 1818 1505 1848 quarn
1528 1809 1754 1848 participative,
1779 1815 1867 1839 tanto
1883 1811 1985 1839 maior
2009 1816 2054 1840 est
2077 1811 2154 1840 unio
2174 1811 2347 1850 personalis
2371 1821 2468 1851 quam

1407 1853 1634 1892 participativa.
1669 1853 1725 1882 Est
1749 1858 1779 1882 et
1800 1854 2001 1894 perfectior:
2031 1854 2105 1894 quia
2136 1854 2258 1884 confert
2286 1854 2467 1894 perfectius,

1408 1896 1527 1926 scilicet
1550 1906 1618 1926 esse
1641 1896 1748 1926 Deum
1771 1897 1948 1927 secundum
1968 1898 2183 1934 substantiam,
2207 1898 2270 1928 hoc
2287 1904 2341 1934 est,
2365 1899 2468 1939 hypo-

1408 1941 1531 1976 stasim3
1555 1949 1622 1970 non
1645 1940 1823 1970 secundum
1839 1941 2022 1977 accidentia,
2042 1947 2077 1971 ut
2092 1947 2166 1971 sunt
2181 1943 2382 1981 operationes
2398 1943 2468 1982 qui-

1408 1984 1467 2013 bus
1490 1983 1625 2014 fruimur
1648 1984 1729 2014 Deo.
1754 1984 1884 2022 Quanto
1902 1986 1987 2015 enim
2010 1985 2179 2025 perfectius
2203 1991 2249 2016 est
2273 1995 2339 2016 esse
2362 1987 2468 2017 Deum

1407 2028 1614 2067 personaliter
1637 2037 1734 2067 quam
1758 2028 2000 2064 accidentaliter,
2024 2035 2112 2059 tanto
2136 2029 2306 2069 perfectior
2329 2036 2375 2060 est
2390 2031 2467 2060 unio

1408 2072 1582 2111 personalis
1605 2081 1703 2111 quam
1725 2081 1783 2112 per
1806 2073 2036 2112 operationem.
2067 2073 2107 2102 Et
2130 2073 2202 2103 ideo
2231 2074 2414 2113 simpliciter
2438 2080 2468 2104 et

1408 2115 1562 2151 absolute,
1580 2125 1655 2145 cum
1671 2116 1852 2155 Augustino
1870 2122 1900 2146 et
1915 2117 2068 2152 Auctore,
2086 2116 2239 2147 fateamur
2254 2117 2350 2157 longe
2366 2119 2468 2148 maius

1409 2168 1476 2189 esse
1499 2160 1582 2189 uniri
1606 2159 1676 2189 Deo
1698 2160 1733 2189 in
1756 2169 1893 2199 persona
1916 2169 2013 2199 quam
2036 2170 2093 2200 per
2115 2162 2245 2200 gratiam
2270 2166 2301 2190 et
2323 2161 2466 2201 gloriam.

1463 2203 1502 2233 X.
1526 2202 1577 2233 Ad
1600 2204 1735 2242 primam
1759 2208 1865 2233 autem
1897 2209 1928 2233 et
1951 2203 2123 2234 secundam
2152 2205 2366 2235 obiectionem
2382 2206 2398 2222 ⁴‘
2422 2205 2468 2235 di-

1410 2247 1490 2278 citur
1513 2246 1611 2286 quod,
1637 2246 1710 2277 dato
1734 2247 1824 2286 quod
1846 2248 1948 2278 maius
1971 2248 2009 2278 sit
2031 2247 2110 2279 illud
2134 2248 2222 2287 quod
2240 2254 2351 2279 natum
2367 2254 2414 2279 est
2430 2259 2467 2280 ex

1410 2296 1498 2331 parte
1521 2291 1644 2321 entium
1668 2296 1846 2321 creatorum
1870 2292 2042 2322 convenire
2063 2291 2328 2322 intellectualibus
2350 2293 2466 2329 solum,

1410 2340 1441 2365 et
1467 2335 1610 2365 similiter
1638 2334 1903 2365 intellectualibus
1932 2340 1967 2365 ut
1996 2335 2220 2366 intellectualia
2249 2342 2338 2371 sunt,
2370 2346 2467 2376 quam

1410 2379 1610 2408 communia:
1642 2378 1737 2418 longe
1767 2383 1874 2408 tamen
1904 2379 2006 2408 maius
2036 2384 2082 2408 est
2113 2379 2202 2418 quod
2232 2389 2269 2409 ex
2297 2385 2383 2419 parte
2407 2380 2468 2410 Dei

1409 2427 1515 2462 potest
1537 2422 1673 2452 conferri
1695 2423 1814 2452 naturis
1837 2422 2091 2452 substantialibus
2114 2428 2150 2452 ut
2173 2424 2412 2453 communicant
2433 2424 2467 2454 in

1409 2471 1520 2496 natura
1543 2466 1748 2501 substantiali,
1773 2475 1868 2506 quam
1891 2466 1924 2496 id
1947 2466 2035 2506 quod
2054 2472 2100 2496 est
2123 2467 2166 2496 eis
2183 2466 2330 2496 donabile
2353 2476 2466 2497 secun-

1410 2509 1487 2540 dum
1511 2519 1619 2540 earum
1643 2510 1853 2549 operationes.
1878 2509 2041 2547 Quoniam
2063 2515 2169 2549 potest
2190 2511 2308 2540 naturis
2332 2510 2467 2541 conferri

1410 2563 1477 2584 esse
1501 2554 1561 2584 Dei
1583 2553 1750 2593 personale
1773 2554 1806 2583 in
1825 2554 1940 2593 seipso,
1965 2559 2000 2583 ut
2015 2554 2054 2583 sit
2069 2563 2136 2583 esse
2159 2554 2324 2593 personale
2341 2564 2465 2585 earum:

1410 2597 1499 2637 quod
1521 2607 1588 2627 non
1611 2596 1747 2627 conferri
1769 2602 1875 2636 potest
1897 2606 1954 2636 per
1976 2598 2186 2636 operationes.
2210 2598 2359 2627 Rationes
2380 2599 2466 2628 enim

1409 2642 1486 2671 istae
1509 2650 1586 2671 non*
1599 2640 1739 2671 inferunt
1769 2640 1858 2680 quod
1880 2641 1958 2670 unio
1982 2650 2038 2680 per
2062 2642 2281 2680 operationem
2304 2642 2343 2671 sit
2364 2642 2467 2672 maior

1410 2690 1465 2715 aut
1486 2685 1641 2714 nobilior:
1673 2684 1728 2714 sed
1758 2685 1838 2714 bene
1862 2684 2002 2714 inferunt
2031 2684 2119 2724 quod
2147 2684 2219 2723 plus
2241 2685 2412 2715 nobilitatis
2435 2691 2467 2716 et

1409 2728 1613 2768 perfectionis
1644 2738 1682 2758 ex
1704 2734 1791 2768 parte
1816 2733 1975 2758 creaturae
2005 2728 2138 2767 exigitur
2166 2728 2206 2758 ad
2227 2729 2382 2758 unionem
2409 2738 2466 2768 per

1411 2773 1648 2812 operationem;
1680 2772 1755 2811 quia
1777 2772 1910 2811 exigitur
1933 2777 1963 2801 et
1984 2777 2095 2801 natura
2125 2777 2155 2801 et
2178 2773 2320 2810 operatio
2342 2773 2465 2803 intelle-

1411 2816 1531 2851 ctualis,
1549 2821 1580 2845 et
1601 2816 1698 2855 gratia
1721 2825 1778 2845 seu
1800 2815 1909 2854 gloria,
1929 2824 2010 2854 quae
2033 2824 2100 2844 non
2124 2815 2291 2854 exiguntur
2313 2815 2352 2846 ad
2373 2822 2466 2846 natu-

1409 2869 1476 2889 ram
1499 2865 1535 2889 ut
1557 2859 1711 2889 unibilem
1733 2858 1948 2898 personaliter.
1973 2858 2035 2888 Sed
2058 2867 2132 2888 cum
2147 2859 2210 2888 hoc
2233 2864 2292 2888 stat
2311 2859 2410 2909 quod,
2427 2869 2466 2890 ex

1409 2908 1496 2942 parte
1520 2903 1641 2942 accepti
1665 2902 1750 2937 doni,
1775 2902 1870 2940 longe
1885 2902 1987 2931 maior
2010 2907 2041 2931 et
2058 2901 2228 2952 perfectior
2243 2903 2282 2932 sit
2297 2903 2374 2933 unio
2394 2913 2464 2942 per-

1408 2946 1535 2982 sonalis,
1560 2955 1623 2986 qua
1645 2955 1712 2975 non
1736 2945 1822 2974 Deus
1846 2945 2072 2984 participative,
2095 2945 2151 2975 sed
2173 2946 2207 2975 111
2222 2947 2351 2997 propria
2365 2947 2465 2986 ipsius

1408 2999 1544 3030 persona
1567 2990 1699 3019 habetur
1722 2999 1739 3018 a
1761 2994 1873 3018 natura
1897 2989 1993 3018 unita.

1463 3033 1514 3063 Ad
1537 3032 1814 3063 confirmationem
1837 3031 1951 3062 dicitur
1973 3031 2062 3071 quod
2085 3031 2198 3062 falsum
2222 3034 2400 3064 assumitur.
2424 3035 2465 3065 Et

1409 3077 1448 3107 ad
1469 3077 1692 3116 probationem
1722 3075 1931 3114 respondetur
1961 3075 2050 3115 quod
2076 3075 2277 3107 falsissimum
2301 3083 2348 3107 est
2376 3078 2466 3117 quod

1409 3120 1574 3160 implicans
1590 3119 1831 3149 contradictoria
1846 3119 1885 3149 sit
1899 3119 2011 3150 maius.
2029 3119 2191 3156 Quoniam
2206 3121 2371 3160 implicans
2388 3131 2465 3151 con-

1408 3163 1587 3194 tradictoria
1609 3173 1676 3192 non
1700 3168 1746 3192 est
1768 3162 1903 3202 aliquid:
1926 3173 1994 3193 non
2011 3169 2057 3193 est
2077 3173 2132 3194 ens
2154 3173 2214 3194 nec
2236 3174 2385 3200 non-enS,
2410 3165 2465 3196 sed

1409 3217 1464 3238 ens
1488 3212 1518 3237 et
1541 3216 1680 3236 non-ens
1703 3207 1807 3236 simul.
1844 3206 2027 3237 Secundum
2050 3207 2235 3238 huiusm'odi
2259 3209 2344 3238 enim
2373 3218 2465 3248 argu-

1408 3256 1524 3286 menta,
1547 3251 1650 3281 maius
1673 3255 1754 3280 esset
1776 3250 1956 3280 albedinem
1979 3260 2046 3281 esse
2063 3251 2260 3291 nigredinem
2285 3261 2381 3291 quarn
2398 3262 2465 3283 esse

1408 3294 1530 3325 Deum:
1556 3294 1630 3333 quia
1652 3293 1731 3324 illud
1753 3294 1904 3333 implicat,
1928 3295 1991 3325 hoc
2014 3304 2091 3325 non.

1461 3337 1512 3367 Ad
1535 3338 1690 3368 rationem
1713 3336 1800 3368 dubii
1823 3338 1998 3368 multorum
2014 3339 2046 3374 ᾗ,
2078 3338 2162 3374 Quia
2185 3338 2298 3369 melius
2321 3344 2368 3369 est
2389 3349 2465 3371 con-

1408 3381 1512 3421 cipere
1521 3380 1616 3418 fidem
1626 3386 1697 3417 etc„
1709 3381 1919 3421 respondetur
1929 3382 2076 3421 negando
2089 3383 2360 3422 consequentiam.
2373 3383 2464 3420 Quo—

1406 3425 1493 3455 niam
1515 3434 1582 3455 non
1605 3430 1652 3455 est
1675 3424 1786 3455 eadem
1809 3426 1980 3465 utrobique
2003 3426 2092 3455 ratio.
2117 3425 2280 3463 Quoniam
2299 3427 2332 3456 in
2348 3436 2464 3458 conce-

1407 3469 1518 3508 ptione
1542 3469 1658 3499 carnali
1681 3468 1740 3498 Dei
1770 3478 1837 3498 non
1860 3468 1895 3498 fit
1918 3474 1953 3499 ut
1976 3470 2160 3508 concipiens
2191 3470 2229 3499 sit
2252 3470 2355 3506 Deus,
2384 3471 2465 3501 sicut

1407 3511 1443 3542 fit
1472 3513 1505 3542 in
1528 3513 1649 3542 unione
1672 3512 1830 3552 personali
1860 3518 1895 3542 ut
1918 3513 2017 3542 homo
2041 3514 2081 3542 sit
2102 3513 2199 3543 Deus.
2235 3514 2275 3543 Et
2297 3520 2465 3554 propterea

1406 3565 1473 3586 non
1497 3557 1635 3596 arguitur
1658 3566 1675 3586 a
1698 3556 1806 3586 simili:
1832 3555 1886 3586 sed
1909 3566 1926 3585 a
1945 3556 2039 3595 longe
2056 3557 2170 3587 alieno.

2326 3623 2358 3641 10

2492 550 2533 571 ·11
2548 551 2607 572 Petr.
2619 557 2668 578 cap.
2680 557 2701 578 ι,

2491 583 2550 598 vers.
2565 584 2587 603 4.

2494 1030 2502 1038 ¹
2512 1029 2637 1059 Cap..111.-
2652 1030 2718 1051 Αιι-.

2461 1072 2466 1078 ,
2493 1059 2585 1082 gusum.

2495 1084 2502 1092 ⁸
2517 1082 2576 1102 lbid.

2492 1203 2604 1224 Jnloan.
2611 1203 2702 1235 Evang.

2492 1230 2568 1251 Tract.
2591 1230 2618 1250 11
2665 1230 2700 1251 cf.

2493 1256 2522 1277 de
2529 1256 2594 1277 Irin.
2600 1256 2613 1276 li
2617 1256 2638 1277 b
2642 1256 2702 1283 XIII,

2494 2206 2505 2216 ⁸
2519 2206 2588 2227 Num.
2605 2213 2651 2229 vni.

2493 3345 2502 3355 ⁸
2512 3344 2569 3366 lbid.
2579 3345 2609 3366 Et
2619 3345 2700 3372 aliqui.
