2872 3970
221 633 231 643 ⁸
245 632 280 655 ef.
295 638 360 654 num.
374 637 404 654 iv.

220 1248 230 1258 ⁸
243 1246 268 1268 In
283 1246 327 1268 fine
341 1251 407 1273 corp,

462 289 537 326 268
837 298 840 301 ’
1134 284 1397 332 QUAESTIO
1426 284 1564 332 XXIII,
1591 282 1885 321 ARTICULUS
1911 283 1963 321 IV

1134 434 1465 468 commentar-ia
1487 431 1738 466 Gar-diuinis
1759 431 1959 465 Caietam

461 554 625 618 T1mus
648 543 750 574 clarus
777 548 834 574 est.
854 561 877 565 -
900 542 936 573 In
958 550 1094 583 corpore
1116 541 1239 571 articuli
1258 539 1354 570 unica
1375 543 1421 570 est
1443 547 1521 569 con-

1575 538 1636 568 Dei
1657 537 1742 568 filius
1764 538 1996 578 participative:
2021 537 2054 569 id
2076 538 2162 569 enim
2185 535 2275 578 quod
2294 546 2352 578 per
2373 546 2407 568 se
2430 535 2553 574 dicitur,
2568 544 2637 568 non

519 588 635 619 clusio:
662 587 809 618 Christus
831 586 921 617 nullo
945 586 1040 617 modo
1060 590 1168 627 potest
1182 585 1246 615 dici
1254 583 1351 625 filius
1365 583 1429 614 Dei
1443 582 1522 613 ado-
1574 582 1792 622 participative
1815 581 1940 613 dicitur.
1971 581 2013 613 Et
2034 582 2098 613 hoc
2121 581 2192 612 solo
2215 581 2316 612 modo
2339 585 2448 622 posset
2470 581 2637 622 participa-

451 633 572 673 ptivus.
596 632 751 662 Probatur
773 631 852 661 haec
876 630 1041 660 conclusio
1059 629 1226 670 dupliciter
1241 629 1268 658 *.
1289 627 1407 657 Primo.
1429 626 1521 658 Chri-

1575 626 1638 656 tive
1661 625 1734 662 dici,
1757 626 1784 656 si
1805 626 1929 657 ratione
1951 631 2082 656 natiuae
2104 630 2286 666 assumptae
2307 624 2420 656 filiatio
2443 623 2593 665 adoptiva
2607 625 2638 655 ei

458 682 524 707 stus
547 681 594 706 est
615 675 765 706 naturalis
788 675 887 705 Filius
913 674 984 704 Dei.
1008 674 1093 715 Ergo
1117 682 1186 703 non
1207 676 1314 713 potest
1337 670 1400 701 dici
1421 670 1521 701 Filius
1575 670 1776 707 conveniret:
1801 669 1891 711 quod
1913 669 2078 700 exclusum
2101 674 2158 700 est.

459 721 520 751 Dei
542 719 721 760 adoptivus.

513 763 714 794 Antecedens
732 762 896 803 probatur.
920 761 1006 799 Quia
1023 760 1134 792 filiatio
1158 760 1319 795 convenit,
1338 767 1407 789 non
1428 763 1521 789 natu-

457 817 520 844 rae,
544 806 600 838 sed
621 815 795 847 personae:
819 810 856 836 ut
877 810 964 846 patet
980 815 1019 836 ex
1034 810 1107 836 ante
1125 804 1226 835 dictis.
1250 803 1391 833 Persona
1414 807 1521 833 autem

459 851 576 883 Christi
606 851 701 881 unica
729 855 760 880 et
788 850 927 880 increata
955 854 1012 879 est.
1034 867 1058 871 -
1080 847 1322 888 Consequentia
1350 846 1520 887 probatur,

457 892 699 935 praesupposita
727 893 849 924 ratione
878 893 1109 923 terminorum:
1141 891 1260 922 scilicet
1291 889 1382 931 quod
1410 889 1521 921 filiatio

458 938 607 979 adoptiva
625 943 671 968 est
690 936 847 978 quaedam
862 937 1063 977 participatio
1079 935 1240 967 filiationis
1254 934 1415 971 naturalis,
1432 933 1522 974 quod

459 992 497 1013 ex
519 982 609 1013 dictis
630 986 727 1022 patet.
751 981 907 1011 Probatur
928 989 1024 1021 ergo:
1049 980 1125 1020 quia
1148 978 1238 1020 quod
1260 977 1375 1010 dicitur
1397 987 1454 1019 per
1477 987 1520 1015 se,

458 1036 527 1057 non
549 1025 663 1056 dicitur
680 1025 909 1066 participative.

513 1069 550 1100 11.
574 1068 712 1100 Adverte
734 1069 787 1099 hic
811 1068 901 1109 quod
923 1068 1057 1104 Auctor,
1082 1067 1254 1098 summarie
1276 1066 1426 1103 scribens,
1449 1065 1522 1106 plus

457 1114 572 1154 probat
595 1122 692 1154 quam
715 1113 879 1153 exprimat.
910 1112 996 1143 Huic
1020 1112 1107 1143 enim
1130 1110 1332 1142 conclusioni
1354 1115 1386 1141 et
1408 1110 1523 1141 rationi

457 1167 526 1188 non
540 1162 647 1198 potest
661 1157 723 1188 nisi
738 1156 906 1197 dupliciter
921 1156 1054 1188 obstari:
1071 1156 1123 1186 vel
1138 1154 1318 1186 recedendo
1334 1164 1354 1185 a
1367 1154 1524 1185 sententia

457 1201 543 1239 fidei,
566 1201 720 1242 ponendo
741 1201 776 1231 in
791 1200 919 1231 Christo
942 1200 1049 1241 plures
1071 1209 1224 1241 personas
1245 1198 1298 1230 vel
1318 1199 1522 1240 hypostases3

458 1251 490 1277 et
511 1246 576 1276 hoc
598 1245 722 1276 Auctor
751 1245 851 1285 tangit
872 1245 907 1275 in
929 1244 977 1275 his
1001 1253 1083 1284 quae
1112 1243 1276 1283 subiungit
1289 1243 1323 1273 ἰ
1346 1260 1370 1265 -
1391 1242 1443 1273 vel
1463 1251 1524 1282 po-

456 1289 566 1321 nendo
598 1289 688 1330 quod
709 1288 821 1320 filiatio
851 1293 958 1329 potest
976 1287 1183 1319 denominare
1207 1286 1372 1318 Christum
1400 1286 1524 1317 ratione

458 1334 557 1365 solius
579 1339 721 1369 naturae,
745 1333 828 1363 sicut
849 1333 966 1373 passio,
987 1331 1162 1368 crucifixio,
1180 1331 1336 1367 nativitas,
1360 1335 1391 1361 et
1413 1330 1524 1361 huius-

458 1377 559 1409 modi.
583 1377 768 1409 Secundum
790 1377 855 1407 hoc
878 1377 965 1407 enim
983 1381 1093 1416 posset
1116 1375 1271 1411 Christus,
1294 1375 1417 1406 ratione
1432 1379 1524 1405 natu-

459 1432 512 1453 rae
540 1422 700 1452 humanae
731 1425 911 1461 assumptae
940 1420 974 1450 in
1003 1420 1102 1460 gratia
1133 1425 1165 1450 et
1190 1419 1292 1459 gloria
1321 1417 1524 1449 beatitudinis

459 1466 673 1507 participatae,
697 1464 759 1495 dici
782 1464 865 1494 filius
889 1463 1074 1504 adoptivus:
1099 1464 1181 1494 sicut
1197 1462 1310 1493 dicitur
1325 1463 1436 1493 beatus
1451 1462 1525 1492 bea-

459 1509 594 1540 titudine
614 1509 808 1549 participata,
825 1508 947 1538 ratione
963 1513 1093 1538 naturae
1110 1512 1299 1546 assumptae.
1323 1506 1364 1537 Et
1378 1507 1442 1537 hoc
1457 1506 1525 1536 Au-

461 1559 530 1585 ctor
553 1552 692 1584 excludit
713 1553 747 1582 in
770 1552 928 1592 principio
953 1552 1112 1591 corporis,
1137 1560 1193 1591 per
1215 1551 1279 1581 hoc
1302 1549 1392 1590 quod
1414 1549 1524 1580 filiatio

460 1607 528 1628 non
557 1603 705 1632 naturae,
736 1596 792 1627 sed
818 1605 974 1636 personae
1004 1595 1173 1626 convenit:
1207 1599 1238 1624 et
1266 1599 1436 1634 propterea
1457 1603 1526 1624 non

460 1647 566 1682 potest
589 1641 716 1672 Christo
740 1641 912 1670 convenire
935 1638 1046 1670 filiatio
1070 1638 1219 1679 adoptiva
1249 1638 1372 1668 ratione
1394 1642 1526 1668 naturae

460 1687 629 1716 humanae.
653 1684 792 1715 Excluso
816 1690 925 1715 autem
947 1683 1037 1723 quod
1060 1693 1128 1714 non
1152 1683 1304 1713 convenit
1323 1681 1451 1713 Christo
1471 1681 1526 1712 ad-

462 1730 571 1770 optiva
593 1729 703 1759 filiatio
727 1729 849 1759 ratione
872 1733 1003 1758 natutae
1018 1727 1188 1763 humanae,
1205 1736 1280 1757 cum
1296 1727 1336 1756 sit
1350 1725 1450 1757 Filius
1465 1725 1527 1756 Dei

461 1783 518 1814 per
540 1783 583 1810 se,
603 1782 660 1803 seu
678 1772 838 1808 naturalis,
863 1780 1064 1812 consequens
1089 1776 1135 1801 est
1159 1770 1250 1811 quod
1263 1779 1332 1800 non
1347 1770 1448 1810 possit
1464 1769 1526 1800 dici

1631 713 1683 744 111.
1706 713 1792 744 Nota
1813 714 1876 750 hic,
1898 723 1958 754 pro
1982 714 2107 744 clariori
2121 713 2294 750 intellectu,
2319 722 2358 744 ex
2371 713 2582 754 responsione
2597 710 2639 743 ad

1575 756 1765 794 secundum,
1789 757 1889 798 quod,
1913 757 1995 788 sicut
2015 757 2050 788 in
2071 757 2219 795 humanis
2241 758 2268 788 is
2291 757 2348 798 qui
2370 761 2418 787 est
2439 755 2524 787 filius
2545 761 2638 787 natu-

1575 801 1658 838 ralis,
1678 807 1750 838 etc.‚
1772 810 1841 832 non
1863 799 2032 842 adoptatur
2053 801 2088 832 in
2110 800 2223 837 filium,
2247 800 2304 831 sed
2324 799 2481 832 hereditas
2502 799 2562 831 sibi
2583 799 2638 831 de-

1575 846 1668 876 betur
1691 846 1767 886 quia
1788 844 1889 882 filius;
1919 845 1963 876 ita
1992 844 2154 881 Christus,
2182 850 2219 876 ut
2239 844 2359 881 homo,
2387 844 2484 876 habet
2506 843 2639 885 quidem

1576 889 1686 920 omnia
1707 890 1794 920 bona
1814 888 1934 930 patriae
1957 893 1989 920 et
2010 888 2080 919 viae
2103 897 2187 929 quae
2207 887 2363 919 debentur
2377 887 2450 920 filiis
2470 887 2638 929 adoptivis,

1575 933 1632 964 sed
1654 942 1723 964 non
1746 942 1784 964 ex
1806 933 1839 963 vi
1861 942 1919 964 seu
1941 933 2010 964 iure
2033 931 2230 973 adoptionis,
2254 931 2310 963 sed
2333 941 2372 962 ex
2393 932 2457 962 hoc
2480 930 2570 972 quod
2592 935 2640 962 est

1576 977 1675 1008 Filius
1697 977 1759 1008 Dei
1775 975 1935 1014 naturalis,
1951 977 2047 1007 habet
2068 976 2229 1007 innatum
2251 980 2413 1016 assumpta
2432 974 2640 1007 hereditatem

1576 1021 1647 1052 Dei.
1678 1021 1724 1052 Ita
1746 1020 1836 1061 quod
1862 1029 1931 1051 non
1953 1019 2014 1051 fuit
2036 1029 2120 1060 opus
2143 1019 2288 1056 Christo,
2319 1018 2360 1050 ad
2381 1019 2446 1050 hoc
2470 1024 2508 1050 ut
2528 1023 2642 1050 namra

1576 1075 1634 1096 sua
1655 1065 1797 1096 humana
1818 1065 1948 1096 haberet
1970 1064 2056 1095 dona
2076 1063 2196 1104 patriae
2219 1068 2252 1094 et
2272 1064 2356 1100 viae,
2379 1068 2416 1094 ut
2437 1062 2641 1103 adoptaretur

1577 1119 1596 1140 a
1618 1109 1708 1140 Deo:
1740 1109 1896 1150 quoniam
1928 1117 1967 1139 ex
1992 1108 2057 1139 hoc
2085 1108 2157 1148 ipso
2187 1106 2278 1148 quod
2307 1112 2373 1138 erat
2399 1106 2462 1138 Dei
2490 1105 2641 1142 neutralis

1577 1153 1686 1190 Filius,
1710 1152 1884 1184 debebatur
1906 1153 1966 1183 sibi
1987 1157 2024 1183 ut
2046 1157 2159 1183 natura
2173 1156 2335 1192 assumpta
2356 1151 2487 1182 haberet
2507 1149 2571 1188 illa,
2593 1154 2642 1193 το,-

1577 1202 1679 1228 stante
1701 1197 1765 1228 hoc
1787 1197 1923 1228 Ioanne:
1953 1195 2104 1232 Vidimus,
2124 1195 2238 1236 inquit,
2261 1195 2406 1237 gloriam
2420 1194 2499 1232 eius,
2521 1192 2643 1229 scilicet

1576 1241 1674 1272 Verbi
1695 1241 1859 1278 incarnati,
1881 1240 2026 1282 gloriam
2049 1239 2143 1282 quasi
2160 1239 2329 1282 Unigeniti
2342 1248 2364 1270 a
2381 1238 2488 1275 Patre,
2505 1237 2641 1279 plenum

1575 1285 1707 1327 gratiae
1729 1289 1761 1316 et
1782 1285 1937 1316 veritatis.

1632 1329 1674 1360 Et
1695 1329 1770 1360 hinc
1792 1334 1880 1370 patet
1902 1327 1993 1369 quod
2014 1336 2083 1359 non
2099 1333 2146 1359 est
2161 1326 2273 1359 eadem
2287 1327 2368 1358 ratio
2392 1325 2432 1357 de
2446 1323 2643 1359 beatitudine

1578 1373 1698 1414 duplici
1721 1374 1754 1404 in
1778 1372 1917 1409 Christo,
1940 1372 2061 1403 scilicet
2083 1371 2190 1403 divina
2212 1376 2244 1402 et
2265 1371 2463 1412 participata,
2487 1375 2520 1402 et
2541 1368 2582 1406 de
2603 1366 2642 1401 fi-

1577 1417 1709 1448 liatione
1724 1417 1855 1458 duplici,
1874 1416 1995 1447 scilicet
2009 1415 2144 1448 naturali
2159 1421 2191 1446 et
2209 1414 2368 1456 adoptiva.
2391 1414 2447 1446 Illa
2462 1413 2548 1446 enim
2563 1412 2643 1445 dua-

1578 1461 1647 1492 litas
1669 1462 1846 1492 necessaria
1868 1466 1915 1491 est
1945 1465 1982 1491 ut
2003 1465 2116 1491 natura
2144 1465 2306 1499 assumpta
2333 1459 2372 1489 sit
2394 1457 2544 1499 perfecta.
2579 1457 2643 1489 Sed

1578 1506 1637 1536 ista
1658 1515 1727 1536 non
1750 1510 1797 1536 est
1818 1505 2010 1541 necessaria,
2038 1513 2099 1535 nec
2122 1503 2317 1534 conveniens
2340 1502 2484 1543 dignitati
2506 1501 2640 1533 Christi:

1579 1550 1735 1590 quoniam
1765 1548 1896 1589 derogat
1923 1547 2067 1588 dignitati
2089 1547 2161 1578 Filii
2183 1547 2250 1578 veri
2273 1546 2363 1587 quod
2385 1547 2476 1577 heres
2503 1545 2560 1577 fiat
2587 1544 2643 1577 ad-

1580 1593 1724 1634 optione.

1635 1637 1689 1668 lv.
1711 1636 1854 1667 Demum
1876 1636 2000 1667 Auctor
2023 1644 2061 1666 ex
2084 1635 2236 1676 opposito
2253 1643 2359 1665 errore
2382 1633 2551 1664 confirmat
2565 1642 2644 1665 con-

1580 1681 1760 1712 clusionem
1783 1686 1815 1711 et
1835 1680 2061 1720 probationem
2083 1680 2118 1716 *‚
2143 1678 2251 1710 dicens
2275 1677 2365 1718 quod
2394 1677 2544 1719 opposita
2565 1686 2644 1709 con·
2668 1683 2680 1696 ·

1581 1725 1682 1756 clusio
1706 1729 1865 1756 consonat
1887 1724 1985 1755 errori
2006 1723 2200 1764 ponentium
2213 1723 2248 1754 in
2265 1722 2392 1754 Christo
2414 1721 2522 1763 plures
2538 1721 2644 1764 hypo-

1580 1775 1687 1800 stases.
