2872 3970
45 507 112 529 ’An-t.
118 513 141 534 7:
147 507 176 528 ct.
184 507 255 529 Com-

45 537 115 556 ment.
132 539 196 555 num.
211 539 227 555 1.

10 1127 12 1130 ·
38 1119 132 1147 ‘Re-p.
146 1119 175 1141 ad
188 1125 208 1147 3.

34 1873 49 1885 ‘
61 1872 96 1896 Cf.
112 1879 175 1895 num.
191 1879 213 1895 v.

60 2662 96 2686 Cf.
111 2669 175 2685 num.
189 2669 219 2685 vr.

7 2803 10 2804 ⁷
35 2787 139 2822 ‘ub.‘v,
145 2799 195 2823 cap.
201 2800 246 2816 vm.

48 3536 100 3560 Cf.
115 3544 178 3561 num.
192 3545 232 3562 m.

1002 241 1264 288 QUAESTIO
1293 242 1341 288 Π,
1371 240 1662 278 ARTICULUS
1690 242 1742 278 lx

2408 251 2458 287 47

956 372 1288 404 commentaria
1312 371 1560 404 Cardinalis
1582 372 1783 405 Caietani

312 471 333 492 N
347 462 440 492 titulo
465 461 587 492 articuli
611 461 700 496 noni,
717 460 842 491 adverte
864 460 969 500 primo
986 459 1085 500 quod,
1103 469 1177 490 cum
1203 460 1267 490 iam
1283 460 1344 490 dis-

312 506 447 536 tinctum
463 506 503 536 sit
513 507 530 522 ⁴*
546 505 586 535 de
602 506 722 535 unione
737 504 788 534 vel
807 513 866 543 pro
887 504 1039 534 relatione
1063 503 1201 539 unionis,
1217 503 1268 533 vel
1283 512 1342 543 pro

281 550 511 580 coniunctione
534 549 574 579 ad
597 558 695 588 quam
718 548 926 587 consequitur
941 547 1051 577 relatio
1067 548 1206 583 unionis,
1231 547 1343 578 hocin

280 593 354 623 loco
370 603 438 623 non
454 594 589 623 sumitur
603 593 682 623 unio
697 601 757 632 pro
773 591 936 627 relatione,
961 591 1016 621 sed
1038 601 1097 631 pro
1114 591 1342 621 coniunctione

279 637 363 676 ipsa:
387 642 424 667 ut
445 642 533 677 patet
554 636 588 666 in
610 636 769 676 principio
794 636 937 675 corporis
960 635 1098 671 articuli;
1121 640 1155 665 et
1178 644 1216 665 ex
1232 634 1343 665 condi-

278 681 367 711 tione
391 690 474 720 quae
498 680 537 711 de
559 680 628 720 ipsa
650 679 836 719 inquiritur,
861 678 981 709 scilicet
1004 679 1043 709 de
1067 678 1252 708 excellentia
1275 680 1342 709 eius

278 730 425 764 respectu
447 724 642 764 reliquarum
665 723 943 753 coniunctionum.
975 722 1160 753 Ridiculum
1187 723 1272 753 enim
1297 729 1343 753 est

278 768 342 798 hoc
365 777 517 808 quaerere
540 767 580 798 de
603 767 756 797 relatione
779 767 840 797 nisi
863 767 985 796 ratione
1009 766 1223 797 fundamenti:
1255 776 1340 802 nam,

278 811 400 842 seclusa
422 812 546 842 ratione
568 810 779 847 fundamenti,
803 810 891 840 nulla
906 811 1036 840 unionis
1051 811 1162 840 relatio
1179 815 1226 840 est
1240 811 1343 840 maior

278 855 390 892 altera;
414 855 470 886 sed
492 854 566 886 ideo
589 855 668 885 unio
692 855 842 885 materiae
858 859 889 884 et
904 854 1026 884 formae
1042 860 1089 884 est
1103 855 1206 884 maior
1221 855 1342 884 unione

277 900 470 930 substantiae
493 905 525 930 et
546 898 727 935 accidentis,
752 899 828 939 quia
850 897 1096 928 fundamentum
1117 904 1164 928 est
1178 899 1278 938 magis
1294 899 1342 928 in-

278 942 426 980 divisum,
449 949 486 973 ut
507 948 604 984 patet.

331 986 470 1018 Adverte
485 986 639 1023 secundo,
652 986 742 1027 quod
756 996 825 1017 non
837 986 999 1026 quaeritur
1011 985 1157 1026 explicite
1169 985 1208 1016 de
1220 986 1342 1016 unione

277 1037 408 1062 naturae
439 1037 470 1062 et
492 1040 664 1072 personae,
695 1036 804 1061 utrum
827 1031 866 1060 sit
888 1031 1042 1060 maxima:
1074 1029 1129 1060 sed
1158 1029 1197 1060 de
1224 1030 1343 1060 unione

277 1081 472 1107 naturarum
487 1076 520 1105 in
537 1084 692 1116 persona.
719 1075 937 1105 Veruntamen
954 1079 985 1104 et
999 1075 1063 1104 hoc
1084 1075 1119 1104 in
1134 1074 1343 1114 responsione

277 1119 317 1150 ad
339 1120 490 1150 ultimum
505 1120 522 1136 ⁴*
545 1119 736 1149 tractabitur.

332 1163 370 1194 11.
395 1163 431 1194 In
454 1172 590 1203 corpore
613 1163 736 1193 articuli
759 1161 825 1192 duo
849 1161 946 1192 fiunt:
979 1162 1101 1201 primo,
1126 1162 1258 1201 ponitur
1280 1161 1342 1191 dis-

276 1208 388 1238 tinctio
412 1207 612 1243 bimembris;
642 1205 757 1237 deinde
779 1205 991 1246 respondetur
1013 1206 1158 1245 quaesito
1183 1215 1257 1236 cum
1281 1205 1342 1235 dis-

275 1252 431 1282 tinctione
453 1251 540 1281 iuxta
560 1251 704 1280 membra
718 1250 902 1290 propositae
918 1248 1138 1279 distinctionis.
1163 1249 1219 1279 Est
1234 1255 1342 1279 autem

276 1294 437 1326 distinctio
459 1295 528 1324 ista.
559 1294 645 1324 Unio
668 1293 894 1324 incarnationis
918 1292 1087 1332 dupliciter
1107 1292 1339 1323 consideratur:

275 1339 326 1370 vel
350 1349 388 1369 ex
409 1343 498 1379 parte
520 1343 706 1368 naturarum
729 1337 991 1372 coniunctarum;
1022 1336 1073 1367 vel
1101 1346 1138 1367 ex
1160 1342 1249 1376 parte
1273 1338 1341 1367 eius

275 1384 308 1413 in
339 1392 406 1423 quo
437 1382 688 1422 coniunguntur.
711 1398 732 1404 —
755 1381 912 1411 Probatur
941 1380 1113 1411 distinctio.
1145 1381 1230 1418 Quia
1261 1382 1340 1411 unio

276 1427 394 1458 claudit
416 1427 450 1457 in
473 1435 506 1456 se
530 1425 613 1456 duo:
644 1426 766 1466 primo,
791 1430 930 1455 extrema
961 1434 1044 1464 quae
1067 1425 1261 1465 iunguntur;
1292 1435 1340 1455 se-

275 1471 400 1506 cundo,
425 1479 528 1501 unum
551 1471 585 1500 in
609 1479 675 1510 quo
699 1470 956 1509 coniunguntur3
981 1474 1028 1499 est
1051 1470 1137 1499 enim
1160 1469 1238 1499 unio
1263 1479 1341 1500 con-

274 1515 397 1546 iunctio
421 1515 604 1554 aliquorum
626 1514 661 1544 in
684 1513 793 1553 aliquo
817 1523 896 1543 uno.

329 1559 514 1599 Principalis
534 1557 700 1588 conclusio
721 1557 906 1597 responsiva
922 1558 1066 1598 quaesito
1091 1562 1152 1587 est:
1181 1557 1265 1588 Unio
1283 1567 1340 1588 na-

275 1609 424 1634 turarum
448 1603 480 1632 in
507 1602 649 1637 Christo,
674 1611 716 1631 ex
732 1606 830 1641 parte
852 1602 921 1632 eius
951 1602 983 1632 in
1008 1611 1071 1642 quo
1102 1601 1273 1638 uniuntur,
1293 1607 1341 1632 est

275 1647 428 1678 maxima.
459 1646 624 1676 Probatur.
651 1645 737 1683 Quia
759 1646 863 1675 unitas
887 1645 1011 1676 divinae
1034 1654 1200 1685 personae,
1218 1646 1252 1675 in
1276 1655 1340 1685 qua

275 1692 440 1726 uniuntur,
461 1696 508 1721 est
526 1690 674 1720 maxima.
690 1707 713 1711 —
736 1689 928 1719 Secundaria
944 1690 1110 1720 conclusio
1127 1695 1190 1719 est:
1214 1689 1339 1720 Huius-

275 1735 363 1765 modi
386 1735 474 1770 unio,
496 1744 537 1764 ex
554 1738 651 1774 parte
674 1738 867 1764 naturarum
889 1743 972 1774 quae
994 1734 1248 1774 coniunguntur,
1274 1744 1338 1764 non

275 1785 322 1810 est
344 1779 496 1809 maxima.
520 1778 588 1808 Nec
612 1777 700 1807 aliter
722 1777 884 1817 probatur.

329 1823 380 1853 111.
406 1822 500 1852 Circa
529 1821 767 1852 distinctionem
797 1822 831 1851 in
854 1821 956 1851 littera
986 1821 1175 1860 assignatam
1205 1820 1339 1852 dubium

273 1876 342 1897 non
365 1864 618 1896 dissimilandum
641 1865 794 1895 occurrit:
821 1865 975 1904 quoniam
997 1864 1123 1894 videtur
1145 1864 1296 1895 deficiens
1311 1866 1339 1896 ’ἦ

274 1911 360 1949 Quia
390 1910 577 1940 coniunctio
609 1909 792 1949 aliquorum
822 1909 854 1938 in
878 1908 987 1949 aliquo
1011 1918 1079 1939 uno
1108 1914 1215 1949 potest
1238 1910 1340 1950 accipi

273 1965 342 1986 non
357 1954 463 1985 solum
480 1963 518 1984 ex
533 1958 621 1993 parte
637 1962 751 1983 eorum
767 1962 850 1993 quae
866 1953 1116 1993 coniunguntur,
1131 1953 1182 1983 vel
1198 1962 1235 1983 ex
1250 1959 1339 1993 parte

275 1999 343 2029 eius
358 1999 393 2029 in
405 2007 472 2038 quo
489 1998 743 2037 coniunguntur:
765 1996 821 2027 sed
836 1997 931 2027 etiam
948 2006 985 2027 ex
1001 2002 1089 2036 parte
1101 1998 1339 2028 coniunctionis

274 2048 491 2074 extremorum
513 2042 548 2072 in
570 2041 626 2072 illo
649 2050 728 2072 uno.
751 2041 848 2071 Verbi
868 2041 976 2081 gratia,
993 2041 1179 2071 coniunctio
1197 2043 1339 2081 corporis

274 2092 306 2118 et
328 2087 454 2118 animae
475 2087 510 2116 in
533 2085 662 2116 Socrate
684 2090 792 2125 potest
807 2085 909 2125 accipi
925 2095 963 2115 ex
978 2090 1067 2125 parte
1082 2085 1206 2116 animae
1223 2091 1254 2116 et
1270 2096 1339 2116 cor-

273 2131 377 2171 poris;
407 2130 459 2161 vel
487 2139 525 2160 ex
553 2134 642 2169 parte
666 2129 820 2166 Socratis;
851 2129 902 2159 vel
930 2139 967 2159 ex
990 2134 1079 2169 parte
1102 2130 1339 2160 coniunctionis

272 2175 404 2205 illorum
426 2175 460 2204 in
483 2173 623 2204 Socrate.
658 2174 700 2204 Et
721 2174 755 2203 in
777 2173 879 2204 littera
909 2173 972 2203 hoc
1001 2173 1131 2203 tertium
1156 2174 1338 2205 membrum

274 2218 391 2249 deficit.
425 2218 467 2248 Et
488 2223 596 2248 tamen
618 2217 683 2248 hoc
706 2222 752 2247 est
774 2217 981 2257 principalius
1003 2217 1185 2248 membrum
1207 2218 1241 2248 in
1263 2228 1338 2258 pro-

273 2263 380 2303 posito
405 2260 682 2293 considerandum.
713 2261 878 2299 Quoniam
900 2271 968 2291 non
991 2261 1115 2297 dicitur,
1139 2263 1268 2302 proprie
1290 2263 1339 2293 lo—

273 2306 422 2347 quend0,
446 2307 525 2336 unio
549 2306 652 2336 maior
675 2315 712 2335 ex
735 2311 823 2345 parte
847 2311 1079 2342 extremorum,
1106 2315 1167 2336 nec
1190 2315 1228 2336 ex
1250 2313 1338 2346 parte

272 2351 416 2381 termini:
447 2349 503 2380 sed
534 2359 572 2380 ex
599 2355 688 2389 parte
715 2350 952 2380 coniunctionis
977 2355 1191 2380 extremorum
1221 2351 1255 2380 in
1277 2356 1339 2381 ter-

273 2395 374 2426 mino.
405 2394 573 2434 Contingit
595 2393 754 2433 siquidem
777 2394 810 2423 in
834 2394 964 2424 Socrate
988 2394 1141 2434 coniungi
1163 2394 1264 2425 multa
1287 2405 1338 2426 ac-

274 2438 424 2475 cidentia,
449 2448 548 2478 quae,
571 2437 646 2468 licet
669 2447 707 2468 ex
729 2443 818 2477 parte
842 2438 909 2467 eius
932 2438 966 2467 in
990 2447 1056 2477 quo
1081 2438 1337 2478 coniunguntur,

273 2483 393 2513 scilicet
411 2491 548 2522 persona
575 2481 722 2518 Socratis,
738 2482 874 2512 habeant
894 2482 1067 2512 maximam
1088 2483 1253 2519 unitatem,
1270 2493 1338 2514 non

273 2532 381 2557 tamen
403 2531 573 2566 propterea
588 2530 662 2556 sunt
677 2526 814 2556 maxime
830 2535 949 2556 unum:
975 2526 1051 2566 quia
1066 2526 1253 2557 coniunctio
1269 2528 1338 2567 ipsa

273 2571 308 2600 in
330 2570 461 2601 Socrate
482 2579 551 2600 non
574 2575 622 2600 est
642 2570 790 2606 maxima,
815 2569 871 2600 sed
892 2570 1035 2600 minima.

329 2614 381 2644 1V.
405 2614 550 2644 Dubium
581 2613 723 2644 secundo
754 2615 854 2644 oritur
883 2614 958 2644 hinc
988 2615 1070 2644 circa
1094 2614 1338 2646 conclusionem

273 2658 483 2709 principalem
497 2658 532 2687 ἢ
561 2658 716 2697 quoniam
738 2667 806 2688 non
828 2658 889 2688 nisi
912 2658 1042 2688 abusive
1065 2658 1201 2689 salvatur
1224 2669 1262 2689 ex
1284 2660 1338 2690 illa

273 2703 430 2733 unionem
452 2701 677 2732 incarnationis
700 2711 768 2732 esse
790 2703 962 2732 maximam
991 2708 1066 2742 post
1088 2703 1244 2733 unionem
1267 2704 1338 2734 Tri-

273 2747 379 2777 nitatis
403 2745 544 2781 divinae3
576 2745 666 2785 quod
693 2750 801 2776 tamen
831 2751 862 2776 et
883 2746 1007 2776 Auctor
1030 2746 1149 2776 salvare
1171 2748 1282 2778 nititur
1303 2749 1338 2779 in

272 2791 384 2826 littera,
401 2796 433 2820 et
455 2789 643 2825 Bernardus,
659 2789 693 2819 in
716 2789 812 2819 Libro
836 2789 875 2820 de
893 2790 1161 2821 Consideratione
1176 2792 1202 2826 θ’,
1219 2793 1336 2823 asserit.

273 2835 314 2865 Et
336 2834 489 2874 probatur
511 2833 650 2873 sequela.
674 2833 839 2871 Quoniam
861 2843 930 2864 non
945 2835 1006 2864 nisi
1028 2835 1158 2865 abusive
1181 2835 1338 2866 diceretur

274 2878 364 2919 quod
386 2879 465 2908 unio
487 2883 701 2907 creaturarum
716 2878 855 2907 universi
876 2883 923 2908 est
943 2879 1082 2908 maxima
1104 2879 1180 2918 quia
1196 2889 1233 2909 ex
1248 2886 1337 2919 parte

274 2923 341 2953 eius
371 2923 405 2952 in
435 2931 501 2962 quo
525 2922 681 2951 uniuntur
708 2926 755 2951 est
783 2921 938 2958 maxima,
967 2923 1042 2972 quia
1068 2924 1172 2953 unitas
1203 2923 1279 2960 Dei,
1302 2925 1337 2955 in

274 2976 341 3007 quo
364 2967 530 3001 uniuntur,
555 2971 602 2995 est
623 2965 762 2994 maxima
783 2966 898 2995 unitas.
922 2965 968 2996 lta
984 2966 1071 2996 enim
1094 2965 1208 2996 dicitur
1230 2968 1264 2998 in
1287 2968 1337 2998 lit-

272 3017 340 3042 tera
362 3009 452 3050 quod
475 3009 599 3040 divinae
615 3009 840 3060 humanaeque
855 3014 986 3039 naturae
1001 3011 1080 3040 unio
1095 3011 1130 3040 in
1146 3010 1274 3042 Christo
1291 3018 1338 3042 est

273 3055 411 3086 maxima
434 3064 472 3085 ex
494 3058 582 3094 parte
599 3053 667 3083 eius
689 3054 723 3083 in
739 3062 805 3092 quo
821 3053 986 3089 uniuntur,
1003 3054 1078 3093 quia
1093 3055 1196 3084 unitas
1213 3054 1336 3086 divinae

273 3107 439 3139 personae,
462 3099 497 3128 in
520 3107 584 3138 qua
606 3098 771 3132 uniuntur,
795 3102 842 3126 est
864 3098 1011 3127 maxima.
1042 3098 1083 3127 Et
1105 3099 1248 3128 similiter
1269 3109 1337 3130 non

274 3143 381 3173 solum
401 3143 505 3173 unitas
520 3147 704 3172 naturarum
725 3141 850 3171 divinae
866 3146 897 3171 et
911 3141 1070 3171 humanae
1086 3147 1168 3172 esset
1182 3144 1335 3174 maxima:

274 3186 330 3219 sed
353 3187 448 3217 etiam
471 3187 550 3216 unio
575 3185 788 3216 accidentium
809 3184 935 3220 Christi,
959 3190 1037 3224 puta
1051 3186 1137 3215 visus
1154 3191 1185 3216 et
1200 3186 1336 3223 auditus,

275 3240 343 3261 esse
366 3230 429 3260 albi
458 3235 490 3260 et
513 3230 622 3270 crispi,
654 3234 735 3259 esset
757 3229 894 3259 maxima
925 3238 963 3258 ex
993 3234 1081 3268 parte
1112 3230 1180 3259 eius
1209 3231 1243 3260 in
1270 3240 1336 3270 quo

273 3275 447 3310 uniuntur,
471 3275 547 3314 quia
569 3274 724 3304 uniuntur
749 3274 783 3303 in
805 3282 942 3313 persona
965 3272 1086 3308 divina,
1118 3274 1210 3303 cuius
1232 3275 1335 3304 unitas

275 3324 323 3349 est
343 3318 491 3349 maxima.
515 3318 589 3348 Hoc
613 3318 698 3348 enim
721 3327 788 3347 non
805 3323 851 3347 est
873 3317 991 3346 salvare
1014 3317 1170 3347 unionem
1192 3318 1335 3348 incarna-

274 3363 371 3393 tionis
395 3371 463 3393 esse
483 3362 656 3392 maximam
678 3362 740 3391 nisi
762 3362 907 3397 abusive,
932 3366 968 3391 ut
989 3366 1085 3400 patet.

330 3406 372 3437 Et
390 3406 619 3446 multiplicatur
635 3405 769 3436 dubium
791 3415 829 3435 ex
845 3404 1008 3441 Durand0‚
1025 3405 1058 3435 in
1068 3415 1087 3434 v
1099 3404 1169 3435 dist.
1186 3405 1227 3435 III
1239 3406 1336 3442 Sent„

276 3459 330 3490 qu.
347 3460 391 3486 111,
415 3449 540 3480 dicente
554 3450 711 3480 unionem
726 3449 950 3479 incarnationis
967 3458 1034 3479 esse
1049 3449 1220 3479 maximam
1236 3459 1337 3490 quan-

241 3505 244 3508 ·
275 3499 346 3524 tum
368 3493 408 3524 ad
431 3493 633 3534 dignitatem:
659 3499 690 3524 et
711 3503 779 3523 non
798 3499 955 3533 quantum
971 3492 1010 3522 ad
1025 3493 1227 3523 intrinsecam
1242 3495 1337 3524 ratio-

274 3547 351 3568 nem
373 3538 503 3568 unionis
518 3539 544 3568 *.
569 3538 610 3568 Et
624 3538 687 3568 hoc
703 3537 880 3567 secundum
896 3538 1018 3577 probat,
1037 3537 1111 3576 quia
1129 3537 1181 3567 illa
1196 3538 1274 3568 unio
1292 3543 1338 3568 est

277 3586 434 3622 quantum
450 3581 489 3612 ad
503 3582 660 3612 rationem
675 3582 804 3612 unionis
819 3582 966 3617 maxima,
981 3581 1071 3611 cuius
1084 3586 1222 3611 extrema
1236 3583 1337 3622 magis

1397 465 1428 490 et
1456 461 1598 491 intimius
1629 461 1770 492 efficiunt
1793 462 1842 491 vel
1873 461 2052 492 efficiuntur
2078 471 2190 492 unum.
2226 461 2288 492 Sed
2319 467 2456 492 extrema

1396 504 1567 534 multarum
1583 506 1752 541 unionum,
1771 511 1802 536 et
1816 515 1883 535 non
1895 506 2129 542 incarnationis,
2143 511 2216 535 sunt
2227 506 2309 535 talia.
2326 506 2421 546 Ergo.
2434 523 2456 528 -

1396 548 1499 578 Maior
1521 549 1690 588 probatur:
1716 550 1791 589 quia
1813 550 1944 585 unione,
1969 555 2004 579 ut
2027 550 2086 584 sic,
2111 549 2216 589 aliqua
2239 555 2313 579 sunt
2335 559 2454 585 unum;

1395 593 1474 622 ratio
1498 598 1605 622 autem
1628 593 1723 622 unius
1752 599 1798 623 est
1820 594 1900 623 ratio
1923 593 2058 623 indivisi.
2083 611 2104 615 —
2127 593 2234 623 Minor
2256 603 2348 623 vero:
2381 594 2456 633 quia

1394 637 1524 666 materia
1544 642 1574 666 et
1589 635 1692 666 forma
1708 638 1907 667 constituunt
1921 647 2024 667 unum
2039 646 2096 677 per
2112 637 2289 672 essentiam,
2307 642 2338 666 et
2352 646 2455 667 unum

1396 685 1442 709 est
1453 680 1660 720 inseparabile
1672 681 1710 710 ab
1723 681 1796 717 alio,
1809 686 1958 711 manente
1975 681 2195 716 consistentia;
2212 690 2279 710 non
2291 681 2335 710 sic
2347 686 2455 710 autem

1395 729 1518 753 constat
1541 733 1608 754 esse
1633 729 1771 754 extrema
1788 725 2022 755 incarnationis.
2046 743 2066 747 -
2090 724 2183 755 Unde
2198 724 2316 764 glossat
2331 725 2455 754 Duran-

1395 766 1453 797 dus
1469 767 1676 804 Bernardum,
1699 768 1788 808 quod
1803 769 1988 808 intelligitur
2003 769 2043 799 de
2058 769 2194 798 maxima
2210 769 2330 798 unione
2354 778 2454 808 quan-

1395 817 1463 840 tum
1487 811 1526 841 ad
1550 811 1746 852 dignitatern.

1448 855 1487 885 V.
1512 855 1563 885 Ad
1586 856 1668 886 hanc
1687 857 1908 896 quaestionem
1924 857 1940 872 ὃ*
1963 856 2174 896 respondetur
2190 856 2279 896 quod
2295 856 2453 886 distinctio

1394 898 1476 928 male
1499 899 1692 939 intelligitur.
1717 900 1799 930 Nam
1815 906 1965 930 neutrum
1982 900 2191 930 distinctionis
2206 901 2387 930 membrum
2404 909 2455 930 ac-

1395 942 1579 981 cipiendum
1608 949 1654 973 est
1676 944 1854 974 secundum
1877 954 1920 974 se.
1953 944 1997 974 lta
2020 944 2125 984 quod,
2156 954 2231 974 cum
2255 944 2456 984 distinguitur

1396 987 1658 1017 coniunctionem
1687 997 1782 1027 posse
1806 988 1907 1028 accipi
1934 998 1971 1018 ex
1994 994 2082 1028 parte
2106 994 2320 1018 extremorum
2343 988 2393 1018 vel
2417 997 2455 1017 ex

1395 1035 1483 1069 parte
1505 1031 1641 1066 termini,
1665 1041 1732 1061 non
1747 1032 1931 1072 intelligitur
1947 1041 1983 1062 ex
1999 1038 2087 1071 parte
2104 1037 2318 1062 extremorum
2342 1041 2456 1062 secun-

1396 1073 1473 1103 dum
1497 1083 1546 1110 se,
1572 1080 1603 1104 et
1625 1075 1767 1105 similiter
1789 1085 1856 1105 non
1879 1076 2063 1115 intelligitur
2086 1086 2123 1106 ex
2147 1081 2234 1116 parte
2257 1076 2383 1106 termini
2407 1085 2455 1106 se-

1396 1117 1538 1147 cundum
1562 1127 1610 1148 se:
1636 1118 1701 1154 sed,
1718 1119 1992 1158 quemadmodum
2012 1120 2152 1159 primum
2167 1121 2348 1149 membrum
2363 1119 2455 1149 intel-

1394 1161 1501 1201 ligitur
1524 1170 1562 1191 ex
1584 1168 1673 1201 parte
1697 1168 1911 1193 extremorum
1935 1163 2018 1193 inter
2031 1173 2074 1198 se,
2098 1164 2141 1193 ita
2163 1163 2340 1193 secundum
2363 1163 2456 1193 intel-

1394 1205 1501 1244 ligitur
1516 1215 1553 1235 ex
1569 1211 1657 1245 parte
1680 1207 1806 1236 termini
1829 1211 1864 1237 ut
1886 1207 2120 1248 coniungentis.
2145 1207 2185 1236 Et
2201 1207 2244 1237 sic
2259 1216 2327 1237 non
2350 1206 2457 1236 deficit

1394 1249 1523 1279 tertium
1552 1251 1750 1280 membrum:
1782 1250 1838 1280 sed
1866 1251 1994 1280 tertium
2023 1251 2205 1280 membrum
2235 1256 2281 1280 est
2304 1251 2336 1280 id
2367 1251 2456 1290 quod

1394 1292 1597 1333 distinguitur
1618 1294 1652 1323 in
1667 1294 1808 1333 primum
1829 1300 1859 1324 et
1875 1294 2070 1331 secundum;
2095 1304 2170 1324 nam
2187 1295 2371 1324 coniunctio
2388 1295 2456 1334 ipsa

1394 1336 1534 1367 duorum
1556 1337 1589 1367 in
1613 1338 1721 1378 aliquo
1748 1347 1815 1368 uno
1840 1338 2041 1378 distinguitur
2065 1339 2140 1378 quia
2165 1339 2266 1378 accipi
2288 1344 2395 1378 potest
2418 1347 2456 1368 ex

1394 1386 1481 1420 parte
1505 1386 1720 1412 extremorum
1744 1382 1825 1412 inter
1848 1392 1891 1418 se,
1915 1382 1966 1412 vel
1989 1392 2026 1413 ex
2049 1388 2138 1422 parte
2155 1383 2222 1413 eius
2244 1383 2277 1412 in
2294 1392 2360 1422 quo
2378 1392 2456 1412 con-

1393 1425 1569 1464 iunguntur
1591 1431 1627 1455 ut
1650 1426 1703 1456 sic.
1728 1426 1824 1455 Verbi
1847 1427 1954 1466 gratia,
1980 1427 2166 1456 coniunctio
2190 1427 2314 1456 animae
2339 1431 2369 1456 et
2385 1436 2455 1456 cor-

1393 1469 1479 1508 poris
1501 1470 1535 1499 in
1558 1469 1690 1500 homine
1712 1475 1818 1509 potest
1842 1470 2009 1510 dupliciter
2025 1471 2141 1510 accipi:
2166 1471 2281 1510 primo,
2307 1480 2344 1500 ex
2367 1476 2455 1510 parte

1393 1514 1517 1543 animae
1548 1519 1579 1543 et
1608 1515 1767 1553 corporis,
1798 1524 1865 1544 non
1895 1514 2073 1545 secundum
2103 1524 2136 1544 se
2168 1515 2226 1554 (sic
2256 1515 2342 1544 enim
2364 1514 2455 1544 valde

1393 1556 1538 1596 distant),
1569 1557 1625 1587 sed
1648 1558 1729 1588 inter
1752 1567 1802 1594 se,
1834 1559 1909 1598 quia
1937 1559 2019 1588 inter
2041 1568 2074 1589 se
2103 1559 2279 1597 iunguntur
2308 1564 2344 1588 ut
2367 1564 2455 1588 actus

1392 1602 1603 1631 substantialis
1627 1607 1658 1631 et
1681 1603 1840 1641 potentia;
1866 1602 1927 1632 alio
1951 1602 2062 1638 modo,
2087 1612 2125 1632 ex
2143 1608 2231 1642 parte
2248 1603 2315 1632 eius
2338 1603 2371 1632 in
2388 1612 2453 1642 quo

1392 1645 1577 1684 iunguntur,
1601 1646 1794 1685 inquantum
1817 1647 1992 1685 iunguntur
2015 1647 2049 1676 in
2072 1646 2137 1681 illo,
2162 1652 2239 1685 puta
2262 1647 2455 1685 inquantum

1392 1695 1466 1719 sunt
1488 1690 1521 1719 in
1545 1699 1610 1719 una
1632 1695 1745 1719 natura
1768 1691 1963 1729 composita,
1994 1695 2072 1729 puta
2094 1690 2308 1725 humanitate,
2333 1690 2383 1719 vel
2406 1691 2454 1720 in-

1393 1738 1550 1772 quantum
1573 1738 1648 1763 sunt
1670 1733 1704 1763 in
1727 1743 1791 1763 una
1814 1743 1966 1773 persona,
1991 1739 2069 1772 puta
2091 1733 2230 1763 Socrate.
2266 1734 2307 1763 Et
2333 1734 2385 1763 hic
2409 1739 2455 1763 est

1391 1786 1484 1806 verus
1507 1786 1618 1807 sensus
1642 1776 1851 1807 distinctionis
1874 1777 2005 1808 litterae.
2030 1777 2236 1807 Obiectiones
2255 1783 2362 1807 autem
2381 1787 2455 1817 pro-

1393 1820 1511 1850 cedunt
1534 1826 1644 1850 contra
1668 1821 1766 1851 alium
1782 1831 1921 1857 sensum,
1942 1831 2007 1861 quo
2024 1827 2195 1851 sumuntur
2211 1827 2349 1851 extrema
2373 1831 2455 1860 quae

1392 1865 1578 1904 iunguntur,
1602 1865 1781 1895 secundum
1803 1875 1854 1901 se,
1879 1871 1910 1895 et
1933 1865 1965 1895 id
1987 1866 2021 1895 in
2042 1875 2108 1905 quo
2132 1866 2317 1905 iunguntur,
2341 1874 2456 1896 secun-

1393 1908 1471 1939 dum
1494 1918 1537 1939 se.
1561 1909 1602 1939 Et
1624 1908 1698 1939 ideo
1721 1919 1789 1939 non
1813 1914 1859 1939 est
1881 1909 2000 1939 mirum
2023 1910 2048 1939 si
2070 1908 2192 1945 deficit;
2216 1909 2242 1938 si
2265 1907 2394 1939 deducit
2415 1908 2455 1940 ad

1391 1953 1666 1989 inconvenientia;
1691 1958 1722 1983 et
1745 1954 1771 1983 si
1793 1963 1861 1983 non
1884 1953 1982 1983 salvat
2004 1954 2163 1983 intentum
2186 1954 2246 1983 nisi
2269 1953 2408 1983 abusive.

1412 2000 1417 2003 “
1446 1997 1499 2027 VI.
1523 1997 1571 2027 Ex
1594 1997 1642 2027 his
1665 2002 1752 2037 patet
1775 1997 1892 2027 solutio
1917 1997 2049 2028 secundi
2072 1997 2160 2027 dubii
2180 1998 2206 2027 ἦ
2238 1997 2321 2027 Nam
2343 2006 2455 2027 sensus

1391 2041 1511 2071 litterae
1535 2046 1582 2070 est
1605 2041 1695 2080 quod
1717 2046 1848 2071 naturae
1864 2041 1988 2071 divinae
2005 2047 2036 2071 et
2050 2042 2220 2077 humanae,
2238 2050 2320 2081 quae
2335 2042 2369 2071 in
2384 2051 2454 2082 my-

1391 2086 1486 2115 sterio
1509 2085 1734 2115 incarnationis
1757 2086 1922 2121 uniuntur,
1947 2086 2133 2116 coniunctio
2158 2085 2326 2125 dupliciter
2348 2091 2455 2125 potest

1392 2130 1509 2168 accipi:
1529 2129 1580 2159 vel
1596 2138 1634 2159 ex
1648 2135 1738 2169 parte
1753 2135 1937 2159 naturarum
1949 2130 2031 2160 inter
2046 2139 2096 2160 se:
2111 2148 2135 2152 —
2151 2135 2182 2159 et
2197 2129 2242 2159 sic
2256 2139 2314 2169 per
2329 2139 2362 2160 se
2377 2135 2455 2160 nota

1391 2173 1580 2213 relinquitur
1602 2182 1674 2213 pars
1696 2174 1857 2213 negativa:
1882 2174 1964 2204 sicut
1985 2183 2059 2204 vere
2083 2178 2130 2204 est
2151 2183 2208 2213 per
2223 2183 2257 2203 se
2275 2179 2362 2209 nota,
2379 2174 2455 2213 quia

1391 2217 1472 2247 inter
1495 2227 1528 2247 se
1558 2227 1626 2247 non
1649 2217 1805 2247 uniuntur
1834 2218 1894 2247 nisi
1917 2218 1998 2247 sicut
2022 2227 2116 2248 causa
2146 2223 2177 2247 et
2206 2218 2454 2248 instrumentum

1391 2271 1515 2297 causae,
1532 2261 1587 2291 ubi
1604 2266 1727 2291 constat
1742 2271 1809 2291 non
1833 2271 1901 2291 esse
1921 2262 2093 2291 maximam
2108 2262 2281 2298 unionem;
2297 2279 2320 2283 —
2342 2261 2392 2291 vel
2416 2271 2454 2291 ex

1390 2304 1479 2345 parte
1503 2306 1571 2335 eius
1593 2306 1627 2335 in
1651 2315 1717 2345 quo
1741 2306 1905 2341 uniuntur,
1934 2306 1998 2335 hoc
2020 2311 2082 2341 est,
2108 2315 2145 2335 ex
2168 2310 2256 2345 parte
2278 2305 2453 2344 personalis

1391 2350 1628 2381 coniunctionis
1651 2359 1749 2389 quam
1772 2349 1918 2380 obtinent
1939 2350 1972 2379 in
1995 2359 2060 2379 una
2082 2359 2219 2389 persona
2240 2349 2355 2379 divina.
2379 2349 2453 2379 Hoc

1391 2394 1477 2424 enim
1505 2393 1590 2423 idem
1619 2399 1665 2423 est
1688 2403 1725 2423 ac
1756 2393 1878 2429 dicere,
1909 2403 1946 2423 ex
1969 2399 2058 2433 parte
2086 2402 2242 2433 personae
2265 2392 2389 2422 divinae
2419 2393 2454 2423 in

1391 2448 1455 2478 qua
1483 2439 1724 2477 coniunguntur
1751 2443 1787 2467 ut
1809 2438 1864 2467 sic.
1899 2438 1972 2468 Hoc
1996 2437 2081 2467 enim
2111 2436 2196 2467 idem
2220 2442 2266 2467 est
2289 2446 2325 2466 ac
2348 2436 2453 2467 dicere

1391 2492 1429 2512 ex
1444 2487 1533 2522 parte
1547 2491 1704 2522 personae
1720 2481 1844 2512 divinae
1866 2482 2058 2521 inquantum
2074 2486 2120 2511 est
2135 2490 2271 2520 persona
2286 2481 2452 2520 utriusque

1390 2532 1530 2556 naturae.
1566 2526 1640 2556 Hoc
1664 2526 1750 2556 enim
1774 2531 1820 2556 est
1843 2526 1986 2565 accipere
2010 2525 2272 2555 coniunctionem
2303 2534 2340 2554 ex
2363 2529 2451 2564 parte

1391 2571 1459 2600 eius
1474 2571 1508 2600 in
1524 2579 1591 2610 quo
1607 2571 1784 2610 iunguntur
1805 2575 1841 2600 ut
1856 2570 1914 2600 sic:
1936 2570 2000 2599 hoc
2015 2574 2070 2605 est,
2087 2569 2260 2599 formaliter
2275 2568 2451 2608 loquendo.

1391 2615 1553 2652 Quocirca
1576 2615 1660 2654 quia,
1685 2620 1721 2644 ut
1736 2619 1822 2654 patet
1846 2623 1884 2644 ex
1901 2614 1989 2654 prius
2004 2614 2020 2630 ⁴⁶
2044 2613 2144 2649 dictis,
2163 2613 2318 2643 uniuntur
2332 2613 2365 2642 in
2381 2622 2452 2652 per-

1390 2669 1470 2689 sona
1489 2658 1595 2689 divina
1618 2658 1871 2694 substantialiter,
1889 2663 1919 2688 et
1941 2667 2009 2688 non
2033 2656 2281 2692 accidentaliter,
2312 2665 2347 2686 ut
2371 2657 2452 2686 acci-

1391 2702 1497 2733 dentia
1521 2702 1654 2738 Christi;
1684 2707 1715 2732 et
1738 2703 1893 2732 uniuntur
1916 2701 2159 2731 substantialiter
2182 2710 2249 2731 non
2271 2705 2307 2730 ut
2329 2705 2450 2740 partes,

1390 2753 1426 2778 ut
1449 2756 1563 2776 manus
1587 2752 1618 2776 et
1641 2751 1746 2786 caput,
1771 2746 1827 2776 sed
1842 2752 1877 2776 ut
1892 2751 2007 2781 totum,
2031 2751 2068 2775 ut
2087 2750 2197 2775 natura
2217 2745 2294 2784 ipsa,
2318 2750 2354 2774 ut
2373 2744 2452 2775 haec

1390 2791 1570 2821 humanitas
1593 2790 1702 2820 unitur
1725 2790 1862 2826 Socrati;
1888 2794 1919 2819 et
1933 2789 2088 2819 uniuntur
2103 2798 2170 2819 non
2186 2788 2291 2818 solum
2307 2788 2452 2818 substan-
2470 2815 2472 2817 ,

1390 2835 1503 2865 tialiter
1521 2835 1641 2874 absque
1656 2835 1795 2873 partium
1810 2833 2061 2873 imperfectione,
2079 2832 2134 2862 sed
2149 2833 2193 2862 sic
2209 2832 2452 2862 substantialiter

1390 2879 1545 2909 uniuntur
1562 2879 1596 2908 in
1612 2888 1676 2908 una
1692 2878 1924 2917 simplicissima
1939 2883 1970 2907 et
1985 2876 2260 2906 indivisibilissima
2276 2885 2312 2906 ac
2327 2876 2452 2906 incom—

1389 2923 1524 2963 ponibili
1546 2923 1667 2952 unitate
1686 2921 1881 2952 substantiali
1896 2920 2055 2960 personali
2071 2920 2238 2950 communi
2253 2920 2381 2960 utrique
2395 2929 2452 2950 na-

1390 2973 1494 2997 turae:
1507 2985 1530 2988 —
1545 2971 1581 2996 ut
1596 2971 1724 3005 superet
1738 2965 1852 2995 merito
1870 2973 2001 2995 omnem
2017 2964 2109 2994 aliam
2126 2964 2280 2994 unionem
2297 2973 2451 3004 quorum-

1391 3020 1531 3051 cumque
1554 3010 1587 3039 in
1617 3009 1678 3039 alio
1709 3015 1745 3039 ut
1768 3009 1822 3039 sic.
1858 3009 1902 3038 lta
1925 3007 2028 3048 quod,
2051 3008 2125 3038 licet
2148 3008 2253 3037 anima
2280 3013 2311 3037 et
2334 3017 2451 3047 corpus

1391 3055 1526 3085 Socratis
1549 3053 1700 3083 uniantur
1722 3052 1966 3082 substantialiter
1989 3057 2021 3082 et
2042 3052 2075 3082 in
2098 3061 2163 3082 una
2178 3057 2289 3081 natura
2304 3052 2451 3081 humani-

1389 3100 1460 3128 tatis
1484 3103 1515 3128 et
1537 3098 1570 3127 in
1593 3107 1658 3127 una
1680 3105 1816 3136 persona
1839 3096 1993 3132 Socratis,
2024 3105 2092 3126 non
2119 3101 2226 3125 tamen
2249 3096 2365 3135 magis,
2395 3095 2452 3125 sed

1390 3142 1534 3182 pluribus
1556 3141 1660 3171 modis
1690 3141 1845 3170 uniuntur
1874 3149 1972 3180 quam
1995 3145 2107 3170 natura
2130 3139 2235 3170 divina
2259 3145 2290 3169 et
2311 3140 2452 3169 humana

1390 3187 1423 3216 in
1447 3185 1591 3220 Christo,
1615 3185 1691 3224 quia
1713 3185 1868 3215 uniuntur
1890 3189 1922 3215 et
1941 3184 1975 3214 in
1990 3189 2102 3214 natura
2118 3189 2149 3214 et
2163 3184 2196 3213 in
2211 3192 2357 3223 persona,
2374 3184 2451 3214 istae

1390 3236 1497 3260 autem
1517 3229 1672 3259 uniuntur
1687 3234 1811 3258 tantum
1826 3238 1893 3258 uno
1909 3227 2020 3264 modo,
2037 3228 2156 3258 scilicet
2170 3228 2204 3257 in
2218 3237 2364 3267 persona.
2389 3226 2452 3258 Sed

1390 3274 1468 3304 unio
1492 3273 1571 3303 haec
1601 3273 1634 3302 in
1657 3272 1718 3303 isto
1741 3282 1809 3302 uno
1832 3271 1932 3303 modo
1963 3277 2009 3303 est
2031 3273 2134 3302 maior
2157 3281 2254 3312 quam
2282 3272 2321 3301 sit
2342 3271 2395 3301 illa
2417 3271 2451 3301 in

1390 3323 1546 3356 utroque:
1571 3317 1646 3356 quia
1669 3317 1702 3346 in
1724 3317 1875 3357 mysterio
1895 3316 2118 3346 incarnationis
2140 3315 2244 3345 unitas
2270 3315 2451 3345 communis

1391 3361 1547 3397 extremis,
1563 3360 1742 3391 secundum
1759 3369 1856 3400 quam
1878 3361 2094 3400 propriissime
2110 3365 2142 3390 et
2157 3359 2329 3389 formaliter
2350 3368 2451 3398 quan-

1390 3404 1527 3435 tificatur
1550 3405 1736 3435 coniunctio
1759 3405 1792 3435 in
1811 3405 1914 3440 tertio,
1938 3410 1984 3434 est
2007 3405 2110 3434 unitas
2134 3403 2308 3443 personalis
2330 3402 2451 3442 simpli-

1392 3450 1516 3479 cissima
1546 3454 1577 3479 et
1605 3449 1867 3488 incomponibilis
1898 3454 1928 3478 et
1957 3448 2250 3483 indivisibilissima,
2282 3445 2321 3476 ad
2354 3456 2451 3486 quarn

1392 3498 1515 3523 constat
1545 3493 1635 3533 quod
1663 3502 1724 3523 nec
1754 3493 1856 3523 unitas
1879 3488 2053 3532 personalis
2077 3492 2229 3527 Socratis,
2260 3500 2320 3521 nec
2347 3491 2450 3521 unitas

1391 3537 1564 3567 essentialis
1593 3537 1813 3573 humanitatis,
1844 3545 1904 3567 nec
1934 3536 2045 3566 ambae
2075 3535 2170 3566 simul
2192 3534 2384 3570 ascendunt,
2415 3539 2451 3564 ut

1390 3587 1486 3622 patet.

2482 862 2493 872 ¹·
2507 861 2576 882 Num.
2591 867 2627 882 ιιι.

2482 2000 2492 2010 “
2507 2000 2577 2022 Num.
2593 2007 2623 2022 iv.

2480 2619 2490 2628 '⁸
2504 2618 2554 2640 Art.
2573 2625 2596 2645 4,
2618 2618 2691 2640 Com-

2479 2649 2551 2666 ment.
2570 2651 2633 2666 num.
2648 2651 2694 2672 vn,

2480 2677 2515 2697 xx;
2531 2675 2572 2693 art.
2588 2671 2609 2693 6.
