2872 3970
180 1054 190 1063 ⁸
205 1053 240 1075 Cf.
258 1056 305 1074 nol.
321 1060 345 1081 μ.

179 1585 188 1594 ·
204 1583 273 1605 Num.
288 1589 317 1604 iv.

180 1977 263 2002 '1bid.,
273 1977 342 1999 Circa
353 1983 389 1998 se-

181 2003 284 2025 cundum.

182 2908 191 2917 ⁸
206 2907 275 2929 Num.
289 2914 309 2929 v.

183 2953 192 2962 ⁸
208 2952 276 2974 Num.
297 2959 326 2978 ιν,
341 2954 389 2975 Du-

182 2979 270 3000 raudus
286 2986 346 3001 vero.

416 285 492 310 200

416 361 514 392 pore:
540 351 589 382 dst
613 352 698 382 enirn
720 361 857 392 persona
881 351 985 382 divina
1002 352 1040 382 ab
1056 357 1196 387 aeterno,
1220 357 1266 381 est
1290 356 1320 380 et
1343 359 1479 390 persona

416 397 558 426 humana
581 405 618 426 ex
641 401 797 436 tempore.
832 396 873 426 Et
891 397 916 426 si
940 401 1135 436 supponeret
1165 404 1224 435 pro
1248 403 1385 435 persona
1407 393 1479 423 Filii

418 445 454 470 ut
478 445 524 470 est
554 440 732 480 hypostasis
762 440 867 470 divina
896 440 1054 479 praecise,
1082 445 1159 469 tunc
1183 438 1277 468 etiam
1300 437 1478 477 propositio

419 489 500 514 esset
522 493 579 523 per
601 483 764 514 accidens:
798 484 951 524 quoniam
974 483 1074 513 Filius
1097 483 1171 518 Dei,
1196 491 1263 512 non
1286 482 1479 521 inquantum

418 528 597 568 hypostasis
620 527 746 558 divinae
768 534 908 563 naturae,
932 527 988 557 sed
1010 527 1201 566 inquantum
1225 526 1403 566 hypostasis
1418 525 1479 555 hu-

418 581 532 602 manae
554 577 695 608 naturae,
719 572 858 602 hominis
880 570 1149 611 praedicationem
1171 570 1292 609 recipit.
1323 568 1396 604 Sed,
1419 578 1479 608 po·

417 615 527 646 nendo
551 615 640 655 quod
663 621 823 655 supponat
850 624 909 655 pro
933 624 1068 654 persona
1091 614 1163 644 Filii
1195 612 1302 653 quoad
1328 613 1479 653 hyposta-

419 660 479 690 sim
501 659 678 690 secundum
702 658 791 699 quod
813 658 853 689 de
873 658 956 688 facto
980 663 1027 688 est
1050 663 1221 698 postquam
1250 657 1384 688 Verbum
1399 666 1478 687 caro

180 703 281 755 {32³2
295 708 345 729 0²?-
368 707 390 728 ¹,
410 704 542 745 factum
566 708 612 734 est
627 704 653 738 *,
678 712 751 733 vere
774 703 961 733 habebimus
985 701 1074 742 quod
1096 702 1191 732 homo
1216 700 1415 741 praedicatur
1438 701 1477 731 de

420 757 476 778 sua
499 748 660 788 hypostasi
684 756 759 777 cum
782 746 906 782 dicitur,
929 746 1018 776 Deus
1041 751 1087 776 est
1109 746 1215 776 homo.

475 791 515 823 Et
538 791 601 821 hoc
626 799 694 821 esse
723 791 882 820 intentum
913 790 951 820 ab
975 790 1117 820 Auctore
1147 789 1308 820 evidenter
1331 794 1418 829 patet
1441 799 1478 819 ex

420 844 458 865 eo
483 835 571 875 quod
594 839 740 864 tractatus
763 834 821 864 iste
839 834 1028 864 intitulatur:
1053 834 1103 863 De
1118 833 1167 863 his
1181 837 1264 873 quae
1279 842 1479 873 consequun-

419 883 474 909 tur
501 879 660 909 unionem.
697 878 871 917 Supposito
902 887 976 917 ergo
1006 877 1230 907 incarnationis
1259 877 1410 917 mysterio
1439 877 1479 907 de

418 932 554 962 persona
584 922 654 952 Filii
685 927 731 951 est
761 931 865 951 sermo
895 922 1068 961 praesentis
1091 921 1224 956 litterae,
1257 930 1332 951 cum
1365 921 1479 952 dicitur

419 966 507 1006 quod
537 966 625 996 Deus
652 966 703 995 hic
733 966 887 1005 supponit
916 975 974 1005 pro
1006 974 1142 1005 persona
1170 965 1250 995 Filii.
1274 983 1298 987 -
1321 965 1424 996 lmmo
1448 971 1480 996 et

419 1010 500 1040 clare
527 1010 560 1039 in
583 1010 684 1040 littera
714 1008 828 1039 dicitur
859 1008 947 1048 quod
970 1010 1002 1039 in
1027 1009 1110 1040 dicta
1133 1009 1353 1050 propositione
1383 1010 1479 1040 homo

411 1053 623 1094 praedicatur
637 1053 676 1083 de
691 1053 761 1083 Deo
779 1058 814 1083 ut
827 1053 946 1093 species
961 1052 1001 1083 de
1015 1063 1075 1084 sua
1090 1053 1258 1094 lypostasi
1269 1054 1296 1084 ⁹.
1318 1053 1479 1094 Supponit

419 1107 493 1137 ergo
516 1098 604 1128 Deus
627 1106 686 1136 pro
709 1097 872 1137 hypostasi
895 1097 1045 1133 humana,
1068 1098 1094 1128 si
1113 1098 1208 1128 homo
1225 1097 1423 1138 praedicatur
1439 1098 1478 1129 de

416 1142 486 1172 Deo
510 1147 546 1172 ut
568 1141 689 1181 species
713 1140 752 1171 de
775 1151 831 1171 sua
852 1142 1032 1181 hypostasi:
1058 1142 1175 1182 speciei
1191 1141 1350 1182 siquidem
1366 1143 1479 1173 huma-

417 1195 477 1216 nae
500 1185 587 1216 nulla
610 1186 787 1226 hypostasis
811 1191 857 1215 est
880 1194 936 1215 sua
959 1186 1019 1216 nisi
1035 1186 1185 1222 humana,
1203 1196 1285 1227 quae
1301 1187 1334 1217 in
1351 1186 1478 1217 Christo

418 1235 464 1260 est
487 1230 524 1259 ab
549 1235 677 1260 aeterno
701 1228 815 1259 divina.
843 1247 866 1252 -
895 1229 1075 1260 Clarissima
1106 1235 1214 1261 autem
1247 1231 1310 1261 hoc
1338 1232 1479 1271 supponi

418 1274 590 1314 explicatur
618 1274 651 1303 in
682 1274 838 1313 principio
870 1275 1013 1314 corporis
1043 1275 1206 1315 sequentis
1233 1275 1371 1311 articuli,
1403 1285 1479 1306 cum

417 1317 546 1348 dicitur:
577 1317 748 1358 Supposita
778 1318 912 1348 ueritate
935 1318 1102 1359 utriusque
1125 1323 1273 1355 naturae,
1297 1319 1426 1350 divinae
1449 1325 1479 1350 et

416 1362 585 1398 humanae,
609 1367 640 1392 et
662 1362 781 1392 unione
797 1362 828 1392 in
840 1371 984 1402 persona
1000 1368 1031 1393 et
1043 1363 1221 1404 hypostasi,
1245 1364 1324 1394 haec
1339 1369 1386 1394 est
1401 1374 1478 1395 uera

417 1411 447 1436 et
463 1407 611 1446 propria,
635 1405 744 1436 Homo
769 1411 816 1436 est
836 1406 935 1443 Deus,
959 1407 1043 1437 sicut
1064 1412 1095 1438 et
1110 1407 1181 1444 ista,
1205 1408 1294 1439 Deus
1310 1413 1357 1438 est
1370 1408 1476 1439 homo.

416 1450 477 1480 Hic
508 1452 592 1480 enim
626 1450 799 1490 explicatur
830 1451 919 1491 quod
949 1457 1083 1491 utraque
1114 1452 1292 1492 propositio
1324 1453 1478 1492 supponit

418 1494 635 1525 conditionem
659 1494 698 1524 de
722 1493 806 1525 facto
830 1495 992 1525 inventam
1015 1496 1049 1526 in
1072 1505 1209 1536 persona
1232 1497 1338 1527 Verbi.

470 1538 529 1568 His
552 1539 740 1579 praelibatis,
765 1539 805 1569 ad
827 1540 951 1579 singula
975 1539 1148 1570 dicendum
1172 1546 1228 1570 est.

470 1583 522 1612 VI.
546 1582 597 1613 Ad
616 1583 755 1622 primum
771 1584 866 1623 igitur
882 1583 1017 1614 dubium
1033 1585 1049 1600 θ’
1074 1584 1188 1615 dicitur
1204 1584 1293 1624 quod
1309 1585 1387 1615 haec
1403 1595 1478 1625 pro-

415 1627 532 1666 positio
557 1633 603 1657 est
626 1628 810 1658 necessaria.
836 1628 875 1658 Et
899 1629 1044 1668 quamvis
1068 1628 1155 1659 Deus
1179 1629 1323 1660 absolute
1347 1639 1414 1659 non
1438 1630 1478 1660 sit

415 1672 591 1701 necessario
608 1672 719 1707 homo,
745 1672 832 1702 Deus
847 1677 955 1702 tamen
968 1683 1032 1713 pro
1043 1682 1188 1713 persona
1210 1673 1300 1704 Verbi
1316 1673 1479 1704 incarnati

416 1720 462 1744 est
476 1716 652 1746 necessario
669 1716 778 1746 homo.
804 1716 938 1747 Constat
954 1717 1040 1747 enim
1057 1717 1219 1748 evidenter
1236 1718 1325 1757 quod
1342 1727 1478 1758 persona

416 1759 554 1789 humana
583 1760 742 1799 quaelibet
772 1766 818 1790 est
848 1761 1025 1792 necessario
1049 1761 1160 1791 homo.
1194 1762 1284 1792 Deus
1307 1768 1415 1792 autem
1445 1763 1478 1792 in

416 1803 474 1833 hac
496 1805 717 1843 propositione
741 1804 968 1836 determinatur
991 1805 1029 1835 ad
1051 1805 1302 1846 supponendum
1325 1816 1383 1846 pro
1407 1816 1478 1846 per-

416 1857 494 1877 sona
517 1848 665 1878 humana.
690 1849 731 1879 Et
749 1854 918 1889 propterea
934 1850 992 1880 ista
1006 1850 1195 1890 propositio,
1213 1851 1270 1880 etsi
1286 1860 1353 1881 non
1370 1851 1479 1890 quoad

416 1891 637 1931 significatum,
657 1898 763 1923 tamen
781 1893 888 1934 quoad
904 1895 1107 1934 suppositum
1124 1903 1181 1934 per
1196 1904 1317 1925 nomen
1333 1895 1477 1931 subiecti,

416 1941 462 1966 est
484 1938 668 1967 necessaria.

470 1980 536 2010 VII.
565 1981 616 2011 Ad
647 1981 825 2012 secundum
852 1991 927 2012 vero
959 1981 1094 2012 dubium
1113 1983 1145 2018 ⁴⁶,
1178 1982 1402 2023 respondendo
1439 1983 1479 2014 ad

415 2025 555 2064 primum
579 2025 675 2061 Scoti‚
701 2026 816 2056 dicitur
839 2026 928 2066 quod
951 2027 1009 2056 ista
1032 2027 1210 2067 propositio
1235 2033 1281 2057 est
1304 2037 1361 2067 per
1376 2037 1409 2058 se
1430 2038 1478 2058 re-

416 2074 526 2108 spectu
550 2070 716 2110 suppositi.
752 2070 793 2100 Et
817 2070 906 2110 quod
933 2070 1150 2110 praedicatum
1174 2076 1220 2101 est
1248 2071 1287 2102 de
1315 2072 1479 2102 intellectu

415 2113 548 2143 subiecti
572 2114 680 2154 quoad
703 2115 907 2155 suppositum
931 2124 988 2154 per
1010 2114 1099 2151 illud,
1124 2116 1269 2155 quamvis
1290 2125 1358 2146 non
1377 2117 1416 2146 sit
1439 2116 1478 2146 de

415 2157 577 2188 intellectu
602 2159 668 2188 eius
693 2158 800 2199 quoad
824 2158 960 2190 formam
984 2159 1191 2199 significatam
1215 2169 1272 2200 per
1295 2159 1390 2191 idern.
1422 2161 1479 2191 Est

416 2202 501 2231 enim
524 2202 620 2232 homo
651 2202 690 2233 de
713 2203 876 2234 intellectu
907 2204 1086 2244 hypostasis
1109 2204 1285 2240 humanae,
1319 2205 1361 2235 ita
1389 2204 1479 2244 quod

415 2246 601 2285 oppositum
624 2248 736 2287 nequit
758 2247 901 2287 intelligi.

471 2290 521 2320 Ad
537 2291 724 2327 secundum,
742 2298 874 2331 negatur
890 2292 1030 2332 sequela,
1047 2292 1212 2332 loquendo
1229 2292 1269 2323 de
1281 2293 1352 2323 Deo
1370 2292 1478 2333 quoad

416 2335 626 2374 suppositum.
660 2335 740 2366 lllud
764 2337 850 2366 enim
874 2336 963 2376 quod
985 2346 1042 2376 per
1065 2346 1099 2366 se
1122 2336 1320 2377 praedicatur
1344 2336 1383 2367 de
1407 2337 1477 2367 Deo

415 2379 537 2409 ratione
567 2379 687 2410 formae
718 2380 911 2420 significatae
942 2390 999 2421 per
1022 2381 1054 2421 ly
1077 2380 1182 2416 Deus,
1214 2380 1414 2420 praedicatur
1437 2381 1476 2411 de

416 2423 559 2462 quolibet
583 2429 735 2454 contento
759 2425 818 2454 sub
840 2425 932 2455 Deo:
959 2424 1015 2455 sed
1038 2424 1117 2455 illud
1141 2424 1230 2465 quod
1252 2434 1309 2464 per
1331 2435 1364 2455 se
1387 2435 1478 2466 prae-

415 2466 536 2497 dicatur
559 2467 598 2498 de
622 2468 692 2498 Deo
716 2469 837 2499 ratione
857 2470 1014 2509 suppositi
1038 2468 1123 2504 talis,
1140 2478 1198 2509 pro
1223 2478 1289 2509 quo
1313 2471 1476 2509 supponit,

416 2511 558 2550 exigente
588 2511 768 2551 praedicato
792 2513 976 2543 huiusmodi
1000 2513 1273 2552 suppositionem,
1297 2523 1364 2544 non
1387 2523 1477 2554 prae-

415 2554 536 2585 dicatur
559 2555 598 2586 de
623 2556 767 2596 quolibet
789 2562 942 2587 contento
966 2558 1024 2587 sub
1048 2557 1111 2587 hoc
1133 2558 1266 2588 nomine
1288 2557 1387 2588 Deus.

469 2599 521 2629 Ad
543 2601 671 2630 tertium
695 2600 826 2636 dicitur,
857 2610 914 2640 per
941 2600 1075 2631 eandem
1102 2600 1356 2638 distinctionem,
1389 2601 1477 2642 quod

414 2643 447 2672 in
471 2644 757 2683 praedicationibus
782 2654 838 2684 per
858 2655 890 2675 se
914 2646 1036 2675 ratione
1060 2645 1180 2676 formae
1204 2645 1397 2686 significatae
1420 2655 1478 2686 per

415 2687 604 2723 subiectum,
621 2689 801 2719 subiectum
816 2690 923 2729 ipsum
939 2690 1094 2729 supponit
1108 2689 1350 2720 indeterminate
1367 2690 1476 2730 quoad

416 2733 619 2771 suppositum
643 2738 673 2763 et
697 2732 902 2764 determinate
927 2733 1034 2773 quoad
1057 2739 1212 2764 naturam.
1245 2734 1308 2765 Sed
1330 2735 1363 2764 in
1387 2744 1476 2775 prae-

416 2774 573 2807 dicatione
596 2786 652 2817 per
676 2787 709 2807 se
732 2777 853 2807 ratione
878 2778 953 2808 certi
977 2778 1151 2818 suppositi,
1181 2788 1239 2818 pro
1264 2788 1330 2819 quo
1354 2779 1476 2819 praedi-

417 2825 521 2850 catum
541 2820 614 2851 facit
630 2830 812 2861 supponere
829 2822 1018 2857 subiectum,
1044 2831 1135 2852 secus
1152 2828 1279 2862 oportet
1295 2832 1376 2853 esse:
1402 2824 1477 2863 quia

416 2872 543 2894 necesse
568 2871 613 2895 est
637 2866 816 2896 subiectum
840 2875 1022 2906 supponere
1045 2876 1103 2906 pro
1127 2865 1336 2898 determinato
1356 2876 1476 2907 suppo-

417 2907 486 2937 sito.
512 2908 551 2938 Et
574 2910 618 2939 sic
643 2915 688 2940 est
711 2911 743 2940 in
767 2911 945 2950 proposito,
970 2916 1005 2941 ut
1028 2916 1114 2950 patet
1138 2921 1175 2941 ex
1199 2910 1289 2942 dictis
1305 2912 1331 2941 ⁴².

471 2951 521 2981 Ad
540 2953 727 2984 Durandum
744 2955 759 2971 ⁴*
776 2960 883 2985 autem
900 2965 937 2985 ex
954 2954 1064 2985 eadem
1086 2955 1288 2987 distinctione
1304 2955 1476 2996 responde-

417 3000 476 3030 tur,
494 2995 629 3027 dicendo
646 2998 735 3038 quod
750 2998 802 3029 illa
818 2999 929 3034 maior,
951 2999 1062 3029 Omnis
1072 3000 1255 3040 propositio
1273 3010 1336 3040 per
1349 3010 1384 3031 se
1399 3010 1476 3031 vera

417 3044 463 3069 est
485 3049 560 3070 vera
581 3050 652 3071 cum
669 3042 921 3082 reduplicatione
937 3043 1065 3074 tet-mini
1079 3044 1211 3075 subiecti
1225 3043 1325 3085 sup‘ra
1340 3054 1384 3080 se,
1403 3045 1477 3075 licet

418 3082 596 3114 admittatur
620 3085 652 3115 in
676 3087 950 3126 propositionibus
973 3097 1029 3128 per
1045 3098 1077 3118 se
1094 3089 1175 3119 veris
1198 3088 1237 3119 de
1261 3089 1405 3119 subiecto
1429 3099 1476 3119 ra-

417 3127 503 3157 tione
527 3127 646 3159 formae
669 3129 876 3169 significatae,
901 3138 1033 3171 negatur
1063 3137 1169 3163 tamen
1192 3133 1226 3163 in
1256 3134 1476 3173 propositione

418 3180 473 3209 per
497 3181 528 3200 se
553 3181 624 3202 vera
648 3172 686 3202 de
707 3174 849 3204 subiecto
874 3176 995 3206 ratione
1012 3177 1087 3206 certi
1104 3178 1261 3217 suppositi
1277 3183 1411 3208 tantum.
1436 3178 1476 3208 Et

419 3215 495 3244 ratio
520 3214 703 3258 diversitatis
728 3222 773 3246 est
804 3219 877 3256 quia
901 3219 1107 3259 reduplicatio
1136 3221 1280 3252 transfert
1303 3223 1475 3253 terminum

419 3258 595 3288 subiectum
620 3260 652 3289 in
676 3265 818 3290 naturam
843 3262 1027 3300 praedicati:
1053 3264 1141 3303 quod
1158 3271 1281 3296 constat
1296 3266 1396 3297 teneri
1412 3266 1475 3297 for-

418 3302 548 3331 maliter.
584 3302 668 3332 Cum
693 3303 777 3333 enim
802 3303 892 3340 dico,
924 3306 1049 3341 Hom0‚
1075 3308 1263 3348 inquantum
1285 3310 1402 3346 homo,
1430 3316 1477 3342 est

419 3345 549 3379 animal,
574 3346 623 3376 vel
647 3346 786 3382 risibilis,
811 3348 941 3387 perinde
965 3355 1011 3379 est
1034 3360 1070 3381 ac
1086 3352 1111 3381 si
1127 3352 1264 3384 dicerem
1287 3354 1409 3391 Homo,
1427 3355 1475 3386 in-

420 3394 571 3427 quantum
596 3395 641 3419 est
663 3390 772 3426 homo,
797 3396 842 3421 est
865 3392 1002 3427 animal,
1028 3395 1077 3424 uel
1099 3401 1157 3425 etc.
1192 3397 1254 3428 Ubi
1278 3404 1363 3438 patet
1386 3399 1475 3439 quod

420 3431 451 3470 ly
474 3432 567 3461 homo
599 3435 750 3473 repetitur
774 3441 808 3465 ut
832 3435 1062 3475 praedicatum:
1095 3444 1126 3468 et
1149 3446 1316 3480 propterea
1346 3442 1475 3473 denotat

421 3474 646 3506 humanitatem
676 3487 742 3508 esse
767 3479 920 3510 rationem
945 3481 1179 3512 coniunctionis
1203 3485 1371 3523 praedicati
1400 3496 1474 3518 cum

421 3518 572 3548 subiecto.
598 3520 636 3550 Et
660 3521 732 3551 idco
749 3522 805 3552 ista
826 3528 871 3552 est
897 3522 980 3558 falsa,
997 3523 1094 3560 Deus,
1112 3525 1301 3565 inquantum
1314 3529 1412 3566 Deus,
1429 3536 1476 3562 est

420 3561 535 3591 homo:
558 3563 710 3601 significat
735 3567 818 3596 enim
844 3566 991 3597 deitatem
1011 3577 1078 3598 esse
1098 3569 1251 3600 rationem
1267 3574 1474 3605 necessariam

421 3606 654 3636 coniunctionis
678 3609 845 3647 praedicati
870 3620 944 3640 cum
966 3611 1117 3642 subiecto.
1143 3612 1209 3643 Nec
1226 3614 1330 3645 solum
1346 3617 1412 3655 ipsa
1429 3623 1476 3647 est

1123 273 1385 320 QUAESTIO
1414 272 1519 318 XVI,
1552 271 1845 310 ARTICULUS
1873 273 1887 310 1

1533 350 1619 386 falsa,
1632 349 1688 380 sed
1704 350 1799 380 etiam
1811 350 1880 386 ista,
1898 350 2041 386 Verbum,
2056 351 2245 393 inquantum
2263 353 2407 390 Verbum,
2423 359 2471 386 est
2482 355 2595 387 homo:

1534 395 1608 434 quia
1631 394 1663 435 ly
1687 394 1895 434 inquantum,
1921 394 2149 436 reduplicative
2172 402 2355 438 sumptum,
2379 398 2509 430 denotat
2532 399 2596 431 for-

1533 447 1619 468 mam
1631 437 1849 478 significatam‚
1861 438 1925 469 hoc
1937 443 1993 475 est,
2009 440 2236 480 proprietatem
2251 441 2484 482 hypostaticam
2498 443 2596 475 Verbi

1533 482 1781 519 constitutivam,
1802 491 1870 513 esse
1885 483 2041 514 rationem
2056 485 2266 516 necessariam
2281 486 2490 517 connexionis
2504 497 2595 528 prae-

1533 526 1627 556 dicati
1651 535 1728 556 cum
1750 526 1904 557 subiecto.
1920 545 1944 549 -
1966 527 2066 558 Secus
2089 534 2196 559 autem
2219 529 2392 561 dicendum
2407 537 2489 562 esset
2514 532 2541 562 si
2562 531 2595 573 ly

1533 570 1723 610 inquantum
1739 575 1899 601 teneretur
1910 570 2138 612 specificative:
2156 573 2311 613 quoniam
2323 574 2368 604 sic
2379 575 2438 605 ista
2453 580 2501 606 est
2510 585 2595 612 vera,

1538 614 1688 649 Verbum,
1721 614 1911 655 inquantum
1940 615 2089 652 Verbum,
2120 622 2168 647 est
2195 617 2313 648 homo:
2344 619 2499 658 quoniam
2527 627 2596 650 esse

1531 658 1699 689 hominem
1723 658 1874 689 convenit
1896 658 2003 690 Verbo
2034 660 2213 692 secundum
2234 662 2398 702 propriam
2419 663 2595 703 personali-

1533 707 1640 732 tatem.

1589 746 1652 777 Sed
1675 747 1750 787 quia
1772 747 1835 777 hoc
1858 756 1926 778 non
1948 753 2069 788 spectat
2091 748 2131 779 ad
2154 750 2356 790 perseitatem
2378 750 2532 791 logicam,
2555 750 2596 782 de

1534 799 1598 830 qua
1621 796 1667 821 est
1691 799 1806 827 sermo,
1829 790 1914 827 ideo,
1937 797 2130 823 revertentes
2145 793 2185 824 ad
2199 794 2369 825 subiuncta
2390 804 2448 835 per
2470 795 2596 826 Duran—

1534 834 1612 865 dum
1635 834 1795 866 dicentem
1817 834 1916 875 quod,
1933 836 2062 876 quando
2078 837 2146 868 sola
2161 838 2265 868 unitas
2280 839 2438 879 suppositi
2453 844 2501 870 est
2514 839 2595 870 ratio

1533 879 1769 910 coniunctionis
1785 884 2010 917 extremorum,
2022 881 2200 922 propositio
2217 887 2264 912 est
2278 891 2352 913 vera
2362 892 2420 923 per
2432 882 2595 914 accidens:

1532 922 1764 963 respondemus
1792 922 1881 963 quod
1903 923 1971 954 sola
1993 925 2097 956 unitas
2121 926 2278 966 suppositi
2301 927 2466 958 extrinseci
2489 927 2528 958 ab
2551 927 2596 958 al-

1532 972 1601 998 tero
1625 967 1736 998 saltem
1759 973 1975 999 extremorum
1998 968 2164 1000 verificans
2185 971 2454 1010 propositionem,
2478 971 2596 1002 consti—

1532 1011 1594 1041 tuit
1615 1011 1702 1042 illam
1725 1021 1833 1042 veram
1856 1021 1913 1052 per
1935 1012 2098 1050 accidens:
2122 1012 2178 1044 sed
2194 1013 2299 1044 unitas
2313 1015 2470 1055 suppositi
2484 1015 2596 1046 intrin-

1533 1055 1597 1086 seci
1621 1056 1748 1096 utrique
1772 1061 1913 1086 extremo
1938 1057 2102 1088 constituit
2124 1058 2379 1098 propositionem
2395 1058 2546 1090 directam
2565 1064 2597 1090 et

1533 1098 1711 1136 formalem,
1735 1109 1843 1130 veram
1865 1109 1923 1140 per
1944 1110 1979 1132 se
2001 1100 2042 1132 de
2065 1101 2164 1132 altero
2186 1106 2339 1139 extremo,
2362 1112 2431 1133 non
2448 1107 2596 1143 respectu

1533 1142 1656 1174 formae
1679 1143 1882 1185 significatae,
1905 1144 1962 1175 sed
1984 1151 2132 1186 respectu
2155 1147 2323 1187 suppositi.
2348 1146 2400 1177 Sic
2418 1152 2526 1177 autem
2549 1151 2597 1178 est

1532 1188 1567 1218 in
1590 1189 1774 1228 proposito:
1807 1198 1883 1219 nam
1906 1189 1939 1220 in
1962 1194 2101 1230 utroque
2124 1191 2279 1228 termino,
2311 1191 2431 1222 scilicet
2452 1191 2543 1222 Deus
2565 1195 2597 1222 et

1521 1232 1638 1269 homo,
1664 1232 1820 1263 clauditur
1842 1233 2022 1270 intrinsece,
2046 1235 2192 1275 quamvis
2214 1234 2467 1271 indeterminate,
2491 1235 2596 1276 hypo-

1532 1277 1620 1306 stasis
1651 1277 1747 1307 Verbi
1779 1277 1951 1314 incarnati,
1980 1283 2093 1318 utpote
2124 1279 2285 1310 verissime
2319 1285 2350 1310 et
2379 1279 2597 1320 propriieffine

1532 1330 1669 1360 persona
1692 1321 1798 1352 divina
1822 1327 1853 1352 et
1876 1322 2024 1353 humana.
2053 1323 2128 1354 Non
2151 1323 2196 1353 sic
2219 1329 2328 1354 autem
2350 1329 2398 1354 est
2419 1324 2452 1354 in
2474 1331 2595 1364 propo-

1531 1365 1699 1396 sitionibus
1722 1374 1779 1405 per
1802 1365 1958 1402 accidens,
1982 1371 2070 1406 puta,
2093 1366 2204 1398 Homo
2228 1372 2275 1398 est
2297 1367 2409 1398 albus:
2439 1368 2595 1408 quoniam

1532 1410 1566 1440 in
1595 1410 1661 1440 istis
1691 1410 1895 1450 suppositum
1925 1419 1983 1451 per
2009 1410 2177 1442 hominem
2206 1412 2376 1452 copulatur
2408 1417 2536 1442 tantum
2564 1416 2596 1442 et

1533 1454 1706 1484 extrinsece
1729 1454 1918 1494 importatur
1940 1464 1998 1494 per
2020 1454 2138 1491 album,
2163 1455 2254 1496 quod
2275 1465 2390 1496 puram
2411 1456 2596 1496 qualitatem

1532 1497 1696 1537 significat.
1716 1497 1757 1528 Et
1772 1498 1850 1528 haec
1866 1498 1930 1529 iam
1946 1498 2099 1530 docuerat
2113 1500 2236 1530 Auctor
2251 1501 2285 1530 in
2297 1500 2338 1530 ΠΙ
2350 1499 2450 1536 Sent„
2461 1499 2530 1531 dist.
2541 1509 2596 1536 vn,

1533 1550 1587 1582 qu.
1604 1552 1624 1578 r,
1649 1545 1704 1572 art.
1728 1549 1737 1572 ι
1754 1543 1781 1572 ⁴⁹.

1587 1585 1668 1616 VIII.
1693 1586 1744 1616 Ad
1763 1587 1891 1617 tertium
1907 1585 2043 1617 dubium
2058 1588 2075 1604 ³*
2099 1587 2214 1618 dicitur
2236 1588 2326 1628 quod
2341 1588 2458 1619 Scotus
2472 1588 2598 1619 videtur

1533 1630 1692 1670 accepisse
1715 1639 1774 1670 pro
1798 1631 1942 1661 subiecto
1966 1631 2083 1667 Deum,
2107 1641 2165 1662 seu
2187 1632 2385 1672 hypostasim
2407 1632 2519 1669 Verbi,
2543 1633 2597 1663 ab·

1532 1674 1654 1704 solute:
1680 1679 1711 1704 et
1733 1673 1806 1704 ideo
1823 1684 1890 1705 non
1907 1675 2027 1705 invenit
2046 1676 2140 1716 quale
2156 1676 2195 1706 sit
2210 1677 2272 1707 hoc
2288 1676 2506 1716 praedicatum
2521 1685 2598 1708 cum

1532 1728 1589 1749 sua
1612 1718 1858 1759 praedicatione.
1883 1718 1945 1750 Sed
1968 1719 2103 1756 Auctor,
2125 1720 2254 1751 intuens
2276 1721 2350 1751 talia
2368 1730 2436 1751 esse
2455 1721 2598 1752 subiecta

1533 1762 1642 1803 quoad
1669 1763 1927 1803 suppositionem
1957 1764 2064 1804 qualia
2094 1765 2224 1804 exigunt
2253 1764 2448 1805 praedicata,
2475 1773 2599 1806 suppo»

1532 1807 1640 1837 nendo
1662 1807 1887 1838 incarnationis
1902 1809 2100 1848 mysterium,
2124 1809 2288 1848 supponit,
2305 1818 2381 1840 cum
2395 1808 2460 1840 fide
2475 1808 2597 1841 Camo-

1532 1851 1609 1887 lica,
1634 1851 1740 1882 Deum
1764 1861 1831 1882 esse
1855 1851 2016 1892 quandam
2039 1853 2237 1893 hypostasim
2259 1853 2450 1889 humanam,
2482 1858 2515 1884 et
2535 1861 2597 1894 pro

1531 1895 1583 1925 illa
1605 1895 1639 1925 in
1663 1896 1722 1926 hac
1744 1896 1966 1935 propositione
1989 1905 2173 1936 supponere
2196 1897 2229 1938 ly
2243 1897 2342 1928 Deus.
2367 1897 2408 1928 Et
2426 1903 2596 1938 propterea

1532 1940 1636 1970 statim
1660 1940 1796 1975 invenit,
1821 1949 1889 1970 non
1912 1939 2019 1971 solum
2042 1940 2132 1980 quod
2154 1941 2371 1981 praedicatum
2395 1947 2441 1972 est
2463 1941 2595 1982 spedas,

1531 1983 1587 2014 sed
1611 1984 1705 2014 etiam
1736 1983 1825 2024 quod
1848 1983 2046 2024 praedicatur
2069 1990 2105 2015 ut
2127 1986 2249 2025 species
2277 1985 2317 2016 de
2339 1986 2470 2026 propria
2490 1986 2596 2028 hypo-

1532 2028 1614 2058 stasi.
1638 2028 1706 2058 Nec
1722 2028 1785 2059 hoc
1801 2028 1941 2069 aliquam
1956 2029 2052 2059 habet
2067 2028 2295 2066 difficultatem,
2314 2030 2375 2060 nisi
2390 2030 2478 2060 illam
2497 2037 2595 2071 quam

1532 2082 1570 2102 ex
1594 2072 1657 2102 fide
1680 2073 1910 2112 supponimus,
1942 2073 2062 2103 scilice't
2083 2082 2256 2113 personam
2278 2074 2350 2104 Filii
2376 2083 2445 2104 esse
2467 2082 2541 2105 vere
2564 2079 2596 2105 et

1531 2117 1660 2156 proprie
1688 2126 1860 2157 personam
1882 2117 2066 2147 humanam.
2102 2118 2171 2148 Hac
2200 2126 2342 2158 namque
2371 2118 2596 2159 suppositione

1532 2159 1623 2196 facta,
1648 2160 1729 2191 clare
1753 2161 1855 2201 liquet
1878 2161 1981 2201 quod,
2005 2162 2087 2192 sicut
2110 2163 2231 2202 species
2254 2162 2454 2203 praedicatur
2475 2162 2516 2194 de
2538 2170 2596 2206 ψ

1531 2205 1694 2245 hypostasi
1718 2215 1794 2236 cum
1817 2205 1940 2242 dicitur,
1965 2206 1992 2236 A
2016 2211 2063 2236 est
2084 2206 2191 2241 homo,
2216 2207 2242 2236 si
2259 2207 2292 2247 ly
2307 2209 2334 2237 A
2358 2207 2513 2248 supponit
2528 2204 2596 2248 βω

1532 2254 1616 2279 certa
1638 2259 1775 2289 persona
1798 2250 1953 2286 humana;
1977 2250 2020 2280 ita
2042 2250 2077 2280 in
2099 2251 2278 2291 proposito,
2304 2261 2342 2282 ex
2365 2260 2435 2291 quo
2455 2251 2489 2292 ly
2505 2250 2598 2284 Dm

1531 2294 1686 2334 supponit
1706 2303 1765 2334 pro
1782 2293 1920 2334 quadam
1937 2299 2021 2324 certa
2036 2303 2174 2334 persona
2188 2295 2338 2326 humana.
2362 2295 2404 2326 Et
2418 2295 2494 2326 hinc
2508 2300 2596 2336 petet

1532 2337 1622 2377 quod
1643 2339 1702 2368 ista
1724 2335 1914 2378 propositio,
1938 2338 2028 2369 Deus
2051 2343 2099 2370 est
2118 2339 2229 2375 homo,
2249 2339 2328 2370 dum
2351 2339 2385 2380 ly
2406 2339 2496 2370 Deus
2517 2347 2594 2380 sup-

1531 2383 1623 2422 ponit
1646 2392 1705 2422 pro
1729 2383 1782 2413 illa
1805 2392 1941 2423 persona
1964 2383 2105 2414 humana
2127 2392 2210 2423 quae
2233 2389 2280 2414 est
2294 2383 2437 2414 Verbum
2452 2384 2596 2414 incarna—

1530 2432 1610 2462 tum,
1628 2432 1674 2456 est
1697 2437 1753 2467 per
1776 2436 1809 2457 se
1829 2428 1861 2457 in
1885 2428 1990 2467 primo
2013 2426 2114 2458 modo
2130 2427 2256 2458 dicendi
2276 2436 2333 2467 per
2347 2436 2383 2458 se
2397 2428 2424 2464 ³,
2447 2432 2595 2468 respectu
2621 2429 2835 2484 nu‘if'afffiffi

2622 2482 2702 2532 iffi:

1530 2559 1678 2595 univoca,
1702 2565 1738 2589 ut
1761 2565 1847 2599 patet
1870 2569 1907 2589 ex
1931 2558 2119 2589 definitione
2134 2561 2351 2590 univocorum
2366 2561 2392 2596 ἥ,
2418 2565 2449 2590 et
2471 2560 2597 2591 Auctor
2623 2559 2820 2584 Ἐἴ-Μοὺθ·
2841 2583 2843 2586 <

2621 2587 2678 2636 2551

2621 2645 2746 2695 rra-1³³
2758 2643 2801 2689 ’ς
2838 2646 2841 2674 ff
2870 2638 2872 2662 ³

1530 2701 1605 2721 nam
1628 2701 1695 2721 esse
1723 2700 1848 2726 veram,
1873 2691 2028 2722 mutando
2059 2701 2180 2722 nomen
2211 2693 2410 2729 subiectum,
2438 2693 2482 2723 ita
2504 2692 2598 2734 quod
2621 2691 2762 2742 ἕξεων·
2783 2702 2788 2710 ·
2808 2702 2812 2711 >

1530 2471 1689 2510 suppositi
1713 2471 1763 2510 (ut
1785 2472 1879 2501 toties
1903 2471 2026 2502 dictum
2048 2473 2126 2510 est),
2157 2477 2189 2502 et
2211 2481 2279 2502 non
2302 2476 2449 2512 respectu
2472 2471 2594 2503 formae

1530 2514 1723 2554 significatae
1746 2525 1803 2555 per
1825 2515 1858 2556 ly
1879 2515 1992 2551 Πειρη
2015 2520 2046 2545 et
2069 2521 2116 2545 est
2137 2514 2331 2555 praedicatio
2352 2516 2540 2552 essentiali&
2563 2521 2596 2547 et

1530 2603 1563 2633 in
1587 2603 1725 2643 allegatis
1748 2603 1827 2633 locis
1843 2604 1859 2620 ³*
1883 2603 2039 2643 explanat.

1586 2647 1626 2677 Et
1649 2653 1684 2677 tu
1708 2653 1799 2687 potes
1823 2657 1860 2677 ex
1876 2647 2057 2678 notioribus
2079 2653 2256 2679 monstrare
2272 2649 2461 2689 explicatam
2477 2648 2595 2680 doetri-

1529 2735 1603 2765 loco
1635 2735 1667 2776 ly
1689 2735 1779 2766 Deus
1808 2741 1946 2776 ponatur
1975 2745 2096 2766 nomen
2127 2737 2295 2776 proprium
2324 2737 2412 2768 illius
2438 2745 2594 2778 personae

1530 2785 1687 2819 quatenus
1711 2785 1758 2810 est
1780 2789 1916 2820 persona
1933 2780 2082 2817 humana,
2100 2787 2131 2811 et
2147 2780 2294 2818 dicendo,
2319 2781 2412 2812 Iesus
2425 2781 2593 2812 &thom

1531 2824 1665 2854 Constat
1695 2825 1780 2854 enim
1811 2823 1900 2864 quod
1923 2825 1955 2865 ly
1979 2825 2069 2855 Iesus
2097 2826 2251 2865 supponit
2280 2835 2339 2866 pro
2363 2835 2500 2866 persona
2522 2825 2594 2856 m

1530 2868 1590 2898 Dei
1614 2873 1649 2898 ut
1675 2874 1721 2898 est
1740 2869 1918 2909 hypostasis
1940 2869 2098 2899 humana:
2122 2879 2182 2909 pro
2204 2879 2268 2910 qua
2287 2869 2408 2901 dictum
2428 2875 2476 2900 est
2497 2869 2592 2901 etiam

1529 2921 1711 2952 supponere
1735 2912 1767 2953 ly
1790 2913 1879 2943 Deus
1902 2913 1935 2943 in
1959 2913 2016 2943 hac
2041 2914 2280 2954 propositione,
2303 2914 2394 2946 Deus
2416 2919 2466 2946 est
2484 2914 2591 2944 hom.

1529 2957 1598 2987 Nec
1621 2962 1667 2987 est
1683 2956 1859 2987 differentia
1877 2957 1958 2988 inter
1978 2958 2033 2988 has
2050 2958 2297 2998 propositiones,
2320 2959 2411 2990 Deus
2424 2962 2472 2990 art
2484 2957 2591 2994 homo,

1530 3006 1570 3036 et,
1595 3001 1685 3032 Iesus
1709 3006 1755 3031 est
1776 3002 1882 3037 homo,
1907 3001 2016 3042 quoad
2038 3003 2258 3043 suppositum:
2287 3002 2343 3034 sed
2365 3001 2474 3043 quoad
2495 3002 2592 3042 signi-

1529 3044 1659 3076 ficatum
1683 3055 1739 3085 per
1762 3047 1894 3076 nomina
1917 3046 2068 3077 subiecta.
2099 3047 2277 3085 Quocirca,
2301 3047 2384 3078 sicut
2404 3047 2478 3082 ista,
2501 3045 2592 3078 Iesus

1530 3094 1576 3120 est
1597 3090 1709 3125 homo,
1743 3096 1788 3120 est
1812 3099 1869 3130 per
1891 3100 1925 3121 se
1954 3091 1987 3121 in
2012 3091 2117 3131 primo
2140 3091 2258 3128 modo,
2282 3097 2313 3121 et
2336 3090 2528 3126 essentialis,
2560 3096 2592 3121 et

1529 3133 1688 3174 praedicat
1711 3135 1850 3174 speciem
1875 3134 1914 3166 de
1937 3136 2066 3175 propria
2088 3145 2243 3176 persona3
2273 3136 2316 3166 ita
2338 3135 2410 3171 ism,
2433 3133 2523 3166 Deus
2545 3139 2593 3166 ost

1530 3178 1643 3214 homo,
1674 3179 1892 3219 restringendo
1920 3179 1952 3220 ly
1975 3179 2064 3210 Deus
2092 3179 2131 3210 ad
2155 3179 2276 3215 lesum,
2307 3184 2346 3210 ut
2371 3178 2469 3210 unico
2492 3179 2590 3209 verbo

1531 3222 1661 3253 dicatur.
1686 3223 1727 3253 Eu
1749 3223 1831 3254 sicut
1854 3233 1923 3254 non
1945 3224 2076 3254 vertitm·
2091 3225 2125 3254 in
2140 3224 2311 3264 opiniones
2332 3232 2374 3254 arr
2391 3223 2450 3254 ista
2472 3223 2511 3253 sit
2534 3231 2592 3264 per

1530 3276 1563 3298 se
1587 3273 1618 3297 et
1641 3267 1823 3303 essentialis,
1848 3269 1996 3303 univoca,
2017 3273 2093 3304 etc..
2117 3268 2209 3299 Iesus
2233 3272 2283 3299 est
2304 3267 2421 3304 homo:
2450 3267 2493 3297 ita
2522 3275 2590 3297 non

1531 3311 1623 3342 debet
1647 3312 1680 3342 in
1704 3311 1840 3343 diversas
1863 3313 1944 3343 trahi
1966 3313 2137 3353 opiniones
2158 3313 2227 3348 ista,
2249 3311 2339 3342 Dm
2359 3311 2529 3347 esthomo,
2542 3311 2590 3342 in-

1529 3355 1653 3386 tellecta
1677 3356 1784 3396 quoad
1807 3357 2022 3397 suppositum,
2047 3365 2084 3387 ex
2107 3364 2175 3396 quo
2198 3356 2354 3397 supponit
2375 3364 2437 3396 pro
2459 3355 2540 3386 Iesu.

1583 3399 1624 3431 Et
1646 3400 1720 3431 hinc
1745 3406 1853 3440 patere
1870 3406 1976 3441 potest
1999 3399 2089 3441 quod
2104 3401 2200 3431 etiam
2214 3400 2275 3431 ista
2287 3400 2477 3440 propositio,
2497 3399 2589 3430 Cleri-

1527 3449 1595 3475 stus
1625 3449 1671 3475 est
1697 3445 1811 3480 homo,
1843 3450 1990 3486 respectu
2017 3445 2191 3485 suppositi,
2223 3450 2270 3475 est
2291 3453 2349 3485 per
2371 3453 2404 3475 se
2427 3444 2461 3474 in
2483 3444 2589 3484 primo

1528 3487 1638 3519 ruodo.
1669 3489 1737 3519 Nec
1760 3490 1864 3520 obstat
1887 3488 1978 3530 quod

1529 3541 1603 3563 cens
1626 3532 1726 3572 quod,
1743 3534 1818 3574 quia
1836 3533 1991 3568 Christus,
2009 3533 2209 3564 Damascene
2225 3538 2304 3564 teste
2319 3533 2347 3568 ξ
2362 3531 2518 3572 significat
2532 3532 2590 3574 hy-

1527 3576 1679 3615 postasim
1704 3577 1840 3608 duarum
1863 3583 2065 3613 naturarum,
2095 3577 2173 3608 nihil
2197 3585 2255 3617 per
2277 3586 2310 3607 se
2334 3585 2436 3607 unum
2466 3576 2590 3617 praedi»

1529 3625 1616 3649 catur
1647 3620 1685 3650 de
1709 3621 1765 3651 illo
1797 3631 1852 3661 per
1876 3631 1926 3658 se,
1954 3621 2067 3662 utpote
2095 3620 2134 3652 de
2164 3630 2230 3652 non
2254 3630 2311 3662 per
2334 3630 2368 3652 se
2390 3629 2458 3652 uno
2488 3621 2522 3652 in
2545 3629 2588 3651 se.

2625 1539 2720 1568 ’Ad-t„

2624 1591 2767 1640 aaran
2779 1591 2837 1615 ⁶⁶*-
2856 1598 2858 1602 “
2870 1618 2872 1626 ·

2712 2488 2840 2532 ¹1:22²?-

2720 2592 2743 2615 Ρ·
2752 2592 2769 2615 ¹»

2749 2629 2765 2641 ·›

1999 3488 2131 3525 scotus,
2155 3488 2212 3519 ubi
2235 3497 2331 3529 supra
2345 3488 2373 3522 θ,
2397 3488 2518 3524 obiicit,
2542 3487 2589 3519 di,-
2619 3488 2627 3497 ⁸
2642 3486 2713 3509 Num.
2728 3492 2759 3509 tv.
2830 3503 2837 3514 Ἴ.

2618 3531 2627 3542 ·
2638 3530 2673 3553 De
2682 3530 2741 3553 Fide
2751 3530 2833 3558 Orssv¹

2617 3557 2658 3580 ub.
2673 3557 2712 3585 ιιι,
2731 3563 2780 3586 ηρ.
2795 3561 2828 3579 ιν.
