2872 3970
184 1548 193 1558 ⁸
208 1546 274 1568 Vere.
292 1553 327 1573 ιο,
344 1552 375 1568 ¹2.

184 1607 193 1616 ⁸
212 1606 262 1626 Art.
280 1604 383 1631 praeced.

190 2819 198 2828 ⁸
214 2817 279 2838 Vers.
296 2824 314 2845 3.

190 2975 200 2983 ⁶
215 2975 264 2995 Art.
283 2982 299 2995 ι.

418 279 490 317 142

415 347 504 389 quod
529 353 575 378 est
596 348 851 388 supernaturalis.
875 348 1092 378 Veruntamen
1111 352 1179 377 esto
1196 352 1323 377 cautus:
1347 352 1384 376 ut
1398 347 1480 376 bene

415 398 525 428 notes,
549 393 582 422 in
606 391 748 422 secundo
772 393 935 427 membro,
959 392 991 432 ly
1015 391 1205 431 inquantum
1226 390 1347 421 scilicet
1368 399 1480 420 secun-

416 437 491 467 dum
516 441 667 466 naturam
689 445 782 466 suam
806 441 853 466 est
873 445 978 476 capax
994 435 1071 465 eius.
1096 434 1260 472 Quoniam
1276 439 1323 464 est
1338 433 1479 464 conditio

415 481 494 511 haec
514 480 694 510 diminuens
711 489 728 510 a
743 479 929 520 simpliciter
944 478 984 509 ad
998 478 1172 509 secundum
1187 477 1274 518 quid.
1293 477 1368 508 Non
1395 478 1481 507 enim

417 525 492 564 quia
515 524 616 554 homo
641 530 687 554 est
711 533 809 564 capax
828 523 912 554 illius
927 523 1068 558 visionis,
1085 522 1237 562 sequitur,
1260 521 1354 562 Ergo
1371 526 1418 552 est
1433 521 1482 551 illi

417 568 588 604 naturalis,
613 573 677 604 aut,
701 567 809 598 Habet
823 567 867 598 ad
882 567 971 597 illam
985 566 1165 607 potentiam
1181 566 1384 596 naturalem:
1407 565 1482 605 quia

417 613 490 652 plus
512 612 682 652 requiritur
711 611 751 642 ad
773 611 1005 642 naturalitatem
1035 610 1219 649 simpliciter
1248 615 1279 639 et
1306 609 1345 639 ad
1367 615 1482 648 poten-

417 657 495 687 tiam
517 656 704 692 naturalem,
729 656 847 686 seilicet
862 654 1012 685 naturalis
1028 654 1191 684 inclinatio
1207 654 1241 683 in
1257 653 1348 683 illum
1364 658 1481 683 actum.

418 700 481 731 Sed
504 700 610 730 solum
633 700 776 739 sequitur
800 699 888 739 quod
911 699 1007 729 habet
1021 703 1167 728 naturam
1190 706 1272 737 quae
1295 702 1402 737 potest
1420 697 1483 727 ele-

1371 783 1424 791 ‘vv

1127 268 1389 315 QUAESTIO
1418 268 1488 315 IX,
1517 267 1809 305 ARTICULUS
1837 269 1882 304 III

1533 346 1599 376 vari
1621 346 1654 376 in
1677 346 1767 376 illum
1791 351 1907 376 actum.
1932 345 1967 375 In
1987 346 2050 375 hoc
2074 345 2160 375 enim
2183 344 2286 375 differt
2303 346 2403 376 homo
2420 346 2458 376 ab
2475 346 2594 376 anima·-

1534 389 1632 425 libus,
1656 389 1775 420 scilicet
1797 399 1835 419 ex
1858 390 1920 420 hoc
1943 390 2013 429 ipso
2038 388 2126 429 quod
2150 395 2196 419 est
2218 389 2436 420 intellectualis
2458 390 2593 426 animae,

1536 433 1624 473 quod
1648 434 1739 463 bruta
1761 443 1828 463 non
1851 439 1986 473 possunt
2009 433 2122 463 elevari
2145 433 2178 463 in
2198 438 2304 463 actum
2326 431 2454 465 videndi
2477 433 2593 469 Deum,

1535 478 1635 507 homo
1660 482 1767 507 autem
1789 482 1896 517 potest
1919 477 2033 507 elevari
2056 478 2088 507 in
2109 477 2210 507 illum.
2235 476 2333 514 Quod
2348 477 2422 507 hinc
2437 478 2594 517 provenit,

1536 521 1612 561 quia
1622 521 1874 551 intellectualitas
1887 526 1933 551 est
1948 530 2047 560 capax
2058 521 2188 551 visionis
2199 521 2299 551 illius:
2319 530 2390 560 pars
2406 526 2513 551 autem
2524 530 2595 551 sen—

1535 565 1627 594 sitiva
1649 570 1773 595 tantum
1789 574 1856 595 non
1879 569 1926 595 est
1948 565 2032 595 illius
2055 573 2163 605 capax.
2188 564 2349 602 Quocirca
2370 565 2450 595 visio
2473 565 2534 595 Dei
2549 569 2596 595 est

1536 609 1644 648 aliquo
1661 608 1761 638 modo
1777 609 1927 639 naturalis
1942 609 2066 639 animae
2081 614 2218 645 nostrae,
2235 609 2291 640 sed
2305 608 2483 639 secundum
2499 607 2594 648 quid:

1536 653 1612 692 quia
1627 658 1674 683 est
1689 661 1788 692 capax
1804 662 1842 682 ex
1857 662 1914 683 sua
1929 658 2041 683 natura
2055 652 2150 683 illius.
2169 653 2245 684 Non
2261 658 2308 683 est
2323 658 2430 691 autem
2445 652 2596 692 simplici-

1535 702 1582 726 ter
1592 696 1742 727 naturalis
1753 696 1808 732 illi,
1821 702 1876 727 aut
1887 697 1975 726 alteri
1987 697 2180 738 cuicumque
2193 697 2363 733 creaturae,
2375 695 2430 727 sed
2442 695 2502 726 soli
2513 695 2595 727 Deo.

1219 857 1537 900 ARTICULUS
1566 857 1796 899 TERTIUS

631 953 788 984 UTRUM
812 953 854 983 IN
879 952 1068 983 cnmsro
1093 951 1159 982 SIT
1182 951 1284 982 ALIA
1308 950 1510 982 SCIENTIA
1532 950 1698 987 INDITA,
1722 950 1924 981 PRAETER
1947 950 2182 994 SCIENTIAM
2204 950 2386 982 BEATAM

627 1033 702 1064 Infra,
722 1041 766 1065 qu.
785 1040 829 1063 xn,
849 1037 895 1057 art.
917 1039 945 1063 r;
965 1031 996 1056 111
1016 1031 1099 1060 Sent„
1120 1031 1178 1056 dist.
1196 1038 1246 1059 xiv.
1266 1034 1312 1056 art.
1334 1037 1358 1060 ι,
1377 1029 1425 1062 qu·
1446 1029 1476 1060 55
1496 1030 1537 1055 De
1562 1030 1650 1060 Verit.,
1670 1037 1714 1062 qu.
1733 1037 1773 1059 xx.
1793 1035 1839 1055 nrt.
1860 1037 1884 1061 2,
1905 1029 1932 1060 3;
1955 1029 2098 1063 Compend.
2121 1030 2220 1062 Tbeol„
2239 1038 2294 1064 cap.
2313 1038 2404 1058 ccxvi.v

631 1133 653 1157 D
672 1131 830 1157 TERTmM
851 1131 903 1156 sm
922 1125 1158 1156 PROCEmTUR.
1187 1118 1348 1155 Videtur
1376 1117 1483 1167 quod

467 1183 499 1206 er

435 1168 781 1275 ’γὼΡηιεῖεΓ
808 1225 1004 1262 seientiam
1024 1225 1187 1262 beatam.
1219 1223 1359 1261 Omnis
1381 1223 1484 1261 enim

475 1271 704 1315 “Nalia
746 1277 899 1315 scientia
941 1285 1065 1314 creata
1093 1275 1107 1306 β
1149 1285 1395 1326 comparatur
1435 1276 1484 1313 ad

421 1331 617 1369 scientiam
632 1331 781 1368 beatam
801 1330 896 1367 sicut
915 1330 1181 1380 imperfectum
1195 1330 1244 1367 ad
1261 1329 1483 1379 perfectum.

422 1385 510 1430 Sed,
539 1391 736 1433 praesente
760 1384 925 1433 perfecta
944 1383 1170 1431 cognitione,
1191 1382 1404 1420 excluditur
1423 1395 1485 1419 co-

419 1437 536 1486 gnitio
552 1437 788 1486 imperfecta:
805 1435 900 1473 sicut
913 1436 1112 1472 manifesta
1130 1435 1226 1472 visio
1241 1435 1348 1472 faciei
1363 1436 1486 1472 exclu-

421 1490 475 1527 dit
503 1489 793 1537 aenigmaticam
826 1488 1016 1525 visionem
1043 1487 1146 1534 fidei,
1169 1495 1211 1525 ut
1237 1495 1340 1537 patet
1362 1489 1375 1524 I
1398 1489 1484 1525 Cor.

422 1555 478 1580 xm
497 1542 527 1578 *-
559 1542 661 1579 Cum
689 1542 800 1590 igitur
827 1541 866 1578 in
887 1541 1038 1578 Christo
1061 1540 1173 1577 fuerit
1191 1540 1345 1577 scientia
1364 1541 1484 1587 beata,

420 1604 463 1632 ut
482 1595 627 1632 dictum
656 1602 711 1631 est
729 1594 759 1641 ³⁸,
789 1594 940 1631 videtur
967 1594 1075 1643 quod
1098 1606 1178 1630 non
1196 1593 1362 1642 potuerit
1380 1593 1419 1629 in
1439 1605 1485 1630 eo

423 1649 494 1686 alia
523 1660 604 1685 esse
633 1647 788 1684 scientia
815 1647 943 1684 indita.

478 1713 511 1737 2.
542 1702 772 1746 PRAETEREA,
802 1699 1057 1750 imperfectior
1089 1700 1231 1736 modus
1263 1698 1487 1746 cognitionis

423 1754 590 1803 disponit
617 1754 666 1790 ad
694 1753 976 1803 perfectiorem:
1007 1752 1102 1789 sicut
1130 1751 1274 1801 opinio,
1304 1764 1403 1801 quae
1433 1759 1487 1788 est

396 1837 399 1839 .
422 1819 492 1856 per
520 1806 783 1856 syllogismum
812 1805 1065 1851 dialecticum,
1096 1804 1263 1854 disponit
1290 1805 1339 1841 ad
1368 1804 1486 1841 scien-

423 1860 526 1905 tiam,
555 1871 653 1908 quae
675 1867 729 1895 est
756 1871 826 1907 per
844 1858 1108 1907 syllogismum
1128 1857 1485 1894 demonstrativum.

424 1912 564 1949 Habita
590 1920 719 1949 autem
747 1911 988 1960 perfectione,
1010 1923 1090 1947 non
1109 1918 1164 1947 est
1183 1910 1339 1947 ulterius
1358 1922 1487 1947 neces-

425 1965 522 2002 saria
550 1964 768 2013 dispositio:
806 1964 918 2011 sicut,
948 1963 1078 2000 habito
1107 1963 1289 2008 termino,
1323 1974 1404 1999 non
1433 1971 1488 1999 est

425 2018 660 2055 necessarius
680 2025 819 2054 motus.
842 2017 944 2053 Cum
963 2016 1075 2064 igitur
1093 2015 1258 2063 cognitio
1279 2027 1487 2064 quaecum-

425 2083 501 2120 que
530 2071 602 2107 alia
629 2078 753 2107 creata
781 2077 1026 2118 comparetur
1053 2069 1101 2106 ad
1123 2068 1381 2116 cognitionem
1400 2069 1488 2105 bea-

424 2132 503 2160 tam
533 2123 628 2160 sicut
649 2123 914 2171 imperfectum
934 2122 983 2159 ad
1001 2122 1224 2170 perfectum,
1245 2128 1281 2157 et
1300 2121 1396 2158 sicut
1415 2121 1488 2157 dis-

424 2176 562 2226 positio
592 2176 639 2213 ad
668 2175 894 2221 terminum,
924 2174 1076 2211 videtur
1103 2174 1229 2223 quod,
1260 2186 1350 2211 cum
1380 2174 1488 2211 Chri-

426 2237 505 2266 stus
543 2228 719 2266 habuerit
755 2228 1011 2276 cognitionem
1049 2227 1221 2274 beatam,
1265 2226 1371 2276 quod
1408 2239 1488 2264 non

424 2282 536 2319 fuerit
564 2282 598 2319 ei
626 2281 884 2318 necessarium
912 2281 1055 2317 habere
1083 2280 1197 2317 aliam
1217 2279 1487 2327 cognitionem.

482 2335 515 2371 3.
546 2336 777 2380 PRAETEREA,
813 2334 908 2370 sicut
935 2333 1094 2370 materia
1129 2332 1335 2382 corporalis
1366 2341 1423 2369 est
1450 2333 1489 2370 in

425 2388 594 2437 potentia
631 2388 679 2424 ad
716 2388 882 2424 formam
923 2386 1159 2432 sensibilem,
1195 2385 1245 2422 ita
1281 2385 1490 2422 intellectus

425 2440 615 2490 possibilis
651 2448 706 2477 est
734 2439 772 2476 in
801 2439 970 2488 potentia
998 2439 1046 2476 ad
1081 2439 1247 2475 formam
1282 2438 1490 2486 intelligibi-

425 2496 513 2531 lem.
555 2493 630 2531 Sed
666 2492 824 2530 materia
859 2492 1067 2541 corporalis
1102 2503 1182 2528 non
1217 2498 1341 2540 potest
1376 2491 1490 2528 simul

426 2546 593 2596 recipere
623 2546 719 2583 duas
746 2545 889 2583 formas
917 2544 1122 2591 sensibiles,
1143 2556 1263 2580 unam
1292 2543 1488 2593 perfectio-

426 2612 509 2637 rem
535 2607 571 2636 et
596 2599 710 2635 aliam
738 2598 866 2635 minus
885 2599 1102 2647 perfectam.
1140 2597 1241 2644 Ergo
1270 2609 1342 2633 nec
1361 2597 1489 2634 anima

425 2660 550 2702 potest
577 2651 690 2688 simul
719 2651 885 2699 recipere
914 2650 1107 2699 duplicem
1136 2649 1343 2697 scientiam,
1368 2662 1487 2686 unam

426 2704 691 2755 perfectiorem
721 2712 756 2740 et
788 2704 901 2740 aliam
936 2703 1065 2740 minus
1099 2702 1317 2752 perfectam.
1361 2703 1408 2739 Et
1436 2703 1489 2739 sic

427 2759 531 2796 idem
560 2757 667 2807 quod
695 2757 811 2806 prius.

482 2812 555 2848 SED
585 2822 728 2848 CONTRA
757 2822 822 2847 EST
850 2809 957 2858 quod
981 2807 1117 2845 dicitur
1139 2807 1352 2854 Coloss.11*,
1383 2808 1489 2857 quod

428 2867 465 2901 in
499 2865 642 2901 Christo
669 2869 752 2900 sunt
780 2875 907 2900 omnes
928 2863 1091 2899 thesauri
1109 2862 1309 2910 sapientiae
1327 2866 1360 2897 et
1377 2863 1489 2898 scien-

428 2919 500 2954 tiae
527 2917 738 2953 absconditi.

482 2971 704 3006 REsPONDEo
734 2981 914 3006 manDUM
943 2967 1060 3017 quod,
1091 2966 1186 3004 sicut
1214 2966 1358 3003 dictum
1387 2974 1442 3003 est
1457 2966 1487 3012 ²³⁶,

430 3023 588 3059 decebat
615 3022 722 3071 quod
750 3030 885 3058 natura
913 3021 1085 3057 humana
1106 3027 1301 3068 assumpta
1320 3032 1342 3056 a
1360 3019 1489 3056 Verbo

429 3075 518 3121 Dei,
549 3075 767 3124 imperfecta
795 3087 874 3111 non
903 3081 1010 3110 esset.
1055 3073 1184 3110 Omne
1220 3080 1349 3109 autem
1383 3071 1489 3121 quod

430 3136 485 3164 est
513 3128 551 3164 in
579 3127 765 3176 potentia,
802 3135 857 3163 est
884 3126 1149 3175 imperfectum
1184 3125 1255 3162 nisi
1288 3125 1491 3162 reducatur

431 3181 478 3217 ad
508 3187 647 3217 actum.
686 3181 895 3216 Intellectus
923 3187 1051 3215 autem
1079 3177 1268 3227 possibilis
1295 3179 1490 3214 humanus

431 3241 486 3270 est
514 3232 552 3269 in
580 3231 749 3280 potentia
768 3232 816 3268 ad
841 3231 971 3268 omnia
999 3230 1250 3279 intelligibilia.
1280 3230 1491 3268 Reducitur

431 3293 560 3328 autem
589 3284 637 3321 ad
666 3291 793 3321 actum
826 3295 895 3332 per
927 3282 1070 3332 species
1106 3283 1361 3332 intelligibiles,
1391 3294 1490 3332 quae

431 3346 519 3374 sunt
560 3337 705 3374 formae
743 3336 934 3385 quaedam
975 3335 1227 3385 completivae
1270 3336 1405 3385 ipsius:
1449 3344 1491 3373 ut

485 3467 512 3498 α)
532 3467 627 3493 indita.
645 3481 664 3485 —
683 3466 768 3491 indita
788 3466 828 3491 vel
846 3466 934 3499 infusa
954 3466 1033 3496 tertia,
1052 3469 1143 3491 creata
1164 3467 1203 3491 vel
1221 3467 1307 3492 indita
1327 3468 1354 3493 F.

486 3501 511 3534 β)
531 3506 629 3527 creata.
648 3516 665 3520 -
685 3502 744 3527 Om.
766 3502 787 3526 Η
809 3506 834 3526 et
853 3500 987 3525 editiones.

484 3539 511 3569 γ)
530 3538 697 3570 cognitionis.
715 3551 734 3555 —
752 3536 899 3569 cognitioni
917 3536 936 3560 F
955 3540 980 3560 et
998 3536 1078 3561 tertia.

485 3571 510 3606 ὃ)
529 3573 731 3604 suscipiendum.
749 3586 768 3591 —
786 3571 968 3597 suscitandum
987 3571 1083 3596 ABCF.

1537 1125 1658 1167 patet·
1674 1130 1719 1154 ex
1754 1116 1814 1154 his
1848 1129 1948 1166 quae
1986 1116 2165 1155 dicuntur
2198 1114 2244 1154 in‘
2265 1118 2311 1155 111
2339 1118 2385 1155 de
2410 1118 2550 1156 Anima
2567 1117 2598 1155 ²¹².

631 1172 671 1209 in
701 1172 858 1231 Chrisxto·
880 1184 960 1208 non
988 1171 1034 1208 sit
1053 1171 1126 1209 alia
1147 1170 1302 1208 scientia
1320 1170 1439 1208 indita
1455 1176 1482 1217 α,
1538 1171 1586 1207 Et
1613 1170 1701 1207 ideo
1730 1178 1880 1220 oportet
1907 1169 1947 1207 in
1977 1166 2128 1207 Christo
2157 1169 2353 1208 scientiam
2381 1182 2526 1220 ponere
2545 1170 2601 1208 in-

1538 1223 1668 1270 ditam,
1697 1223 1928 1272 inquantum
1946 1235 2017 1272 per
2035 1223 2209 1260 Verbum
2228 1222 2301 1260 Dei
2319 1223 2471 1261 animae
2490 1223 2600 1261 Chri.-

1539 1276 1595 1323 sti,
1625 1275 1696 1313 sibi
1724 1276 1973 1326 personaliter
1998 1275 2139 1323 unitae,
2168 1275 2376 1325 impressae
2404 1283 2493 1314 sunt
2519 1288 2601 1327 spe-

1539 1329 1615 1366 cies
1642 1328 1890 1377 intelligibiles
1913 1329 1963 1366 ad
1982 1328 2113 1366 omnia
2132 1328 2181 1365 ad
2200 1341 2299 1378 quae
2320 1336 2375 1366 est
2391 1328 2601 1367 intellectus

1539 1382 1729 1431 possibilis
1763 1381 1803 1419 in
1836 1380 2022 1431 potentia:
2059 1381 2155 1419 sicut
2183 1381 2298 1419 etiam
2330 1393 2400 1432 per
2426 1382 2601 1424 Verbum

1539 1435 1612 1472 Dei
1648 1431 1856 1484 impressae
1893 1442 1982 1472 sunt
2017 1434 2163 1484 species
2198 1433 2446 1483 intelligibiles
2482 1434 2601 1475 menti

1540 1488 1730 1536 angelicae
1757 1487 1798 1524 in
1824 1486 2013 1537 principio
2042 1485 2242 1524 creationis
2261 1499 2402 1534 rerum,
2431 1495 2473 1525 ut
2499 1495 2602 1538 patet

1539 1552 1609 1589 per
1636 1539 1906 1588 Augustinum,
1934 1552 2045 1590 super
2074 1540 2165 1577 Gen.
2194 1540 2245 1576 ad
2269 1540 2332 1576 litt.
2351 1539 2382 1576 *.
2426 1541 2474 1578 Et
2501 1539 2600 1589 ideo,

1541 1593 1637 1630 sicut
1655 1592 1694 1630 in
1709 1593 1873 1641 Angelis,
1889 1592 2106 1630 secundum
2120 1592 2290 1629 eundem
2303 1592 2600 1641 Augustinum,*³

1539 1645 1697 1695 ponitur
1715 1645 1856 1694 duplex
1876 1644 2050 1693 cognitio,
2071 1657 2150 1682 una
2168 1644 2306 1682 scilicet
2324 1647 2516 1693 matutina,
2533 1643 2604 1699 ’Βρι-

1541 1710 1660 1747 quam
1688 1706 1924 1746 cognoscunt
1942 1710 2002 1735 res
2021 1697 2060 1735 in
2078 1698 2220 1745 Verbo,
2241 1705 2276 1735 et
2294 1698 2366 1735 alia
2384 1699 2602 1750 vespertina,

1540 1763 1610 1800 per
1637 1763 1756 1800 quarn
1785 1758 2020 1800 cognoscunt
2047 1763 2107 1788 res
2134 1750 2173 1788 in
2199 1750 2355 1800 propria
2372 1759 2510 1798 namra
2534 1763 2604 1807 per

1541 1804 1686 1853 species
1705 1803 1776 1840 sibi
1795 1803 1948 1849 inditas;
1968 1803 2028 1850 ita,
2049 1811 2198 1853 praeter
2217 1803 2412 1841 scientiam
2432 1803 2603 1848 divinam

1541 1856 1759 1903 increatam,
1776 1864 1831 1893 est
1849 1857 1888 1893 in
1905 1856 2068 1901 Christo,
2085 1857 2300 1894 secundum
2319 1856 2401 1894 eius
2420 1856 2601 1902 animam,

1541 1909 1696 1946 scientia
1723 1910 1851 1956 beata,
1881 1921 1958 1958 qua
1990 1909 2183 1956 cognoscit
2210 1909 2384 1947 Verbum
2412 1917 2448 1946 et
2474 1921 2535 1949 res
2561 1908 2602 1948 in

1541 1963 1690 2007 Verbo;
1720 1970 1756 1998 et
1783 1961 1938 1999 scientia
1965 1961 2083 1998 indita
2111 1961 2190 1998 sive
2219 1961 2359 2009 infusa,
2388 1974 2458 2011 per
2483 1974 2603 2013 quam

1543 2014 1736 2062 cognoscit
1767 2026 1827 2051 res
1861 2014 1901 2051 in
1928 2014 2084 2063 propria
2111 2022 2246 2052 natura
2279 2027 2349 2064 per
2375 2015 2520 2064 species
2547 2014 2603 2053 in—

1541 2067 1747 2115 telligibiles
1774 2068 1969 2104 humanae
1997 2067 2116 2104 menti
2143 2067 2460 2116 proportionatae.
2566 2111 2568 2113 ,

1595 2122 1652 2157 AD
1672 2132 1806 2157 PmMUM
1826 2132 1924 2157 ERGO
1942 2132 2123 2157 DICENDUM
2143 2120 2250 2169 quod
2268 2120 2366 2157 visio
2384 2116 2604 2173 imperfecta

1542 2173 1633 2210 fidei
1661 2173 1700 2210 in
1724 2172 1783 2210 sui
1801 2172 1946 2210 ratione
1966 2172 2124 2210 includit
2142 2172 2364 2223 oppositum
2383 2170 2604 2214 manifestae

1543 2225 1717 2263 visionis:
1755 2238 1801 2262 eo
1831 2226 1938 2275 quod
1965 2225 2013 2262 de
2042 2225 2186 2263 ratione
2214 2225 2305 2263 fidei
2333 2233 2388 2263 est
2414 2233 2458 2271 ut
2483 2224 2604 2271 Sit³de

1543 2292 1624 2316 non
1651 2279 1759 2325 visis,
1795 2286 1837 2315 ut
1863 2278 1903 2315 in
1932 2279 2111 2316 Secunda
2138 2280 2248 2316 Parte
2273 2278 2293 2300 '¹‘
2325 2278 2501 2320 habitum
2532 2278 2602 2319 e'st.

1545 2333 1622 2370 Sed
1650 2331 1814 2380 cognitio
1846 2339 1948 2380 ‘quae
1977 2339 2032 2368 est
2063 2343 2133 2380 per
2159 2331 2304 2381 species
2330 2331 2485 2379 inditam
2522 2343 2604 2375 non

1544 2384 1702 2422 includit
1736 2384 1879 2433 aliquid
1902 2384 2137 2434 ,oppositum
2171 2383 2395 2432 cognitionis
2415 2389 2431 2415 ἵ
2458 2385 2602 2427 beatae

1544 2439 1592 2475 Et
1619 2438 1706 2475 ideo
1735 2449 1815 2474 non
1843 2445 1898 2474 est
1926 2437 2062 2474 eadem
2090 2436 2185 2474 ratio
2212 2436 2429 2486 utrobique.

1597 2492 1654 2528 AD
1673 2502 1862 2528 SECUNDUM
1880 2501 2060 2527 monimum
2079 2489 2186 2539 quod
2206 2489 2401 2539 dispositio
2430 2502 2470 2529 se
2489 2490 2604 2534 habet

1544 2544 1594 2580 ad
1620 2543 1894 2593 perfectionem
1921 2542 2136 2592 dupliciter:
2166 2554 2246 2579 uno
2266 2543 2398 2593 modo,
2427 2543 2525 2582 sicut
2541 2542 2605 2582 via

1545 2596 1689 2633 ducens
1708 2596 1747 2633 in
1765 2595 2056 2645 perfectionem;
2086 2595 2159 2632 alio
2180 2595 2311 2640 modo,
2332 2595 2428 2635 sicut
2447 2596 2605 2638 effectus

1545 2662 1566 2685 a
1594 2649 1823 2698 perfectione
1851 2648 2075 2697 procedens.
2105 2649 2179 2685 Per
2203 2650 2370 2687 calorem
2399 2648 2503 2687 enim
2530 2648 2598 2687 dis·

1544 2701 1700 2751 ponitur
1718 2700 1875 2738 materia
1894 2701 1942 2738 ad
1962 2700 2249 2750 suscipiendum
2264 2699 2278 2723 δ
2305 2701 2471 2744 formam
2489 2701 2602 2754 ignis:

1545 2767 1623 2803 qua
1649 2762 1779 2791 tamen
1807 2753 2051 2800 adveniente,
2081 2755 2184 2790 calor
2203 2759 2214 2775 ²
2250 2765 2330 2791 non
2364 2761 2500 2802 cessat,
2536 2754 2604 2791 sed

1545 2815 1717 2844 remanet
1743 2806 1854 2855 quasi
1881 2806 2041 2855 quidam
2070 2806 2227 2844 effectus
2254 2806 2335 2844 talis
2362 2806 2526 2847 formae..
2555 2806 2604 2844 Et

1545 2859 1714 2897 similiter
1741 2859 1883 2908 opinio,
1914 2872 1959 2896 ex
1987 2859 2206 2909 syllogismo
2226 2858 2420 2899 dialectico
2439 2867 2602 2907 causata,

1545 2921 1600 2950 est
1618 2913 1681 2949 via
1699 2912 1747 2949 ad
1768 2912 1963 2949 scientiam
1979 2911 2001 2958 ζ,
2022 2924 2122 2961 quae
2149 2925 2219 2961 per
2237 2911 2602 2952 demonstrationem

1545 2965 1770 3014 acquiritur:
1801 2977 1878 3014 qua
1897 2972 2026 3002 tamen
2050 2965 2243 3014 acquisita,
2263 2972 2386 3015 potest
2405 2975 2602 3011 remanere

1545 3017 1709 3066 cognitio
1738 3030 1836 3067 quae
1866 3026 1920 3054 est
1953 3029 2023 3067 per
2054 3017 2317 3067 syllogismum
2351 3016 2600 3063 dialecticum,

1545 3071 1654 3121 quasi
1669 3083 1908 3119 consequens
1923 3070 2118 3108 scientiam
2137 3069 2486 3114 demonstrativam,
2502 3081 2601 3118 quae

1546 3132 1600 3161 est
1627 3136 1696 3173 per
1723 3135 1895 3169 causam;
1925 3123 2016 3173 quia
2043 3123 2102 3161 ille
2130 3123 2197 3172 qui
2224 3121 2418 3171 cognoscit.
2433 3133 2600 3169 causam,

1546 3190 1591 3214 ex
1610 3177 1685 3214 hoc
1714 3176 1827 3213 etiam
1846 3176 1966 3224 magis
1993 3183 2117 3225 potest
2134 3187 2363 3223 cognoscere
2390 3173 2495 3224 signa
2514 3186 2601 3224 pro—

1545 3229 1694 3275 babilia,
1711 3241 1755 3266 ex
1776 3229 1916 3278 quibus
1930 3228 2101 3278 procedit
2119 3227 2335 3267 dialecticus
2347 3226 2600 3281 syllogismus

1545 3283 1593 3320 Et
1621 3280 1788 3319 similiter
1816 3281 1854 3318 in
1876 3281 2026 3319 Christo
2055 3280 2167 3318 simul
2196 3288 2286 3317 cum
2305 3278 2459 3319 scientia
2486 3279 2601 3317 beati-

1544 3333 1686 3373 tudinis
1714 3343 1844 3372 manet
1871 3333 2026 3372 scientia
2061 3331 2190 3380 indita,
2218 3344 2299 3376 non
2326 3331 2434 3382 quasi
2463 3331 2525 3370 via
2553 3333 2598 3370 ad

1598 3467 1620 3499 ε)
1644 3475 1696 3500 qua
1721 3470 1808 3491 tamen
1834 3450 1999 3494 adveniente,
2024 3465 2106 3490 calor.
2123 3477 2143 3482 —
2165 3461 2304 3488 PEFHlsG
2324 3468 2349 3488 et
2367 3469 2396 3493 c‚·
2420 3469 2488 3496 quae
2512 3465 2601 3488 tamen

1543 3502 1701 3527 adveniente
1719 3502 1808 3527 calore
1825 3501 1908 3534 prima
1926 3506 1951 3525 et
1969 3499 1992 3529 b,
2007 3506 2086 3532 quum
2105 3500 2192 3523 tamen
2211 3497 2394 3524 advenientem
2413 3499 2503 3524 calore
2516 3498 2566 3531 pG.

1596 3536 1622 3570 ζ)
1642 3537 1684 3561 via
1703 3536 1740 3561 ad
1757 3536 1903 3562 scientum:
1921 3543 1941 3555 —'
1957 3531 2058 3566 Ter-tin
2077 3532 2115 3559 ad
2131 3532 2269 3559 scientam
2289 3532 2341 3559 vu'a.

2629 1548 2695 1571 'Lux
2702 1548 2789 1577 u,enp.

2630 1597 2682 1619 ‘De
2743 1595 2816 1619 ‚adli

2629 1621 2670 1673 Ἠ.
2769 1638 2776 1645 .

2630 1674 2670 1703 11.

2632 2281 2677 2304 ’11

2631 2312 2667 2331 ΙΠ

2677 2281 2758 2335 *4Π“,
2772 2284 2811 2310 qu.
2826 2312 2827 2315 Ἰ
2835 2283 2838 2284 ’
