2872 3970
115 1049 117 1052 ’
141 1063 173 1082 ι.

120 1100 131 1110 ι’
186 1118 263 1143 ,ni-m.

121 936 124 937 V
151 910 190 935 qn.
210 910 250 927 xvi
256 920 264 932 ,

987 299 1249 345 QUAESTIO
1278 300 1398 345 XVII,
1428 299 1718 337 ARTICULUS
1746 301 1761 336 Ι

2380 311 2454 347 219

817 524 1227 600 QUAESTIO
1264 524 1941 599 DECIMASEPTIMA

723 642 806 681 DE
839 641 1109 682 UNITATE
1142 641 1379 682 CHRISTI
1413 641 1717 694 QUANTUM
1749 642 1835 682 AD
1870 642 2018 683 ESSE

1109 757 1143 782 IN
1171 758 1265 783 DUOS
1291 757 1492 784 ARTICULOS
1523 758 1636 783 DIVISA

373 861 478 887 amna
515 849 840 887 considerandum
871 858 927 886 est
961 850 1008 886 de
1036 850 1095 887 his
1123 863 1223 900 quae
1260 863 1346 900 per·
1373 849 1377 889 ἱ

372 901 493 939 tinent
510 902 560 939 ad
585 902 770 940 unitatem
795 902 835 939 in
862 902 1012 939 Christo
1039 903 1078 940 in
1102 903 1302 940 communi
1316 903 1347 940 *.

289 955 396 992 Nam
423 954 470 991 de
498 954 558 991 his
577 967 677 1004 quae
704 955 894 1004 pertinent
912 955 961 992 ad
980 955 1165 992 unitatem
1185 957 1247 992 vel
1265 957 1349 1004 plu-

290 1007 475 1044 ralitatem
501 1006 542 1044 in
576 1007 749 1056 speciali,
779 1007 857 1044 suis
890 1007 983 1044 locis
1015 1007 1351 1045 determinandum

291 1067 364 1096 est:
385 1059 482 1097 sicut
499 1072 616 1108 supra
629 1060 650 1082 '¹‘
668 1060 964 1097 determinatum
983 1068 1039 1097 est
1057 1061 1164 1109 quod
1183 1060 1222 1097 in
1243 1060 1351 1097 Chri-

290 1120 348 1149 sto
376 1123 458 1149 non
475 1124 555 1149 una
574 1120 629 1149 est
646 1118 797 1149 tantum
824 1112 997 1158 scientia;
1018 1121 1054 1149 et
1077 1113 1206 1150 infra*
1230 1113 1351 1150 deter-

290 1163 499 1224 minabitur
517 1165 624 1214 quod
647 1164 687 1201 in
707 1164 858 1202 Christo
877 1177 958 1202 non
978 1170 995 1186 ‘²
1023 1177 1102 1202 una
1129 1173 1184 1202 est
1202 1173 1349 1202 tantum

289 1224 475 1255 nativltas.

1458 852 1793 889 Considerandum
1830 859 1886 889 est
1923 863 2012 900 ergo
2049 852 2196 901 primo,
2235 852 2282 888 de
2319 851 2460 888 unitate

1405 912 1544 949 Christi
1571 920 1761 962 quantum
1788 914 1837 950 ad
1861 925 1963 959 esse;
1993 914 2175 960 secundo,
2196 921 2385 962 quantum
2413 914 2460 951 ad

1404 973 1500 1009 velle
1519 972 1559 1018 *;
1588 972 1708 1019 tertio,
1739 980 1928 1021 quantum
1956 973 2005 1009 ad
2033 972 2182 1021 operari
2201 973 2252 1009 **.

1407 1033 1516 1070 Circa
1543 1033 1714 1082 primum
1742 1041 1978 1082 quaeruntur
2005 1034 2096 1070 duo.

1458 1095 1608 1131 Primo:
1639 1102 1769 1131 utrum
1798 1094 1970 1131 Christus
1998 1094 2044 1131 sit
2070 1107 2195 1132 unum
2222 1097 2283 1132 vel
2311 1096 2402 1132 duo.

1461 1156 1661 1193 Secundo:
1691 1163 1822 1192 utrum
1850 1155 1889 1191 in
1918 1155 2069 1192 Christo
2098 1155 2143 1191 sit
2170 1163 2318 1192 tantum
2337 1168 2461 1193 unum

1513 1228 1606 1253 esse.

1099 1326 1418 1369 ARTICULUS
1448 1325 1653 1368 PRIMUS

949 1417 1106 1448 UTRUM
1130 1416 1342 1448 CHRISTUS
1366 1417 1432 1447 SIT
1456 1417 1583 1448 UNUM
1605 1417 1690 1447 VEL
1714 1416 1806 1448 Duo

566 1494 599 1519 111
618 1495 701 1524 sent„
719 1495 778 1520 dist.
798 1501 832 1526 w,
851 1502 895 1527 qu.
914 1502 942 1526 ιι,
962 1499 1008 1520 art.
1029 1501 1040 1519 1
1051 1502 1059 1526 ;
1079 1494 1113 1520 lv
1134 1495 1210 1520 Cont.
1232 1495 1319 1523 Gent„
1345 1502 1400 1526 cap.
1418 1501 1527 1525 xxxv1113
1548 1495 1590 1519 De
1612 1494 1712 1520 Unione
1736 1495 1821 1525 Verb..
1841 1499 1886 1520 art.
1906 1501 1930 1525 2,
1949 1495 1980 1519 ad
2001 1502 2024 1525 2,
2043 1503 2074 1528 7;
2093 1500 2139 1520 art.
2160 1495 2188 1527 3;

1111 1530 1188 1555 Cont.
1209 1530 1312 1559 Graec..
1331 1530 1441 1555 Armen.
1460 1533 1518 1558 etc„
1538 1537 1593 1562 cap.
1611 1537 1646 1555 v1.

500 1776 627 1822 forma
646 1776 719 1811 Dei
739 1777 876 1824 accepit
892 1777 1067 1823 sormam
1087 1778 1194 1822 servi,
1215 1781 1353 1812 utrum-

293 1839 363 1877 que
393 1828 512 1873 Deus,
536 1833 693 1876 propter
719 1829 958 1877 accipientem
991 1829 1134 1864 Deum:
1162 1834 1356 1877 utrumque

291 1881 415 1926 homo,
429 1885 586 1929 propter
603 1885 792 1929 acceptum
811 1878 826 1909 β
844 1881 1042 1917 hominem.
1065 1880 1141 1917 Sed
1161 1886 1356 1929 utrumque

292 1931 368 1971 dici
394 1944 475 1969 non
502 1939 627 1981 potest
654 1931 722 1970 ubi
749 1937 859 1969 nont
885 1940 974 1969 sunt
1001 1933 1092 1970 duo.
1114 1934 1215 1981 Ergo
1246 1933 1354 1970 Chri-

293 1991 373 2022 stus
401 1992 457 2033 est
484 1985 575 2021 duo.

347 2049 382 2074 2.
411 2038 652 2083 Pmnwmm,
681 2037 919 2086 ubicumque
956 2045 1011 2074 est
1042 2038 1146 2075 aliud
1177 2044 1211 2074 et
1237 2037 1353 2084 aliud,

293 2089 345 2129 ibi
373 2097 461 2127 sunt
498 2090 589 2127 duo.
630 2090 707 2127 Sed
736 2090 909 2127 Christus
946 2098 1002 2126 est
1033 2090 1136 2127 aliud
1168 2098 1204 2127 et
1232 2090 1352 2127 aliud:

294 2141 383 2180 dicit
419 2142 523 2179 enim
551 2142 808 2190 Augustinus,
837 2142 877 2180 in
904 2143 1094 2180 Enchirid.
1114 2142 1154 2179 ²³⁶.-
1184 2144 1279 2180 Cum
1316 2144 1353 2179 in

283 2195 418 2244 forma
444 2196 519 2231 Dei
544 2201 644 2241 esset,
654 2196 829 2243 sormam
855 2197 956 2234 servi
974 2197 1134 2245 accepit:
1161 2201 1356 2244 utrumque

294 2259 400 2294 unus,
419 2248 484 2284 sed
500 2247 604 2284 aliud
623 2253 780 2297 propter
805 2249 978 2294 Verbum,
999 2248 1102 2285 aliud
1116 2254 1272 2297 propter
1290 2249 1354 2284 ho-

293 2301 443 2338 minem.
473 2300 574 2348 Ergo
604 2300 778 2337 Christus
806 2308 861 2336 est
889 2300 980 2337 duo.

349 2352 383 2389 3.
412 2353 644 2399 Pmmmm,
667 2352 840 2389 Christus
868 2365 948 2390 non
972 2360 1027 2389 est
1045 2360 1194 2390 tantum
1214 2353 1352 2390 homo:

294 2405 396 2455 quia,
417 2404 448 2442 si
465 2417 587 2454 purus
606 2405 727 2442 homo
749 2412 856 2452 esset,
876 2417 956 2442 non
976 2413 1072 2442 esset
1091 2406 1196 2442 Deus
1211 2403 1235 2442 δ.
1252 2406 1354 2453 Ergo

294 2465 350 2495 est
377 2457 521 2507 aliquid
548 2457 652 2494 aliud
680 2470 800 2506 quam
827 2459 960 2495 homo.
990 2459 1038 2495 Et
1065 2458 1115 2495 ita
1141 2458 1182 2494 in
1203 2458 1353 2495 Christo

294 2517 350 2548 est
376 2510 480 2548 aliud
505 2516 538 2547 et
564 2510 675 2547 aliud.
705 2511 807 2558 Ergo
837 2510 1010 2548 Christus
1039 2518 1094 2547 est
1121 2511 1211 2547 duo.

347 2574 384 2610 4.
414 2563 652 2610 Pium-snm,
687 2562 860 2599 Christus
894 2571 949 2600 est
981 2563 1124 2612 aliquid
1159 2563 1265 2612 quod
1300 2570 1356 2600 est

294 2616 420 2652 Pater:
451 2622 487 2652 et
514 2622 568 2652 est
596 2615 739 2664 aliquid
767 2616 875 2664 quod
902 2628 982 2653 non
1011 2623 1065 2652 est
1093 2617 1214 2653 Pater.
1252 2616 1354 2664 Ergo

296 2667 469 2705 Christus
503 2675 558 2704 est
598 2668 739 2718 aliquid
777 2674 810 2705 et
850 2669 998 2718 aliquid.
1042 2669 1142 2716 Ergo
1182 2668 1354 2706 Christus

295 2727 350 2758 est
377 2720 468 2757 duo.

350 2773 383 2810 5.
412 2774 644 2820 PRAETEREA,
666 2773 762 2810 sicut
780 2773 819 2810 in
838 2773 1020 2823 mysterio
1044 2773 1238 2811 Trinitatis
1266 2782 1355 2811 sunt

293 2832 368 2862 tres
395 2838 583 2875 personae
610 2826 650 2863 in
678 2838 757 2863 una
784 2834 931 2873 natura,
961 2826 1011 2863 ita
1038 2827 1078 2863 in
1097 2826 1278 2876 mysterio
1298 2826 1353 2863 in-

294 2878 522 2916 carnationis
559 2886 647 2915 sunt
675 2879 774 2916 duae
809 2886 966 2916 naturae
994 2878 1033 2916 in
1061 2891 1140 2916 una
1174 2891 1351 2928 persona.

295 2930 372 2968 Sed
398 2938 555 2980 propter
581 2931 766 2968 unitatem
794 2939 962 2977 naturae,
989 2943 1070 2968 non
1099 2931 1270 2968 obstante
1299 2931 1352 2968 di-

294 2982 491 3020 stinctione
519 2996 718 3032 personae,
744 2984 855 3020 Pater
882 2991 918 3020 et
945 2983 1062 3020 Filius
1091 2991 1179 3020 sunt
1206 2996 1350 3021 unum:

295 3036 510 3073 secundum
546 3036 639 3072 illud
675 3037 777 3072 Ioan.
798 3048 822 3072 x
839 3036 878 3072 ³⁸:
916 3037 1002 3086 Ego
1031 3042 1064 3072 et
1089 3037 1201 3073 Pater
1237 3049 1351 3073 unum

281 3100 429 3137 ¹sumus.
459 3089 572 3136 Ergo,
593 3100 673 3125 non
693 3088 864 3124 obstante
884 3087 1026 3125 unitate
1044 3100 1243 3137 personae,
1264 3101 1351 3137 pro-

293 3148 378 3197 pter
404 3140 625 3178 dualitatem
653 3148 877 3177 naturarum
906 3140 1078 3177 Christus
1106 3148 1161 3177 est
1188 3141 1278 3178 duo.

257 3205 268 3211 ·
292 3196 294 3199 '
348 3194 384 3230 6.
405 3194 636 3239 PRAETEREA,
653 3192 911 3241 Philosophus
932 3192 1031 3239 dicit,
1047 3192 1086 3237 in
1100 3194 1146 3229 ΙΙΙ
1160 3193 1349 3242 Physic.*‚

295 3246 403 3294 quod
422 3259 536 3283 unum
565 3254 601 3282 et
628 3246 700 3282 duo
729 3244 1013 3282 denominative
1046 3245 1234 3282 dicuntur.
1274 3246 1350 3282 Sed

297 3297 468 3335 Christus
486 3299 602 3335 habet
620 3297 840 3335 dualitatem
859 3305 1094 3334 naturarum.
1120 3298 1221 3345 Ergo
1242 3297 1349 3334 Chri-

296 3357 375 3387 stus
403 3358 457 3388 est
484 3351 575 3388 duo.

349 3480 377 3516 α)
394 3489 455 3508 non.
472 3495 493 3502 *-
509 3482 609 3512 Tertia;
627 3489 681 3506 om.

1460 1631 1496 1666 7.
1526 1619 1756 1665 PRAETEREA,
1778 1618 1873 1655 sicut
1899 1618 2023 1656 forma
2050 1618 2286 1656 accidentalis
2308 1621 2392 1658 facit
2411 1622 2463 1658 al-

1406 1677 1537 1717 terum,
1566 1671 1617 1708 ita
1643 1671 1767 1708 forma
1794 1671 2047 1708 substantialis
2075 1672 2195 1718 aliud,
2224 1680 2266 1709 ut
2293 1674 2464 1723 Porphy-

1407 1723 1485 1760 rius
1513 1723 1601 1760 dicit
1619 1723 1650 1760 ²¹⁸.
1689 1724 1766 1760 Sed
1794 1723 1833 1760 in
1863 1723 2013 1760 Christo
2047 1731 2135 1760 sunt
2171 1725 2269 1761 duae
2307 1734 2464 1764 naturae

1408 1775 1691 1822 substantiales,
1730 1776 1902 1812 humana
1939 1775 2076 1812 scilicet
2113 1784 2148 1812 et
2185 1777 2325 1814 divina.
2364 1779 2464 1827 Ergo

1409 1827 1582 1864 Christus
1602 1835 1656 1864 est
1675 1828 1778 1864 aliud
1795 1834 1828 1864 et
1846 1829 1957 1864 aliud.
1987 1829 2088 1876 Ergo
2110 1829 2281 1866 Christus
2301 1838 2355 1866 est
2374 1831 2464 1868 duo.

1463 1881 1536 1917 SED
1565 1892 1709 1917 CONTRA
1737 1892 1802 1916 EST
1839 1881 1946 1929 quod
1982 1880 2138 1917 Boetius
2166 1881 2273 1928 dicit,
2304 1882 2342 1919 in
2370 1883 2466 1920 libro

1408 1933 1453 1969 de
1472 1934 1628 1970 Duabus
1646 1934 1803 1970 Naturis
1821 1932 1860 1970 *z
1895 1933 2013 1970 Omne
2041 1934 2140 1982 quod
2165 1940 2226 1980 est,
2252 1936 2467 1984 inquantum

1409 1991 1478 2032 est,
1508 1998 1624 2022 unum
1659 1991 1719 2022 est.
1759 1986 1835 2022 Sed
1874 1985 2070 2023 Christum
2107 1999 2188 2023 esse
2226 1987 2465 2025 confitemur.

1408 2039 1510 2086 Ergo
1540 2038 1712 2075 Christus
1741 2046 1796 2074 est
1822 2050 1958 2075 unum.

1461 2092 1685 2127 RESPONDEO
1713 2102 1894 2128 DICENDUM
1931 2091 2037 2139 quod
2070 2099 2224 2138 natura,
2254 2094 2467 2131 secundum

1409 2155 1448 2178 se
1487 2142 1744 2189 considerata,
1772 2151 1888 2192 prout
1924 2143 1963 2180 in
2001 2144 2187 2181 abstracto
2225 2144 2466 2194 significatur,

1408 2205 1488 2231 non
1507 2207 1597 2231 vere
1617 2203 1741 2243 potest
1767 2195 1977 2244 praedicari
2001 2196 2048 2232 de
2069 2196 2267 2245 supposito
2296 2210 2364 2235 seu
2382 2211 2466 2247 per-

1409 2259 1504 2284 sona
1531 2247 1603 2283 nisi
1631 2247 1671 2284 in
1697 2248 1781 2284 Deo
1800 2247 1831 2295 ³¹⁶,
1860 2248 1899 2284 in
1927 2260 2006 2296 quo
2034 2261 2114 2285 non
2142 2249 2267 2286 differt
2294 2252 2394 2299 quod
2418 2258 2467 2288 est
2496 2257 2504 2265 ’
2564 2262 2570 2277 ¹

1409 2307 1445 2336 et
1473 2313 1543 2349 quo
1572 2305 1622 2336 est
1640 2299 1671 2345 ³³,
1701 2307 1743 2336 ut
1769 2300 1808 2336 in
1836 2300 1966 2337 Prima
1999 2302 2109 2338 Parte
2128 2301 2168 2323 ²¹²*
2195 2302 2371 2340 habitum
2399 2312 2463 2341 est.

1408 2353 1450 2389 In
1471 2351 1622 2389 Christo
1651 2359 1780 2389 autem
1806 2364 1896 2389 cum
1925 2353 1997 2390 sint
2024 2353 2124 2390 duae
2148 2361 2317 2402 naturae,
2338 2355 2466 2393 divina

1409 2404 1548 2441 scilicet
1575 2413 1611 2441 et
1638 2405 1821 2450 humana,
1851 2406 1965 2442 altera
1993 2417 2137 2452 earum,
2158 2406 2296 2443 scilicet
2323 2407 2463 2456 divina,
2510 2419 2524 2434 ¹³

1408 2465 1532 2506 potest
1560 2457 1607 2494 de
1627 2469 1674 2494 eo
1692 2457 1903 2506 praedicari
1922 2465 1958 2494 et
1976 2457 2015 2494 in
2034 2458 2220 2495 abstracto
2249 2466 2284 2496 et
2306 2459 2346 2496 in
2374 2472 2464 2497 con-

1409 2517 1530 2547 creto:
1569 2510 1732 2547 dicimus
1761 2510 1864 2546 enim
1892 2511 1999 2559 quod
2025 2511 2140 2548 Filius
2165 2511 2252 2558 Dei,
2282 2511 2348 2560 qui
2376 2525 2464 2562 sup-

1408 2562 1565 2614 ponitur
1591 2562 1630 2599 in
1658 2563 1734 2600 hoc
1769 2563 1925 2599 nomine
1958 2565 2140 2610 Christus,
2169 2570 2219 2600 est
2245 2564 2368 2601 dz'm'na
2401 2579 2464 2603 na-

1408 2621 1505 2662 tura,
1525 2621 1557 2652 et
1576 2621 1626 2652 est
1643 2617 1754 2652 Deus.
1786 2616 1862 2652 Sed
1889 2617 2061 2653 humana
2087 2623 2222 2653 natura
2243 2628 2323 2653 non
2341 2625 2465 2666 potest

1407 2667 1617 2717 praedicari
1645 2668 1692 2704 de
1722 2668 1872 2704 Christo
1893 2669 2106 2706 secundum
2135 2681 2174 2705 se
2202 2668 2241 2706 in
2265 2669 2461 2707 abstracto:

1409 2721 1476 2757 sed
1504 2722 1631 2758 solum
1659 2720 1698 2757 in
1726 2729 1916 2767 concreto,
1936 2729 2050 2770 prout
2078 2721 2214 2758 scilicet
2234 2721 2464 2769 significatur

1408 2773 1447 2810 in
1476 2773 1686 2822 suppositO.
1726 2774 1818 2810 Non
1846 2773 1949 2810 enim
1976 2786 2065 2810 vere
2092 2781 2215 2822 potest
2251 2773 2324 2820 dici
2356 2775 2462 2823 quod

1412 2827 1575 2863 Christus
1592 2827 1636 2862 sit
1654 2827 1819 2862 humana
1847 2832 2001 2872 natura,
2030 2826 2120 2875 quia
2138 2834 2273 2862 natura
2291 2827 2462 2864 humana

1409 2891 1489 2915 non
1517 2886 1572 2915 est
1599 2885 1687 2914 nata
1713 2877 1922 2926 praedicari
1949 2879 1996 2914 de
2025 2891 2095 2914 suo
2124 2878 2338 2927 supposito:
2372 2879 2461 2916 dici-

1408 2938 1470 2967 tur
1497 2939 1626 2967 autem
1654 2930 1760 2979 quod
1783 2931 1945 2967 Christus
1972 2936 2022 2966 est
2039 2932 2161 2976 homo,
2183 2931 2278 2967 sicut
2301 2938 2336 2967 et
2355 2933 2460 2980 quod

1412 2984 1574 3020 Christus
1602 2988 1651 3019 est
1677 2983 1787 3019 Deus.
1816 2983 1917 3019 Deus
1936 2990 2065 3019 autem
2083 2988 2095 3004 ⁸
2123 2982 2307 3031 significat
2325 2985 2460 3021 haben·

2491 967 2499 976 ‘
2514 966 2562 1020 (ξι.
2576 972 2641 988 xvm.

2490 994 2510 1003 ‘⁹
2550 999 2573 1014 u.
2588 998 2636 1014 xix.

2494 1731 2503 1740 ⁸
2517 1730 2688 1756 Praedicabil„

2494 1763 2553 1804 5222.
2567 1757 2595 1777 ‘¹¹³
2616 1756 2688 1784 ‘'Hs‘'

2495 1941 2503 1949 ·
2512 1940 2633 1961 DeUnit.et
2637 1940 2691 1961 Uno.
2696 1951 2706 1956 -

2495 1966 2704 1993 Cf.de1)ua1>.Nat.‚

2496 1999 2574 2044 arpi-nv
2582 1993 2706 2019 (Ed.Teub-

1407 3042 1478 3072 tem
1507 3035 1684 3080 deitatem,
1706 3041 1741 3070 et
1767 3036 1877 3071 homo
1906 3034 2088 3082 significat
2115 3036 2306 3072 habentem
2330 3037 2460 3074 huma·
2502 3059 2503 3062 =

1408 3090 1566 3124 nitatem.
1610 3086 1726 3123 Aliter
1761 3094 1890 3123 tamen
1926 3087 2071 3124 habens
2104 3087 2381 3125 humanitatem
2413 3088 2459 3126 si-

1406 3139 1606 3188 gnificatur
1640 3151 1709 3187 per
1740 3139 1816 3175 hoc
1847 3151 1991 3176 nomen
2022 3141 2150 3177 homo:
2186 3147 2221 3177 et
2258 3140 2362 3177 aliter
2391 3153 2461 3190 per

1406 3193 1482 3228 hoc
1509 3203 1653 3228 nomen
1679 3193 1792 3237 IesuS,
1822 3192 1883 3228 vel
1909 3193 2047 3229 Petrus.
2082 3193 2185 3230 Nam
2213 3193 2288 3230 hoc
2315 3205 2459 3231 nornen

1405 3246 1516 3281 homo
1544 3243 1722 3292 importat
1749 3243 1954 3280 habentem
1982 3245 2258 3282 humanitatem
2290 3245 2458 3283 indistin-

1405 3305 1481 3333 cte:
1506 3295 1601 3332 sicut
1620 3303 1655 3332 et
1674 3296 1749 3332 hoc
1767 3308 1911 3333 nomen
1929 3298 2029 3334 Deus
2052 3297 2261 3334 indistincte
2281 3298 2459 3346 importat

1404 3349 1611 3385 habentem
1635 3347 1823 3385 deitatem.
1853 3349 1939 3386 Hoc
1966 3349 2126 3386 tamenc
2154 3362 2297 3387 nomen
2315 3352 2455 3398 Petrus,

1456 3475 1481 3511 δ)
1499 3477 1549 3503 si...
1564 3478 1644 3503 Deus.
1655 3492 1676 3497 —
1691 3478 1730 3503 sic
1742 3485 1797 3503 esse
1810 3486 1897 3510 purus
1915 3479 1992 3504 homo
2005 3479 2023 3509 1,
2036 3480 2073 3504 sic
2086 3485 2174 3510 purus
2192 3478 2269 3503 homo
2288 3482 2355 3504 esset
2374 3484 2458 3504 cetera

349 3515 375 3551 β)
392 3521 536 3549 acceptum.
553 3531 572 3536 —-
590 3517 622 3547 1²3
644 3516 823 3548 accipientem.
841 3528 861 3534 -
878 3515 914 3539 Ita
932 3519 957 3539 et
975 3514 1000 3538 in
1019 3514 1147 3538 solutione
1153 3522 1161 3545 ;
1181 3513 1212 3539 cf.
1231 3521 1274 3546 qu.
1293 3521 1350 3538 xxxv
1402 3513 1484 3538 tertia.

297 3555 343 3577 nrt.
364 3559 378 3577 2
397 3552 428 3576 nd
448 3551 471 3578 3.

349 3586 376 3621 γ)
395 3587 439 3612 ubi
456 3594 517 3613 non.
533 3601 554 3606 —
572 3587 623 3612 nisi
642 3587 685 3612 ubi
704 3587 732 3612 Ρ.

1456 3547 1478 3581 ε)
1499 3548 1572 3573 Deus
1589 3552 1687 3574 autem.
1703 3562 1723 3567 -
1741 3549 1796 3573 Sed
1815 3549 1886 3574 Deus
1906 3549 1933 3580 F,
1954 3549 2025 3574 Deus
2044 3549 2061 3574 l.

1456 3582 1481 3617 ζ)
1501 3586 1598 3609 tamen.
1616 3598 1635 3602 -
1652 3586 1740 3608 autem
1760 3584 1788 3609 P.
