2872 3970
215 900 227 911 ⁹
243 898 321 921 Trnct.
343 897 428 919 xxm.

228 1630 308 1651 *Vers.
323 1635 355 1656 51.

218 1792 226 1800 ·
242 1790 306 1812 Vers.
322 1790 361 1817 46.

220 2000 228 2010 ⁸
245 1998 310 2020 Vers.
325 2005 344 2026 5.

219 2212 227 2220 ·
244 2210 307 2232 Vers.
324 2217 356 2238 25.

219 2377 227 2385 ⁴
235 2375 340 2402 Ps.xx1x‚
347 2374 431 2396 vermo.

220 2428 229 2436 ·
245 2426 329 2447 Lomb.

220 2591 229 2600 ⁸
246 2590 296 2611 Art.
317 2590 432 2616 praeced„

219 2616 248 2637 ad
263 2623 282 2645 3.

453 275 534 313 526⁴

1157 274 1433 322 QUAESTIO'
1447 274 1536 311 LVI
1545 302 1555 322 ,
1583 272 1877 312 ARTICULUS
1904 273 1934 312 11

814 472 816 474 ,
1218 419 1536 473 ARTICULUS
1566 426 1866 476 SECUNDUS

746 518 904 556 UTRUM
927 520 1233 570 RESURREC‘HQ
1258 519 1432 552 cnms‘rt
1456 520 1523 552 srr
1546 520 1691 552 CAUSA
1713 501 2088 553 nEsuRREcrloms
2110 520 2347 553 ANIMARUM

524 604 556 629 111
575 604 661 633 Sent„
680 602 738 628 dist.
756 610 805 634 xxi,
825 610 870 635 qu.
889 609 918 633 ιι,
936 607 983 627 art.
1005 609 1028 632 2,
1048 602 1079 626 ad
1101 607 1129 632 1;
1149 600 1192 630 LV,
1212 600 1271 625 dist.
1288 607 1355 630 xux,
1376 599 1479 631 Expos.
1499 598 1579 628 Lina
1597 599 1631 626 lv
1653 599 1730 624 Cont.
1752 599 1838 628 Geni„
1859 606 1915 632 cap.
1934 606 2021 630 Lxxxx5
2043 598 2084 625 De
2107 599 2197 630 Verit.‚
2216 608 2261 634 qu.
2279 607 2356 632 xxvu,
2375 605 2422 628 art.
2443 601 2467 633 3,
2486 602 2519 627 ad
2537 609 2568 636 73
2591 582 2594 584 -
2623 583 2625 585 >

1129 643 1175 668 qu.
1193 642 1258 665 xxix.
1278 639 1324 660 art.
1342 642 1368 666 4,
1389 634 1421 659 ml
1440 641 1470 666 1;
1492 633 1636 667 Compend.
1658 633 1967 686 771e01.,cnp.ccxxxix.

545 746 551 759 ι
577 756 636 775 s
669 739 692 763 D
707 737 896 763 SECUNDUM
916 736 968 761 810
982 736 1219 761 Pnocssm’rua.
1235 723 1397 760 Videtur
1415 723 1522 772 quod

527 778 534 786 ¹
534 779 647 877 Ἓξ
669 777 895 816 resurrectio
924 776 1065 814 Christi
1092 789 1172 814 non
1191 775 1238 813 sit
1255 788 1372 813 causa
1397 787 1522 813 resur-

604 825 606 830 *
670 830 847 869 rectionis
875 830 1110 905 animarumss
1135 829 1236 867 Dicit
1259 828 1363 866 enim
1390 830 1522 877 Augu-

647 884 801 930 stinus,
820 895 934 935 super
958 882 1110 920 Ioan.*
1111 882 1250 932 ,quod
1277 893 1439 932 corpora
1467 893 1521 919 re—

447 943 614 987 surgunt
641 948 715 988 per
747 937 1056 988 dispensationem
1093 911 1317 981 liumanam,
1345 934 1412 972 sed
1443 936 1521 972 ani-

455 1003 540 1028 mae
576 995 778 1040 resurgunt
798 1001 871 1040 per
897 989 1138 1026 substantiam
1165 989 1248 1026 Dei.
1285 987 1363 1025 Sed
1397 999 1521 1025 resur-

455 1043 572 1081 rectio
601 1042 741 1080 Christi
769 1054 849 1079 non
881 1041 1044 1092 pertinet
1071 1042 1120 1079 ad
1154 1040 1406 1078 substantiam
1437 1040 1520 1088 Dei,

455 1097 522 1134 sed
558 1096 607 1133 ad
634 1094 962 1155 dispensationem
994 1095 1221 1132 humanam.
1258 1094 1360 1142 Ergo
1398 1105 1521 1131 resur-

455 1149 571 1186 rectio
608 1148 767 1191 Christi
797 1148 866 1186 etsi
894 1148 940 1185 sit
966 1159 1084 1185 causa
1118 1146 1404 1185 resurrectionis
1439 1159 1522 1184 cor—

454 1214 614 1252 porum,
643 1213 724 1239 non
755 1209 886 1238 tamen
914 1200 1066 1238 videtur
1093 1211 1175 1238 esse
1203 1212 1320 1238 causa
1356 1210 1522 1238 resurre—

456 1255 592 1293 ctionis
620 1254 852 1292 animarum.

511 1320 545 1345 2.
566 1309 800 1353 Pam-renni,
821 1319 963 1356 corpus
981 1319 1062 1344 non
1082 1305 1157 1355 agit
1175 1306 1214 1343 in
1233 1305 1422 1356 spiritum.
1445 1306 1523 1344 Sed

456 1360 682 1399 resurrectio
704 1359 844 1398 Christi
871 1359 1034 1410 pertinet
1053 1360 1102 1397 ad
1129 1371 1271 1409 corpus
1299 1359 1398 1411 eius,
1415 1359 1523 1408 quod

457 1414 591 1452 cecidit
608 1426 678 1463 per
696 1421 875 1450 mortem.
906 1414 1007 1461 Ergo
1027 1411 1254 1451 resurrectio
1284 1411 1423 1449 Christi
1442 1424 1523 1450 non

457 1475 512 1504 est
539 1478 655 1504 causa
683 1465 969 1503 resurrectionis
996 1465 1228 1502 animarum.

512 1520 546 1557 3.
567 1521 800 1564 PRAETEREA,
816 1518 908 1568 quia
927 1519 1153 1556 resurrectio
1174 1517 1315 1555 Christi
1333 1526 1390 1555 est
1408 1529 1524 1555 causa

457 1572 744 1610 resurrectionis
769 1583 990 1622 corporum,
1012 1571 1190 1608 omnium
1211 1583 1375 1621 corpora
1402 1582 1523 1608 resur-

456 1632 561 1675 gent:
592 1623 921 1662 secundumillud
940 1626 954 1661 I
978 1626 1065 1662 Cor.
1087 1637 1134 1662 xv
1152 1623 1187 1661 *ε
1223 1625 1359 1662 Omnes
1377 1624 1523 1674 quidem

457 1690 707 1729 resurgemus.
739 1678 815 1716 Sed
834 1690 915 1715 non
935 1677 1114 1715 omnium
1134 1676 1285 1715 animae
1305 1685 1522 1726 resurgent:

457 1732 548 1782 quia
567 1731 728 1781 quidam
757 1733 859 1768 ibunt
877 1733 914 1768 in
933 1731 1154 1780 supplicium
1182 1737 1386 1777 aeternum,
1407 1738 1449 1767 ut
1468 1730 1523 1767 di-

457 1786 555 1822 citur
581 1785 717 1822 Matth.
738 1796 809 1821 xxv
827 1783 858 1820 ³⁸.
889 1785 991 1832 Ergo
1020 1783 1245 1821 resurrectio
1275 1783 1415 1821 Christi
1442 1795 1524 1821 non

458 1846 514 1875 est
541 1848 657 1875 causa
685 1836 972 1874 resurrectionis
1000 1836 1230 1874 animarum.

512 1902 548 1938 4.
579 1891 810 1936 Pmrmm,
831 1889 1056 1926 resurrectio
1076 1888 1305 1926 animarum
1317 1889 1360 1926 fit
1378 1901 1448 1938 per
1467 1901 1524 1926 re-

458 1943 683 1981 missionem
711 1950 972 1991 peccatorum.
1003 1942 1079 1979 Sed
1108 1942 1184 1978 hoc
1202 1942 1346 1979 factum
1373 1949 1430 1978 est
1456 1954 1525 1991 per

460 1996 600 2034 Christi
618 1995 858 2045 passionem:
880 1995 1096 2032 secundum
1116 1994 1209 2032 illud
1226 1995 1345 2044 Apoc.
1361 2007 1371 2031 1
1385 1995 1422 2031 *ε
1453 1997 1524 2033 La-

458 2052 508 2087 vit
535 2062 603 2087 nos
630 2062 654 2086 a
676 2050 839 2098 peccatis
866 2049 998 2085 nostris
1025 2049 1062 2084 in
1090 2049 1277 2098 sanguine
1302 2060 1381 2084 suo.
1421 2048 1523 2096 Ergo

459 2101 745 2140 resurrectionis
773 2101 992 2138 animarum
1018 2099 1139 2149 magis
1167 2108 1223 2137 est
1250 2112 1366 2138 causa
1386 2100 1525 2137 Christi

458 2155 586 2205 passio
615 2166 736 2204 quam
765 2154 846 2191 eius
875 2153 1113 2190 resurrectio.

513 2209 586 2246 SED
607 2219 752 2245 CONTRA
766 2219 831 2244 EST
851 2207 959 2256 quod
977 2207 1187 2256 Apostolus
1206 2205 1306 2252 dicit,
1321 2207 1434 2244 Rom.
1447 2206 1523 2244 1v*:

457 2262 679 2299 Resurrexit
699 2266 856 2310 propter
883 2261 1176 2308 iustificationem
1204 2265 1392 2297 nostram:
1424 2271 1524 2309 quae

459 2314 553 2351 nihil
581 2314 684 2351 aliud
713 2321 768 2350 est
795 2325 914 2362 quam
949 2313 1176 2350 resurrectio
1211 2311 1443 2350 animarum.
1476 2313 1525 2350 Et

459 2380 576 2417 super
603 2367 696 2403 illud
725 2366 864 2403 Psalmi
885 2366 923 2412 *‚
952 2366 1015 2403 Ad
1039 2378 1235 2416 vesperum
1273 2366 1526 2403 demorabitur

450 2422 574 2471 fletus,
591 2420 679 2457 dicit
698 2420 835 2457 Glossa
848 2419 868 2440 '¹‘
887 2419 995 2468 quod
1014 2421 1235 2457 resurrectio
1259 2420 1396 2457 Christi
1411 2431 1525 2457 causa

459 2480 509 2511 est
537 2475 815 2511 resurrectionis
843 2479 992 2510 nostrae
1019 2479 1052 2509 et
1079 2474 1230 2510 animae
1261 2474 1299 2509 in
1321 2474 1524 2522 praesenti,

459 2533 492 2563 et
519 2528 688 2576 corporis
715 2527 753 2562 in
771 2527 919 2574 futuro.

513 2581 736 2617 RESPONDEO
765 2591 947 2616 DICENDUM
975 2579 1096 2628 quod,
1119 2577 1216 2616 sicut
1244 2578 1390 2616 dictum
1418 2586 1474 2616 est
1492 2578 1523 2625 ²⁸,

460 2632 686 2670 resurrectio
708 2631 848 2669 Christi
867 2631 941 2680 agit
959 2631 999 2668 in
1017 2631 1156 2669 virtute
1176 2631 1395 2684 divinitatis,
1413 2633 1525 2680 Quae

459 2685 619 2736 quidem
638 2698 678 2722 se
698 2684 866 2722 extendit
884 2697 965 2722 non
984 2687 1112 2722 solum
1133 2684 1182 2722 ad
1206 2684 1525 2722 resurrectionem

459 2751 684 2788 corporum,
715 2738 782 2775 sed
810 2737 926 2775 etiam
954 2738 1003 2775 ad
1031 2738 1351 2776 resurrectionem
1379 2737 1524 2785 anima-

460 2804 568 2829 rum:
599 2805 621 2829 a
648 2792 733 2828 Deo
763 2790 867 2828 enim
895 2798 951 2828 est
979 2799 1014 2828 et
1042 2791 1150 2841 quod
1178 2790 1308 2828 anima
1334 2790 1429 2828 vivit
1456 2803 1526 2840 per

459 2844 637 2894 gratiam,
668 2852 704 2881 et
732 2844 839 2893 quod
867 2856 1008 2893 corpus
1041 2843 1135 2881 vivit
1162 2856 1231 2894 per
1258 2843 1441 2881 animam.
1477 2844 1526 2881 Et

460 2897 548 2934 ideo
567 2897 792 2934 resurrectio
809 2896 948 2934 Christi
967 2897 1083 2935 habet
1101 2895 1438 2934 instrumentaliter
1450 2896 1525 2934 vir-

460 2958 582 2988 tutem
601 2949 818 2988 effectivam
836 2962 917 2987 non
941 2952 1069 2988 solum
1089 2957 1264 3000 respectu
1283 2949 1525 2990 resurrectio-

461 3002 519 3040 nis
546 3015 767 3053 corporum,
798 3003 865 3040 sed
893 3003 1008 3040 etiam
1037 3010 1211 3073 respectu
1239 3002 1526 3041 resurrectionis

461 3056 691 3093 animarum.

516 3108 696 3146 Similiter
723 3117 853 3146 autem
872 3109 988 3146 habet
1015 3108 1203 3147 rationem
1231 3087 1525 3159 exemplaritatis

515 3242 542 3275 α)
562 3249 617 3267 nos.
632 3255 651 3260 -—
670 3242 705 3266 sE
724 3246 749 3266 et
767 3248 798 3271 a;
816 3249 870 3267 om.
889 3241 908 3265 F
929 3246 954 3266 et
972 3241 1046 3266 tertia
1065 3246 1167 3274 praeter
1185 3241 1202 3271 1.
1217 3248 1268 3266 non
1289 3241 1376 3267 ceteri.
1396 3240 1446 3266 Pro
1464 3247 1523 3266 cum

462 3277 516 3306 mo,
535 3277 580 3302 illo
599 3277 617 3307 l,
637 3277 663 3301 in
683 3277 728 3302 1110
747 3283 831 3301 cetera
849 3277 932 3302 tertia.

515 3311 540 3344 β)
561 3312 646 3337 iustae
663 3315 689 3337 et
708 3312 800 3338 bonae.
818 3326 838 3330 -
855 3312 939 3336 bonae
957 3315 983 3336 et
1001 3311 1086 3336 iustae
1105 3312 1178 3337 tertia
1197 3318 1298 3345 praeter
1316 3311 1333 3337 1.

514 3348 541 3379 γ)
560 3350 713 3380 resurgunt.
731 3361 750 3366 -
769 3350 910 3379 resurgent
929 3346 1022 3372 BFGa.

514 3381 539 3415 ὅ)
558 3382 713 3415 efficientur.
730 3397 750 3402 -
767 3382 921 3415 efficiuntur
939 3382 960 3406 E
980 3387 1004 3407 et
1022 3382 1095 3407 tertia
1115 3388 1216 3415 praeter
1235 3383 1252 3410 l.

1550 2906 1555 3149 Ι

1575 730 1751 772 respectu
1778 722 2064 760 resurrectionis
2091 722 2324 761 animarum.
2356 724 2460 772 Quia
2487 725 2639 764 Christo

1576 774 1786 823 resurgenti
1827 774 2015 813 debemus
2056 775 2171 813 etiam
2210 777 2427 815 secundum
2467 777 2637 818 animam

1576 827 1825 866 conformari:
1846 834 1884 865 ut
1900 830 2004 874 sicut,
2024 829 2240 866 secundum
2264 819 2507 879 Apostolum,
2526 825 2638 870 Rom.

1575 892 1611 918 vt
1629 881 1666 927 ¹⁸,
1700 882 1865 918 Christus
1899 883 2104 919 resurrexit
2137 894 2162 919 a
2189 884 2343 920 mortuis
2370 895 2444 933 per
2475 884 2640 934 gloriam
2668 892 2679 904 ·

1575 935 1709 981 Patris,
1728 935 1778 971 ita
1806 939 1840 970 et
1867 946 1934 971 nos
1961 935 1999 971 in
2028 936 2189 972 novitate
2213 936 2310 974 vitae
2327 936 2578 983 ambulemus,-
2602 945 2641 976 et

1576 986 1673 1024 sicut
1700 986 1782 1036 ipse
1810 999 2010 1037 resurgens
2037 999 2087 1025 ex
2103 989 2258 1025 mortuis
2276 989 2352 1026 iam
2371 1001 2446 1026 non
2467 991 2638 1038 moritur,

1576 1042 1626 1077 ita
1645 1046 1679 1077 et
1697 1051 1764 1077 nos
1783 1041 2032 1077 existimemus
2059 1053 2126 1078 nos
2144 1047 2310 1078 mortuos
2337 1053 2414 1079 esse
2434 1043 2639 1113 peccaut*⁷

1575 1100 1619 1130 ut
1645 1092 1785 1130 iterum
1813 1105 1885 1130 nos
1905 1098 1923 1115 ⁴²
1949 1095 2118 1131 vivamus
2143 1105 2229 1130 cum
2257 1094 2331 1131 illo.
2374 1108 2375 1111 ¹

1629 1147 1687 1183 An
1715 1156 1850 1183 ΡκιΜυΜ
1878 1157 1977 1184 ERGO
1995 1157 2178 1184 mci-:nuum
2196 1147 2303 1196 quod
2331 1147 2569 1196 Augustinus
2582 1114 2641 1189 ‹ii-

1576 1197 1626 1236 cit
1653 1198 1972 1236 resurrectionem
2000 1198 2217 1236 animarum
2246 1199 2331 1237 fieri
2357 1212 2428 1250 per
2453 1201 2527 1239 Dei
2552 1201 2641 1240 sub-

1577 1251 1766 1299 stantiam,
1787 1259 1978 1301 quantum
1996 1252 2046 1289 ad
2059 1251 2408 1302 participationem:
2425 1252 2529 1314 ‘quia
2546 1254 2642 1294 scili-

1577 1312 1636 1342 cet
1653 1304 1918 1354 participando
1945 1304 2118 1342 divinam
2136 1305 2348 1343 bonitatem
2371 1305 2524 1345 animae
2542 1307 2644 1346 fiunt

1577 1357 1697 1395 iustae
1717 1365 1754 1395 et
1772 1358 1900 1395 bonae
1914 1357 1940 1405 β,
1960 1370 2041 1396 non
2060 1366 2191 1395 autem
2216 1358 2481 1409 participando
2505 1372 2642 1410 quam-

1577 1423 1749 1460 cumque
1776 1418 2002 1448 creaturam.
2032 1411 2156 1458 Unde,
2177 1422 2269 1450 cum
2297 1411 2461 1460 dixisset,
2481 1414 2644 1452 Animu

1578 1470 1778 1514 resurgunt
1796 1469 1811 1492 Υ
1835 1476 1907 1514 per
1931 1466 2171 1502 substantiam
2199 1465 2283 1511 Dei,
2313 1465 2458 1503 subdit:
2486 1467 2642 1504 Parrici-

1572 1518 1726 1567 patione
1753 1518 1851 1554 enim
1879 1517 1953 1554 Dei
1966 1519 2018 1566 fit
2045 1519 2174 1555 anima
2201 1519 2320 1564 beata,
2342 1530 2416 1556 non
2439 1520 2642 1570 partic-11²6-

1577 1572 1676 1607 tione
1702 1571 1852 1607 animae
1877 1576 2037 1607 sanctae.
2087 1570 2164 1608 Sed
2191 1570 2455 1620 participando
2482 1571 2643 1621 gloriam

1578 1622 1751 1672 corporis
1780 1622 1932 1670 Christi,
1952 1622 2166 1660 efficientur
2184 1621 2198 1645 ὅ
2226 1635 2389 1673 corpora
2408 1632 2539 1663 nostra
2564 1626 2643 1675 glo-

1578 1688 1690 1713 riosa.
2175 1695 2177 1697 ·

1632 1731 1689 1766 An
1717 1741 1907 1767 SECUNDUM
1934 1740 2116 1767 met-:unum
2148 1730 2256 1779 quod
2291 1729 2461 1768 efficacia
2479 1735 2492 1752 ‘
2519 1741 2643 1770 resur-

1578 1781 1756 1820 rectionis
1771 1781 1911 1820 Christi
1930 1782 2106 1832 pertingit
2125 1782 2174 1819 ad
2193 1782 2353 1830 animas,
2369 1794 2450 1821 non
2467 1792 2643 1834 perpro-

1578 1835 1701 1885 priam
1730 1835 1912 1873 virtutem
1940 1834 2060 1884 ipsius
2097 1835 2269 1885 corporis
2287 1835 2644 1885 ‘resurgentiQ-'sed

1578 1900 1648 1937 per
1674 1888 1856 1925 virtutem
1883 1887 2104 1932 divinitatis,
2133 1888 2196 1925 cui
2223 1889 2473 1938 personaliter
2499 1889 2642 1928 unitur.

1632 1941 1689 1978 An
1714 1952 1874 1978 TERTIUM
1899 1952 2080 1978 memnon
2105 1941 2215 1990 quod
2243 1942 2470 1979 resurrectio
2496 1941 2643 1981 anima-

1579 2006 1667 2031 rum
1693 1993 1855 2043 pertinet
1882 1993 1931 2030 ad
1958 1993 2152 2039 meritum,
2182 1994 2288 2043 quod
2317 2002 2372 2031 est
2399 1994 2642 2034 effectus-iu-

1578 2046 1814 2084 stificationis
1833 2045 1862 2083 t:
1890 2046 1959 2082 sed
1978 2045 2203 2084 resurrectio
2217 2058 2427 2096 corporum
2445 2046 2645 2087 ordinatur

1579 2100 1629 2137 ad
1662 2111 1832 2149 poenam
1860 2100 1923 2136 vel
1956 2099 2196 2148 praemium,
2225 2111 2327 2148 quae
2361 2107 2451 2138 sunt
2485 2100 2645 2141 effecum

1579 2151 1792 2190 iudicantis.
1821 2152 1882 2189 Ad
1912 2151 2109 2189 Christum
2137 2159 2267 2190 autem
2291 2164 2372 2190 non
2398 2152 2561 2203 pertinet
2586 2153 2644 2193 iu·-

1580 2205 1742 2243 stificare
1770 2217 1918 2251 omnes,
1939 2205 2006 2242 sed
2028 2204 2208 2242 iudicare.
2238 2206 2287 2243 Et
2314 2205 2402 2243 ideo
2431 2213 2569 2245 omnes
2585 2218 2644 2245 re-

1579 2258 1734 2296 suscitat
1753 2258 1970 2295 secundum
1992 2269 2156 2308 corpus,
2186 2259 2252 2296 sed
2281 2269 2362 2321 non
2381 2264 2400 2286 η
2428 2259 2645 2301 secundum

1578 2311 1762 2349 animam.
2503 2327 2506 2336 ·

1633 2366 1690 2402 AD
1728 2376 1900 2407 QUARTUM
1936 2375 2118 2402 DICENDUM
2155 2365 2262 2414 quod
2299 2364 2338 2402 in
2375 2351 2644 2405 iustificatione
2695 2368 2699 2372 ’

1579 2418 1799 2456 animarum
1826 2417 1907 2455 duo
1926 2425 2178 2455 concurrunt:
2208 2417 2348 2455 scilicet
2365 2417 2540 2456 remissio
2566 2420 2644 2457 cul-

1579 2483 1664 2521 pae,
1685 2478 1722 2508 et
1749 2469 1898 2508 novitas
1917 2469 2017 2507 vitae
2043 2482 2114 2520 per
2130 2466 2301 2530 gratiam.
2330 2471 2534 2520 Quantum
2551 2483 2643 2522 ergo

1579 2525 1629 2562 ad
1657 2521 1911 2570 efficaciam0,
1941 2535 2042 2572 quae
2069 2530 2125 2561 est
2151 2535 2222 2573 per
2247 2522 2426 2562 virtutem
2456 2521 2642 2572 divinam,

1579 2585 1658 2615 tam
1691 2576 1818 2627 passio
1850 2552 1990 2614 Christi
2025 2588 2145 2626 quam
2180 2577 2405 2614 resurrectio
2440 2585 2496 2615 est
2527 2589 2644 2616 causa

1579 2629 1855 2668 iustificationis
1875 2629 2006 2679 quoad
2026 2637 2247 2689 utrumque:
2279 2630 2356 2667 Sed
2384 2638 2575 2680 quantum
2593 2630 2643 2668 ad

1580 2682 1927 2732 exemplaritatem,
1953 2682 2110 2742 proprie
2144 2682 2272 2732 passio
2305 2690 2342 2720 et
2368 2695 2475 2720 mors
2503 2682 2644 2721 Christi
2699 2709 2705 2715 ,
2738 2694 2752 2721 z÷
2765 2702 2777 2714 ε

1580 2744 1635 2774 est
1662 2748 1779 2774 causa
1815 2734 2048 2772 remissionis
2085 2737 2242 2786 culpae,
2271 2747 2342 2785 per
2377 2747 2498 2787 quam
2525 2735 2643 2795 mori-

1579 2801 1670 2827 mur
1695 2795 1869 2838 peccato:
1899 2787 2123 2826 resurrectio
2153 2796 2283 2829 autem
2310 2795 2366 2828 est
2391 2800 2514 2834 causa
2530 2775 2643 2834 novi-

1579 2842 1663 2880 tatis
1690 2841 1811 2888 vitae,
1841 2853 1941 2891 quae
1969 2848 2025 2878 est
2052 2853 2122 2891 per
2147 2841 2307 2890 gratiam
2341 2841 2421 2879 sive
2445 2840 2641 2881 iustitiam.

1580 2897 1629 2933 Et
1655 2895 1744 2932 ideo
1763 2895 1972 2944 Apostolus
1999 2893 2100 2942 dicit,
2119 2896 2235 2932 Rom·
2252 2906 2287 2932 tv
2304 2894 2335 2942 ⁸⁸,
2364 2895 2472 2945 quod
2489 2895 2661 2934 tradittes
2670 2892 2739 2922 V

1580 2953 1641 2995 est,
1662 2947 1802 2985 scilicet
1828 2946 1868 2984 in
1895 2954 2073 2994 mortem,
2088 2953 2244 2998 propter
2261 2948 2392 2986 delicta
2414 2948 2557 2994 nostra,
2569 2946 2642 2986 sei-

1579 3001 1664 3039 licet
1690 3000 1870 3046 tollenda,
1887 3006 1923 3037 et
1949 3002 2152 3039 resurrexit
2170 3006 2328 3060 propter
2349 3002 2642 3054 iustficatio'n'em

1581 3060 1756 3093 nostram.
1787 3053 1863 3091 Sed
1890 3053 2019 3103 passio
2049 3052 2188 3092 Christi
2210 3060 2267 3091 est
2285 3053 2400 3091 etiam
2427 3065 2543 3092 causa
2561 3059 2680 3094 me-
2668 3084 2699 3109 ,ι
2715 3035 2754 3107 ÷

1580 3106 1728 3154 ritoria‚
1757 3114 1800 3144 ut
1827 3106 1977 3144 dictum
2002 3114 2058 3144 est
2076 3106 2108 3144 *.

1630 3238 1653 3271 ε)
1672 3238 1802 3282 efficat-Ia.
1818 3253 1838 3258 -—
1855 3238 1998 3272 efficientia
2015 3238 2076 3265 ΡΠ.

1629 3274 1656 3309 ζ)
1675 3274 1879 3309 iustificationis.
1890 3289 1910 3294 —
1928 3274 2111 3307 {ustificatur-is
2125 3274 2186 3305 PG;
2203 3274 2279 3300 Alta-s
2296 3274 2492 3308 iustificationis
2510 3281 2600 3308 margo
2612 3273 2642 3301 P.

1631 3310 1659 3346 η)
1678 3318 1741 3336 ηοη.
1758 3325 1777 3329 -
1795 3317 1886 3336 omnes
1905 3310 2004 3335 addunt
2022 3309 2062 3336 Pl.

1629 3343 1655 3381 0)
1674 3346 1829 3380 efficaciam.
1847 3360 1866 3365 -
1884 3346 2000 3379 effictam
2019 3344 2072 3375 Ac.
2091 3344 2200 3380 efficiam
2219 3344 2249 3378 Ε,
2268 3345 2439 3380 efficientiam
2459 3344 2538 3378 PlpC.
