2892 3926
854 461 1939 574 PRAEFATIO

1327 807 1459 820 §oon-00⁴

544 1291 551 1306 a
705 1242 764 1299 A)
786 1213 1005 1284 Parisinus
1027 1244 1129 1285 bibl.
1154 1245 1396 1285 Nationalis
1427 1216 1573 1285 1580o
1596 1256 1707 1284 sace.
1731 1256 1818 1292 xm,
1843 1244 2045 1284 foliorum
2076 1245 2172 1296 187,
2198 1256 2383 1297 quorum
2410 1257 2442 1291 1,
2469 1256 2493 1283 2

478 1305 565 1354 <a
580 1311 622 1346 et
642 1306 833 1359 183-187
853 1319 942 1347 non
959 1306 1120 1347 habent
1143 1306 1262 1360 quod
1285 1306 1340 1347 ad
1359 1306 1576 1347 Thomam
1599 1306 1839 1360 pertineret.
1858 1305 2012 1346 Codex
2035 1319 2122 1346 non
2145 1305 2287 1346 solum
2312 1305 2494 1346 diversis

425 1383 474 1394 w
504 1376 562 1395 θ’·
579 1368 779 1408 manibus
814 1368 996 1423 scriptus
1024 1368 1102 1408 sed
1127 1368 1255 1409 etiam
1280 1381 1333 1409 ex
1355 1368 1549 1423 pluribus
1583 1368 1702 1408 libris
1737 1369 2064 1424 compaginatus
2100 1373 2176 1408 est.
2211 1367 2310 1409 Una
2344 1381 2495 1407 manus

296 1428 514 1471 f011.3-26
538 1430 717 1484 scripsit.
753 1430 853 1471 Alia
874 1430 1115 1471 ternionem
1142 1432 1296 1484 27-32.
1332 1431 1504 1471 Folium
1529 1432 1585 1471 32
1610 1430 1800 1470 absolvit
1833 1430 2099 1484 quaestionis
2122 1442 2198 1470 XVI
2221 1429 2443 1470 articulum
2469 1428 2494 1469 5

296 1496 448 1540 totum,
494 1491 598 1532 dum
639 1492 789 1533 folium
823 1493 881 1533 33
916 1506 941 1532 a
974 1492 1098 1533 tertia
1140 1506 1270 1533 manu
1314 1492 1460 1547 incipit
1501 1492 1658 1533 divinis
1691 1492 1868 1532 realiter
1898 1496 1963 1533 est
1998 1491 2110 1532 idem
2144 1494 2347 1546 persona,
2384 1504 2495 1545 quae

295 1560 396 1594 sunt
430 1554 624 1595 eiusdem
657 1554 820 1595 articuli
841 1554 923 1594 Ad
940 1555 1167 1608 primuni,-
1190 1554 1244 1594 ad
1268 1560 1430 1595 ceteras
1453 1555 1790 1610 fragmentorum
1826 1567 2061 1609 compages
2095 1560 2237 1595 textus
2267 1554 2495 1594 continuus

297 1622 379 1664 est;
415 1616 520 1656 haec
554 1616 678 1657 tertia
710 1629 864 1657 manus
898 1629 1037 1670 usque
1060 1616 1115 1657 ad
1138 1616 1285 1657 folium
1311 1629 1367 1668 92
1393 1617 1626 1670 perdurare
1651 1615 1752 1656 mihi
1776 1616 1957 1657 videtur.
1994 1617 2148 1656 Cetera
2170 1616 2282 1663 folia,
2307 1617 2494 1668 93-182‚

295 1683 438 1718 utrum
472 1684 624 1731 quarta
657 1691 810 1718 manus
844 1679 1061 1733 scripserit
1093 1691 1147 1719 an
1182 1678 1335 1718 eadem
1376 1691 1488 1731 quae
1528 1678 1782 1725 ternionem,
1818 1670 1905 1718 non
1939 1678 2080 1718 audeo
2117 1678 2410 1718 determinare.
2446 1702 2495 1707 —

296 1739 404 1780 Post
434 1739 678 1787 venialium,
715 1740 911 1780 ultimum
946 1740 1090 1794 operis
1123 1739 1320 1788 verbum,
1357 1739 1527 1780 duabus
1561 1740 1683 1780 lineis
1727 1740 1935 1794 scriptura
1974 1740 2123 1780 vacuis
2166 1740 2417 1780 rubricatori
2452 1746 2497 1780 ut

295 1801 425 1842 credo
460 1801 628 1850 relictis,
653 1801 849 1842 librarius
883 1802 1032 1842 scribit
1063 1801 1275 1851 Indicem;
1310 1807 1411 1856 post
1438 1815 1581 1856 quem,
1607 1801 1769 1842 scilicet
1800 1802 1871 1843 sol.
1903 1804 1984 1843 182
2020 1815 2150 1842 verso
2187 1815 2211 1842 2
2249 1802 2342 1850 col.,
2377 1801 2497 1842 addit

233 1907 235 1909 ,
295 1863 420 1919 nigro
454 1863 623 1918 punctis
647 1863 787 1904 rubris
812 1870 964 1905 ornato
987 1864 1250 1919 Expliciunt
1278 1864 1469 1919 capitula
1492 1865 1620 1905 tercie
1642 1865 1792 1918 partis
1811 1864 1980 1919 fratris
2005 1865 2147 1905 thome
2168 1864 2220 1904 de
2242 1865 2412 1917 aquino.
2435 1888 2497 1894 —

295 1925 528 1966 Corrector
560 1923 715 1966 librum
739 1939 827 1966 non
850 1926 1000 1982 tetigit.
1038 1926 1370 1967 Correctionum
1394 1932 1538 1967 tamen
1562 1926 1815 1967 occasiones
1849 1932 2014 1968 tantum
2037 1927 2161 1967 abest
2183 1932 2229 1966 ut
2252 1926 2495 1974 deficerent,

294 1993 341 2029 ut
373 2000 475 2042 prae
510 1988 660 2028 ceteris
695 1988 919 2029 codicibus
953 1989 1020 2029 hic
1055 1981 1344 2029 monstruosis
1387 1989 1645 2029 lectionibus
1686 1989 1890 2030 abundet.
1934 1990 2002 2030 Ex
2035 1989 2114 2029 hac
2147 1994 2267 2043 parte
2302 1988 2496 2029 eiusdem

294 2049 452 2090 indolis
497 2055 562 2090 est
594 2063 643 2090 ac
676 2050 733 2090 illi
779 2050 952 2091 codices
992 2051 1156 2104 antiqui
1198 2050 1426 2091 Secundae
1469 2051 1710 2099 Secundae,
1746 2065 1858 2106 quos
1901 2057 2002 2092 tunc
2040 2051 2246 2105 temporis
2281 2065 2306 2091 a
2338 2051 2496 2105 potiori

295 2111 583 2152 mendositate
616 2112 763 2153 tertiae
798 2113 923 2153 classi
957 2112 1285 2167 adscripsimus;
1310 2112 1388 2153 sed
1412 2113 1453 2153 in
1477 2119 1568 2153 tota
1591 2113 1762 2154 Tertiae
1785 2114 1922 2154 Partis
1945 2113 2174 2154 traditione
2208 2113 2497 2167 manuscripta

295 2173 396 2214 mihi
420 2179 523 2214 nota
545 2174 728 2215 similem
751 2174 834 2215 sibi
857 2188 944 2215 non
968 2175 1108 2216 habet.
1143 2199 1206 2206 —
1240 2174 1395 2215 Codex
1428 2189 1557 2229 super
1589 2175 1739 2216 folium
1772 2176 1986 2216 internum
2019 2175 2257 2231 tegumenti
2287 2175 2496 2215 moderna

295 2249 424 2276 manu
458 2236 632 2276 saeculo
665 2249 742 2277 xw
775 2236 1053 2278 adiudicatur.
1089 2237 1190 2285 Sed,
1221 2237 1421 2291 quamvis
1455 2237 1637 2278 arduum
1672 2243 1748 2285 est,
1783 2238 1856 2278 ubi
1896 2238 2037 2293 agitur
2070 2238 2123 2278 de
2159 2250 2291 2292 opere
2324 2237 2494 2278 labente

294 2298 468 2339 saeculo
504 2304 618 2347 nato,
654 2311 707 2338 ex
739 2299 844 2339 solis
878 2299 1111 2354 scripturae
1145 2299 1293 2340 formis
1327 2300 1548 2340 saeculum
1589 2299 1900 2348 determinare;
1946 2306 1988 2340 et
2021 2300 2221 2354 quamvis
2255 2300 2310 2339 ab
2345 2305 2493 2340 aucto-

294 2359 427 2409 ritate,
463 2373 594 2414 quam
629 2367 731 2401 nota
774 2361 983 2416 ligaturae
1024 2375 1171 2402 secum
1205 2362 1294 2410 fert,
1330 2375 1418 2402 non
1456 2362 1638 2403 libenter
1680 2361 1945 2402 recedimus:
1995 2368 2151 2409 tamen,
2187 2361 2288 2415 quia
2331 2362 2493 2402 nullum

293 2422 467 2478 signum
501 2422 720 2463 saeculum
753 2435 830 2463 xw
863 2423 1128 2478 persuadens
1163 2424 1407 2465 invenimus
1438 2430 1480 2465 et
1502 2430 1593 2465 tota
1620 2424 1780 2464 codicis
1815 2423 1995 2464 difficilis
2029 2424 2237 2477 scriptura
2259 2423 2317 2463 ita
2348 2423 2492 2477 potius

294 2497 341 2525 se
356 2484 523 2525 habere
558 2485 659 2526 mihi
682 2485 852 2526 videtur
884 2492 942 2534 ut,
965 2499 991 2526 a
1024 2486 1258 2540 scripturae
1291 2486 1447 2540 specie,
1472 2493 1545 2527 aut
1578 2487 1719 2527 nullus
1753 2486 1859 2526 alius
1894 2485 2034 2526 codex
2056 2485 2227 2526 Tertiae
2261 2485 2397 2525 Partis
2421 2491 2495 2525 aut

295 2546 423 2588 etiam
466 2546 536 2587 ille
573 2548 747 2588 saeculo
783 2560 858 2588 xm
891 2547 1203 2589 adscribendus
1244 2548 1324 2596 sit;
1377 2548 1434 2589 ob
1469 2549 1552 2589 hoc
1596 2549 1723 2589 etiam
1758 2547 1878 2602 quod
1912 2554 2054 2589 textus
2090 2547 2181 2588 eius
2215 2548 2272 2587 ob
2306 2547 2490 2601 particu-

293 2609 403 2649 lares
436 2609 594 2659 librarii
628 2609 713 2664 (vel
746 2610 891 2664 potius
925 2611 1210 2665 librariorum)
1247 2623 1413 2651 errores
1447 2610 1706 2665 peculiarem
1740 2610 1958 2664 quandam
1989 2615 2247 2650 vetustatem
2281 2609 2401 2663 sapit,
2426 2609 2491 2649 id-

295 2684 380 2725 que
413 2684 515 2726 prae
549 2672 700 2712 ceteris
734 2672 937 2713 Parisinis
971 2673 1144 2714 saeculo
1180 2673 1350 2714 decimo
1375 2673 1499 2713 tertio
1534 2673 1728 2720 addictis,
1754 2672 1852 2713 ideo
1888 2678 2082 2713 nostrum
2107 2671 2300 2712 eiusdem
2333 2671 2493 2712 saeculi

296 2746 391 2774 esse
435 2746 588 2774 sereno
632 2734 776 2775 animo
822 2734 1033 2775 affirmare
1075 2735 1299 2776 audemus.
1348 2735 1510 2775 Nostra
1548 2749 1633 2776 non
1679 2735 1860 2775 multum
1910 2735 2084 2775 interest
2123 2733 2317 2773 codicem
2363 2734 2491 2773 valde

295 2795 517 2849 antiquum
556 2796 694 2845 credi3
729 2802 894 2837 textum
934 2797 1037 2845 eius,
1078 2797 1277 2838 solitariis
1314 2797 1471 2838 librarii
1510 2797 1726 2838 erroribus
1764 2796 1997 2851 expunctis,
2034 2795 2089 2835 ad
2129 2808 2343 2835 summam
2383 2796 2491 2836 anti-

296 2857 503 2912 quitatem
544 2857 760 2907 accedere,
795 2872 911 2906 mox,
947 2859 1050 2914 quin
1085 2873 1245 2900 annum
1278 2859 1520 2914 scriptionis
1556 2859 1716 2900 codicis
1750 2859 1805 2899 ad
1839 2858 1926 2899 duo
1960 2858 2029 2898 vel
2063 2857 2142 2897 tria
2174 2857 2383 2897 decennia
2417 2858 2492 2898 de—

295 2919 586 2966 terminemus,
623 2919 745 2960 claris
778 2921 821 2960 ni
853 2921 976 2962 fallor
1008 2922 1143 2977 signis
1178 2935 1509 2977 cognoscemus.

421 2981 471 3034 B)
506 2981 741 3021 Vaticanus
787 2984 874 3034 748
924 2997 1035 3024 saec.
1070 2996 1157 3031 xm,
1203 2984 1403 3024 foliorum
1451 2983 1551 3036 259,
1597 2996 1685 3037 quo
1735 2995 1914 3023 numero
1964 2981 2159 3021 ultimum
2209 2980 2355 3020 album
2403 2995 2490 3021 non

297 3042 685 3098 comprehenditur.
732 3043 825 3084 Fol.
866 3057 880 3084 1
921 3045 1113 3100 margine
1158 3045 1367 3100 superiori
1409 3046 1556 3086 litteris
1591 3044 1729 3084 rubris
1762 3043 2018 3084 semirecisis
2053 3043 2230 3096 (Incipit
2258 3042 2325 3082 lib'
2357 3043 2492 3096 terci9

283 3102 381 3159 fris
394 3104 435 3156 P)
469 3105 610 3145 thome
642 3105 695 3145 de
727 3105 897 3157 aquino.
921 3118 984 3158 qo.
1001 3107 1153 3160 prima
1176 3107 1228 3147 de
1249 3108 1485 3148 convem‘e...
1511 3107 1603 3147 Fol.
1632 3105 1719 3146 256
1743 3112 1860 3146 recto
1891 3119 1904 3145 1
1936 3106 2014 3146 col.
2039 3111 2140 3159 post
2172 3110 2336 3145 textum
2359 3105 2491 3145 altera

296 3167 407 3208 linea
439 3181 465 3207 a
498 3167 671 3208 librario
704 3167 903 3221 Explicit
930 3168 1162 3208 secundum
1197 3169 1431 3223 exemplar.
1468 3169 1575 3209 Foll.
1604 3161 1807 3221 257ss259
1843 3167 1884 3207 in
1918 3167 1999 3208 alia
2031 3180 2292 3222 pergamena
2326 3167 2380 3207 ab
2409 3167 2491 3207 alia

296 3229 468 3283 suppari
506 3235 651 3269 tamen
686 3242 814 3269 manu
848 3228 1008 3278 Index;
1044 3230 1185 3277 rubro,
1212 3230 1254 3270 in
1287 3230 1496 3284 principio
1530 3230 1747 3284 Incipiunt
1776 3229 1966 3284 capitula
1999 3230 2126 3270 tercie
2148 3229 2296 3283 partis
2326 3242 2493 3269 summe

293 3289 453 3342 fratris
498 3290 640 3331 thome
672 3290 724 3331 de
756 3292 914 3344 aquino
963 3291 1127 3332 ordinis
1155 3290 1359 3345 fratrum
1395 3292 1720 3346 predicatorum
1736 3308 1754 3340 ‚·
1794 3293 1835 3332 in
1870 3292 1954 3332 fine
2000 3291 2259 3346 Expliciant
2301 3291 2491 3345 capitula

297 3351 424 3393 tercie
446 3353 594 3406 partis
613 3351 783 3407 fratris
815 3354 955 3394 thome
995 3353 1046 3393 de
1085 3354 1254 3407 aquino.
1298 3355 1472 3394 Praeter
1510 3354 1664 3395 multas
1704 3354 2003 3408 rescriptiones
2045 3354 2085 3393 in
2128 3353 2221 3407 ipso
2265 3358 2382 3393 textu
2417 3366 2493 3407 per

296 3413 514 3455 librarium
547 3427 593 3455 se
628 3415 925 3471 corrigentem,
951 3422 992 3455 et
1019 3415 1125 3456 duas
1159 3416 1371 3456 secundas
1406 3430 1558 3456 manus
1593 3417 1633 3456 in
1669 3417 1817 3471 spatiis
1840 3430 1865 3456 a
1887 3415 2091 3470 scriptore
2117 3414 2282 3462 relictis,
2313 3414 2366 3455 de
2395 3415 2490 3469 qui-

297 3475 379 3517 bus
414 3475 519 3517 infra
552 3474 696 3526 n³⁸'21,
722 3483 763 3518 et
798 3478 865 3525 23,
902 3477 1027 3518 valde
1061 3491 1218 3531 paucas
1253 3478 1540 3519 correctiones
1574 3478 1714 3519 subiit.

440 3553 551 3578 smum:
570 3554 672 3579 Τιιιςοι..
693 3555 724 3579 D.
736 3554 852 3579 ΤΗωιΑε
870 3554 903 3580 Τ.
916 3555 982 3579 VIII.
2312 3562 2329 3578 α
