<?xml version="1.0" encoding="UTF-8"?>
<!DOCTYPE html PUBLIC "-//W3C//DTD XHTML 1.0 Transitional//EN"
    "http://www.w3.org/TR/xhtml1/DTD/xhtml1-transitional.dtd">
<html xmlns="http://www.w3.org/1999/xhtml" xml:lang="en" lang="en">
 <head>
  <title>
</title>
<meta http-equiv="Content-Type" content="text/html;charset=utf-8" />
  <meta name='ocr-system' content='tesseract 3.04.00' />
  <meta name='ocr-capabilities' content='ocr_page ocr_carea ocr_par ocr_line ocrx_word'/>
</head>
<body>
  <div class='ocr_page' id='page_1' title='image "./operaomniaiussui11thom_0097.png"; bbox 0 0 2872 3970; ppageno 0'>
   <div class='ocr_carea' id='block_1_1' title="bbox 0 0 43 3970">
    <p class='ocr_par' dir='ltr' id='par_1_1' title="bbox 0 0 43 3970">
     <span class='ocr_line' id='line_1_1' title="bbox 0 0 43 3970; baseline 0 0"><span class='ocrx_word' id='word_1_1' title='bbox 0 0 43 3970; x_wconf 95' lang='lat' dir='ltr'> </span> 
     </span>
    </p>
   </div>
   <div class='ocr_carea' id='block_1_2' title="bbox 22 620 274 648">
    <p class='ocr_par' dir='ltr' id='par_1_2' title="bbox 22 620 274 648">
     <span class='ocr_line' id='line_1_2' title="bbox 22 620 274 648; baseline -0.012 -4"><span class='ocrx_word' id='word_1_2' title='bbox 22 623 23 626; x_wconf 78' lang='grc'>’</span> <span class='ocrx_word' id='word_1_3' title='bbox 70 622 82 634; x_wconf 77' lang='lat'>⁸</span> <span class='ocrx_word' id='word_1_4' title='bbox 96 621 146 643; x_wconf 79' lang='lat' dir='ltr'>Art.</span> <span class='ocrx_word' id='word_1_5' title='bbox 166 620 274 648; x_wconf 71' lang='lat' dir='ltr'>praeced.</span> 
     </span>
    </p>
   </div>
   <div class='ocr_carea' id='block_1_3' title="bbox 72 708 1375 788">
    <p class='ocr_par' dir='ltr' id='par_1_3' title="bbox 72 708 1375 788">
     <span class='ocr_line' id='line_1_3' title="bbox 72 708 281 736; baseline -0.005 -5"><span class='ocrx_word' id='word_1_6' title='bbox 72 710 82 721; x_wconf 74' lang='lat'>⁸</span> <span class='ocrx_word' id='word_1_7' title='bbox 95 709 166 731; x_wconf 83' lang='lat' dir='ltr'>Num.</span> <span class='ocrx_word' id='word_1_8' title='bbox 177 708 281 736; x_wconf 73' lang='lat' dir='ltr'>praeced.</span> 
     </span>
     <span class='ocr_line' id='line_1_4' title="bbox 276 747 1375 788; baseline -0.001 -10"><span class='ocrx_word' id='word_1_9' title='bbox 276 783 286 788; x_wconf 44' lang='lat'>,</span> <span class='ocrx_word' id='word_1_10' title='bbox 310 748 406 783; x_wconf 86' lang='lat' dir='ltr'>tione,</span> <span class='ocrx_word' id='word_1_11' title='bbox 430 752 477 778; x_wconf 88' lang='lat' dir='ltr'>est</span> <span class='ocrx_word' id='word_1_12' title='bbox 499 747 622 788; x_wconf 84' lang='lat' dir='ltr'>aliquid</span> <span class='ocrx_word' id='word_1_13' title='bbox 644 752 797 777; x_wconf 83' lang='lat' dir='ltr'>creatum.</span> <span class='ocrx_word' id='word_1_14' title='bbox 825 747 990 777; x_wconf 86' lang='lat' dir='ltr'>Probatur.</span> <span class='ocrx_word' id='word_1_15' title='bbox 1022 747 1136 777; x_wconf 90' lang='lat' dir='ltr'>Omnis</span> <span class='ocrx_word' id='word_1_16' title='bbox 1158 748 1269 777; x_wconf 82' lang='lat' dir='ltr'>relatio</span> <span class='ocrx_word' id='word_1_17' title='bbox 1293 748 1375 778; x_wconf 91' lang='lat' dir='ltr'>inter</span> 
     </span>
    </p>
   </div>
   <div class='ocr_carea' id='block_1_4' title="bbox 19 1186 152 1214">
    <p class='ocr_par' dir='ltr' id='par_1_4' title="bbox 19 1173 152 1214">
     <span class='ocr_line' id='line_1_5' title="bbox 19 1186 152 1214; baseline -0.008 -6"><span class='ocrx_word' id='word_1_18' title='bbox 19 1205 32 1214; x_wconf 50' lang='grc'>,,,</span> <span class='ocrx_word' id='word_1_19' title='bbox 69 1187 79 1199; x_wconf 84' lang='grc'><em>·</em></span> <span class='ocrx_word' id='word_1_20' title='bbox 93 1186 152 1208; x_wconf 59' lang='lat' dir='ltr'>naa.</span> 
     </span>
    </p>
   </div>
   <div class='ocr_carea' id='block_1_5' title="bbox 990 227 1750 275">
    <p class='ocr_par' dir='ltr' id='par_1_5' title="bbox 990 227 1750 275">
     <span class='ocr_line' id='line_1_6' title="bbox 990 227 1750 275; baseline -0.001 -10"><span class='ocrx_word' id='word_1_21' title='bbox 990 228 1252 275; x_wconf 91' lang='lat' dir='ltr'>QUAESTIO</span> <span class='ocrx_word' id='word_1_22' title='bbox 1282 228 1331 275; x_wconf 86' lang='grc' dir='ltr'>ΙΙ,</span> <span class='ocrx_word' id='word_1_23' title='bbox 1365 227 1657 265; x_wconf 89' lang='lat' dir='ltr'>ARTICULUS</span> <span class='ocrx_word' id='word_1_24' title='bbox 1685 228 1750 264; x_wconf 93' lang='lat' dir='ltr'>V11</span> 
     </span>
    </p>
   </div>
   <div class='ocr_carea' id='block_1_6' title="bbox 308 308 1374 743">
    <p class='ocr_par' dir='ltr' id='par_1_6' title="bbox 308 308 1374 699">
     <span class='ocr_line' id='line_1_7' title="bbox 309 308 1372 347; baseline -0.003 -6"><span class='ocrx_word' id='word_1_25' title='bbox 309 311 403 347; x_wconf 87' lang='lat' dir='ltr'>dam;</span> <span class='ocrx_word' id='word_1_26' title='bbox 426 310 578 346; x_wconf 90' lang='lat' dir='ltr'>secundo,</span> <span class='ocrx_word' id='word_1_27' title='bbox 597 315 735 340; x_wconf 86' lang='lat' dir='ltr'>extrema</span> <span class='ocrx_word' id='word_1_28' title='bbox 751 308 851 339; x_wconf 91' lang='lat' dir='ltr'>dictae</span> <span class='ocrx_word' id='word_1_29' title='bbox 867 309 1038 344; x_wconf 83' lang='lat' dir='ltr'>relationis,</span> <span class='ocrx_word' id='word_1_30' title='bbox 1056 308 1203 344; x_wconf 90' lang='lat' dir='ltr'>dicendo,</span> <span class='ocrx_word' id='word_1_31' title='bbox 1226 309 1310 338; x_wconf 87' lang='lat' dir='ltr'>inter</span> <span class='ocrx_word' id='word_1_32' title='bbox 1325 308 1372 338; x_wconf 88' lang='lat' dir='ltr'>di-</span> 
     </span>
     <span class='ocr_line' id='line_1_8' title="bbox 308 352 1373 389; baseline -0.002 -5"><span class='ocrx_word' id='word_1_33' title='bbox 308 355 416 385; x_wconf 79' lang='lat' dir='ltr'>vinam</span> <span class='ocrx_word' id='word_1_34' title='bbox 441 359 592 384; x_wconf 88' lang='lat' dir='ltr'>naturam</span> <span class='ocrx_word' id='word_1_35' title='bbox 613 358 644 384; x_wconf 89' lang='lat' dir='ltr'>et</span> <span class='ocrx_word' id='word_1_36' title='bbox 658 354 831 384; x_wconf 76' lang='lat' dir='ltr'>humanam</span> <span class='ocrx_word' id='word_1_37' title='bbox 839 359 851 389; x_wconf 89' lang='lat'><em>;</em></span> <span class='ocrx_word' id='word_1_38' title='bbox 874 353 978 389; x_wconf 87' lang='lat' dir='ltr'>tertio,</span> <span class='ocrx_word' id='word_1_39' title='bbox 1002 352 1248 383; x_wconf 89' lang='lat' dir='ltr'>fundamentum</span> <span class='ocrx_word' id='word_1_40' title='bbox 1271 352 1373 383; x_wconf 88' lang='lat' dir='ltr'>dictae</span> 
     </span>
     <span class='ocr_line' id='line_1_9' title="bbox 308 396 1373 436; baseline -0.002 -8"><span class='ocrx_word' id='word_1_41' title='bbox 308 399 479 434; x_wconf 79' lang='lat' dir='ltr'>relationis,</span> <span class='ocrx_word' id='word_1_42' title='bbox 504 397 652 433; x_wconf 89' lang='lat' dir='ltr'>dicendo,</span> <span class='ocrx_word' id='word_1_43' title='bbox 667 396 841 427; x_wconf 83' lang='lat' dir='ltr'>secundum</span> <span class='ocrx_word' id='word_1_44' title='bbox 856 396 943 436; x_wconf 85' lang='lat' dir='ltr'>quod</span> <span class='ocrx_word' id='word_1_45' title='bbox 962 397 1156 427; x_wconf 86' lang='lat' dir='ltr'>conveniunt</span> <span class='ocrx_word' id='word_1_46' title='bbox 1171 397 1203 426; x_wconf 88' lang='lat' dir='ltr'>in</span> <span class='ocrx_word' id='word_1_47' title='bbox 1221 406 1285 426; x_wconf 91' lang='lat' dir='ltr'>una</span> <span class='ocrx_word' id='word_1_48' title='bbox 1296 406 1373 436; x_wconf 84' lang='lat' dir='ltr'>per-</span> 
     </span>
     <span class='ocr_line' id='line_1_10' title="bbox 308 440 1373 480; baseline -0.002 -8"><span class='ocrx_word' id='word_1_49' title='bbox 308 451 390 472; x_wconf 85' lang='lat' dir='ltr'>sona</span> <span class='ocrx_word' id='word_1_50' title='bbox 412 442 491 472; x_wconf 87' lang='lat' dir='ltr'><em>Filii</em></span> <span class='ocrx_word' id='word_1_51' title='bbox 505 442 577 472; x_wconf 84' lang='lat' dir='ltr'>Dei.</span> <span class='ocrx_word' id='word_1_52' title='bbox 602 442 664 472; x_wconf 88' lang='lat' dir='ltr'>Ubi</span> <span class='ocrx_word' id='word_1_53' title='bbox 679 446 756 471; x_wconf 90' lang='lat' dir='ltr'>nota</span> <span class='ocrx_word' id='word_1_54' title='bbox 779 441 869 480; x_wconf 90' lang='lat' dir='ltr'>quod</span> <span class='ocrx_word' id='word_1_55' title='bbox 892 446 938 470; x_wconf 89' lang='lat' dir='ltr'>est</span> <span class='ocrx_word' id='word_1_56' title='bbox 961 441 1013 470; x_wconf 90' lang='lat' dir='ltr'>hic</span> <span class='ocrx_word' id='word_1_57' title='bbox 1034 441 1179 480; x_wconf 88' lang='lat' dir='ltr'>quaestio</span> <span class='ocrx_word' id='word_1_58' title='bbox 1196 440 1235 470; x_wconf 91' lang='lat' dir='ltr'>de</span> <span class='ocrx_word' id='word_1_59' title='bbox 1251 441 1373 470; x_wconf 90' lang='lat' dir='ltr'>unione</span> 
     </span>
     <span class='ocr_line' id='line_1_11' title="bbox 310 483 1373 525; baseline -0.002 -9"><span class='ocrx_word' id='word_1_60' title='bbox 310 491 467 525; x_wconf 91' lang='lat' dir='ltr'>quantum</span> <span class='ocrx_word' id='word_1_61' title='bbox 490 485 529 515; x_wconf 88' lang='lat' dir='ltr'>ad</span> <span class='ocrx_word' id='word_1_62' title='bbox 544 485 732 516; x_wconf 87' lang='lat' dir='ltr'>relationem</span> <span class='ocrx_word' id='word_1_63' title='bbox 756 493 854 523; x_wconf 92' lang='lat' dir='ltr'>quam</span> <span class='ocrx_word' id='word_1_64' title='bbox 870 483 1040 523; x_wconf 88' lang='lat' dir='ltr'>significat:</span> <span class='ocrx_word' id='word_1_65' title='bbox 1067 490 1097 514; x_wconf 91' lang='lat' dir='ltr'>et</span> <span class='ocrx_word' id='word_1_66' title='bbox 1112 494 1180 514; x_wconf 92' lang='lat' dir='ltr'>non</span> <span class='ocrx_word' id='word_1_67' title='bbox 1196 484 1235 514; x_wconf 89' lang='lat' dir='ltr'>de</span> <span class='ocrx_word' id='word_1_68' title='bbox 1252 485 1373 514; x_wconf 90' lang='lat' dir='ltr'>unione</span> 
     </span>
     <span class='ocr_line' id='line_1_12' title="bbox 310 527 1374 569; baseline -0.002 -9"><span class='ocrx_word' id='word_1_69' title='bbox 310 535 467 569; x_wconf 87' lang='lat' dir='ltr'>quantum</span> <span class='ocrx_word' id='word_1_70' title='bbox 490 529 530 559; x_wconf 90' lang='lat' dir='ltr'>ad</span> <span class='ocrx_word' id='word_1_71' title='bbox 549 528 795 559; x_wconf 87' lang='lat' dir='ltr'>fundamentum</span> <span class='ocrx_word' id='word_1_72' title='bbox 819 527 858 558; x_wconf 89' lang='lat' dir='ltr'>ad</span> <span class='ocrx_word' id='word_1_73' title='bbox 874 527 964 567; x_wconf 92' lang='lat' dir='ltr'>quod</span> <span class='ocrx_word' id='word_1_74' title='bbox 980 529 1197 568; x_wconf 81' lang='lat' dir='ltr'>consequitur,</span> <span class='ocrx_word' id='word_1_75' title='bbox 1222 528 1311 567; x_wconf 92' lang='lat' dir='ltr'>quod</span> <span class='ocrx_word' id='word_1_76' title='bbox 1328 534 1374 558; x_wconf 87' lang='lat' dir='ltr'>est</span> 
     </span>
     <span class='ocr_line' id='line_1_13' title="bbox 310 572 1373 611; baseline -0.002 -7"><span class='ocrx_word' id='word_1_77' title='bbox 310 574 496 604; x_wconf 85' lang='lat' dir='ltr'>coniunctio</span> <span class='ocrx_word' id='word_1_78' title='bbox 512 578 696 603; x_wconf 81' lang='lat' dir='ltr'>naturarum</span> <span class='ocrx_word' id='word_1_79' title='bbox 707 573 741 602; x_wconf 90' lang='lat' dir='ltr'>in</span> <span class='ocrx_word' id='word_1_80' title='bbox 753 581 889 611; x_wconf 91' lang='lat' dir='ltr'>persona</span> <span class='ocrx_word' id='word_1_81' title='bbox 901 572 973 601; x_wconf 89' lang='lat' dir='ltr'>Filii</span> <span class='ocrx_word' id='word_1_82' title='bbox 986 572 1056 607; x_wconf 80' lang='lat' dir='ltr'>Dei,</span> <span class='ocrx_word' id='word_1_83' title='bbox 1070 581 1167 611; x_wconf 91' lang='lat' dir='ltr'>quam</span> <span class='ocrx_word' id='word_1_84' title='bbox 1183 572 1373 602; x_wconf 89' lang='lat' dir='ltr'>conclusum</span> 
     </span>
     <span class='ocr_line' id='line_1_14' title="bbox 310 615 1374 651; baseline -0.001 -4"><span class='ocrx_word' id='word_1_85' title='bbox 310 623 357 647; x_wconf 91' lang='lat' dir='ltr'>est</span> <span class='ocrx_word' id='word_1_86' title='bbox 371 618 388 634; x_wconf 46' lang='grc' dir='ltr'><strong><em>ἃ</em></strong></span> <span class='ocrx_word' id='word_1_87' title='bbox 412 626 479 647; x_wconf 93' lang='lat' dir='ltr'>esse</span> <span class='ocrx_word' id='word_1_88' title='bbox 503 617 658 647; x_wconf 90' lang='lat' dir='ltr'>unionem</span> <span class='ocrx_word' id='word_1_89' title='bbox 682 615 936 651; x_wconf 80' lang='lat' dir='ltr'>substantialem,</span> <span class='ocrx_word' id='word_1_90' title='bbox 962 621 992 645; x_wconf 92' lang='lat' dir='ltr'>et</span> <span class='ocrx_word' id='word_1_91' title='bbox 1014 625 1082 646; x_wconf 91' lang='lat' dir='ltr'>non</span> <span class='ocrx_word' id='word_1_92' title='bbox 1105 615 1282 646; x_wconf 90' lang='lat' dir='ltr'>secundum</span> <span class='ocrx_word' id='word_1_93' title='bbox 1306 625 1374 646; x_wconf 89' lang='lat' dir='ltr'>esse</span> 
     </span>
     <span class='ocr_line' id='line_1_15' title="bbox 309 659 1062 699; baseline -0.001 -9"><span class='ocrx_word' id='word_1_94' title='bbox 309 661 486 690; x_wconf 89' lang='lat' dir='ltr'>relativum.</span> <span class='ocrx_word' id='word_1_95' title='bbox 510 677 531 682; x_wconf 89' lang='lat'><em>-</em></span> <span class='ocrx_word' id='word_1_96' title='bbox 555 660 596 689; x_wconf 89' lang='lat' dir='ltr'>Et</span> <span class='ocrx_word' id='word_1_97' title='bbox 618 660 663 689; x_wconf 92' lang='lat' dir='ltr'>sic</span> <span class='ocrx_word' id='word_1_98' title='bbox 685 664 772 699; x_wconf 92' lang='lat' dir='ltr'>patet</span> <span class='ocrx_word' id='word_1_99' title='bbox 795 659 905 689; x_wconf 88' lang='lat' dir='ltr'>titulus</span> <span class='ocrx_word' id='word_1_100' title='bbox 929 659 1062 689; x_wconf 87' lang='lat' dir='ltr'>articuli.</span> 
     </span>
    </p>

    <p class='ocr_par' dir='ltr' id='par_1_7' title="bbox 364 703 1374 743">
     <span class='ocr_line' id='line_1_16' title="bbox 364 703 1374 743; baseline -0.001 -9"><span class='ocrx_word' id='word_1_101' title='bbox 364 704 402 734; x_wconf 87' lang='grc' dir='ltr'>ΙΙ.</span> <span class='ocrx_word' id='word_1_102' title='bbox 426 703 544 741; x_wconf 86' lang='lat' dir='ltr'>Quoad</span> <span class='ocrx_word' id='word_1_103' title='bbox 566 703 746 733; x_wconf 90' lang='lat' dir='ltr'>secundum</span> <span class='ocrx_word' id='word_1_104' title='bbox 761 704 787 739; x_wconf 67' lang='lat'>⁴⁵,</span> <span class='ocrx_word' id='word_1_105' title='bbox 806 703 972 733; x_wconf 89' lang='lat' dir='ltr'>conclusio</span> <span class='ocrx_word' id='word_1_106' title='bbox 997 709 1058 734; x_wconf 92' lang='lat' dir='ltr'>est:</span> <span class='ocrx_word' id='word_1_107' title='bbox 1087 703 1182 739; x_wconf 87' lang='lat' dir='ltr'>Unio,</span> <span class='ocrx_word' id='word_1_108' title='bbox 1200 714 1265 743; x_wconf 85' lang='lat' dir='ltr'>pro</span> <span class='ocrx_word' id='word_1_109' title='bbox 1290 704 1374 734; x_wconf 85' lang='lat' dir='ltr'>rela-</span> 
     </span>
    </p>
   </div>
   <div class='ocr_carea' id='block_1_7' title="bbox 306 791 1375 2014">
    <p class='ocr_par' dir='ltr' id='par_1_8' title="bbox 308 791 1374 918">
     <span class='ocr_line' id='line_1_17' title="bbox 309 791 1373 827; baseline -0.001 -4"><span class='ocrx_word' id='word_1_110' title='bbox 309 792 416 823; x_wconf 85' lang='lat' dir='ltr'>Deum</span> <span class='ocrx_word' id='word_1_111' title='bbox 433 797 463 822; x_wconf 89' lang='lat' dir='ltr'>et</span> <span class='ocrx_word' id='word_1_112' title='bbox 479 797 654 822; x_wconf 88' lang='lat' dir='ltr'>creaturam</span> <span class='ocrx_word' id='word_1_113' title='bbox 678 796 724 821; x_wconf 88' lang='lat' dir='ltr'>est</span> <span class='ocrx_word' id='word_1_114' title='bbox 739 791 863 821; x_wconf 80' lang='lat' dir='ltr'>realiter</span> <span class='ocrx_word' id='word_1_115' title='bbox 877 792 911 821; x_wconf 90' lang='lat' dir='ltr'>in</span> <span class='ocrx_word' id='word_1_116' title='bbox 928 797 1080 827; x_wconf 82' lang='lat' dir='ltr'>creatura,</span> <span class='ocrx_word' id='word_1_117' title='bbox 1105 797 1135 821; x_wconf 93' lang='lat' dir='ltr'>et</span> <span class='ocrx_word' id='word_1_118' title='bbox 1157 801 1226 821; x_wconf 89' lang='lat' dir='ltr'>non</span> <span class='ocrx_word' id='word_1_119' title='bbox 1241 792 1275 821; x_wconf 90' lang='lat' dir='ltr'>in</span> <span class='ocrx_word' id='word_1_120' title='bbox 1291 791 1373 822; x_wconf 86' lang='lat' dir='ltr'>Deo.</span> 
     </span>
     <span class='ocr_line' id='line_1_18' title="bbox 309 834 1374 875; baseline 0 -9"><span class='ocrx_word' id='word_1_121' title='bbox 309 836 395 875; x_wconf 87' lang='lat' dir='ltr'>Ergo</span> <span class='ocrx_word' id='word_1_122' title='bbox 418 836 476 866; x_wconf 85' lang='lat' dir='ltr'>ista</span> <span class='ocrx_word' id='word_1_123' title='bbox 498 835 628 865; x_wconf 91' lang='lat' dir='ltr'>unionis</span> <span class='ocrx_word' id='word_1_124' title='bbox 651 834 762 864; x_wconf 89' lang='lat' dir='ltr'>relatio</span> <span class='ocrx_word' id='word_1_125' title='bbox 785 845 853 865; x_wconf 91' lang='lat' dir='ltr'>non</span> <span class='ocrx_word' id='word_1_126' title='bbox 877 840 924 865; x_wconf 92' lang='lat' dir='ltr'>est</span> <span class='ocrx_word' id='word_1_127' title='bbox 946 836 980 865; x_wconf 91' lang='lat' dir='ltr'>in</span> <span class='ocrx_word' id='word_1_128' title='bbox 1004 835 1074 865; x_wconf 93' lang='lat' dir='ltr'>Deo</span> <span class='ocrx_word' id='word_1_129' title='bbox 1099 835 1238 871; x_wconf 85' lang='lat' dir='ltr'>realiter,</span> <span class='ocrx_word' id='word_1_130' title='bbox 1263 835 1319 865; x_wconf 92' lang='lat' dir='ltr'>sed</span> <span class='ocrx_word' id='word_1_131' title='bbox 1340 836 1374 866; x_wconf 89' lang='lat' dir='ltr'>in</span> 
     </span>
     <span class='ocr_line' id='line_1_19' title="bbox 308 878 1328 918; baseline -0.001 -8"><span class='ocrx_word' id='word_1_132' title='bbox 308 885 422 910; x_wconf 82' lang='lat' dir='ltr'>natura</span> <span class='ocrx_word' id='word_1_133' title='bbox 442 879 583 909; x_wconf 85' lang='lat' dir='ltr'>humana</span> <span class='ocrx_word' id='word_1_134' title='bbox 607 883 653 908; x_wconf 92' lang='lat' dir='ltr'>est</span> <span class='ocrx_word' id='word_1_135' title='bbox 675 878 807 909; x_wconf 85' lang='lat' dir='ltr'>realiter.</span> <span class='ocrx_word' id='word_1_136' title='bbox 843 879 928 918; x_wconf 89' lang='lat' dir='ltr'>Ergo</span> <span class='ocrx_word' id='word_1_137' title='bbox 959 884 1006 909; x_wconf 90' lang='lat' dir='ltr'>est</span> <span class='ocrx_word' id='word_1_138' title='bbox 1029 878 1149 918; x_wconf 92' lang='lat' dir='ltr'>aliquid</span> <span class='ocrx_word' id='word_1_139' title='bbox 1177 884 1328 909; x_wconf 90' lang='lat' dir='ltr'>creatum.</span> 
     </span>
    </p>

    <p class='ocr_par' dir='ltr' id='par_1_9' title="bbox 308 922 1375 1138">
     <span class='ocr_line' id='line_1_20' title="bbox 363 922 1374 958; baseline 0.001 -6"><span class='ocrx_word' id='word_1_140' title='bbox 363 922 567 953; x_wconf 88' lang='lat' dir='ltr'>Antecedens</span> <span class='ocrx_word' id='word_1_141' title='bbox 591 928 622 952; x_wconf 90' lang='lat' dir='ltr'>et</span> <span class='ocrx_word' id='word_1_142' title='bbox 645 932 684 952; x_wconf 84' lang='lat' dir='ltr'>ex</span> <span class='ocrx_word' id='word_1_143' title='bbox 707 922 798 952; x_wconf 92' lang='lat' dir='ltr'>dictis</span> <span class='ocrx_word' id='word_1_144' title='bbox 820 923 854 953; x_wconf 90' lang='lat' dir='ltr'>in</span> <span class='ocrx_word' id='word_1_145' title='bbox 877 923 982 953; x_wconf 88' lang='lat' dir='ltr'>Prima</span> <span class='ocrx_word' id='word_1_146' title='bbox 1011 923 1102 953; x_wconf 88' lang='lat' dir='ltr'>Parte</span> <span class='ocrx_word' id='word_1_147' title='bbox 1132 923 1318 958; x_wconf 86' lang='lat' dir='ltr'>assumitur,</span> <span class='ocrx_word' id='word_1_148' title='bbox 1344 928 1374 953; x_wconf 92' lang='lat' dir='ltr'>et</span> 
     </span>
     <span class='ocr_line' id='line_1_21' title="bbox 308 966 1375 1007; baseline -0.001 -10"><span class='ocrx_word' id='word_1_149' title='bbox 308 967 478 1007; x_wconf 87' lang='lat' dir='ltr'>probatur:</span> <span class='ocrx_word' id='word_1_150' title='bbox 510 967 586 1006; x_wconf 90' lang='lat' dir='ltr'>quia</span> <span class='ocrx_word' id='word_1_151' title='bbox 614 966 790 996; x_wconf 83' lang='lat' dir='ltr'>innascitur</span> <span class='ocrx_word' id='word_1_152' title='bbox 811 976 869 1006; x_wconf 91' lang='lat' dir='ltr'>per</span> <span class='ocrx_word' id='word_1_153' title='bbox 897 968 1111 997; x_wconf 83' lang='lat' dir='ltr'>mutationem</span> <span class='ocrx_word' id='word_1_154' title='bbox 1142 972 1319 1002; x_wconf 88' lang='lat' dir='ltr'>creaturae,</span> <span class='ocrx_word' id='word_1_155' title='bbox 1345 972 1375 997; x_wconf 91' lang='lat' dir='ltr'>et</span> 
     </span>
     <span class='ocr_line' id='line_1_22' title="bbox 308 1010 1375 1050; baseline -0.001 -9"><span class='ocrx_word' id='word_1_156' title='bbox 308 1020 376 1041; x_wconf 89' lang='lat' dir='ltr'>non</span> <span class='ocrx_word' id='word_1_157' title='bbox 394 1020 452 1050; x_wconf 90' lang='lat' dir='ltr'>per</span> <span class='ocrx_word' id='word_1_158' title='bbox 466 1011 680 1041; x_wconf 84' lang='lat' dir='ltr'>mutationem</span> <span class='ocrx_word' id='word_1_159' title='bbox 691 1010 761 1040; x_wconf 92' lang='lat' dir='ltr'>Dei.</span> <span class='ocrx_word' id='word_1_160' title='bbox 773 1028 797 1032; x_wconf 92' lang='lat'>—</span> <span class='ocrx_word' id='word_1_161' title='bbox 809 1010 1050 1050; x_wconf 86' lang='lat' dir='ltr'>Consequentia</span> <span class='ocrx_word' id='word_1_162' title='bbox 1065 1011 1167 1050; x_wconf 88' lang='lat' dir='ltr'>prima</span> <span class='ocrx_word' id='word_1_163' title='bbox 1183 1020 1221 1040; x_wconf 85' lang='lat' dir='ltr'>ex</span> <span class='ocrx_word' id='word_1_164' title='bbox 1237 1010 1375 1041; x_wconf 89' lang='lat' dir='ltr'>declara-</span> 
     </span>
     <span class='ocr_line' id='line_1_23' title="bbox 308 1054 1373 1094; baseline -0.002 -8"><span class='ocrx_word' id='word_1_165' title='bbox 308 1055 398 1086; x_wconf 82' lang='lat' dir='ltr'>tione</span> <span class='ocrx_word' id='word_1_166' title='bbox 412 1055 497 1085; x_wconf 91' lang='lat' dir='ltr'>tituli</span> <span class='ocrx_word' id='word_1_167' title='bbox 512 1059 608 1094; x_wconf 90' lang='lat' dir='ltr'>patet.</span> <span class='ocrx_word' id='word_1_168' title='bbox 626 1071 646 1076; x_wconf 94' lang='lat'>—-</span> <span class='ocrx_word' id='word_1_169' title='bbox 664 1054 812 1084; x_wconf 89' lang='lat' dir='ltr'>Secunda</span> <span class='ocrx_word' id='word_1_170' title='bbox 827 1059 935 1085; x_wconf 89' lang='lat' dir='ltr'>autem</span> <span class='ocrx_word' id='word_1_171' title='bbox 950 1055 1140 1094; x_wconf 89' lang='lat' dir='ltr'>relinquitur</span> <span class='ocrx_word' id='word_1_172' title='bbox 1158 1064 1216 1094; x_wconf 91' lang='lat' dir='ltr'>per</span> <span class='ocrx_word' id='word_1_173' title='bbox 1231 1064 1264 1084; x_wconf 90' lang='lat' dir='ltr'>se</span> <span class='ocrx_word' id='word_1_174' title='bbox 1279 1060 1373 1084; x_wconf 89' lang='lat' dir='ltr'>nota:</span> 
     </span>
     <span class='ocr_line' id='line_1_24' title="bbox 310 1098 1259 1138; baseline 0 -10"><span class='ocrx_word' id='word_1_175' title='bbox 310 1099 385 1138; x_wconf 91' lang='lat' dir='ltr'>quia</span> <span class='ocrx_word' id='word_1_176' title='bbox 409 1098 567 1138; x_wconf 91' lang='lat' dir='ltr'>quidquid</span> <span class='ocrx_word' id='word_1_177' title='bbox 589 1098 713 1128; x_wconf 89' lang='lat' dir='ltr'>realiter</span> <span class='ocrx_word' id='word_1_178' title='bbox 736 1103 782 1128; x_wconf 91' lang='lat' dir='ltr'>est</span> <span class='ocrx_word' id='word_1_179' title='bbox 804 1099 838 1128; x_wconf 91' lang='lat' dir='ltr'>in</span> <span class='ocrx_word' id='word_1_180' title='bbox 862 1104 1012 1134; x_wconf 91' lang='lat' dir='ltr'>creatura,</span> <span class='ocrx_word' id='word_1_181' title='bbox 1038 1104 1084 1128; x_wconf 90' lang='lat' dir='ltr'>est</span> <span class='ocrx_word' id='word_1_182' title='bbox 1107 1104 1259 1129; x_wconf 89' lang='lat' dir='ltr'>creatum.</span> 
     </span>
    </p>

    <p class='ocr_par' dir='ltr' id='par_1_10' title="bbox 306 1142 1375 2014">
     <span class='ocr_line' id='line_1_25' title="bbox 364 1142 1375 1173; baseline 0 -1"><span class='ocrx_word' id='word_1_183' title='bbox 364 1143 416 1173; x_wconf 90' lang='grc' dir='ltr'><strong>ΙΙΙ.</strong></span> <span class='ocrx_word' id='word_1_184' title='bbox 441 1142 477 1172; x_wconf 90' lang='lat' dir='ltr'>In</span> <span class='ocrx_word' id='word_1_185' title='bbox 506 1143 570 1172; x_wconf 92' lang='lat' dir='ltr'>hoc</span> <span class='ocrx_word' id='word_1_186' title='bbox 600 1142 733 1172; x_wconf 87' lang='lat' dir='ltr'>articulo</span> <span class='ocrx_word' id='word_1_187' title='bbox 768 1142 948 1172; x_wconf 87' lang='lat' dir='ltr'>cautissime</span> <span class='ocrx_word' id='word_1_188' title='bbox 978 1142 1104 1172; x_wconf 90' lang='lat' dir='ltr'>adverte</span> <span class='ocrx_word' id='word_1_189' title='bbox 1137 1142 1375 1172; x_wconf 87' lang='lat' dir='ltr'>distinctionem</span> 
     </span>
     <span class='ocr_line' id='line_1_26' title="bbox 309 1186 1375 1226; baseline 0 -10"><span class='ocrx_word' id='word_1_190' title='bbox 309 1186 503 1226; x_wconf 87' lang='lat' dir='ltr'>praedictam</span> <span class='ocrx_word' id='word_1_191' title='bbox 515 1187 531 1203; x_wconf 42' lang='grc' dir='ltr'>θ’</span> <span class='ocrx_word' id='word_1_192' title='bbox 548 1186 587 1216; x_wconf 93' lang='lat' dir='ltr'>de</span> <span class='ocrx_word' id='word_1_193' title='bbox 603 1186 737 1216; x_wconf 90' lang='lat' dir='ltr'>unione:</span> <span class='ocrx_word' id='word_1_194' title='bbox 763 1186 813 1215; x_wconf 92' lang='lat' dir='ltr'>vel</span> <span class='ocrx_word' id='word_1_195' title='bbox 829 1191 986 1225; x_wconf 90' lang='lat' dir='ltr'>quantum</span> <span class='ocrx_word' id='word_1_196' title='bbox 1007 1186 1047 1216; x_wconf 90' lang='lat' dir='ltr'>ad</span> <span class='ocrx_word' id='word_1_197' title='bbox 1062 1186 1259 1218; x_wconf 85' lang='lat' dir='ltr'>relationem.</span> <span class='ocrx_word' id='word_1_198' title='bbox 1277 1195 1375 1225; x_wconf 91' lang='lat' dir='ltr'>quam</span> 
     </span>
     <span class='ocr_line' id='line_1_27' title="bbox 309 1229 1375 1270; baseline 0 -11"><span class='ocrx_word' id='word_1_199' title='bbox 309 1229 481 1270; x_wconf 88' lang='lat' dir='ltr'>significat;</span> <span class='ocrx_word' id='word_1_200' title='bbox 511 1230 563 1260; x_wconf 93' lang='lat' dir='ltr'>vel</span> <span class='ocrx_word' id='word_1_201' title='bbox 586 1234 743 1269; x_wconf 89' lang='lat' dir='ltr'>quantum</span> <span class='ocrx_word' id='word_1_202' title='bbox 766 1229 806 1259; x_wconf 95' lang='lat' dir='ltr'>ad</span> <span class='ocrx_word' id='word_1_203' title='bbox 829 1230 1092 1260; x_wconf 86' lang='lat' dir='ltr'>coniunctionem</span> <span class='ocrx_word' id='word_1_204' title='bbox 1111 1230 1144 1259; x_wconf 93' lang='lat' dir='ltr'>in</span> <span class='ocrx_word' id='word_1_205' title='bbox 1167 1239 1314 1269; x_wconf 89' lang='lat' dir='ltr'>persona,</span> <span class='ocrx_word' id='word_1_206' title='bbox 1336 1229 1375 1260; x_wconf 90' lang='lat' dir='ltr'>ad</span> 
     </span>
     <span class='ocr_line' id='line_1_28' title="bbox 309 1272 1375 1313; baseline 0 -9"><span class='ocrx_word' id='word_1_207' title='bbox 309 1283 408 1313; x_wconf 89' lang='lat' dir='ltr'>quam</span> <span class='ocrx_word' id='word_1_208' title='bbox 423 1274 641 1313; x_wconf 87' lang='lat' dir='ltr'>consequitur.</span> <span class='ocrx_word' id='word_1_209' title='bbox 666 1273 831 1310; x_wconf 89' lang='lat' dir='ltr'>Quoniam</span> <span class='ocrx_word' id='word_1_210' title='bbox 846 1273 918 1312; x_wconf 93' lang='lat' dir='ltr'>plus</span> <span class='ocrx_word' id='word_1_211' title='bbox 935 1272 1085 1303; x_wconf 84' lang='lat' dir='ltr'>differunt</span> <span class='ocrx_word' id='word_1_212' title='bbox 1099 1274 1178 1303; x_wconf 91' lang='lat' dir='ltr'>haec</span> <span class='ocrx_word' id='word_1_213' title='bbox 1194 1273 1259 1303; x_wconf 92' lang='lat' dir='ltr'>duo</span> <span class='ocrx_word' id='word_1_214' title='bbox 1277 1283 1375 1313; x_wconf 91' lang='lat' dir='ltr'>quam</span> 
     </span>
     <span class='ocr_line' id='line_1_29' title="bbox 309 1316 1375 1357; baseline 0 -9"><span class='ocrx_word' id='word_1_215' title='bbox 309 1317 434 1348; x_wconf 90' lang='lat' dir='ltr'>caelum</span> <span class='ocrx_word' id='word_1_216' title='bbox 463 1322 494 1347; x_wconf 91' lang='lat' dir='ltr'>et</span> <span class='ocrx_word' id='word_1_217' title='bbox 522 1322 613 1347; x_wconf 90' lang='lat' dir='ltr'>terra.</span> <span class='ocrx_word' id='word_1_218' title='bbox 649 1316 735 1347; x_wconf 93' lang='lat' dir='ltr'>Unio</span> <span class='ocrx_word' id='word_1_219' title='bbox 760 1317 846 1347; x_wconf 89' lang='lat' dir='ltr'>enim</span> <span class='ocrx_word' id='word_1_220' title='bbox 868 1326 928 1356; x_wconf 91' lang='lat' dir='ltr'>pro</span> <span class='ocrx_word' id='word_1_221' title='bbox 951 1317 1106 1347; x_wconf 83' lang='lat' dir='ltr'>relatione</span> <span class='ocrx_word' id='word_1_222' title='bbox 1134 1322 1180 1347; x_wconf 90' lang='lat' dir='ltr'>est</span> <span class='ocrx_word' id='word_1_223' title='bbox 1202 1318 1236 1347; x_wconf 91' lang='lat' dir='ltr'>in</span> <span class='ocrx_word' id='word_1_224' title='bbox 1258 1327 1375 1357; x_wconf 87' lang='lat' dir='ltr'>genere</span> 
     </span>
     <span class='ocr_line' id='line_1_30' title="bbox 308 1360 1373 1397; baseline 0 -6"><span class='ocrx_word' id='word_1_225' title='bbox 308 1362 486 1397; x_wconf 88' lang='lat' dir='ltr'>relationis,</span> <span class='ocrx_word' id='word_1_226' title='bbox 512 1366 543 1391; x_wconf 91' lang='lat' dir='ltr'>et</span> <span class='ocrx_word' id='word_1_227' title='bbox 566 1367 613 1391; x_wconf 90' lang='lat' dir='ltr'>est</span> <span class='ocrx_word' id='word_1_228' title='bbox 637 1370 693 1390; x_wconf 89' lang='lat' dir='ltr'>ens</span> <span class='ocrx_word' id='word_1_229' title='bbox 714 1360 799 1391; x_wconf 89' lang='lat' dir='ltr'>reale</span> <span class='ocrx_word' id='word_1_230' title='bbox 822 1366 981 1396; x_wconf 83' lang='lat' dir='ltr'>creatum,</span> <span class='ocrx_word' id='word_1_231' title='bbox 1009 1366 1045 1391; x_wconf 93' lang='lat' dir='ltr'>ut</span> <span class='ocrx_word' id='word_1_232' title='bbox 1067 1362 1101 1391; x_wconf 93' lang='lat' dir='ltr'>in</span> <span class='ocrx_word' id='word_1_233' title='bbox 1123 1361 1226 1391; x_wconf 89' lang='lat' dir='ltr'>littera</span> <span class='ocrx_word' id='word_1_234' title='bbox 1249 1361 1373 1391; x_wconf 91' lang='lat' dir='ltr'>dicitur.</span> 
     </span>
     <span class='ocr_line' id='line_1_31' title="bbox 308 1405 1375 1444; baseline -0.001 -8"><span class='ocrx_word' id='word_1_235' title='bbox 308 1405 395 1436; x_wconf 87' lang='lat' dir='ltr'>Unio</span> <span class='ocrx_word' id='word_1_236' title='bbox 413 1411 522 1436; x_wconf 84' lang='lat' dir='ltr'>autem</span> <span class='ocrx_word' id='word_1_237' title='bbox 544 1414 603 1444; x_wconf 91' lang='lat' dir='ltr'>pro</span> <span class='ocrx_word' id='word_1_238' title='bbox 621 1405 852 1435; x_wconf 89' lang='lat' dir='ltr'>coniunctione</span> <span class='ocrx_word' id='word_1_239' title='bbox 867 1410 997 1435; x_wconf 90' lang='lat' dir='ltr'>naturae</span> <span class='ocrx_word' id='word_1_240' title='bbox 1013 1405 1172 1435; x_wconf 89' lang='lat' dir='ltr'>humanae</span> <span class='ocrx_word' id='word_1_241' title='bbox 1188 1405 1222 1435; x_wconf 91' lang='lat' dir='ltr'>in</span> <span class='ocrx_word' id='word_1_242' title='bbox 1237 1414 1375 1444; x_wconf 91' lang='lat' dir='ltr'>persona</span> 
     </span>
     <span class='ocr_line' id='line_1_32' title="bbox 309 1448 1374 1488; baseline 0 -9"><span class='ocrx_word' id='word_1_243' title='bbox 309 1448 431 1485; x_wconf 90' lang='lat' dir='ltr'>divina,</span> <span class='ocrx_word' id='word_1_244' title='bbox 462 1458 537 1479; x_wconf 93' lang='lat' dir='ltr'>cum</span> <span class='ocrx_word' id='word_1_245' title='bbox 561 1448 712 1479; x_wconf 86' lang='lat' dir='ltr'>consistat</span> <span class='ocrx_word' id='word_1_246' title='bbox 734 1449 768 1478; x_wconf 94' lang='lat' dir='ltr'>in</span> <span class='ocrx_word' id='word_1_247' title='bbox 791 1449 912 1479; x_wconf 85' lang='lat' dir='ltr'>unitate</span> <span class='ocrx_word' id='word_1_248' title='bbox 944 1458 1027 1488; x_wconf 90' lang='lat' dir='ltr'>quae</span> <span class='ocrx_word' id='word_1_249' title='bbox 1051 1454 1098 1479; x_wconf 90' lang='lat' dir='ltr'>est</span> <span class='ocrx_word' id='word_1_250' title='bbox 1124 1450 1207 1479; x_wconf 89' lang='lat' dir='ltr'>inter</span> <span class='ocrx_word' id='word_1_251' title='bbox 1229 1455 1374 1480; x_wconf 89' lang='lat' dir='ltr'>naturam</span> 
     </span>
     <span class='ocr_line' id='line_1_33' title="bbox 307 1492 1374 1532; baseline 0.001 -10"><span class='ocrx_word' id='word_1_252' title='bbox 307 1493 481 1523; x_wconf 91' lang='lat' dir='ltr'>humanam</span> <span class='ocrx_word' id='word_1_253' title='bbox 505 1498 536 1523; x_wconf 93' lang='lat' dir='ltr'>et</span> <span class='ocrx_word' id='word_1_254' title='bbox 558 1502 730 1532; x_wconf 89' lang='lat' dir='ltr'>personam</span> <span class='ocrx_word' id='word_1_255' title='bbox 753 1492 825 1522; x_wconf 91' lang='lat' dir='ltr'>Filii</span> <span class='ocrx_word' id='word_1_256' title='bbox 848 1492 919 1528; x_wconf 93' lang='lat' dir='ltr'>Dei,</span> <span class='ocrx_word' id='word_1_257' title='bbox 944 1498 990 1523; x_wconf 90' lang='lat' dir='ltr'>est</span> <span class='ocrx_word' id='word_1_258' title='bbox 1005 1494 1039 1523; x_wconf 91' lang='lat' dir='ltr'>in</span> <span class='ocrx_word' id='word_1_259' title='bbox 1054 1502 1170 1532; x_wconf 85' lang='lat' dir='ltr'>genere</span> <span class='ocrx_word' id='word_1_260' title='bbox 1189 1503 1246 1523; x_wconf 91' lang='lat' dir='ltr'>seu</span> <span class='ocrx_word' id='word_1_261' title='bbox 1263 1493 1374 1523; x_wconf 88' lang='lat' dir='ltr'>ordine</span> 
     </span>
     <span class='ocr_line' id='line_1_34' title="bbox 308 1535 1375 1576; baseline 0.001 -10"><span class='ocrx_word' id='word_1_262' title='bbox 308 1537 516 1567; x_wconf 88' lang='lat' dir='ltr'>substantiae:</span> <span class='ocrx_word' id='word_1_263' title='bbox 542 1542 573 1567; x_wconf 93' lang='lat' dir='ltr'>et</span> <span class='ocrx_word' id='word_1_264' title='bbox 587 1546 655 1566; x_wconf 92' lang='lat' dir='ltr'>non</span> <span class='ocrx_word' id='word_1_265' title='bbox 671 1542 718 1566; x_wconf 91' lang='lat' dir='ltr'>est</span> <span class='ocrx_word' id='word_1_266' title='bbox 733 1535 854 1576; x_wconf 90' lang='lat' dir='ltr'>aliquid</span> <span class='ocrx_word' id='word_1_267' title='bbox 870 1542 1021 1571; x_wconf 80' lang='lat' dir='ltr'>creatum,</span> <span class='ocrx_word' id='word_1_268' title='bbox 1038 1536 1094 1566; x_wconf 91' lang='lat' dir='ltr'>sed</span> <span class='ocrx_word' id='word_1_269' title='bbox 1110 1537 1252 1567; x_wconf 89' lang='lat' dir='ltr'>Creator.</span> <span class='ocrx_word' id='word_1_270' title='bbox 1275 1537 1375 1575; x_wconf 93' lang='lat' dir='ltr'>Quod</span> 
     </span>
     <span class='ocr_line' id='line_1_35' title="bbox 308 1579 1373 1620; baseline 0.001 -10"><span class='ocrx_word' id='word_1_271' title='bbox 308 1590 346 1611; x_wconf 88' lang='lat' dir='ltr'>ex</span> <span class='ocrx_word' id='word_1_272' title='bbox 370 1590 410 1611; x_wconf 92' lang='lat' dir='ltr'>eo</span> <span class='ocrx_word' id='word_1_273' title='bbox 434 1586 558 1611; x_wconf 91' lang='lat' dir='ltr'>constat</span> <span class='ocrx_word' id='word_1_274' title='bbox 581 1579 671 1620; x_wconf 92' lang='lat' dir='ltr'>quod</span> <span class='ocrx_word' id='word_1_275' title='bbox 694 1590 797 1610; x_wconf 89' lang='lat' dir='ltr'>unum</span> <span class='ocrx_word' id='word_1_276' title='bbox 819 1590 887 1610; x_wconf 92' lang='lat' dir='ltr'>non</span> <span class='ocrx_word' id='word_1_277' title='bbox 917 1580 1003 1610; x_wconf 90' lang='lat' dir='ltr'>addit</span> <span class='ocrx_word' id='word_1_278' title='bbox 1026 1590 1122 1620; x_wconf 90' lang='lat' dir='ltr'>supra</span> <span class='ocrx_word' id='word_1_279' title='bbox 1145 1591 1200 1611; x_wconf 91' lang='lat' dir='ltr'>ens</span> <span class='ocrx_word' id='word_1_280' title='bbox 1227 1587 1373 1611; x_wconf 89' lang='lat' dir='ltr'>naturam</span> 
     </span>
     <span class='ocr_line' id='line_1_36' title="bbox 308 1622 1372 1666; baseline 0 -11"><span class='ocrx_word' id='word_1_281' title='bbox 308 1625 464 1665; x_wconf 89' lang='lat' dir='ltr'>aliquam:</span> <span class='ocrx_word' id='word_1_282' title='bbox 485 1630 516 1654; x_wconf 91' lang='lat' dir='ltr'>et</span> <span class='ocrx_word' id='word_1_283' title='bbox 532 1623 790 1663; x_wconf 89' lang='lat' dir='ltr'>unumquodque</span> <span class='ocrx_word' id='word_1_284' title='bbox 806 1633 863 1663; x_wconf 89' lang='lat' dir='ltr'>per</span> <span class='ocrx_word' id='word_1_285' title='bbox 874 1624 1020 1655; x_wconf 89' lang='lat' dir='ltr'>illudmet</span> <span class='ocrx_word' id='word_1_286' title='bbox 1038 1622 1119 1666; x_wconf 89' lang='lat' dir='ltr'>[per]</span> <span class='ocrx_word' id='word_1_287' title='bbox 1139 1625 1228 1665; x_wconf 91' lang='lat' dir='ltr'>quod</span> <span class='ocrx_word' id='word_1_288' title='bbox 1244 1630 1291 1655; x_wconf 90' lang='lat' dir='ltr'>est</span> <span class='ocrx_word' id='word_1_289' title='bbox 1307 1635 1372 1661; x_wconf 83' lang='lat' dir='ltr'>enS,</span> 
     </span>
     <span class='ocr_line' id='line_1_37' title="bbox 309 1667 1373 1708; baseline -0.001 -9"><span class='ocrx_word' id='word_1_290' title='bbox 309 1674 355 1699; x_wconf 92' lang='lat' dir='ltr'>est</span> <span class='ocrx_word' id='word_1_291' title='bbox 378 1674 410 1699; x_wconf 92' lang='lat' dir='ltr'>et</span> <span class='ocrx_word' id='word_1_292' title='bbox 432 1678 545 1699; x_wconf 89' lang='lat' dir='ltr'>unum.</span> <span class='ocrx_word' id='word_1_293' title='bbox 569 1667 669 1705; x_wconf 92' lang='lat' dir='ltr'>Quod</span> <span class='ocrx_word' id='word_1_294' title='bbox 685 1668 771 1698; x_wconf 91' lang='lat' dir='ltr'>enim</span> <span class='ocrx_word' id='word_1_295' title='bbox 795 1673 842 1698; x_wconf 92' lang='lat' dir='ltr'>est</span> <span class='ocrx_word' id='word_1_296' title='bbox 865 1677 920 1698; x_wconf 91' lang='lat' dir='ltr'>ens</span> <span class='ocrx_word' id='word_1_297' title='bbox 943 1668 1137 1698; x_wconf 89' lang='lat' dir='ltr'>accidentale</span> <span class='ocrx_word' id='word_1_298' title='bbox 1160 1678 1218 1708; x_wconf 90' lang='lat' dir='ltr'>per</span> <span class='ocrx_word' id='word_1_299' title='bbox 1233 1669 1373 1708; x_wconf 89' lang='lat' dir='ltr'>aliquam</span> 
     </span>
     <span class='ocr_line' id='line_1_38' title="bbox 308 1711 1372 1752; baseline 0 -10"><span class='ocrx_word' id='word_1_300' title='bbox 308 1712 456 1748; x_wconf 88' lang='lat' dir='ltr'>formam,</span> <span class='ocrx_word' id='word_1_301' title='bbox 481 1718 528 1742; x_wconf 92' lang='lat' dir='ltr'>est</span> <span class='ocrx_word' id='word_1_302' title='bbox 550 1721 653 1742; x_wconf 91' lang='lat' dir='ltr'>unum</span> <span class='ocrx_word' id='word_1_303' title='bbox 677 1711 871 1742; x_wconf 90' lang='lat' dir='ltr'>accidentale</span> <span class='ocrx_word' id='word_1_304' title='bbox 893 1721 951 1751; x_wconf 91' lang='lat' dir='ltr'>per</span> <span class='ocrx_word' id='word_1_305' title='bbox 973 1712 1077 1748; x_wconf 88' lang='lat' dir='ltr'>illam;</span> <span class='ocrx_word' id='word_1_306' title='bbox 1102 1718 1133 1742; x_wconf 93' lang='lat' dir='ltr'>et</span> <span class='ocrx_word' id='word_1_307' title='bbox 1149 1712 1238 1752; x_wconf 93' lang='lat' dir='ltr'>quod</span> <span class='ocrx_word' id='word_1_308' title='bbox 1254 1718 1301 1742; x_wconf 88' lang='lat' dir='ltr'>est</span> <span class='ocrx_word' id='word_1_309' title='bbox 1317 1722 1372 1742; x_wconf 90' lang='lat' dir='ltr'>ens</span> 
     </span>
     <span class='ocr_line' id='line_1_39' title="bbox 307 1755 1373 1792; baseline 0 -6"><span class='ocrx_word' id='word_1_310' title='bbox 307 1756 492 1791; x_wconf 89' lang='lat' dir='ltr'>relativum,</span> <span class='ocrx_word' id='word_1_311' title='bbox 522 1756 617 1786; x_wconf 92' lang='lat' dir='ltr'>habet</span> <span class='ocrx_word' id='word_1_312' title='bbox 644 1757 799 1785; x_wconf 90' lang='lat' dir='ltr'>unitatem</span> <span class='ocrx_word' id='word_1_313' title='bbox 830 1755 1009 1785; x_wconf 89' lang='lat' dir='ltr'>secundum</span> <span class='ocrx_word' id='word_1_314' title='bbox 1036 1766 1103 1786; x_wconf 91' lang='lat' dir='ltr'>esse</span> <span class='ocrx_word' id='word_1_315' title='bbox 1126 1756 1309 1792; x_wconf 89' lang='lat' dir='ltr'>relativum;</span> <span class='ocrx_word' id='word_1_316' title='bbox 1342 1762 1373 1786; x_wconf 94' lang='lat' dir='ltr'>et</span> 
     </span>
     <span class='ocr_line' id='line_1_40' title="bbox 308 1799 1372 1839; baseline -0.001 -9"><span class='ocrx_word' id='word_1_317' title='bbox 308 1799 398 1839; x_wconf 92' lang='lat' dir='ltr'>quod</span> <span class='ocrx_word' id='word_1_318' title='bbox 421 1805 468 1830; x_wconf 92' lang='lat' dir='ltr'>est</span> <span class='ocrx_word' id='word_1_319' title='bbox 491 1809 547 1830; x_wconf 93' lang='lat' dir='ltr'>ens</span> <span class='ocrx_word' id='word_1_320' title='bbox 573 1809 631 1839; x_wconf 91' lang='lat' dir='ltr'>per</span> <span class='ocrx_word' id='word_1_321' title='bbox 654 1799 791 1829; x_wconf 85' lang='lat' dir='ltr'>formam</span> <span class='ocrx_word' id='word_1_322' title='bbox 814 1800 1069 1835; x_wconf 84' lang='lat' dir='ltr'>substantialem,</span> <span class='ocrx_word' id='word_1_323' title='bbox 1100 1800 1194 1829; x_wconf 85' lang='lat' dir='ltr'>habet</span> <span class='ocrx_word' id='word_1_324' title='bbox 1217 1801 1372 1829; x_wconf 86' lang='lat' dir='ltr'>unitatem</span> 
     </span>
     <span class='ocr_line' id='line_1_41' title="bbox 307 1843 1373 1882; baseline -0.001 -8"><span class='ocrx_word' id='word_1_325' title='bbox 307 1843 486 1874; x_wconf 90' lang='lat' dir='ltr'>secundum</span> <span class='ocrx_word' id='word_1_326' title='bbox 510 1853 576 1873; x_wconf 91' lang='lat' dir='ltr'>esse</span> <span class='ocrx_word' id='word_1_327' title='bbox 600 1843 801 1873; x_wconf 89' lang='lat' dir='ltr'>substantiae.</span> <span class='ocrx_word' id='word_1_328' title='bbox 837 1843 884 1873; x_wconf 89' lang='lat' dir='ltr'>Ac</span> <span class='ocrx_word' id='word_1_329' title='bbox 908 1852 965 1882; x_wconf 89' lang='lat' dir='ltr'>per</span> <span class='ocrx_word' id='word_1_330' title='bbox 987 1843 1067 1879; x_wconf 93' lang='lat' dir='ltr'>hoc,</span> <span class='ocrx_word' id='word_1_331' title='bbox 1097 1849 1209 1873; x_wconf 88' lang='lat' dir='ltr'>natura</span> <span class='ocrx_word' id='word_1_332' title='bbox 1231 1844 1373 1873; x_wconf 90' lang='lat' dir='ltr'>humana</span> 
     </span>
     <span class='ocr_line' id='line_1_42' title="bbox 306 1887 1373 1927; baseline -0.001 -9"><span class='ocrx_word' id='word_1_333' title='bbox 306 1888 340 1918; x_wconf 91' lang='lat' dir='ltr'>in</span> <span class='ocrx_word' id='word_1_334' title='bbox 365 1887 492 1918; x_wconf 91' lang='lat' dir='ltr'>Christo</span> <span class='ocrx_word' id='word_1_335' title='bbox 521 1887 596 1926; x_wconf 90' lang='lat' dir='ltr'>quia</span> <span class='ocrx_word' id='word_1_336' title='bbox 618 1896 676 1926; x_wconf 90' lang='lat' dir='ltr'>per</span> <span class='ocrx_word' id='word_1_337' title='bbox 702 1896 769 1917; x_wconf 93' lang='lat' dir='ltr'>esse</span> <span class='ocrx_word' id='word_1_338' title='bbox 793 1887 996 1917; x_wconf 87' lang='lat' dir='ltr'>substantiale</span> <span class='ocrx_word' id='word_1_339' title='bbox 1019 1887 1240 1917; x_wconf 89' lang='lat' dir='ltr'>subsistentiae</span> <span class='ocrx_word' id='word_1_340' title='bbox 1263 1897 1373 1927; x_wconf 90' lang='lat' dir='ltr'>perso-</span> 
     </span>
     <span class='ocr_line' id='line_1_43' title="bbox 306 1930 1373 1971; baseline 0 -10"><span class='ocrx_word' id='word_1_341' title='bbox 306 1941 368 1962; x_wconf 89' lang='lat' dir='ltr'>nae</span> <span class='ocrx_word' id='word_1_342' title='bbox 382 1931 455 1961; x_wconf 88' lang='lat' dir='ltr'>Filii</span> <span class='ocrx_word' id='word_1_343' title='bbox 471 1931 531 1961; x_wconf 91' lang='lat' dir='ltr'>Dei</span> <span class='ocrx_word' id='word_1_344' title='bbox 547 1935 594 1961; x_wconf 90' lang='lat' dir='ltr'>est</span> <span class='ocrx_word' id='word_1_345' title='bbox 613 1931 721 1960; x_wconf 91' lang='lat' dir='ltr'>iuncta</span> <span class='ocrx_word' id='word_1_346' title='bbox 737 1936 867 1961; x_wconf 91' lang='lat' dir='ltr'>naturae</span> <span class='ocrx_word' id='word_1_347' title='bbox 883 1930 1018 1966; x_wconf 89' lang='lat' dir='ltr'>divinae,</span> <span class='ocrx_word' id='word_1_348' title='bbox 1036 1936 1164 1970; x_wconf 90' lang='lat' dir='ltr'>oportet</span> <span class='ocrx_word' id='word_1_349' title='bbox 1184 1931 1274 1971; x_wconf 91' lang='lat' dir='ltr'>quod</span> <span class='ocrx_word' id='word_1_350' title='bbox 1293 1931 1373 1962; x_wconf 92' lang='lat' dir='ltr'>illud</span> 
     </span>
     <span class='ocr_line' id='line_1_44' title="bbox 306 1974 1373 2014; baseline 0 -9"><span class='ocrx_word' id='word_1_351' title='bbox 306 1984 410 2006; x_wconf 89' lang='lat' dir='ltr'>unum</span> <span class='ocrx_word' id='word_1_352' title='bbox 433 1984 500 2005; x_wconf 87' lang='lat' dir='ltr'>esse</span> <span class='ocrx_word' id='word_1_353' title='bbox 522 1975 556 2004; x_wconf 88' lang='lat' dir='ltr'>in</span> <span class='ocrx_word' id='word_1_354' title='bbox 580 1983 646 2014; x_wconf 92' lang='lat' dir='ltr'>quo</span> <span class='ocrx_word' id='word_1_355' title='bbox 669 1974 823 2004; x_wconf 90' lang='lat' dir='ltr'>indivisae</span> <span class='ocrx_word' id='word_1_356' title='bbox 842 1980 915 2004; x_wconf 92' lang='lat' dir='ltr'>sunt</span> <span class='ocrx_word' id='word_1_357' title='bbox 938 1980 1050 2005; x_wconf 88' lang='lat' dir='ltr'>natura</span> <span class='ocrx_word' id='word_1_358' title='bbox 1065 1974 1170 2005; x_wconf 92' lang='lat' dir='ltr'>divina</span> <span class='ocrx_word' id='word_1_359' title='bbox 1187 1981 1217 2005; x_wconf 87' lang='lat' dir='ltr'>et</span> <span class='ocrx_word' id='word_1_360' title='bbox 1232 1976 1373 2005; x_wconf 89' lang='lat' dir='ltr'>humana</span> 
     </span>
    </p>
   </div>
   <div class='ocr_carea' id='block_1_8' title="bbox 282 2018 1373 2058">
    <p class='ocr_par' dir='ltr' id='par_1_11' title="bbox 282 2018 1373 2058">
     <span class='ocr_line' id='line_1_45' title="bbox 282 2018 1373 2058; baseline -0.001 -8"><span class='ocrx_word' id='word_1_361' title='bbox 282 2055 291 2058; x_wconf 48' lang='grc'>-</span> <span class='ocrx_word' id='word_1_362' title='bbox 305 2020 340 2050; x_wconf 89' lang='lat' dir='ltr'>in</span> <span class='ocrx_word' id='word_1_363' title='bbox 363 2019 502 2054; x_wconf 87' lang='lat' dir='ltr'>Christo,</span> <span class='ocrx_word' id='word_1_364' title='bbox 526 2019 566 2049; x_wconf 90' lang='lat' dir='ltr'>sit</span> <span class='ocrx_word' id='word_1_365' title='bbox 589 2027 656 2049; x_wconf 90' lang='lat' dir='ltr'>esse</span> <span class='ocrx_word' id='word_1_366' title='bbox 679 2028 783 2049; x_wconf 90' lang='lat' dir='ltr'>unum</span> <span class='ocrx_word' id='word_1_367' title='bbox 798 2019 1002 2049; x_wconf 87' lang='lat' dir='ltr'>substantiale</span> <span class='ocrx_word' id='word_1_368' title='bbox 1018 2024 1049 2049; x_wconf 92' lang='lat' dir='ltr'>et</span> <span class='ocrx_word' id='word_1_369' title='bbox 1064 2018 1219 2049; x_wconf 88' lang='lat' dir='ltr'>divinum.</span> <span class='ocrx_word' id='word_1_370' title='bbox 1243 2019 1284 2049; x_wconf 91' lang='lat' dir='ltr'>Et</span> <span class='ocrx_word' id='word_1_371' title='bbox 1298 2029 1373 2049; x_wconf 90' lang='lat' dir='ltr'>vere</span> 
     </span>
    </p>
   </div>
   <div class='ocr_carea' id='block_1_9' title="bbox 305 2062 1372 3599">
    <p class='ocr_par' dir='ltr' id='par_1_12' title="bbox 305 2062 1372 2366">
     <span class='ocr_line' id='line_1_46' title="bbox 306 2062 1372 2103; baseline -0.001 -9"><span class='ocrx_word' id='word_1_372' title='bbox 306 2063 351 2094; x_wconf 87' lang='lat' dir='ltr'>sic</span> <span class='ocrx_word' id='word_1_373' title='bbox 375 2069 431 2094; x_wconf 91' lang='lat' dir='ltr'>est.</span> <span class='ocrx_word' id='word_1_374' title='bbox 456 2062 541 2100; x_wconf 91' lang='lat' dir='ltr'>Quia</span> <span class='ocrx_word' id='word_1_375' title='bbox 564 2072 632 2093; x_wconf 91' lang='lat' dir='ltr'>esse</span> <span class='ocrx_word' id='word_1_376' title='bbox 656 2063 875 2093; x_wconf 87' lang='lat' dir='ltr'>subsistentiae</span> <span class='ocrx_word' id='word_1_377' title='bbox 899 2062 971 2093; x_wconf 91' lang='lat' dir='ltr'>Filii</span> <span class='ocrx_word' id='word_1_378' title='bbox 994 2063 1064 2099; x_wconf 91' lang='lat' dir='ltr'>Dei,</span> <span class='ocrx_word' id='word_1_379' title='bbox 1088 2064 1122 2093; x_wconf 91' lang='lat' dir='ltr'>in</span> <span class='ocrx_word' id='word_1_380' title='bbox 1139 2073 1205 2103; x_wconf 93' lang='lat' dir='ltr'>quo</span> <span class='ocrx_word' id='word_1_381' title='bbox 1226 2073 1294 2093; x_wconf 93' lang='lat' dir='ltr'>non</span> <span class='ocrx_word' id='word_1_382' title='bbox 1311 2063 1372 2093; x_wconf 92' lang='lat' dir='ltr'>dis-</span> 
     </span>
     <span class='ocr_line' id='line_1_47' title="bbox 305 2107 1372 2148; baseline 0.001 -11"><span class='ocrx_word' id='word_1_383' title='bbox 305 2107 496 2148; x_wconf 85' lang='lat' dir='ltr'>tinguuntur</span> <span class='ocrx_word' id='word_1_384' title='bbox 519 2107 630 2137; x_wconf 88' lang='lat' dir='ltr'>ambae</span> <span class='ocrx_word' id='word_1_385' title='bbox 653 2112 793 2143; x_wconf 87' lang='lat' dir='ltr'>naturae,</span> <span class='ocrx_word' id='word_1_386' title='bbox 818 2107 992 2137; x_wconf 86' lang='lat' dir='ltr'>substantia</span> <span class='ocrx_word' id='word_1_387' title='bbox 1015 2113 1072 2143; x_wconf 91' lang='lat' dir='ltr'>est,</span> <span class='ocrx_word' id='word_1_388' title='bbox 1095 2107 1184 2137; x_wconf 90' lang='lat' dir='ltr'>Deus</span> <span class='ocrx_word' id='word_1_389' title='bbox 1208 2113 1271 2143; x_wconf 89' lang='lat' dir='ltr'>est,</span> <span class='ocrx_word' id='word_1_390' title='bbox 1297 2109 1372 2148; x_wconf 88' lang='lat' dir='ltr'>quia</span> 
     </span>
     <span class='ocr_line' id='line_1_48' title="bbox 305 2150 1372 2191; baseline 0 -10"><span class='ocrx_word' id='word_1_391' title='bbox 305 2151 450 2181; x_wconf 88' lang='lat' dir='ltr'>Verbum</span> <span class='ocrx_word' id='word_1_392' title='bbox 473 2151 534 2181; x_wconf 91' lang='lat' dir='ltr'>Dei</span> <span class='ocrx_word' id='word_1_393' title='bbox 558 2156 620 2181; x_wconf 87' lang='lat' dir='ltr'>est:</span> <span class='ocrx_word' id='word_1_394' title='bbox 652 2160 716 2180; x_wconf 91' lang='lat' dir='ltr'>una</span> <span class='ocrx_word' id='word_1_395' title='bbox 739 2156 770 2180; x_wconf 89' lang='lat' dir='ltr'>et</span> <span class='ocrx_word' id='word_1_396' title='bbox 794 2150 905 2180; x_wconf 92' lang='lat' dir='ltr'>eadem</span> <span class='ocrx_word' id='word_1_397' title='bbox 929 2151 1050 2191; x_wconf 90' lang='lat' dir='ltr'>quippe</span> <span class='ocrx_word' id='word_1_398' title='bbox 1074 2151 1275 2181; x_wconf 90' lang='lat' dir='ltr'>subsistentia</span> <span class='ocrx_word' id='word_1_399' title='bbox 1298 2152 1372 2182; x_wconf 93' lang='lat' dir='ltr'>sub-</span> 
     </span>
     <span class='ocr_line' id='line_1_49' title="bbox 306 2193 1370 2231; baseline 0.002 -7"><span class='ocrx_word' id='word_1_400' title='bbox 306 2195 386 2225; x_wconf 88' lang='lat' dir='ltr'>sistit</span> <span class='ocrx_word' id='word_1_401' title='bbox 415 2194 514 2225; x_wconf 87' lang='lat' dir='ltr'>Filius</span> <span class='ocrx_word' id='word_1_402' title='bbox 537 2195 599 2224; x_wconf 93' lang='lat' dir='ltr'>Dei</span> <span class='ocrx_word' id='word_1_403' title='bbox 627 2195 662 2224; x_wconf 92' lang='lat' dir='ltr'>in</span> <span class='ocrx_word' id='word_1_404' title='bbox 683 2199 796 2224; x_wconf 91' lang='lat' dir='ltr'>natura</span> <span class='ocrx_word' id='word_1_405' title='bbox 820 2193 941 2231; x_wconf 91' lang='lat' dir='ltr'>divina,</span> <span class='ocrx_word' id='word_1_406' title='bbox 974 2200 1004 2224; x_wconf 90' lang='lat' dir='ltr'>et</span> <span class='ocrx_word' id='word_1_407' title='bbox 1029 2195 1063 2225; x_wconf 85' lang='lat' dir='ltr'>in</span> <span class='ocrx_word' id='word_1_408' title='bbox 1086 2201 1198 2225; x_wconf 91' lang='lat' dir='ltr'>natura</span> <span class='ocrx_word' id='word_1_409' title='bbox 1220 2196 1370 2226; x_wconf 89' lang='lat' dir='ltr'>humana.</span> 
     </span>
     <span class='ocr_line' id='line_1_50' title="bbox 306 2238 1371 2278; baseline 0.001 -9"><span class='ocrx_word' id='word_1_410' title='bbox 306 2239 347 2269; x_wconf 88' lang='lat' dir='ltr'>Et</span> <span class='ocrx_word' id='word_1_411' title='bbox 371 2244 606 2278; x_wconf 92' lang='lat' dir='ltr'>consequenter</span> <span class='ocrx_word' id='word_1_412' title='bbox 629 2238 735 2268; x_wconf 92' lang='lat' dir='ltr'>divina</span> <span class='ocrx_word' id='word_1_413' title='bbox 759 2243 789 2268; x_wconf 93' lang='lat' dir='ltr'>et</span> <span class='ocrx_word' id='word_1_414' title='bbox 803 2239 944 2269; x_wconf 88' lang='lat' dir='ltr'>humana</span> <span class='ocrx_word' id='word_1_415' title='bbox 959 2244 1071 2269; x_wconf 89' lang='lat' dir='ltr'>natura</span> <span class='ocrx_word' id='word_1_416' title='bbox 1087 2239 1204 2270; x_wconf 87' lang='lat' dir='ltr'>Christi</span> <span class='ocrx_word' id='word_1_417' title='bbox 1227 2245 1301 2269; x_wconf 90' lang='lat' dir='ltr'>sunt</span> <span class='ocrx_word' id='word_1_418' title='bbox 1323 2240 1371 2270; x_wconf 90' lang='lat' dir='ltr'>in-</span> 
     </span>
     <span class='ocr_line' id='line_1_51' title="bbox 306 2282 1372 2324; baseline 0 -10"><span class='ocrx_word' id='word_1_419' title='bbox 306 2282 424 2314; x_wconf 85' lang='lat' dir='ltr'>divisae</span> <span class='ocrx_word' id='word_1_420' title='bbox 446 2283 480 2313; x_wconf 90' lang='lat' dir='ltr'>in</span> <span class='ocrx_word' id='word_1_421' title='bbox 494 2282 548 2312; x_wconf 92' lang='lat' dir='ltr'>illa</span> <span class='ocrx_word' id='word_1_422' title='bbox 563 2282 764 2312; x_wconf 84' lang='lat' dir='ltr'>subsistentia</span> <span class='ocrx_word' id='word_1_423' title='bbox 778 2282 907 2322; x_wconf 89' lang='lat' dir='ltr'>utrique</span> <span class='ocrx_word' id='word_1_424' title='bbox 922 2284 1104 2314; x_wconf 86' lang='lat' dir='ltr'>communi:</span> <span class='ocrx_word' id='word_1_425' title='bbox 1130 2284 1275 2324; x_wconf 90' lang='lat' dir='ltr'>quamvis</span> <span class='ocrx_word' id='word_1_426' title='bbox 1290 2284 1372 2314; x_wconf 89' lang='lat' dir='ltr'>inter</span> 
     </span>
     <span class='ocr_line' id='line_1_52' title="bbox 306 2325 721 2366; baseline -0.002 -9"><span class='ocrx_word' id='word_1_427' title='bbox 306 2336 340 2357; x_wconf 89' lang='lat' dir='ltr'>se</span> <span class='ocrx_word' id='word_1_428' title='bbox 362 2326 454 2357; x_wconf 91' lang='lat' dir='ltr'>valde</span> <span class='ocrx_word' id='word_1_429' title='bbox 477 2325 721 2366; x_wconf 85' lang='lat' dir='ltr'>distinguantur.</span> 
     </span>
    </p>

    <p class='ocr_par' dir='ltr' id='par_1_13' title="bbox 305 2370 1372 3599">
     <span class='ocr_line' id='line_1_53' title="bbox 361 2370 1372 2411; baseline 0.003 -11"><span class='ocrx_word' id='word_1_430' title='bbox 361 2370 402 2401; x_wconf 90' lang='lat' dir='ltr'>Et</span> <span class='ocrx_word' id='word_1_431' title='bbox 425 2371 451 2401; x_wconf 90' lang='lat' dir='ltr'>si</span> <span class='ocrx_word' id='word_1_432' title='bbox 474 2375 584 2400; x_wconf 86' lang='lat' dir='ltr'>contra</span> <span class='ocrx_word' id='word_1_433' title='bbox 604 2371 686 2400; x_wconf 90' lang='lat' dir='ltr'>hanc</span> <span class='ocrx_word' id='word_1_434' title='bbox 703 2370 881 2401; x_wconf 88' lang='lat' dir='ltr'>doctrinam</span> <span class='ocrx_word' id='word_1_435' title='bbox 897 2371 1065 2401; x_wconf 90' lang='lat' dir='ltr'>obiiciatur</span> <span class='ocrx_word' id='word_1_436' title='bbox 1081 2371 1170 2411; x_wconf 91' lang='lat' dir='ltr'>quod</span> <span class='ocrx_word' id='word_1_437' title='bbox 1185 2372 1372 2403; x_wconf 88' lang='lat' dir='ltr'>huiusmodi</span> 
     </span>
     <span class='ocr_line' id='line_1_54' title="bbox 306 2414 1372 2456; baseline 0.003 -12"><span class='ocrx_word' id='word_1_438' title='bbox 306 2415 493 2445; x_wconf 87' lang='lat' dir='ltr'>coniunctio</span> <span class='ocrx_word' id='word_1_439' title='bbox 516 2414 660 2454; x_wconf 90' lang='lat' dir='ltr'>incoepit</span> <span class='ocrx_word' id='word_1_440' title='bbox 683 2424 750 2444; x_wconf 89' lang='lat' dir='ltr'>esse</span> <span class='ocrx_word' id='word_1_441' title='bbox 775 2424 813 2445; x_wconf 84' lang='lat' dir='ltr'>ex</span> <span class='ocrx_word' id='word_1_442' title='bbox 833 2420 989 2455; x_wconf 90' lang='lat' dir='ltr'>tempore,</span> <span class='ocrx_word' id='word_1_443' title='bbox 1014 2421 1045 2445; x_wconf 90' lang='lat' dir='ltr'>et</span> <span class='ocrx_word' id='word_1_444' title='bbox 1068 2423 1302 2456; x_wconf 90' lang='lat' dir='ltr'>consequenter</span> <span class='ocrx_word' id='word_1_445' title='bbox 1326 2422 1372 2447; x_wconf 92' lang='lat' dir='ltr'>est</span> 
     </span>
     <span class='ocr_line' id='line_1_55' title="bbox 306 2458 1370 2499; baseline 0.003 -11"><span class='ocrx_word' id='word_1_446' title='bbox 306 2458 427 2498; x_wconf 89' lang='lat' dir='ltr'>aliquid</span> <span class='ocrx_word' id='word_1_447' title='bbox 442 2464 600 2488; x_wconf 89' lang='lat' dir='ltr'>creatum:</span> <span class='ocrx_word' id='word_1_448' title='bbox 625 2458 887 2498; x_wconf 90' lang='lat' dir='ltr'>respondendum</span> <span class='ocrx_word' id='word_1_449' title='bbox 904 2465 950 2489; x_wconf 90' lang='lat' dir='ltr'>est</span> <span class='ocrx_word' id='word_1_450' title='bbox 974 2459 1062 2499; x_wconf 92' lang='lat' dir='ltr'>quod</span> <span class='ocrx_word' id='word_1_451' title='bbox 1078 2460 1156 2490; x_wconf 89' lang='lat' dir='ltr'>haec</span> <span class='ocrx_word' id='word_1_452' title='bbox 1173 2461 1370 2497; x_wconf 90' lang='lat' dir='ltr'>coniunctio,</span> 
     </span>
     <span class='ocr_line' id='line_1_56' title="bbox 307 2502 1370 2543; baseline 0.003 -11"><span class='ocrx_word' id='word_1_453' title='bbox 307 2507 464 2542; x_wconf 87' lang='lat' dir='ltr'>quantum</span> <span class='ocrx_word' id='word_1_454' title='bbox 487 2502 527 2532; x_wconf 88' lang='lat' dir='ltr'>ad</span> <span class='ocrx_word' id='word_1_455' title='bbox 549 2502 629 2533; x_wconf 92' lang='lat' dir='ltr'>illud</span> <span class='ocrx_word' id='word_1_456' title='bbox 652 2502 742 2542; x_wconf 92' lang='lat' dir='ltr'>quod</span> <span class='ocrx_word' id='word_1_457' title='bbox 764 2504 858 2542; x_wconf 92' lang='lat' dir='ltr'>ponit</span> <span class='ocrx_word' id='word_1_458' title='bbox 879 2504 913 2533; x_wconf 92' lang='lat' dir='ltr'>in</span> <span class='ocrx_word' id='word_1_459' title='bbox 935 2504 1007 2543; x_wconf 92' lang='lat' dir='ltr'>ipso</span> <span class='ocrx_word' id='word_1_460' title='bbox 1032 2513 1099 2534; x_wconf 91' lang='lat' dir='ltr'>esse</span> <span class='ocrx_word' id='word_1_461' title='bbox 1123 2504 1302 2535; x_wconf 89' lang='lat' dir='ltr'>secundum</span> <span class='ocrx_word' id='word_1_462' title='bbox 1326 2515 1370 2541; x_wconf 82' lang='lat' dir='ltr'>se,</span> 
     </span>
     <span class='ocr_line' id='line_1_57' title="bbox 306 2546 1372 2586; baseline 0.003 -10"><span class='ocrx_word' id='word_1_463' title='bbox 306 2555 375 2576; x_wconf 88' lang='lat' dir='ltr'>non</span> <span class='ocrx_word' id='word_1_464' title='bbox 396 2546 540 2586; x_wconf 86' lang='lat' dir='ltr'>incoepit</span> <span class='ocrx_word' id='word_1_465' title='bbox 562 2556 630 2577; x_wconf 90' lang='lat' dir='ltr'>esse</span> <span class='ocrx_word' id='word_1_466' title='bbox 662 2555 700 2577; x_wconf 88' lang='lat' dir='ltr'>ex</span> <span class='ocrx_word' id='word_1_467' title='bbox 721 2552 885 2586; x_wconf 92' lang='lat' dir='ltr'>tempore,</span> <span class='ocrx_word' id='word_1_468' title='bbox 917 2547 973 2578; x_wconf 88' lang='lat' dir='ltr'>sed</span> <span class='ocrx_word' id='word_1_469' title='bbox 996 2553 1043 2578; x_wconf 92' lang='lat' dir='ltr'>est</span> <span class='ocrx_word' id='word_1_470' title='bbox 1073 2549 1112 2577; x_wconf 90' lang='lat' dir='ltr'>ab</span> <span class='ocrx_word' id='word_1_471' title='bbox 1136 2554 1282 2585; x_wconf 67' lang='lat' dir='ltr'>aeterum</span> <span class='ocrx_word' id='word_1_472' title='bbox 1316 2549 1372 2579; x_wconf 89' lang='lat' dir='ltr'>sed</span> 
     </span>
     <span class='ocr_line' id='line_1_58' title="bbox 308 2589 1371 2631; baseline 0.005 -12"><span class='ocrx_word' id='word_1_473' title='bbox 308 2595 465 2630; x_wconf 86' lang='lat' dir='ltr'>quantum</span> <span class='ocrx_word' id='word_1_474' title='bbox 494 2589 534 2620; x_wconf 87' lang='lat' dir='ltr'>ad</span> <span class='ocrx_word' id='word_1_475' title='bbox 560 2591 624 2620; x_wconf 91' lang='lat' dir='ltr'>hoc</span> <span class='ocrx_word' id='word_1_476' title='bbox 661 2590 751 2631; x_wconf 92' lang='lat' dir='ltr'>quod</span> <span class='ocrx_word' id='word_1_477' title='bbox 776 2597 888 2622; x_wconf 87' lang='lat' dir='ltr'>natura</span> <span class='ocrx_word' id='word_1_478' title='bbox 914 2591 1055 2622; x_wconf 89' lang='lat' dir='ltr'>humana</span> <span class='ocrx_word' id='word_1_479' title='bbox 1084 2593 1194 2623; x_wconf 87' lang='lat' dir='ltr'>sortita</span> <span class='ocrx_word' id='word_1_480' title='bbox 1219 2594 1259 2623; x_wconf 88' lang='lat' dir='ltr'>sit</span> <span class='ocrx_word' id='word_1_481' title='bbox 1291 2593 1371 2624; x_wconf 91' lang='lat' dir='ltr'>illud</span> 
     </span>
     <span class='ocr_line' id='line_1_59' title="bbox 306 2634 1371 2676; baseline 0.005 -13"><span class='ocrx_word' id='word_1_482' title='bbox 306 2634 486 2670; x_wconf 87' lang='lat' dir='ltr'>subsistere,</span> <span class='ocrx_word' id='word_1_483' title='bbox 502 2634 645 2674; x_wconf 87' lang='lat' dir='ltr'>incoepit</span> <span class='ocrx_word' id='word_1_484' title='bbox 661 2644 728 2665; x_wconf 93' lang='lat' dir='ltr'>esse</span> <span class='ocrx_word' id='word_1_485' title='bbox 744 2644 782 2665; x_wconf 85' lang='lat' dir='ltr'>ex</span> <span class='ocrx_word' id='word_1_486' title='bbox 797 2640 953 2676; x_wconf 90' lang='lat' dir='ltr'>tempore.</span> <span class='ocrx_word' id='word_1_487' title='bbox 978 2636 1075 2666; x_wconf 90' lang='lat' dir='ltr'>Verbi</span> <span class='ocrx_word' id='word_1_488' title='bbox 1090 2637 1204 2676; x_wconf 88' lang='lat' dir='ltr'>gratia:</span> <span class='ocrx_word' id='word_1_489' title='bbox 1224 2638 1250 2667; x_wconf 91' lang='lat' dir='ltr'>si</span> <span class='ocrx_word' id='word_1_490' title='bbox 1266 2638 1371 2668; x_wconf 89' lang='lat' dir='ltr'>anima</span> 
     </span>
     <span class='ocr_line' id='line_1_60' title="bbox 305 2676 1372 2720; baseline 0.005 -13"><span class='ocrx_word' id='word_1_491' title='bbox 305 2678 467 2708; x_wconf 89' lang='lat' dir='ltr'>rationalis</span> <span class='ocrx_word' id='word_1_492' title='bbox 490 2676 601 2708; x_wconf 87' lang='lat' dir='ltr'>fuisset</span> <span class='ocrx_word' id='word_1_493' title='bbox 623 2679 661 2708; x_wconf 92' lang='lat' dir='ltr'>ab</span> <span class='ocrx_word' id='word_1_494' title='bbox 685 2684 814 2709; x_wconf 90' lang='lat' dir='ltr'>aeterno</span> <span class='ocrx_word' id='word_1_495' title='bbox 838 2680 906 2710; x_wconf 90' lang='lat' dir='ltr'>sine</span> <span class='ocrx_word' id='word_1_496' title='bbox 930 2689 1082 2720; x_wconf 89' lang='lat' dir='ltr'>corpore,</span> <span class='ocrx_word' id='word_1_497' title='bbox 1107 2680 1237 2720; x_wconf 91' lang='lat' dir='ltr'>quando</span> <span class='ocrx_word' id='word_1_498' title='bbox 1261 2680 1372 2712; x_wconf 87' lang='lat' dir='ltr'>fuisset</span> 
     </span>
     <span class='ocr_line' id='line_1_61' title="bbox 306 2722 1372 2766; baseline 0.005 -15"><span class='ocrx_word' id='word_1_499' title='bbox 306 2722 340 2752; x_wconf 90' lang='lat' dir='ltr'>in</span> <span class='ocrx_word' id='word_1_500' title='bbox 362 2727 508 2761; x_wconf 90' lang='lat' dir='ltr'>tempore</span> <span class='ocrx_word' id='word_1_501' title='bbox 530 2722 640 2752; x_wconf 89' lang='lat' dir='ltr'>iuncta</span> <span class='ocrx_word' id='word_1_502' title='bbox 663 2723 806 2762; x_wconf 90' lang='lat' dir='ltr'>corpori,</span> <span class='ocrx_word' id='word_1_503' title='bbox 837 2733 897 2754; x_wconf 88' lang='lat' dir='ltr'>nec</span> <span class='ocrx_word' id='word_1_504' title='bbox 922 2733 989 2754; x_wconf 86' lang='lat' dir='ltr'>esse</span> <span class='ocrx_word' id='word_1_505' title='bbox 1013 2725 1156 2764; x_wconf 86' lang='lat' dir='ltr'>corporis</span> <span class='ocrx_word' id='word_1_506' title='bbox 1178 2725 1372 2766; x_wconf 89' lang='lat' dir='ltr'>incoepisset</span> 
     </span>
     <span class='ocr_line' id='line_1_62' title="bbox 306 2766 1371 2809; baseline 0.005 -14"><span class='ocrx_word' id='word_1_507' title='bbox 306 2766 340 2796; x_wconf 93' lang='lat' dir='ltr'>in</span> <span class='ocrx_word' id='word_1_508' title='bbox 362 2771 525 2805; x_wconf 88' lang='lat' dir='ltr'>tempore:</span> <span class='ocrx_word' id='word_1_509' title='bbox 551 2766 627 2806; x_wconf 87' lang='lat' dir='ltr'>quia</span> <span class='ocrx_word' id='word_1_510' title='bbox 648 2775 716 2796; x_wconf 90' lang='lat' dir='ltr'>non</span> <span class='ocrx_word' id='word_1_511' title='bbox 739 2771 786 2797; x_wconf 90' lang='lat' dir='ltr'>est</span> <span class='ocrx_word' id='word_1_512' title='bbox 809 2767 894 2798; x_wconf 90' lang='lat' dir='ltr'>aliud</span> <span class='ocrx_word' id='word_1_513' title='bbox 918 2777 985 2798; x_wconf 88' lang='lat' dir='ltr'>esse</span> <span class='ocrx_word' id='word_1_514' title='bbox 1004 2769 1147 2808; x_wconf 91' lang='lat' dir='ltr'>corporis</span> <span class='ocrx_word' id='word_1_515' title='bbox 1172 2778 1268 2809; x_wconf 91' lang='lat' dir='ltr'>quam</span> <span class='ocrx_word' id='word_1_516' title='bbox 1292 2770 1371 2800; x_wconf 90' lang='lat' dir='ltr'>illud</span> 
     </span>
     <span class='ocr_line' id='line_1_63' title="bbox 307 2810 1371 2844; baseline 0.005 -5"><span class='ocrx_word' id='word_1_517' title='bbox 307 2814 473 2840; x_wconf 89' lang='lat' dir='ltr'>aeternum</span> <span class='ocrx_word' id='word_1_518' title='bbox 497 2819 564 2840; x_wconf 84' lang='lat' dir='ltr'>esse</span> <span class='ocrx_word' id='word_1_519' title='bbox 588 2810 722 2840; x_wconf 82' lang='lat' dir='ltr'>animae.</span> <span class='ocrx_word' id='word_1_520' title='bbox 756 2811 825 2842; x_wconf 88' lang='lat' dir='ltr'>Nec</span> <span class='ocrx_word' id='word_1_521' title='bbox 847 2821 950 2842; x_wconf 89' lang='lat' dir='ltr'>unum</span> <span class='ocrx_word' id='word_1_522' title='bbox 974 2821 1042 2842; x_wconf 90' lang='lat' dir='ltr'>esse</span> <span class='ocrx_word' id='word_1_523' title='bbox 1069 2813 1273 2844; x_wconf 86' lang='lat' dir='ltr'>substantiale</span> <span class='ocrx_word' id='word_1_524' title='bbox 1301 2823 1371 2844; x_wconf 91' lang='lat' dir='ltr'>eor-</span> 
     </span>
     <span class='ocr_line' id='line_1_64' title="bbox 306 2853 1369 2896; baseline 0.005 -13"><span class='ocrx_word' id='word_1_525' title='bbox 306 2854 394 2894; x_wconf 88' lang='lat' dir='ltr'>poris</span> <span class='ocrx_word' id='word_1_526' title='bbox 413 2863 488 2884; x_wconf 90' lang='lat' dir='ltr'>cum</span> <span class='ocrx_word' id='word_1_527' title='bbox 505 2854 610 2883; x_wconf 86' lang='lat' dir='ltr'>anima</span> <span class='ocrx_word' id='word_1_528' title='bbox 629 2853 822 2894; x_wconf 86' lang='lat' dir='ltr'>incoepisset</span> <span class='ocrx_word' id='word_1_529' title='bbox 838 2864 875 2885; x_wconf 86' lang='lat' dir='ltr'>ex</span> <span class='ocrx_word' id='word_1_530' title='bbox 890 2860 1036 2896; x_wconf 90' lang='lat' dir='ltr'>tempore</span> <span class='ocrx_word' id='word_1_531' title='bbox 1059 2862 1216 2896; x_wconf 90' lang='lat' dir='ltr'>quantum</span> <span class='ocrx_word' id='word_1_532' title='bbox 1236 2857 1276 2888; x_wconf 90' lang='lat' dir='ltr'>ad</span> <span class='ocrx_word' id='word_1_533' title='bbox 1291 2858 1369 2888; x_wconf 91' lang='lat' dir='ltr'>illud</span> 
     </span>
     <span class='ocr_line' id='line_1_65' title="bbox 307 2897 1372 2941; baseline 0.005 -14"><span class='ocrx_word' id='word_1_534' title='bbox 307 2897 397 2938; x_wconf 92' lang='lat' dir='ltr'>quod</span> <span class='ocrx_word' id='word_1_535' title='bbox 419 2898 512 2937; x_wconf 90' lang='lat' dir='ltr'>ponit</span> <span class='ocrx_word' id='word_1_536' title='bbox 534 2897 588 2927; x_wconf 87' lang='lat' dir='ltr'>illa</span> <span class='ocrx_word' id='word_1_537' title='bbox 610 2898 714 2927; x_wconf 88' lang='lat' dir='ltr'>unitas</span> <span class='ocrx_word' id='word_1_538' title='bbox 736 2898 770 2928; x_wconf 92' lang='lat' dir='ltr'>in</span> <span class='ocrx_word' id='word_1_539' title='bbox 786 2908 853 2929; x_wconf 88' lang='lat' dir='ltr'>esse</span> <span class='ocrx_word' id='word_1_540' title='bbox 876 2899 1054 2930; x_wconf 90' lang='lat' dir='ltr'>secundum</span> <span class='ocrx_word' id='word_1_541' title='bbox 1077 2910 1126 2931; x_wconf 87' lang='lat' dir='ltr'>se:</span> <span class='ocrx_word' id='word_1_542' title='bbox 1153 2902 1237 2941; x_wconf 92' lang='lat' dir='ltr'>quia,</span> <span class='ocrx_word' id='word_1_543' title='bbox 1262 2911 1318 2932; x_wconf 86' lang='lat' dir='ltr'>ens</span> <span class='ocrx_word' id='word_1_544' title='bbox 1341 2907 1372 2932; x_wconf 89' lang='lat' dir='ltr'>et</span> 
     </span>
     <span class='ocr_line' id='line_1_66' title="bbox 307 2941 1371 2984; baseline 0.005 -13"><span class='ocrx_word' id='word_1_545' title='bbox 307 2951 407 2972; x_wconf 86' lang='lat' dir='ltr'>unum</span> <span class='ocrx_word' id='word_1_546' title='bbox 430 2951 502 2972; x_wconf 86' lang='lat' dir='ltr'>cum</span> <span class='ocrx_word' id='word_1_547' title='bbox 526 2941 744 2981; x_wconf 81' lang='lat' dir='ltr'>multipliciter</span> <span class='ocrx_word' id='word_1_548' title='bbox 765 2941 905 2979; x_wconf 83' lang='lat' dir='ltr'>dicatur,</span> <span class='ocrx_word' id='word_1_549' title='bbox 929 2943 1015 2983; x_wconf 85' lang='lat' dir='ltr'>quod</span> <span class='ocrx_word' id='word_1_550' title='bbox 1034 2945 1172 2984; x_wconf 82' lang='lat' dir='ltr'>proprie</span> <span class='ocrx_word' id='word_1_551' title='bbox 1192 2950 1255 2981; x_wconf 87' lang='lat' dir='ltr'>est,</span> <span class='ocrx_word' id='word_1_552' title='bbox 1279 2951 1371 2977; x_wconf 85' lang='lat' dir='ltr'>actus</span> 
     </span>
     <span class='ocr_line' id='line_1_67' title="bbox 307 2985 1371 3029; baseline 0.005 -14"><span class='ocrx_word' id='word_1_553' title='bbox 307 2990 363 3022; x_wconf 84' lang='lat' dir='ltr'>est,</span> <span class='ocrx_word' id='word_1_554' title='bbox 386 2991 423 3016; x_wconf 92' lang='lat' dir='ltr'>ut</span> <span class='ocrx_word' id='word_1_555' title='bbox 446 2985 561 3016; x_wconf 87' lang='lat' dir='ltr'>dicitur</span> <span class='ocrx_word' id='word_1_556' title='bbox 582 2987 615 3015; x_wconf 92' lang='lat' dir='ltr'>in</span> <span class='ocrx_word' id='word_1_557' title='bbox 640 2985 666 3015; x_wconf 92' lang='lat'>11</span> <span class='ocrx_word' id='word_1_558' title='bbox 690 2985 729 3015; x_wconf 86' lang='lat' dir='ltr'>de</span> <span class='ocrx_word' id='word_1_559' title='bbox 743 2986 860 3016; x_wconf 87' lang='lat' dir='ltr'>Anima</span> <span class='ocrx_word' id='word_1_560' title='bbox 876 2987 902 3016; x_wconf 50' lang='grc' dir='ltr'>’ἃ</span> <span class='ocrx_word' id='word_1_561' title='bbox 927 2986 990 3017; x_wconf 91' lang='lat' dir='ltr'>Sed</span> <span class='ocrx_word' id='word_1_562' title='bbox 1012 2987 1094 3018; x_wconf 90' lang='lat' dir='ltr'>bene</span> <span class='ocrx_word' id='word_1_563' title='bbox 1117 2989 1310 3029; x_wconf 88' lang='lat' dir='ltr'>incoepisset</span> <span class='ocrx_word' id='word_1_564' title='bbox 1333 3000 1371 3020; x_wconf 86' lang='lat' dir='ltr'>ex</span> 
     </span>
     <span class='ocr_line' id='line_1_68' title="bbox 306 3029 1372 3073; baseline 0.005 -14"><span class='ocrx_word' id='word_1_565' title='bbox 306 3035 453 3070; x_wconf 85' lang='lat' dir='ltr'>tempore</span> <span class='ocrx_word' id='word_1_566' title='bbox 475 3029 555 3059; x_wconf 91' lang='lat' dir='ltr'>illud</span> <span class='ocrx_word' id='word_1_567' title='bbox 582 3039 685 3060; x_wconf 91' lang='lat' dir='ltr'>unum</span> <span class='ocrx_word' id='word_1_568' title='bbox 707 3039 774 3060; x_wconf 90' lang='lat' dir='ltr'>esse</span> <span class='ocrx_word' id='word_1_569' title='bbox 802 3035 959 3070; x_wconf 88' lang='lat' dir='ltr'>quantum</span> <span class='ocrx_word' id='word_1_570' title='bbox 982 3030 1021 3061; x_wconf 81' lang='lat' dir='ltr'>ad</span> <span class='ocrx_word' id='word_1_571' title='bbox 1043 3032 1107 3062; x_wconf 92' lang='lat' dir='ltr'>hoc</span> <span class='ocrx_word' id='word_1_572' title='bbox 1130 3032 1220 3072; x_wconf 90' lang='lat' dir='ltr'>quod</span> <span class='ocrx_word' id='word_1_573' title='bbox 1243 3035 1372 3073; x_wconf 90' lang='lat' dir='ltr'>corpori</span> 
     </span>
     <span class='ocr_line' id='line_1_69' title="bbox 306 3073 1371 3117; baseline 0.004 -13"><span class='ocrx_word' id='word_1_574' title='bbox 306 3073 387 3104; x_wconf 89' lang='lat' dir='ltr'>illud</span> <span class='ocrx_word' id='word_1_575' title='bbox 409 3079 575 3104; x_wconf 84' lang='lat' dir='ltr'>aeternum</span> <span class='ocrx_word' id='word_1_576' title='bbox 599 3083 666 3103; x_wconf 91' lang='lat' dir='ltr'>esse</span> <span class='ocrx_word' id='word_1_577' title='bbox 690 3074 996 3104; x_wconf 85' lang='lat' dir='ltr'>communicaretur.</span> <span class='ocrx_word' id='word_1_578' title='bbox 1021 3075 1111 3114; x_wconf 91' lang='lat' dir='ltr'>quod</span> <span class='ocrx_word' id='word_1_579' title='bbox 1133 3075 1223 3106; x_wconf 90' lang='lat' dir='ltr'>fieret</span> <span class='ocrx_word' id='word_1_580' title='bbox 1244 3086 1302 3117; x_wconf 91' lang='lat' dir='ltr'>per</span> <span class='ocrx_word' id='word_1_581' title='bbox 1316 3087 1371 3117; x_wconf 88' lang='lat' dir='ltr'>ge-</span> 
     </span>
     <span class='ocr_line' id='line_1_70' title="bbox 306 3118 1371 3157; baseline 0.004 -9"><span class='ocrx_word' id='word_1_582' title='bbox 306 3118 523 3154; x_wconf 87' lang='lat' dir='ltr'>nerationem,</span> <span class='ocrx_word' id='word_1_583' title='bbox 555 3127 619 3157; x_wconf 88' lang='lat' dir='ltr'>qua</span> <span class='ocrx_word' id='word_1_584' title='bbox 642 3127 759 3157; x_wconf 91' lang='lat' dir='ltr'>corpus</span> <span class='ocrx_word' id='word_1_585' title='bbox 788 3118 963 3148; x_wconf 87' lang='lat' dir='ltr'>traheretur</span> <span class='ocrx_word' id='word_1_586' title='bbox 991 3118 1031 3148; x_wconf 89' lang='lat' dir='ltr'>ad</span> <span class='ocrx_word' id='word_1_587' title='bbox 1058 3128 1126 3149; x_wconf 81' lang='lat' dir='ltr'>esse</span> <span class='ocrx_word' id='word_1_588' title='bbox 1156 3120 1290 3151; x_wconf 84' lang='lat' dir='ltr'>animae.</span> <span class='ocrx_word' id='word_1_589' title='bbox 1325 3122 1371 3152; x_wconf 84' lang='lat' dir='ltr'>Ita</span> 
     </span>
     <span class='ocr_line' id='line_1_71' title="bbox 309 3141 1371 3202; baseline 0.004 -10"><span class='ocrx_word' id='word_1_590' title='bbox 309 3161 396 3192; x_wconf 87' lang='lat' dir='ltr'>enim</span> <span class='ocrx_word' id='word_1_591' title='bbox 418 3141 532 3192; x_wconf 81' lang='lat' dir='ltr'>accidi’t</span> <span class='ocrx_word' id='word_1_592' title='bbox 553 3163 587 3192; x_wconf 90' lang='lat' dir='ltr'>in</span> <span class='ocrx_word' id='word_1_593' title='bbox 610 3162 788 3201; x_wconf 87' lang='lat' dir='ltr'>proposito,</span> <span class='ocrx_word' id='word_1_594' title='bbox 813 3161 891 3192; x_wconf 89' lang='lat' dir='ltr'>dum</span> <span class='ocrx_word' id='word_1_595' title='bbox 914 3171 971 3201; x_wconf 92' lang='lat' dir='ltr'>per</span> <span class='ocrx_word' id='word_1_596' title='bbox 985 3163 1238 3202; x_wconf 84' lang='lat' dir='ltr'>assumptionem</span> <span class='ocrx_word' id='word_1_597' title='bbox 1259 3170 1371 3196; x_wconf 90' lang='lat' dir='ltr'>natura</span> 
     </span>
     <span class='ocr_line' id='line_1_72' title="bbox 307 3205 1371 3239; baseline 0.003 -3"><span class='ocrx_word' id='word_1_598' title='bbox 307 3206 448 3236; x_wconf 87' lang='lat' dir='ltr'>humana</span> <span class='ocrx_word' id='word_1_599' title='bbox 477 3206 609 3236; x_wconf 91' lang='lat' dir='ltr'>trahitur</span> <span class='ocrx_word' id='word_1_600' title='bbox 640 3205 679 3235; x_wconf 92' lang='lat' dir='ltr'>ad</span> <span class='ocrx_word' id='word_1_601' title='bbox 703 3215 770 3236; x_wconf 92' lang='lat' dir='ltr'>esse</span> <span class='ocrx_word' id='word_1_602' title='bbox 798 3206 1016 3235; x_wconf 86' lang='lat' dir='ltr'>subsistentiae</span> <span class='ocrx_word' id='word_1_603' title='bbox 1040 3205 1112 3236; x_wconf 90' lang='lat' dir='ltr'>Filii</span> <span class='ocrx_word' id='word_1_604' title='bbox 1134 3207 1210 3237; x_wconf 90' lang='lat' dir='ltr'>Dei:</span> <span class='ocrx_word' id='word_1_605' title='bbox 1245 3218 1283 3238; x_wconf 88' lang='lat' dir='ltr'>ex</span> <span class='ocrx_word' id='word_1_606' title='bbox 1312 3209 1371 3239; x_wconf 89' lang='lat' dir='ltr'>hac</span> 
     </span>
     <span class='ocr_line' id='line_1_73' title="bbox 308 3249 1371 3290; baseline 0.003 -11"><span class='ocrx_word' id='word_1_607' title='bbox 308 3249 395 3280; x_wconf 84' lang='lat' dir='ltr'>enim</span> <span class='ocrx_word' id='word_1_608' title='bbox 418 3250 636 3290; x_wconf 85' lang='lat' dir='ltr'>assumptione</span> <span class='ocrx_word' id='word_1_609' title='bbox 657 3250 858 3279; x_wconf 90' lang='lat' dir='ltr'>subsistentia</span> <span class='ocrx_word' id='word_1_610' title='bbox 882 3259 945 3289; x_wconf 92' lang='lat' dir='ltr'>qua</span> <span class='ocrx_word' id='word_1_611' title='bbox 967 3249 1066 3280; x_wconf 90' lang='lat' dir='ltr'>Filius</span> <span class='ocrx_word' id='word_1_612' title='bbox 1082 3249 1143 3280; x_wconf 92' lang='lat' dir='ltr'>Dei</span> <span class='ocrx_word' id='word_1_613' title='bbox 1165 3251 1199 3281; x_wconf 93' lang='lat' dir='ltr'>in</span> <span class='ocrx_word' id='word_1_614' title='bbox 1215 3252 1282 3281; x_wconf 90' lang='lat' dir='ltr'>sola</span> <span class='ocrx_word' id='word_1_615' title='bbox 1297 3253 1371 3282; x_wconf 88' lang='lat' dir='ltr'>sub—</span> 
     </span>
     <span class='ocr_line' id='line_1_74' title="bbox 308 3293 1372 3331; baseline 0.002 -7"><span class='ocrx_word' id='word_1_616' title='bbox 308 3293 436 3324; x_wconf 79' lang='lat' dir='ltr'>sistebat</span> <span class='ocrx_word' id='word_1_617' title='bbox 458 3299 570 3324; x_wconf 86' lang='lat' dir='ltr'>natura</span> <span class='ocrx_word' id='word_1_618' title='bbox 585 3293 701 3328; x_wconf 91' lang='lat' dir='ltr'>divina,</span> <span class='ocrx_word' id='word_1_619' title='bbox 726 3294 983 3324; x_wconf 91' lang='lat' dir='ltr'>communicatur</span> <span class='ocrx_word' id='word_1_620' title='bbox 997 3298 1127 3323; x_wconf 90' lang='lat' dir='ltr'>naturae</span> <span class='ocrx_word' id='word_1_621' title='bbox 1143 3294 1312 3331; x_wconf 89' lang='lat' dir='ltr'>humanae,</span> <span class='ocrx_word' id='word_1_622' title='bbox 1329 3297 1372 3326; x_wconf 89' lang='lat' dir='ltr'>ita</span> 
     </span>
     <span class='ocr_line' id='line_1_75' title="bbox 307 3337 1371 3378; baseline 0.001 -10"><span class='ocrx_word' id='word_1_623' title='bbox 307 3342 345 3367; x_wconf 89' lang='lat' dir='ltr'>ut</span> <span class='ocrx_word' id='word_1_624' title='bbox 367 3338 462 3368; x_wconf 80' lang='lat' dir='ltr'>etiam</span> <span class='ocrx_word' id='word_1_625' title='bbox 484 3338 554 3378; x_wconf 91' lang='lat' dir='ltr'>ipsa</span> <span class='ocrx_word' id='word_1_626' title='bbox 572 3343 685 3368; x_wconf 91' lang='lat' dir='ltr'>natura</span> <span class='ocrx_word' id='word_1_627' title='bbox 699 3338 839 3368; x_wconf 89' lang='lat' dir='ltr'>humana</span> <span class='ocrx_word' id='word_1_628' title='bbox 861 3347 918 3378; x_wconf 86' lang='lat' dir='ltr'>per</span> <span class='ocrx_word' id='word_1_629' title='bbox 932 3337 1019 3367; x_wconf 88' lang='lat' dir='ltr'>illam</span> <span class='ocrx_word' id='word_1_630' title='bbox 1038 3337 1194 3374; x_wconf 86' lang='lat' dir='ltr'>subsistat,</span> <span class='ocrx_word' id='word_1_631' title='bbox 1219 3344 1250 3368; x_wconf 89' lang='lat' dir='ltr'>et</span> <span class='ocrx_word' id='word_1_632' title='bbox 1272 3339 1371 3369; x_wconf 91' lang='lat' dir='ltr'>Filius</span> 
     </span>
     <span class='ocr_line' id='line_1_76' title="bbox 308 3381 1371 3414; baseline 0.001 -2"><span class='ocrx_word' id='word_1_633' title='bbox 308 3381 370 3412; x_wconf 83' lang='lat' dir='ltr'>Dei</span> <span class='ocrx_word' id='word_1_634' title='bbox 391 3381 426 3411; x_wconf 90' lang='lat' dir='ltr'>in</span> <span class='ocrx_word' id='word_1_635' title='bbox 446 3382 587 3412; x_wconf 88' lang='lat' dir='ltr'>humana</span> <span class='ocrx_word' id='word_1_636' title='bbox 603 3387 715 3412; x_wconf 87' lang='lat' dir='ltr'>natura</span> <span class='ocrx_word' id='word_1_637' title='bbox 730 3382 886 3412; x_wconf 86' lang='lat' dir='ltr'>subsistat.</span> <span class='ocrx_word' id='word_1_638' title='bbox 910 3382 984 3411; x_wconf 91' lang='lat' dir='ltr'>Hoc</span> <span class='ocrx_word' id='word_1_639' title='bbox 1000 3387 1107 3412; x_wconf 90' lang='lat' dir='ltr'>autem</span> <span class='ocrx_word' id='word_1_640' title='bbox 1124 3387 1170 3412; x_wconf 91' lang='lat' dir='ltr'>est</span> <span class='ocrx_word' id='word_1_641' title='bbox 1185 3392 1287 3412; x_wconf 88' lang='lat' dir='ltr'>unum</span> <span class='ocrx_word' id='word_1_642' title='bbox 1304 3393 1371 3414; x_wconf 89' lang='lat' dir='ltr'>esse</span> 
     </span>
     <span class='ocr_line' id='line_1_77' title="bbox 307 3425 1370 3465; baseline 0.002 -10"><span class='ocrx_word' id='word_1_643' title='bbox 307 3425 342 3455; x_wconf 92' lang='lat' dir='ltr'>in</span> <span class='ocrx_word' id='word_1_644' title='bbox 364 3434 502 3464; x_wconf 90' lang='lat' dir='ltr'>persona</span> <span class='ocrx_word' id='word_1_645' title='bbox 524 3426 631 3456; x_wconf 92' lang='lat' dir='ltr'>ambas</span> <span class='ocrx_word' id='word_1_646' title='bbox 654 3431 791 3456; x_wconf 90' lang='lat' dir='ltr'>naturas.</span> <span class='ocrx_word' id='word_1_647' title='bbox 816 3426 879 3456; x_wconf 91' lang='lat' dir='ltr'>Ubi</span> <span class='ocrx_word' id='word_1_648' title='bbox 902 3431 988 3465; x_wconf 88' lang='lat' dir='ltr'>patet</span> <span class='ocrx_word' id='word_1_649' title='bbox 1011 3425 1089 3455; x_wconf 91' lang='lat' dir='ltr'>nihil</span> <span class='ocrx_word' id='word_1_650' title='bbox 1112 3431 1253 3456; x_wconf 89' lang='lat' dir='ltr'>creatum</span> <span class='ocrx_word' id='word_1_651' title='bbox 1276 3427 1370 3457; x_wconf 92' lang='lat' dir='ltr'>inter-</span> 
     </span>
     <span class='ocr_line' id='line_1_78' title="bbox 307 3469 1371 3509; baseline 0.002 -11"><span class='ocrx_word' id='word_1_652' title='bbox 307 3469 417 3499; x_wconf 86' lang='lat' dir='ltr'>venire</span> <span class='ocrx_word' id='word_1_653' title='bbox 439 3469 500 3499; x_wconf 89' lang='lat' dir='ltr'>nisi</span> <span class='ocrx_word' id='word_1_654' title='bbox 522 3470 705 3509; x_wconf 89' lang='lat' dir='ltr'>passionem</span> <span class='ocrx_word' id='word_1_655' title='bbox 729 3479 792 3509; x_wconf 91' lang='lat' dir='ltr'>qua</span> <span class='ocrx_word' id='word_1_656' title='bbox 814 3475 925 3499; x_wconf 91' lang='lat' dir='ltr'>natura</span> <span class='ocrx_word' id='word_1_657' title='bbox 945 3470 1084 3499; x_wconf 90' lang='lat' dir='ltr'>humana</span> <span class='ocrx_word' id='word_1_658' title='bbox 1102 3470 1233 3500; x_wconf 88' lang='lat' dir='ltr'>trahitur</span> <span class='ocrx_word' id='word_1_659' title='bbox 1249 3470 1287 3501; x_wconf 93' lang='lat' dir='ltr'>ad</span> <span class='ocrx_word' id='word_1_660' title='bbox 1304 3481 1371 3501; x_wconf 90' lang='lat' dir='ltr'>esse</span> 
     </span>
     <span class='ocr_line' id='line_1_79' title="bbox 307 3511 1371 3553; baseline 0.002 -10"><span class='ocrx_word' id='word_1_661' title='bbox 307 3511 416 3543; x_wconf 85' lang='lat' dir='ltr'>Verbi.</span> <span class='ocrx_word' id='word_1_662' title='bbox 441 3512 544 3553; x_wconf 89' lang='lat' dir='ltr'>Super</span> <span class='ocrx_word' id='word_1_663' title='bbox 561 3514 643 3544; x_wconf 91' lang='lat' dir='ltr'>hanc</span> <span class='ocrx_word' id='word_1_664' title='bbox 659 3519 766 3544; x_wconf 90' lang='lat' dir='ltr'>autem</span> <span class='ocrx_word' id='word_1_665' title='bbox 783 3514 1056 3549; x_wconf 91' lang='lat' dir='ltr'>coniunctionem,</span> <span class='ocrx_word' id='word_1_666' title='bbox 1080 3523 1175 3553; x_wconf 90' lang='lat' dir='ltr'>super</span> <span class='ocrx_word' id='word_1_667' title='bbox 1190 3514 1253 3545; x_wconf 91' lang='lat' dir='ltr'>hoc</span> <span class='ocrx_word' id='word_1_668' title='bbox 1269 3524 1371 3545; x_wconf 92' lang='lat' dir='ltr'>unum</span> 
     </span>
     <span class='ocr_line' id='line_1_80' title="bbox 310 3555 1372 3599; baseline 0.002 -12"><span class='ocrx_word' id='word_1_669' title='bbox 310 3565 387 3593; x_wconf 85' lang='lat' dir='ltr'>esse,</span> <span class='ocrx_word' id='word_1_670' title='bbox 412 3555 564 3588; x_wconf 87' lang='lat' dir='ltr'>fundatur</span> <span class='ocrx_word' id='word_1_671' title='bbox 587 3558 790 3588; x_wconf 91' lang='lat' dir='ltr'>consecutive</span> <span class='ocrx_word' id='word_1_672' title='bbox 813 3558 892 3587; x_wconf 92' lang='lat' dir='ltr'>unio</span> <span class='ocrx_word' id='word_1_673' title='bbox 908 3567 967 3597; x_wconf 90' lang='lat' dir='ltr'>pro</span> <span class='ocrx_word' id='word_1_674' title='bbox 982 3557 1152 3587; x_wconf 90' lang='lat' dir='ltr'>relatione:</span> <span class='ocrx_word' id='word_1_675' title='bbox 1178 3558 1258 3588; x_wconf 91' lang='lat' dir='ltr'>sicut</span> <span class='ocrx_word' id='word_1_676' title='bbox 1277 3569 1372 3599; x_wconf 91' lang='lat' dir='ltr'>super</span> 
     </span>
    </p>
   </div>
   <div class='ocr_carea' id='block_1_10' title="bbox 453 3616 989 3642">
    <p class='ocr_par' dir='ltr' id='par_1_14' title="bbox 453 3616 989 3642">
     <span class='ocr_line' id='line_1_81' title="bbox 453 3616 989 3642; baseline 0.004 -2"><span class='ocrx_word' id='word_1_677' title='bbox 453 3616 562 3641; x_wconf 64' lang='lat' dir='ltr'>Summa</span> <span class='ocrx_word' id='word_1_678' title='bbox 581 3616 682 3642; x_wconf 68' lang='lat' dir='ltr'>Tuam..</span> <span class='ocrx_word' id='word_1_679' title='bbox 702 3617 732 3642; x_wconf 92' lang='lat' dir='ltr'>D.</span> <span class='ocrx_word' id='word_1_680' title='bbox 746 3617 859 3642; x_wconf 71' lang='lat' dir='ltr'>Tnoms</span> <span class='ocrx_word' id='word_1_681' title='bbox 876 3617 908 3642; x_wconf 88' lang='lat' dir='ltr'>T.</span> <span class='ocrx_word' id='word_1_682' title='bbox 927 3617 989 3642; x_wconf 90' lang='lat' dir='ltr'>VIII.</span> 
     </span>
    </p>
   </div>
   <div class='ocr_carea' id='block_1_11' title="bbox 1397 306 1403 1462">
    <p class='ocr_par' dir='ltr' id='par_1_15' title="bbox 1397 306 1403 1462">
     <span class='ocr_line' id='line_1_82' title="bbox 1397 306 1403 1462; baseline 0 0"><span class='ocrx_word' id='word_1_683' title='bbox 1397 306 1403 1462; x_wconf 95' lang='lat' dir='ltr'> </span> 
     </span>
    </p>
   </div>
   <div class='ocr_carea' id='block_1_12' title="bbox 1398 306 1403 2476">
    <p class='ocr_par' dir='ltr' id='par_1_16' title="bbox 1398 306 1403 2476">
     <span class='ocr_line' id='line_1_83' title="bbox 1398 306 1403 2476; baseline 0 0"><span class='ocrx_word' id='word_1_684' title='bbox 1398 306 1403 2476; x_wconf 95' lang='lat' dir='ltr'> </span> 
     </span>
    </p>
   </div>
   <div class='ocr_carea' id='block_1_13' title="bbox 1395 2828 1400 3590">
    <p class='ocr_par' dir='ltr' id='par_1_17' title="bbox 1395 2828 1400 3590">
     <span class='ocr_line' id='line_1_84' title="bbox 1395 2828 1400 3590; baseline 0 0"><span class='ocrx_word' id='word_1_685' title='bbox 1395 2828 1400 3590; x_wconf 95' lang='lat' dir='ltr'> </span> 
     </span>
    </p>
   </div>
   <div class='ocr_carea' id='block_1_14' title="bbox 2440 242 2486 277">
    <p class='ocr_par' dir='ltr' id='par_1_18' title="bbox 2440 242 2486 277">
     <span class='ocr_line' id='line_1_85' title="bbox 2440 242 2486 277; baseline 0 -10"><span class='ocrx_word' id='word_1_686' title='bbox 2440 242 2486 277; x_wconf 90' lang='lat'>41</span> 
     </span>
    </p>
   </div>
   <div class='ocr_carea' id='block_1_15' title="bbox 1420 308 2493 1622">
    <p class='ocr_par' dir='ltr' id='par_1_19' title="bbox 1426 308 2493 514">
     <span class='ocr_line' id='line_1_86' title="bbox 1427 308 2493 348; baseline 0.003 -10"><span class='ocrx_word' id='word_1_687' title='bbox 1427 309 1692 338; x_wconf 88' lang='lat' dir='ltr'>coniunctionem</span> <span class='ocrx_word' id='word_1_688' title='bbox 1715 308 1952 338; x_wconf 87' lang='lat' dir='ltr'>substantialem</span> <span class='ocrx_word' id='word_1_689' title='bbox 1977 310 2119 348; x_wconf 90' lang='lat' dir='ltr'>corporis</span> <span class='ocrx_word' id='word_1_690' title='bbox 2144 315 2174 339; x_wconf 92' lang='lat' dir='ltr'>et</span> <span class='ocrx_word' id='word_1_691' title='bbox 2194 310 2318 339; x_wconf 88' lang='lat' dir='ltr'>animae</span> <span class='ocrx_word' id='word_1_692' title='bbox 2342 309 2493 341; x_wconf 89' lang='lat' dir='ltr'>fundatur</span> 
     </span>
     <span class='ocr_line' id='line_1_87' title="bbox 1426 352 2492 393; baseline 0.003 -11"><span class='ocrx_word' id='word_1_693' title='bbox 1426 352 1536 382; x_wconf 92' lang='lat' dir='ltr'>relatio</span> <span class='ocrx_word' id='word_1_694' title='bbox 1553 353 1683 382; x_wconf 90' lang='lat' dir='ltr'>unionis</span> <span class='ocrx_word' id='word_1_695' title='bbox 1699 353 1781 382; x_wconf 90' lang='lat' dir='ltr'>inter</span> <span class='ocrx_word' id='word_1_696' title='bbox 1797 353 1936 382; x_wconf 90' lang='lat' dir='ltr'>animam</span> <span class='ocrx_word' id='word_1_697' title='bbox 1953 358 1983 382; x_wconf 92' lang='lat' dir='ltr'>et</span> <span class='ocrx_word' id='word_1_698' title='bbox 1999 362 2125 392; x_wconf 90' lang='lat' dir='ltr'>corpus.</span> <span class='ocrx_word' id='word_1_699' title='bbox 2150 353 2206 382; x_wconf 90' lang='lat' dir='ltr'>Est</span> <span class='ocrx_word' id='word_1_700' title='bbox 2221 354 2325 393; x_wconf 85' lang='lat' dir='ltr'>igitur,</span> <span class='ocrx_word' id='word_1_701' title='bbox 2342 359 2378 384; x_wconf 94' lang='lat' dir='ltr'>ut</span> <span class='ocrx_word' id='word_1_702' title='bbox 2393 356 2492 385; x_wconf 93' lang='lat' dir='ltr'>unico</span> 
     </span>
     <span class='ocr_line' id='line_1_88' title="bbox 1426 396 2493 434; baseline 0.003 -8"><span class='ocrx_word' id='word_1_703' title='bbox 1426 397 1524 426; x_wconf 89' lang='lat' dir='ltr'>verbo</span> <span class='ocrx_word' id='word_1_704' title='bbox 1555 396 1692 431; x_wconf 90' lang='lat' dir='ltr'>dicatur,</span> <span class='ocrx_word' id='word_1_705' title='bbox 1724 397 1802 426; x_wconf 91' lang='lat' dir='ltr'>unio</span> <span class='ocrx_word' id='word_1_706' title='bbox 1834 402 2017 426; x_wconf 89' lang='lat' dir='ltr'>naturarum</span> <span class='ocrx_word' id='word_1_707' title='bbox 2047 397 2080 426; x_wconf 91' lang='lat' dir='ltr'>in</span> <span class='ocrx_word' id='word_1_708' title='bbox 2105 396 2232 434; x_wconf 87' lang='lat' dir='ltr'>Christo</span> <span class='ocrx_word' id='word_1_709' title='bbox 2256 398 2365 428; x_wconf 90' lang='lat' dir='ltr'>relatio</span> <span class='ocrx_word' id='word_1_710' title='bbox 2390 405 2493 429; x_wconf 87' lang='lat' dir='ltr'>creata</span> 
     </span>
     <span class='ocr_line' id='line_1_89' title="bbox 1427 440 2492 482; baseline 0.003 -12"><span class='ocrx_word' id='word_1_711' title='bbox 1427 440 1603 480; x_wconf 85' lang='lat' dir='ltr'>quaedam,</span> <span class='ocrx_word' id='word_1_712' title='bbox 1627 441 1690 470; x_wconf 94' lang='lat' dir='ltr'>hoc</span> <span class='ocrx_word' id='word_1_713' title='bbox 1707 445 1762 476; x_wconf 87' lang='lat' dir='ltr'>est,</span> <span class='ocrx_word' id='word_1_714' title='bbox 1788 449 1989 480; x_wconf 88' lang='lat' dir='ltr'>consequens</span> <span class='ocrx_word' id='word_1_715' title='bbox 2013 440 2185 470; x_wconf 90' lang='lat' dir='ltr'>earundem</span> <span class='ocrx_word' id='word_1_716' title='bbox 2206 442 2360 472; x_wconf 86' lang='lat' dir='ltr'>unitatem</span> <span class='ocrx_word' id='word_1_717' title='bbox 2382 452 2492 482; x_wconf 91' lang='lat' dir='ltr'>perso—</span> 
     </span>
     <span class='ocr_line' id='line_1_90' title="bbox 1426 484 1738 514; baseline 0 0"><span class='ocrx_word' id='word_1_718' title='bbox 1426 484 1533 514; x_wconf 89' lang='lat' dir='ltr'>nalem</span> <span class='ocrx_word' id='word_1_719' title='bbox 1555 485 1738 514; x_wconf 85' lang='lat' dir='ltr'>increatam.</span> 
     </span>
    </p>

    <p class='ocr_par' dir='ltr' id='par_1_20' title="bbox 1427 527 2493 963">
     <span class='ocr_line' id='line_1_91' title="bbox 1482 527 2491 568; baseline 0.002 -10"><span class='ocrx_word' id='word_1_720' title='bbox 1482 528 1523 557; x_wconf 90' lang='lat' dir='ltr'>Et</span> <span class='ocrx_word' id='word_1_721' title='bbox 1547 529 1623 568; x_wconf 90' lang='lat' dir='ltr'>quia</span> <span class='ocrx_word' id='word_1_722' title='bbox 1644 534 1830 567; x_wconf 87' lang='lat' dir='ltr'>argumenta</span> <span class='ocrx_word' id='word_1_723' title='bbox 1845 528 1989 563; x_wconf 89' lang='lat' dir='ltr'>Aureoli,</span> <span class='ocrx_word' id='word_1_724' title='bbox 2006 538 2024 558; x_wconf 92' lang='lat' dir='ltr'>a</span> <span class='ocrx_word' id='word_1_725' title='bbox 2041 527 2201 567; x_wconf 91' lang='lat' dir='ltr'>Capreolo</span> <span class='ocrx_word' id='word_1_726' title='bbox 2218 529 2319 565; x_wconf 90' lang='lat' dir='ltr'>allata,</span> <span class='ocrx_word' id='word_1_727' title='bbox 2336 531 2369 560; x_wconf 93' lang='lat' dir='ltr'>in</span> <span class='ocrx_word' id='word_1_728' title='bbox 2385 540 2404 559; x_wconf 97' lang='lat' dir='ltr'>v</span> <span class='ocrx_word' id='word_1_729' title='bbox 2421 530 2491 561; x_wconf 90' lang='lat' dir='ltr'>dist.</span> 
     </span>
     <span class='ocr_line' id='line_1_92' title="bbox 1428 572 2492 612; baseline 0.002 -10"><span class='ocrx_word' id='word_1_730' title='bbox 1428 572 1468 602; x_wconf 93' lang='lat' dir='ltr'>III</span> <span class='ocrx_word' id='word_1_731' title='bbox 1485 572 1581 607; x_wconf 72' lang='lat' dir='ltr'>Sent„</span> <span class='ocrx_word' id='word_1_732' title='bbox 1607 581 1661 612; x_wconf 87' lang='lat' dir='ltr'>qu.</span> <span class='ocrx_word' id='word_1_733' title='bbox 1678 582 1689 601; x_wconf 92' lang='lat'>1</span> <span class='ocrx_word' id='word_1_734' title='bbox 1704 573 1730 607; x_wconf 43' lang='grc' dir='ltr'>ἥ,</span> <span class='ocrx_word' id='word_1_735' title='bbox 1747 572 1928 611; x_wconf 92' lang='lat' dir='ltr'>procedunt</span> <span class='ocrx_word' id='word_1_736' title='bbox 1943 578 2054 602; x_wconf 91' lang='lat' dir='ltr'>contra</span> <span class='ocrx_word' id='word_1_737' title='bbox 2069 572 2208 602; x_wconf 91' lang='lat' dir='ltr'>dicentes</span> <span class='ocrx_word' id='word_1_738' title='bbox 2232 582 2299 602; x_wconf 92' lang='lat' dir='ltr'>non</span> <span class='ocrx_word' id='word_1_739' title='bbox 2316 583 2383 604; x_wconf 91' lang='lat' dir='ltr'>esse</span> <span class='ocrx_word' id='word_1_740' title='bbox 2399 574 2492 605; x_wconf 90' lang='lat' dir='ltr'>aliam</span> 
     </span>
     <span class='ocr_line' id='line_1_93' title="bbox 1427 616 2491 656; baseline 0.002 -10"><span class='ocrx_word' id='word_1_741' title='bbox 1427 617 1583 646; x_wconf 84' lang='lat' dir='ltr'>unionem</span> <span class='ocrx_word' id='word_1_742' title='bbox 1600 625 1696 656; x_wconf 91' lang='lat' dir='ltr'>quam</span> <span class='ocrx_word' id='word_1_743' title='bbox 1710 616 1871 646; x_wconf 90' lang='lat' dir='ltr'>relativam</span> <span class='ocrx_word' id='word_1_744' title='bbox 1883 617 1964 646; x_wconf 89' lang='lat' dir='ltr'>inter</span> <span class='ocrx_word' id='word_1_745' title='bbox 1976 617 2149 646; x_wconf 90' lang='lat' dir='ltr'>humanam</span> <span class='ocrx_word' id='word_1_746' title='bbox 2161 622 2306 646; x_wconf 91' lang='lat' dir='ltr'>naturam</span> <span class='ocrx_word' id='word_1_747' title='bbox 2318 618 2351 647; x_wconf 93' lang='lat' dir='ltr'>in</span> <span class='ocrx_word' id='word_1_748' title='bbox 2365 617 2491 648; x_wconf 90' lang='lat' dir='ltr'>Christo</span> 
     </span>
     <span class='ocr_line' id='line_1_94' title="bbox 1428 659 2492 701; baseline 0.002 -11"><span class='ocrx_word' id='word_1_749' title='bbox 1428 666 1459 690; x_wconf 93' lang='lat' dir='ltr'>et</span> <span class='ocrx_word' id='word_1_750' title='bbox 1482 660 1604 695; x_wconf 93' lang='lat' dir='ltr'>Deum,</span> <span class='ocrx_word' id='word_1_751' title='bbox 1636 659 1726 699; x_wconf 92' lang='lat' dir='ltr'>quod</span> <span class='ocrx_word' id='word_1_752' title='bbox 1752 660 1848 699; x_wconf 86' lang='lat' dir='ltr'>longe</span> <span class='ocrx_word' id='word_1_753' title='bbox 1873 666 1919 690; x_wconf 92' lang='lat' dir='ltr'>est</span> <span class='ocrx_word' id='word_1_754' title='bbox 1942 670 1960 690; x_wconf 92' lang='lat' dir='ltr'>a</span> <span class='ocrx_word' id='word_1_755' title='bbox 1983 659 2127 690; x_wconf 88' lang='lat' dir='ltr'>doctrina</span> <span class='ocrx_word' id='word_1_756' title='bbox 2149 661 2315 696; x_wconf 89' lang='lat' dir='ltr'>Auctoris,</span> <span class='ocrx_word' id='word_1_757' title='bbox 2347 671 2492 701; x_wconf 85' lang='lat' dir='ltr'>expresse</span> 
     </span>
     <span class='ocr_line' id='line_1_95' title="bbox 1427 704 2492 744; baseline 0.002 -11"><span class='ocrx_word' id='word_1_758' title='bbox 1427 704 1576 744; x_wconf 91' lang='lat' dir='ltr'>ponentis</span> <span class='ocrx_word' id='word_1_759' title='bbox 1606 705 1762 734; x_wconf 91' lang='lat' dir='ltr'>unionem</span> <span class='ocrx_word' id='word_1_760' title='bbox 1797 704 1905 743; x_wconf 91' lang='lat' dir='ltr'>quoad</span> <span class='ocrx_word' id='word_1_761' title='bbox 1931 704 2118 734; x_wconf 87' lang='lat' dir='ltr'>relationem</span> <span class='ocrx_word' id='word_1_762' title='bbox 2155 705 2310 744; x_wconf 91' lang='lat' dir='ltr'>consequi</span> <span class='ocrx_word' id='word_1_763' title='bbox 2337 706 2492 736; x_wconf 91' lang='lat' dir='ltr'>unionem</span> 
     </span>
     <span class='ocr_line' id='line_1_96' title="bbox 1428 747 2492 788; baseline 0.001 -10"><span class='ocrx_word' id='word_1_764' title='bbox 1428 747 1606 778; x_wconf 90' lang='lat' dir='ltr'>secundum</span> <span class='ocrx_word' id='word_1_765' title='bbox 1623 749 1778 778; x_wconf 84' lang='lat' dir='ltr'>unitatem</span> <span class='ocrx_word' id='word_1_766' title='bbox 1793 748 2005 787; x_wconf 89' lang='lat' dir='ltr'>personalem,</span> <span class='ocrx_word' id='word_1_767' title='bbox 2018 749 2061 778; x_wconf 90' lang='lat' dir='ltr'>ita</span> <span class='ocrx_word' id='word_1_768' title='bbox 2077 748 2166 788; x_wconf 90' lang='lat' dir='ltr'>quod</span> <span class='ocrx_word' id='word_1_769' title='bbox 2181 749 2259 778; x_wconf 90' lang='lat' dir='ltr'>unio</span> <span class='ocrx_word' id='word_1_770' title='bbox 2276 748 2430 788; x_wconf 87' lang='lat' dir='ltr'>significat</span> <span class='ocrx_word' id='word_1_771' title='bbox 2445 759 2492 780; x_wconf 88' lang='lat' dir='ltr'>re-</span> 
     </span>
     <span class='ocr_line' id='line_1_97' title="bbox 1427 791 2492 832; baseline 0.001 -10"><span class='ocrx_word' id='word_1_772' title='bbox 1427 793 1591 827; x_wconf 87' lang='lat' dir='ltr'>lationem,</span> <span class='ocrx_word' id='word_1_773' title='bbox 1602 801 1670 822; x_wconf 93' lang='lat' dir='ltr'>non</span> <span class='ocrx_word' id='word_1_774' title='bbox 1683 792 1965 831; x_wconf 84' lang='lat' dir='ltr'>qualemcumque,</span> <span class='ocrx_word' id='word_1_775' title='bbox 1976 791 2032 822; x_wconf 91' lang='lat' dir='ltr'>sed</span> <span class='ocrx_word' id='word_1_776' title='bbox 2044 798 2297 832; x_wconf 89' lang='lat' dir='ltr'>consequentem</span> <span class='ocrx_word' id='word_1_777' title='bbox 2309 798 2492 824; x_wconf 87' lang='lat' dir='ltr'>naturarum</span> 
     </span>
     <span class='ocr_line' id='line_1_98' title="bbox 1428 835 2493 875; baseline 0.003 -10"><span class='ocrx_word' id='word_1_778' title='bbox 1428 836 1583 866; x_wconf 90' lang='lat' dir='ltr'>unitatem</span> <span class='ocrx_word' id='word_1_779' title='bbox 1599 836 1817 875; x_wconf 87' lang='lat' dir='ltr'>personalem:</span> <span class='ocrx_word' id='word_1_780' title='bbox 1842 835 1916 865; x_wconf 95' lang='lat' dir='ltr'>ideo</span> <span class='ocrx_word' id='word_1_781' title='bbox 1932 845 1999 866; x_wconf 92' lang='lat' dir='ltr'>non</span> <span class='ocrx_word' id='word_1_782' title='bbox 2019 837 2129 866; x_wconf 90' lang='lat' dir='ltr'>censui</span> <span class='ocrx_word' id='word_1_783' title='bbox 2145 837 2213 875; x_wconf 88' lang='lat' dir='ltr'>ipsa</span> <span class='ocrx_word' id='word_1_784' title='bbox 2229 836 2317 866; x_wconf 89' lang='lat' dir='ltr'>aliter</span> <span class='ocrx_word' id='word_1_785' title='bbox 2336 836 2493 868; x_wconf 86' lang='lat' dir='ltr'>afferenda</span> 
     </span>
     <span class='ocr_line' id='line_1_99' title="bbox 1429 879 2492 919; baseline 0.001 -9"><span class='ocrx_word' id='word_1_786' title='bbox 1429 885 1459 910; x_wconf 92' lang='lat' dir='ltr'>et</span> <span class='ocrx_word' id='word_1_787' title='bbox 1475 879 1637 915; x_wconf 89' lang='lat' dir='ltr'>solvenda,</span> <span class='ocrx_word' id='word_1_788' title='bbox 1654 885 1767 919; x_wconf 90' lang='lat' dir='ltr'>utpote</span> <span class='ocrx_word' id='word_1_789' title='bbox 1790 889 1858 909; x_wconf 92' lang='lat' dir='ltr'>non</span> <span class='ocrx_word' id='word_1_790' title='bbox 1875 885 1985 910; x_wconf 91' lang='lat' dir='ltr'>contra</span> <span class='ocrx_word' id='word_1_791' title='bbox 2002 879 2178 910; x_wconf 87' lang='lat' dir='ltr'>doctrinam</span> <span class='ocrx_word' id='word_1_792' title='bbox 2197 881 2346 910; x_wconf 83' lang='lat' dir='ltr'>Auctoris</span> <span class='ocrx_word' id='word_1_793' title='bbox 2362 882 2396 911; x_wconf 92' lang='lat' dir='ltr'>in</span> <span class='ocrx_word' id='word_1_794' title='bbox 2411 882 2492 911; x_wconf 84' lang='lat' dir='ltr'>veri-</span> 
     </span>
     <span class='ocr_line' id='line_1_100' title="bbox 1427 923 2491 963; baseline 0.002 -10"><span class='ocrx_word' id='word_1_795' title='bbox 1427 929 1501 959; x_wconf 91' lang='lat' dir='ltr'>tate,</span> <span class='ocrx_word' id='word_1_796' title='bbox 1526 929 1557 954; x_wconf 96' lang='lat' dir='ltr'>et</span> <span class='ocrx_word' id='word_1_797' title='bbox 1581 933 1663 963; x_wconf 90' lang='lat' dir='ltr'>quae</span> <span class='ocrx_word' id='word_1_798' title='bbox 1687 933 1724 953; x_wconf 88' lang='lat' dir='ltr'>ex</span> <span class='ocrx_word' id='word_1_799' title='bbox 1747 924 1806 953; x_wconf 90' lang='lat' dir='ltr'>hac</span> <span class='ocrx_word' id='word_1_800' title='bbox 1830 924 1925 953; x_wconf 90' lang='lat' dir='ltr'>unica</span> <span class='ocrx_word' id='word_1_801' title='bbox 1944 923 2026 954; x_wconf 90' lang='lat' dir='ltr'>dicta</span> <span class='ocrx_word' id='word_1_802' title='bbox 2041 925 2251 963; x_wconf 89' lang='lat' dir='ltr'>responsione</span> <span class='ocrx_word' id='word_1_803' title='bbox 2275 924 2491 955; x_wconf 91' lang='lat' dir='ltr'>confutantur.</span> 
     </span>
    </p>

    <p class='ocr_par' dir='ltr' id='par_1_21' title="bbox 1420 967 2493 1357">
     <span class='ocr_line' id='line_1_101' title="bbox 1483 967 2491 1008; baseline 0.002 -11"><span class='ocrx_word' id='word_1_804' title='bbox 1483 968 1535 997; x_wconf 92' lang='lat' dir='ltr'>IV.</span> <span class='ocrx_word' id='word_1_805' title='bbox 1561 968 1595 997; x_wconf 91' lang='lat' dir='ltr'>In</span> <span class='ocrx_word' id='word_1_806' title='bbox 1612 968 1821 1007; x_wconf 86' lang='lat' dir='ltr'>responsione</span> <span class='ocrx_word' id='word_1_807' title='bbox 1838 967 1877 997; x_wconf 93' lang='lat' dir='ltr'>ad</span> <span class='ocrx_word' id='word_1_808' title='bbox 1892 969 2021 997; x_wconf 89' lang='lat' dir='ltr'>tertium</span> <span class='ocrx_word' id='word_1_809' title='bbox 2042 967 2186 998; x_wconf 90' lang='lat' dir='ltr'>eiusdem</span> <span class='ocrx_word' id='word_1_810' title='bbox 2208 969 2335 1008; x_wconf 88' lang='lat' dir='ltr'>septimi</span> <span class='ocrx_word' id='word_1_811' title='bbox 2358 970 2491 1005; x_wconf 89' lang='lat' dir='ltr'>articuli,</span> 
     </span>
     <span class='ocr_line' id='line_1_102' title="bbox 1428 1011 2493 1051; baseline 0.002 -10"><span class='ocrx_word' id='word_1_812' title='bbox 1428 1011 1562 1041; x_wconf 91' lang='lat' dir='ltr'>dubium</span> <span class='ocrx_word' id='word_1_813' title='bbox 1587 1012 1724 1041; x_wconf 90' lang='lat' dir='ltr'>occurrit</span> <span class='ocrx_word' id='word_1_814' title='bbox 1748 1012 1830 1041; x_wconf 88' lang='lat' dir='ltr'>circa</span> <span class='ocrx_word' id='word_1_815' title='bbox 1852 1011 1936 1041; x_wconf 92' lang='lat' dir='ltr'>illius</span> <span class='ocrx_word' id='word_1_816' title='bbox 1958 1012 2169 1051; x_wconf 91' lang='lat' dir='ltr'>principium:</span> <span class='ocrx_word' id='word_1_817' title='bbox 2194 1012 2304 1042; x_wconf 90' lang='lat' dir='ltr'>Homo</span> <span class='ocrx_word' id='word_1_818' title='bbox 2321 1012 2440 1043; x_wconf 85' lang='lat' dir='ltr'>dicitur</span> <span class='ocrx_word' id='word_1_819' title='bbox 2462 1019 2493 1044; x_wconf 81' lang='lat' dir='ltr'>et</span> 
     </span>
     <span class='ocr_line' id='line_1_103' title="bbox 1427 1055 2491 1097; baseline 0.002 -13"><span class='ocrx_word' id='word_1_820' title='bbox 1427 1060 1474 1085; x_wconf 80' lang='lat' dir='ltr'>est</span> <span class='ocrx_word' id='word_1_821' title='bbox 1494 1056 1585 1085; x_wconf 87' lang='lat' dir='ltr'>Deus</span> <span class='ocrx_word' id='word_1_822' title='bbox 1601 1060 1738 1094; x_wconf 84' lang='lat' dir='ltr'>propter</span> <span class='ocrx_word' id='word_1_823' title='bbox 1761 1055 1911 1085; x_wconf 83' lang='lat' dir='ltr'>unionem</span> <span class='ocrx_word' id='word_1_824' title='bbox 1935 1056 2124 1095; x_wconf 85' lang='lat' dir='ltr'>inquantum</span> <span class='ocrx_word' id='word_1_825' title='bbox 2148 1056 2340 1086; x_wconf 86' lang='lat' dir='ltr'>terminatur</span> <span class='ocrx_word' id='word_1_826' title='bbox 2367 1057 2410 1087; x_wconf 91' lang='lat' dir='ltr'>ad</span> <span class='ocrx_word' id='word_1_827' title='bbox 2431 1057 2491 1097; x_wconf 81' lang='lat' dir='ltr'>hy-</span> 
     </span>
     <span class='ocr_line' id='line_1_104' title="bbox 1420 1098 2492 1139; baseline 0.002 -11"><span class='ocrx_word' id='word_1_828' title='bbox 1420 1099 1579 1139; x_wconf 80' lang='lat' dir='ltr'>postasim</span> <span class='ocrx_word' id='word_1_829' title='bbox 1602 1099 1754 1128; x_wconf 78' lang='lat' dir='ltr'>divinam.</span> <span class='ocrx_word' id='word_1_830' title='bbox 1784 1099 1871 1128; x_wconf 90' lang='lat' dir='ltr'>Tum</span> <span class='ocrx_word' id='word_1_831' title='bbox 1895 1100 1969 1138; x_wconf 92' lang='lat' dir='ltr'>quia</span> <span class='ocrx_word' id='word_1_832' title='bbox 1992 1098 2107 1129; x_wconf 88' lang='lat' dir='ltr'>falsum</span> <span class='ocrx_word' id='word_1_833' title='bbox 2131 1105 2178 1129; x_wconf 93' lang='lat' dir='ltr'>est</span> <span class='ocrx_word' id='word_1_834' title='bbox 2201 1100 2290 1139; x_wconf 91' lang='lat' dir='ltr'>quod</span> <span class='ocrx_word' id='word_1_835' title='bbox 2313 1110 2415 1130; x_wconf 90' lang='lat' dir='ltr'>unum</span> <span class='ocrx_word' id='word_1_836' title='bbox 2440 1111 2492 1131; x_wconf 88' lang='lat' dir='ltr'>ex-</span> 
     </span>
     <span class='ocr_line' id='line_1_105' title="bbox 1427 1143 2492 1182; baseline 0.003 -10"><span class='ocrx_word' id='word_1_837' title='bbox 1427 1149 1566 1173; x_wconf 89' lang='lat' dir='ltr'>tremum</span> <span class='ocrx_word' id='word_1_838' title='bbox 1589 1143 1718 1172; x_wconf 90' lang='lat' dir='ltr'>unionis</span> <span class='ocrx_word' id='word_1_839' title='bbox 1741 1143 1780 1172; x_wconf 93' lang='lat' dir='ltr'>sit</span> <span class='ocrx_word' id='word_1_840' title='bbox 1802 1143 1963 1182; x_wconf 90' lang='lat' dir='ltr'>reliquum</span> <span class='ocrx_word' id='word_1_841' title='bbox 1988 1144 2062 1182; x_wconf 90' lang='lat' dir='ltr'>quia</span> <span class='ocrx_word' id='word_1_842' title='bbox 2085 1144 2163 1173; x_wconf 91' lang='lat' dir='ltr'>unio</span> <span class='ocrx_word' id='word_1_843' title='bbox 2187 1144 2373 1174; x_wconf 91' lang='lat' dir='ltr'>terminatur</span> <span class='ocrx_word' id='word_1_844' title='bbox 2389 1144 2428 1174; x_wconf 89' lang='lat' dir='ltr'>ad</span> <span class='ocrx_word' id='word_1_845' title='bbox 2443 1154 2492 1175; x_wconf 92' lang='lat' dir='ltr'>re-</span> 
     </span>
     <span class='ocr_line' id='line_1_106' title="bbox 1427 1187 2493 1228; baseline 0.002 -11"><span class='ocrx_word' id='word_1_846' title='bbox 1427 1187 1554 1226; x_wconf 91' lang='lat' dir='ltr'>liquum</span> <span class='ocrx_word' id='word_1_847' title='bbox 1578 1191 1772 1216; x_wconf 88' lang='lat' dir='ltr'>extremum:</span> <span class='ocrx_word' id='word_1_848' title='bbox 1797 1196 1864 1216; x_wconf 90' lang='lat' dir='ltr'>non</span> <span class='ocrx_word' id='word_1_849' title='bbox 1888 1187 1974 1216; x_wconf 92' lang='lat' dir='ltr'>enim</span> <span class='ocrx_word' id='word_1_850' title='bbox 1998 1196 2115 1226; x_wconf 92' lang='lat' dir='ltr'>corpus</span> <span class='ocrx_word' id='word_1_851' title='bbox 2131 1193 2178 1216; x_wconf 90' lang='lat' dir='ltr'>est</span> <span class='ocrx_word' id='word_1_852' title='bbox 2196 1188 2301 1217; x_wconf 92' lang='lat' dir='ltr'>anima</span> <span class='ocrx_word' id='word_1_853' title='bbox 2323 1194 2493 1228; x_wconf 88' lang='lat' dir='ltr'>propterea</span> 
     </span>
     <span class='ocr_line' id='line_1_107' title="bbox 1428 1230 2492 1270; baseline 0.002 -10"><span class='ocrx_word' id='word_1_854' title='bbox 1428 1231 1504 1270; x_wconf 90' lang='lat' dir='ltr'>quia</span> <span class='ocrx_word' id='word_1_855' title='bbox 1533 1231 1612 1260; x_wconf 88' lang='lat' dir='ltr'>unio</span> <span class='ocrx_word' id='word_1_856' title='bbox 1642 1231 1787 1269; x_wconf 91' lang='lat' dir='ltr'>corporis</span> <span class='ocrx_word' id='word_1_857' title='bbox 1816 1231 2003 1260; x_wconf 90' lang='lat' dir='ltr'>terminatur</span> <span class='ocrx_word' id='word_1_858' title='bbox 2033 1230 2072 1260; x_wconf 93' lang='lat' dir='ltr'>ad</span> <span class='ocrx_word' id='word_1_859' title='bbox 2103 1232 2252 1260; x_wconf 88' lang='lat' dir='ltr'>animam.</span> <span class='ocrx_word' id='word_1_860' title='bbox 2288 1231 2382 1262; x_wconf 86' lang='lat' dir='ltr'>Unde</span> <span class='ocrx_word' id='word_1_861' title='bbox 2409 1233 2492 1262; x_wconf 91' lang='lat' dir='ltr'>male</span> 
     </span>
     <span class='ocr_line' id='line_1_108' title="bbox 1428 1274 2492 1314; baseline 0.001 -9"><span class='ocrx_word' id='word_1_862' title='bbox 1428 1275 1543 1305; x_wconf 91' lang='lat' dir='ltr'>dicitur</span> <span class='ocrx_word' id='word_1_863' title='bbox 1566 1274 1655 1314; x_wconf 91' lang='lat' dir='ltr'>quod</span> <span class='ocrx_word' id='word_1_864' title='bbox 1677 1274 1778 1303; x_wconf 91' lang='lat' dir='ltr'>homo</span> <span class='ocrx_word' id='word_1_865' title='bbox 1803 1279 1849 1303; x_wconf 91' lang='lat' dir='ltr'>est</span> <span class='ocrx_word' id='word_1_866' title='bbox 1871 1274 1959 1304; x_wconf 92' lang='lat' dir='ltr'>Deus</span> <span class='ocrx_word' id='word_1_867' title='bbox 1981 1280 2113 1314; x_wconf 89' lang='lat' dir='ltr'>propter</span> <span class='ocrx_word' id='word_1_868' title='bbox 2135 1275 2291 1304; x_wconf 89' lang='lat' dir='ltr'>unionem</span> <span class='ocrx_word' id='word_1_869' title='bbox 2315 1277 2390 1314; x_wconf 91' lang='lat' dir='ltr'>quia</span> <span class='ocrx_word' id='word_1_870' title='bbox 2413 1277 2492 1306; x_wconf 91' lang='lat' dir='ltr'>unio</span> 
     </span>
     <span class='ocr_line' id='line_1_109' title="bbox 1427 1317 2070 1357; baseline -0.002 -8"><span class='ocrx_word' id='word_1_871' title='bbox 1427 1319 1614 1349; x_wconf 90' lang='lat' dir='ltr'>terminatur</span> <span class='ocrx_word' id='word_1_872' title='bbox 1637 1317 1676 1347; x_wconf 90' lang='lat' dir='ltr'>ad</span> <span class='ocrx_word' id='word_1_873' title='bbox 1699 1318 1897 1357; x_wconf 89' lang='lat' dir='ltr'>hypostasim</span> <span class='ocrx_word' id='word_1_874' title='bbox 1921 1318 2070 1348; x_wconf 89' lang='lat' dir='ltr'>divinam.</span> 
     </span>
    </p>

    <p class='ocr_par' dir='ltr' id='par_1_22' title="bbox 1426 1361 2493 1577">
     <span class='ocr_line' id='line_1_110' title="bbox 1483 1361 2493 1404; baseline 0.002 -12"><span class='ocrx_word' id='word_1_875' title='bbox 1483 1363 1570 1392; x_wconf 90' lang='lat' dir='ltr'>Tum</span> <span class='ocrx_word' id='word_1_876' title='bbox 1594 1362 1686 1402; x_wconf 90' lang='lat' dir='ltr'>quia,</span> <span class='ocrx_word' id='word_1_877' title='bbox 1711 1361 1785 1391; x_wconf 93' lang='lat' dir='ltr'>dato</span> <span class='ocrx_word' id='word_1_878' title='bbox 1814 1361 1903 1401; x_wconf 93' lang='lat' dir='ltr'>quod</span> <span class='ocrx_word' id='word_1_879' title='bbox 1927 1368 2008 1392; x_wconf 90' lang='lat' dir='ltr'>esset</span> <span class='ocrx_word' id='word_1_880' title='bbox 2029 1372 2159 1398; x_wconf 89' lang='lat' dir='ltr'>verum,</span> <span class='ocrx_word' id='word_1_881' title='bbox 2192 1369 2378 1402; x_wconf 88' lang='lat' dir='ltr'>sequeretur</span> <span class='ocrx_word' id='word_1_882' title='bbox 2404 1363 2493 1404; x_wconf 89' lang='lat' dir='ltr'>quod</span> 
     </span>
     <span class='ocr_line' id='line_1_111' title="bbox 1427 1406 2493 1445; baseline 0.002 -9"><span class='ocrx_word' id='word_1_883' title='bbox 1427 1407 1528 1437; x_wconf 91' lang='lat' dir='ltr'>homo</span> <span class='ocrx_word' id='word_1_884' title='bbox 1551 1416 1620 1436; x_wconf 89' lang='lat' dir='ltr'>non</span> <span class='ocrx_word' id='word_1_885' title='bbox 1644 1411 1725 1435; x_wconf 91' lang='lat' dir='ltr'>esset</span> <span class='ocrx_word' id='word_1_886' title='bbox 1748 1406 1835 1435; x_wconf 92' lang='lat' dir='ltr'>Deus</span> <span class='ocrx_word' id='word_1_887' title='bbox 1859 1406 2116 1442; x_wconf 88' lang='lat' dir='ltr'>substantialiter,</span> <span class='ocrx_word' id='word_1_888' title='bbox 2141 1406 2196 1436; x_wconf 89' lang='lat' dir='ltr'>sed</span> <span class='ocrx_word' id='word_1_889' title='bbox 2219 1407 2358 1437; x_wconf 89' lang='lat' dir='ltr'>relative.</span> <span class='ocrx_word' id='word_1_890' title='bbox 2394 1408 2493 1445; x_wconf 90' lang='lat' dir='ltr'>Quod</span> 
     </span>
     <span class='ocr_line' id='line_1_112' title="bbox 1426 1450 2493 1490; baseline 0 -9"><span class='ocrx_word' id='word_1_891' title='bbox 1426 1451 1491 1481; x_wconf 90' lang='lat' dir='ltr'>iam</span> <span class='ocrx_word' id='word_1_892' title='bbox 1506 1452 1523 1467; x_wconf 43' lang='grc' dir='ltr'>θ’</span> <span class='ocrx_word' id='word_1_893' title='bbox 1545 1451 1752 1490; x_wconf 90' lang='lat' dir='ltr'>reprobatum</span> <span class='ocrx_word' id='word_1_894' title='bbox 1776 1455 1831 1479; x_wconf 89' lang='lat' dir='ltr'>est.</span> <span class='ocrx_word' id='word_1_895' title='bbox 1856 1467 1877 1472; x_wconf 88' lang='lat'><em>-</em></span> <span class='ocrx_word' id='word_1_896' title='bbox 1900 1450 1941 1479; x_wconf 88' lang='lat' dir='ltr'>Et</span> <span class='ocrx_word' id='word_1_897' title='bbox 1964 1455 2050 1480; x_wconf 91' lang='lat' dir='ltr'>tenet</span> <span class='ocrx_word' id='word_1_898' title='bbox 2073 1451 2218 1490; x_wconf 91' lang='lat' dir='ltr'>sequela:</span> <span class='ocrx_word' id='word_1_899' title='bbox 2249 1452 2323 1490; x_wconf 90' lang='lat' dir='ltr'>quia</span> <span class='ocrx_word' id='word_1_900' title='bbox 2347 1461 2414 1482; x_wconf 90' lang='lat' dir='ltr'>esse</span> <span class='ocrx_word' id='word_1_901' title='bbox 2437 1452 2493 1482; x_wconf 89' lang='lat' dir='ltr'>ali-</span> 
     </span>
     <span class='ocr_line' id='line_1_113' title="bbox 1428 1494 2493 1534; baseline 0.002 -10"><span class='ocrx_word' id='word_1_902' title='bbox 1428 1494 1506 1534; x_wconf 93' lang='lat' dir='ltr'>quid</span> <span class='ocrx_word' id='word_1_903' title='bbox 1528 1500 1660 1534; x_wconf 92' lang='lat' dir='ltr'>propter</span> <span class='ocrx_word' id='word_1_904' title='bbox 1682 1494 1855 1523; x_wconf 88' lang='lat' dir='ltr'>terminum</span> <span class='ocrx_word' id='word_1_905' title='bbox 1878 1494 2049 1530; x_wconf 89' lang='lat' dir='ltr'>relationis,</span> <span class='ocrx_word' id='word_1_906' title='bbox 2074 1504 2141 1524; x_wconf 93' lang='lat' dir='ltr'>non</span> <span class='ocrx_word' id='word_1_907' title='bbox 2158 1500 2203 1524; x_wconf 86' lang='lat' dir='ltr'>est</span> <span class='ocrx_word' id='word_1_908' title='bbox 2227 1504 2294 1524; x_wconf 92' lang='lat' dir='ltr'>esse</span> <span class='ocrx_word' id='word_1_909' title='bbox 2316 1495 2396 1526; x_wconf 89' lang='lat' dir='ltr'>illud</span> <span class='ocrx_word' id='word_1_910' title='bbox 2419 1497 2493 1526; x_wconf 93' lang='lat' dir='ltr'>sub-</span> 
     </span>
     <span class='ocr_line' id='line_1_114' title="bbox 1427 1537 2038 1577; baseline 0 -9"><span class='ocrx_word' id='word_1_911' title='bbox 1427 1538 1620 1573; x_wconf 90' lang='lat' dir='ltr'>stantialiter,</span> <span class='ocrx_word' id='word_1_912' title='bbox 1645 1537 1700 1567; x_wconf 88' lang='lat' dir='ltr'>sed</span> <span class='ocrx_word' id='word_1_913' title='bbox 1723 1538 1861 1572; x_wconf 87' lang='lat' dir='ltr'>relative,</span> <span class='ocrx_word' id='word_1_914' title='bbox 1885 1543 1920 1567; x_wconf 94' lang='lat' dir='ltr'>ut</span> <span class='ocrx_word' id='word_1_915' title='bbox 1943 1543 2038 1577; x_wconf 86' lang='lat' dir='ltr'>patet.</span> 
     </span>
    </p>

    <p class='ocr_par' dir='ltr' id='par_1_23' title="bbox 1482 1581 2492 1622">
     <span class='ocr_line' id='line_1_115' title="bbox 1482 1581 2492 1622; baseline 0.001 -10"><span class='ocrx_word' id='word_1_916' title='bbox 1482 1583 1522 1612; x_wconf 90' lang='lat' dir='ltr'>Et</span> <span class='ocrx_word' id='word_1_917' title='bbox 1546 1583 1570 1611; x_wconf 94' lang='lat' dir='ltr'>si</span> <span class='ocrx_word' id='word_1_918' title='bbox 1594 1581 1633 1612; x_wconf 93' lang='lat' dir='ltr'>ad</span> <span class='ocrx_word' id='word_1_919' title='bbox 1656 1582 1734 1611; x_wconf 91' lang='lat' dir='ltr'>haec</span> <span class='ocrx_word' id='word_1_920' title='bbox 1757 1581 1879 1611; x_wconf 91' lang='lat' dir='ltr'>dicatur</span> <span class='ocrx_word' id='word_1_921' title='bbox 1903 1581 1991 1620; x_wconf 86' lang='lat' dir='ltr'>quod</span> <span class='ocrx_word' id='word_1_922' title='bbox 2011 1582 2134 1612; x_wconf 89' lang='lat' dir='ltr'>Auctor</span> <span class='ocrx_word' id='word_1_923' title='bbox 2156 1582 2300 1622; x_wconf 91' lang='lat' dir='ltr'>loquitur</span> <span class='ocrx_word' id='word_1_924' title='bbox 2316 1582 2354 1613; x_wconf 91' lang='lat' dir='ltr'>de</span> <span class='ocrx_word' id='word_1_925' title='bbox 2371 1584 2492 1613; x_wconf 90' lang='lat' dir='ltr'>unione</span> 
     </span>
    </p>
   </div>
   <div class='ocr_carea' id='block_1_16' title="bbox 1415 1625 2491 1666">
    <p class='ocr_par' dir='ltr' id='par_1_24' title="bbox 1415 1625 2491 1666">
     <span class='ocr_line' id='line_1_116' title="bbox 1415 1625 2491 1666; baseline 0.001 -10"><span class='ocrx_word' id='word_1_926' title='bbox 1415 1631 1585 1666; x_wconf 72' lang='lat' dir='ltr'>‘quantum</span> <span class='ocrx_word' id='word_1_927' title='bbox 1608 1625 1648 1655; x_wconf 91' lang='lat' dir='ltr'>ad</span> <span class='ocrx_word' id='word_1_928' title='bbox 1671 1625 1927 1661; x_wconf 87' lang='lat' dir='ltr'>fundamentum,</span> <span class='ocrx_word' id='word_1_929' title='bbox 1951 1635 2018 1655; x_wconf 91' lang='lat' dir='ltr'>non</span> <span class='ocrx_word' id='word_1_930' title='bbox 2043 1632 2199 1665; x_wconf 91' lang='lat' dir='ltr'>quantum</span> <span class='ocrx_word' id='word_1_931' title='bbox 2224 1626 2262 1656; x_wconf 93' lang='lat' dir='ltr'>ad</span> <span class='ocrx_word' id='word_1_932' title='bbox 2285 1628 2491 1657; x_wconf 86' lang='lat' dir='ltr'>relationem:</span> 
     </span>
    </p>
   </div>
   <div class='ocr_carea' id='block_1_17' title="bbox 1418 1669 2529 3599">
    <p class='ocr_par' dir='ltr' id='par_1_25' title="bbox 1425 1669 2494 1968">
     <span class='ocr_line' id='line_1_117' title="bbox 1426 1669 2491 1709; baseline 0.001 -9"><span class='ocrx_word' id='word_1_933' title='bbox 1426 1675 1539 1700; x_wconf 93' lang='lat' dir='ltr'>contra</span> <span class='ocrx_word' id='word_1_934' title='bbox 1561 1670 1643 1699; x_wconf 91' lang='lat' dir='ltr'>hanc</span> <span class='ocrx_word' id='word_1_935' title='bbox 1666 1670 1911 1708; x_wconf 87' lang='lat' dir='ltr'>responsionem</span> <span class='ocrx_word' id='word_1_936' title='bbox 1935 1669 2037 1699; x_wconf 91' lang='lat' dir='ltr'>littera</span> <span class='ocrx_word' id='word_1_937' title='bbox 2061 1670 2174 1699; x_wconf 90' lang='lat' dir='ltr'>clamat</span> <span class='ocrx_word' id='word_1_938' title='bbox 2198 1676 2315 1709; x_wconf 90' lang='lat' dir='ltr'>aperte,</span> <span class='ocrx_word' id='word_1_939' title='bbox 2336 1671 2491 1701; x_wconf 84' lang='lat' dir='ltr'>subdens:</span> 
     </span>
     <span class='ocr_line' id='line_1_118' title="bbox 1426 1712 2494 1752; baseline 0.002 -9"><span class='ocrx_word' id='word_1_940' title='bbox 1426 1714 1501 1743; x_wconf 92' lang='lat' dir='ltr'>Non</span> <span class='ocrx_word' id='word_1_941' title='bbox 1527 1719 1631 1743; x_wconf 86' lang='lat' dir='ltr'>tamen</span> <span class='ocrx_word' id='word_1_942' title='bbox 1655 1713 1800 1752; x_wconf 85' lang='lat' dir='ltr'>sequitur</span> <span class='ocrx_word' id='word_1_943' title='bbox 1821 1712 1908 1752; x_wconf 85' lang='lat' dir='ltr'>quod</span> <span class='ocrx_word' id='word_1_944' title='bbox 1929 1713 1996 1752; x_wconf 84' lang='lat' dir='ltr'>ipsa</span> <span class='ocrx_word' id='word_1_945' title='bbox 2014 1714 2091 1743; x_wconf 89' lang='lat' dir='ltr'>unio</span> <span class='ocrx_word' id='word_1_946' title='bbox 2107 1713 2149 1743; x_wconf 87' lang='lat' dir='ltr'>sit</span> <span class='ocrx_word' id='word_1_947' title='bbox 2167 1714 2306 1744; x_wconf 85' lang='lat' dir='ltr'>Creator</span> <span class='ocrx_word' id='word_1_948' title='bbox 2321 1715 2371 1744; x_wconf 83' lang='lat' dir='ltr'>vel</span> <span class='ocrx_word' id='word_1_949' title='bbox 2385 1715 2494 1745; x_wconf 80' lang='lat' dir='ltr'>Deus:</span> 
     </span>
     <span class='ocr_line' id='line_1_119' title="bbox 1426 1755 2494 1798; baseline 0.002 -12"><span class='ocrx_word' id='word_1_950' title='bbox 1426 1757 1503 1797; x_wconf 86' lang='lat' dir='ltr'>quia</span> <span class='ocrx_word' id='word_1_951' title='bbox 1533 1757 1620 1797; x_wconf 86' lang='lat' dir='ltr'>quod</span> <span class='ocrx_word' id='word_1_952' title='bbox 1648 1756 1773 1796; x_wconf 87' lang='lat' dir='ltr'>aliquid</span> <span class='ocrx_word' id='word_1_953' title='bbox 1802 1755 1931 1786; x_wconf 84' lang='lat' dir='ltr'>dicatur</span> <span class='ocrx_word' id='word_1_954' title='bbox 1962 1762 2114 1792; x_wconf 83' lang='lat' dir='ltr'>creatum,</span> <span class='ocrx_word' id='word_1_955' title='bbox 2138 1757 2199 1787; x_wconf 84' lang='lat' dir='ltr'>hoc</span> <span class='ocrx_word' id='word_1_956' title='bbox 2230 1758 2335 1798; x_wconf 84' lang='lat' dir='ltr'>magis</span> <span class='ocrx_word' id='word_1_957' title='bbox 2366 1759 2494 1798; x_wconf 85' lang='lat' dir='ltr'>respicit</span> 
     </span>
     <span class='ocr_line' id='line_1_120' title="bbox 1425 1800 2529 1840; baseline 0.001 -9"><span class='ocrx_word' id='word_1_958' title='bbox 1425 1810 1493 1831; x_wconf 84' lang='lat' dir='ltr'>esse</span> <span class='ocrx_word' id='word_1_959' title='bbox 1516 1801 1615 1840; x_wconf 84' lang='lat' dir='ltr'>ipsius</span> <span class='ocrx_word' id='word_1_960' title='bbox 1630 1809 1725 1840; x_wconf 88' lang='lat' dir='ltr'>quam</span> <span class='ocrx_word' id='word_1_961' title='bbox 1750 1800 1908 1830; x_wconf 87' lang='lat' dir='ltr'>rationem</span> <span class='ocrx_word' id='word_1_962' title='bbox 1924 1801 1950 1830; x_wconf 38' lang='grc' dir='ltr'>ᾖ.</span> <span class='ocrx_word' id='word_1_963' title='bbox 1976 1800 2110 1830; x_wconf 85' lang='lat' dir='ltr'>Constat</span> <span class='ocrx_word' id='word_1_964' title='bbox 2134 1802 2219 1830; x_wconf 87' lang='lat' dir='ltr'>enim</span> <span class='ocrx_word' id='word_1_965' title='bbox 2236 1802 2313 1831; x_wconf 90' lang='lat' dir='ltr'>haec</span> <span class='ocrx_word' id='word_1_966' title='bbox 2336 1803 2431 1832; x_wconf 91' lang='lat' dir='ltr'>verba</span> <span class='ocrx_word' id='word_1_967' title='bbox 2455 1802 2529 1832; x_wconf 86' lang='lat' dir='ltr'>de·</span> 
     </span>
     <span class='ocr_line' id='line_1_121' title="bbox 1425 1843 2494 1885; baseline 0.003 -12"><span class='ocrx_word' id='word_1_968' title='bbox 1425 1845 1548 1874; x_wconf 90' lang='lat' dir='ltr'>unione</span> <span class='ocrx_word' id='word_1_969' title='bbox 1570 1849 1727 1884; x_wconf 92' lang='lat' dir='ltr'>quantum</span> <span class='ocrx_word' id='word_1_970' title='bbox 1743 1843 1782 1873; x_wconf 89' lang='lat' dir='ltr'>ad</span> <span class='ocrx_word' id='word_1_971' title='bbox 1798 1844 1985 1873; x_wconf 89' lang='lat' dir='ltr'>relationem</span> <span class='ocrx_word' id='word_1_972' title='bbox 2002 1844 2074 1879; x_wconf 89' lang='lat' dir='ltr'>dici,</span> <span class='ocrx_word' id='word_1_973' title='bbox 2099 1844 2138 1874; x_wconf 92' lang='lat' dir='ltr'>de</span> <span class='ocrx_word' id='word_1_974' title='bbox 2155 1854 2219 1884; x_wconf 90' lang='lat' dir='ltr'>qua</span> <span class='ocrx_word' id='word_1_975' title='bbox 2234 1846 2267 1874; x_wconf 88' lang='lat' dir='ltr'>in</span> <span class='ocrx_word' id='word_1_976' title='bbox 2283 1847 2494 1885; x_wconf 89' lang='lat' dir='ltr'>responsione</span> 
     </span>
     <span class='ocr_line' id='line_1_122' title="bbox 1426 1887 2494 1927; baseline 0.002 -9"><span class='ocrx_word' id='word_1_977' title='bbox 1426 1888 1466 1918; x_wconf 92' lang='lat' dir='ltr'>ad</span> <span class='ocrx_word' id='word_1_978' title='bbox 1488 1887 1668 1918; x_wconf 90' lang='lat' dir='ltr'>secundum</span> <span class='ocrx_word' id='word_1_979' title='bbox 1692 1887 1769 1917; x_wconf 84' lang='lat' dir='ltr'>dixit</span> <span class='ocrx_word' id='word_1_980' title='bbox 1793 1887 1882 1927; x_wconf 91' lang='lat' dir='ltr'>quod</span> <span class='ocrx_word' id='word_1_981' title='bbox 1905 1888 2061 1917; x_wconf 86' lang='lat' dir='ltr'>rationem</span> <span class='ocrx_word' id='word_1_982' title='bbox 2084 1889 2180 1918; x_wconf 89' lang='lat' dir='ltr'>habet</span> <span class='ocrx_word' id='word_1_983' title='bbox 2199 1898 2236 1918; x_wconf 82' lang='lat' dir='ltr'>ex</span> <span class='ocrx_word' id='word_1_984' title='bbox 2252 1890 2400 1925; x_wconf 90' lang='lat' dir='ltr'>termino,</span> <span class='ocrx_word' id='word_1_985' title='bbox 2426 1900 2494 1920; x_wconf 88' lang='lat' dir='ltr'>esse</span> 
     </span>
     <span class='ocr_line' id='line_1_123' title="bbox 1425 1932 2109 1968; baseline 0 -7"><span class='ocrx_word' id='word_1_986' title='bbox 1425 1942 1502 1962; x_wconf 91' lang='lat' dir='ltr'>vero</span> <span class='ocrx_word' id='word_1_987' title='bbox 1526 1932 1622 1962; x_wconf 91' lang='lat' dir='ltr'>habet</span> <span class='ocrx_word' id='word_1_988' title='bbox 1645 1941 1683 1962; x_wconf 83' lang='lat' dir='ltr'>ex</span> <span class='ocrx_word' id='word_1_989' title='bbox 1706 1932 1862 1968; x_wconf 90' lang='lat' dir='ltr'>subiecto,</span> <span class='ocrx_word' id='word_1_990' title='bbox 1887 1933 1969 1962; x_wconf 93' lang='lat' dir='ltr'>sicut</span> <span class='ocrx_word' id='word_1_991' title='bbox 1991 1937 2109 1962; x_wconf 87' lang='lat' dir='ltr'>motus.</span> 
     </span>
    </p>

    <p class='ocr_par' dir='ltr' id='par_1_26' title="bbox 1418 1975 2494 3599">
     <span class='ocr_line' id='line_1_124' title="bbox 1481 1975 2494 2015; baseline 0.003 -10"><span class='ocrx_word' id='word_1_992' title='bbox 1481 1976 1520 2006; x_wconf 90' lang='lat' dir='ltr'>V.</span> <span class='ocrx_word' id='word_1_993' title='bbox 1544 1975 1595 2006; x_wconf 93' lang='lat' dir='ltr'>Ad</span> <span class='ocrx_word' id='word_1_994' title='bbox 1625 1976 1687 2006; x_wconf 92' lang='lat' dir='ltr'>hoc</span> <span class='ocrx_word' id='word_1_995' title='bbox 1719 1975 1833 2005; x_wconf 90' lang='lat' dir='ltr'>dicitur</span> <span class='ocrx_word' id='word_1_996' title='bbox 1862 1975 1967 2015; x_wconf 91' lang='lat' dir='ltr'>quod,</span> <span class='ocrx_word' id='word_1_997' title='bbox 2001 1975 2179 2006; x_wconf 90' lang='lat' dir='ltr'>secundum</span> <span class='ocrx_word' id='word_1_998' title='bbox 2202 1986 2287 2013; x_wconf 87' lang='lat' dir='ltr'>rem,</span> <span class='ocrx_word' id='word_1_999' title='bbox 2318 1978 2419 2008; x_wconf 90' lang='lat' dir='ltr'>homo</span> <span class='ocrx_word' id='word_1_1000' title='bbox 2449 1984 2494 2008; x_wconf 86' lang='lat' dir='ltr'>est</span> 
     </span>
     <span class='ocr_line' id='line_1_125' title="bbox 1426 2019 2492 2061; baseline 0.003 -12"><span class='ocrx_word' id='word_1_1001' title='bbox 1426 2020 1514 2050; x_wconf 90' lang='lat' dir='ltr'>Deus</span> <span class='ocrx_word' id='word_1_1002' title='bbox 1546 2026 1679 2060; x_wconf 89' lang='lat' dir='ltr'>propter</span> <span class='ocrx_word' id='word_1_1003' title='bbox 1708 2020 1864 2049; x_wconf 88' lang='lat' dir='ltr'>unionem</span> <span class='ocrx_word' id='word_1_1004' title='bbox 1897 2019 2075 2050; x_wconf 89' lang='lat' dir='ltr'>secundum</span> <span class='ocrx_word' id='word_1_1005' title='bbox 2106 2021 2261 2051; x_wconf 87' lang='lat' dir='ltr'>unitatem</span> <span class='ocrx_word' id='word_1_1006' title='bbox 2291 2022 2492 2061; x_wconf 89' lang='lat' dir='ltr'>personalem</span> 
     </span>
     <span class='ocr_line' id='line_1_126' title="bbox 1426 2063 2494 2104; baseline 0.002 -10"><span class='ocrx_word' id='word_1_1007' title='bbox 1426 2073 1524 2104; x_wconf 85' lang='lat' dir='ltr'>quam</span> <span class='ocrx_word' id='word_1_1008' title='bbox 1546 2065 1708 2104; x_wconf 89' lang='lat' dir='ltr'>importat,</span> <span class='ocrx_word' id='word_1_1009' title='bbox 1733 2063 1773 2093; x_wconf 90' lang='lat' dir='ltr'>ad</span> <span class='ocrx_word' id='word_1_1010' title='bbox 1796 2073 1894 2103; x_wconf 89' lang='lat' dir='ltr'>quam</span> <span class='ocrx_word' id='word_1_1011' title='bbox 1918 2065 2126 2104; x_wconf 88' lang='lat' dir='ltr'>consequitur</span> <span class='ocrx_word' id='word_1_1012' title='bbox 2147 2065 2258 2096; x_wconf 87' lang='lat' dir='ltr'>relatio</span> <span class='ocrx_word' id='word_1_1013' title='bbox 2282 2066 2421 2096; x_wconf 90' lang='lat' dir='ltr'>unionis.</span> <span class='ocrx_word' id='word_1_1014' title='bbox 2453 2067 2494 2096; x_wconf 92' lang='lat' dir='ltr'>Et</span> 
     </span>
     <span class='ocr_line' id='line_1_127' title="bbox 1425 2107 2494 2148; baseline 0.002 -10"><span class='ocrx_word' id='word_1_1015' title='bbox 1425 2109 1489 2139; x_wconf 92' lang='lat' dir='ltr'>hoc</span> <span class='ocrx_word' id='word_1_1016' title='bbox 1512 2118 1580 2138; x_wconf 89' lang='lat' dir='ltr'>non</span> <span class='ocrx_word' id='word_1_1017' title='bbox 1605 2114 1651 2138; x_wconf 93' lang='lat' dir='ltr'>est</span> <span class='ocrx_word' id='word_1_1018' title='bbox 1673 2107 1863 2138; x_wconf 90' lang='lat' dir='ltr'>vertendum</span> <span class='ocrx_word' id='word_1_1019' title='bbox 1886 2109 1920 2138; x_wconf 91' lang='lat' dir='ltr'>in</span> <span class='ocrx_word' id='word_1_1020' title='bbox 1939 2107 2083 2138; x_wconf 89' lang='lat' dir='ltr'>dubium.</span> <span class='ocrx_word' id='word_1_1021' title='bbox 2109 2108 2171 2139; x_wconf 87' lang='lat' dir='ltr'>Sed</span> <span class='ocrx_word' id='word_1_1022' title='bbox 2187 2110 2342 2148; x_wconf 78' lang='lat' dir='ltr'>quo‘niam</span> <span class='ocrx_word' id='word_1_1023' title='bbox 2357 2110 2391 2140; x_wconf 91' lang='lat' dir='ltr'>in</span> <span class='ocrx_word' id='word_1_1024' title='bbox 2406 2110 2494 2140; x_wconf 90' lang='lat' dir='ltr'>idem</span> 
     </span>
     <span class='ocr_line' id='line_1_128' title="bbox 1423 2152 2493 2194; baseline 0.002 -12"><span class='ocrx_word' id='word_1_1025' title='bbox 1423 2152 1505 2183; x_wconf 92' lang='lat' dir='ltr'>redit</span> <span class='ocrx_word' id='word_1_1026' title='bbox 1524 2152 1638 2188; x_wconf 89' lang='lat' dir='ltr'>dicere,</span> <span class='ocrx_word' id='word_1_1027' title='bbox 1662 2152 1772 2182; x_wconf 87' lang='lat' dir='ltr'>Homo</span> <span class='ocrx_word' id='word_1_1028' title='bbox 1797 2157 1844 2182; x_wconf 86' lang='lat' dir='ltr'>est</span> <span class='ocrx_word' id='word_1_1029' title='bbox 1860 2152 1949 2182; x_wconf 88' lang='lat' dir='ltr'>Deus</span> <span class='ocrx_word' id='word_1_1030' title='bbox 1966 2158 2104 2193; x_wconf 82' lang='lat' dir='ltr'>propter</span> <span class='ocrx_word' id='word_1_1031' title='bbox 2119 2153 2272 2183; x_wconf 86' lang='lat' dir='ltr'>unitatem</span> <span class='ocrx_word' id='word_1_1032' title='bbox 2285 2155 2493 2194; x_wconf 82' lang='lat' dir='ltr'>personalem</span> 
     </span>
     <span class='ocr_line' id='line_1_129' title="bbox 1424 2196 2493 2237; baseline 0.003 -11"><span class='ocrx_word' id='word_1_1033' title='bbox 1424 2196 1564 2227; x_wconf 88' lang='lat' dir='ltr'>duarum</span> <span class='ocrx_word' id='word_1_1034' title='bbox 1588 2201 1792 2231; x_wconf 88' lang='lat' dir='ltr'>naturarum,</span> <span class='ocrx_word' id='word_1_1035' title='bbox 1816 2206 1912 2236; x_wconf 90' lang='lat' dir='ltr'>quam</span> <span class='ocrx_word' id='word_1_1036' title='bbox 1936 2197 2144 2237; x_wconf 82' lang='lat' dir='ltr'>consequitur</span> <span class='ocrx_word' id='word_1_1037' title='bbox 2167 2198 2296 2228; x_wconf 86' lang='lat' dir='ltr'>unionis</span> <span class='ocrx_word' id='word_1_1038' title='bbox 2312 2198 2437 2234; x_wconf 83' lang='lat' dir='ltr'>relatio,</span> <span class='ocrx_word' id='word_1_1039' title='bbox 2463 2204 2493 2229; x_wconf 91' lang='lat' dir='ltr'>et</span> 
     </span>
     <span class='ocr_line' id='line_1_130' title="bbox 1424 2240 2492 2282; baseline 0.002 -12"><span class='ocrx_word' id='word_1_1040' title='bbox 1424 2240 1543 2277; x_wconf 86' lang='lat' dir='ltr'>dicere,</span> <span class='ocrx_word' id='word_1_1041' title='bbox 1572 2240 1682 2271; x_wconf 89' lang='lat' dir='ltr'>Homo</span> <span class='ocrx_word' id='word_1_1042' title='bbox 1707 2245 1753 2270; x_wconf 90' lang='lat' dir='ltr'>est</span> <span class='ocrx_word' id='word_1_1043' title='bbox 1774 2240 1863 2270; x_wconf 85' lang='lat' dir='ltr'>Deus</span> <span class='ocrx_word' id='word_1_1044' title='bbox 1880 2245 2017 2280; x_wconf 81' lang='lat' dir='ltr'>propter</span> <span class='ocrx_word' id='word_1_1045' title='bbox 2041 2241 2191 2271; x_wconf 88' lang='lat' dir='ltr'>unionem</span> <span class='ocrx_word' id='word_1_1046' title='bbox 2216 2241 2404 2282; x_wconf 84' lang='lat' dir='ltr'>inquantum</span> <span class='ocrx_word' id='word_1_1047' title='bbox 2429 2247 2492 2272; x_wconf 86' lang='lat' dir='ltr'>ter-</span> 
     </span>
     <span class='ocr_line' id='line_1_131' title="bbox 1424 2284 2491 2325; baseline 0.002 -11"><span class='ocrx_word' id='word_1_1048' title='bbox 1424 2285 1569 2315; x_wconf 84' lang='lat' dir='ltr'>minatur</span> <span class='ocrx_word' id='word_1_1049' title='bbox 1590 2285 1634 2315; x_wconf 88' lang='lat' dir='ltr'>ad</span> <span class='ocrx_word' id='word_1_1050' title='bbox 1655 2285 1853 2325; x_wconf 80' lang='lat' dir='ltr'>hypostasim</span> <span class='ocrx_word' id='word_1_1051' title='bbox 1877 2284 2039 2314; x_wconf 84' lang='lat' dir='ltr'>divinam:</span> <span class='ocrx_word' id='word_1_1052' title='bbox 2061 2285 2134 2315; x_wconf 91' lang='lat' dir='ltr'>ideo</span> <span class='ocrx_word' id='word_1_1053' title='bbox 2156 2286 2251 2315; x_wconf 88' lang='lat' dir='ltr'>verba</span> <span class='ocrx_word' id='word_1_1054' title='bbox 2266 2286 2416 2316; x_wconf 90' lang='lat' dir='ltr'>Auctoris</span> <span class='ocrx_word' id='word_1_1055' title='bbox 2441 2296 2491 2316; x_wconf 92' lang='lat' dir='ltr'>ca-</span> 
     </span>
     <span class='ocr_line' id='line_1_132' title="bbox 1423 2328 2489 2369; baseline 0.001 -10"><span class='ocrx_word' id='word_1_1056' title='bbox 1423 2328 1611 2359; x_wconf 90' lang='lat' dir='ltr'>lumnianda</span> <span class='ocrx_word' id='word_1_1057' title='bbox 1633 2338 1701 2359; x_wconf 91' lang='lat' dir='ltr'>non</span> <span class='ocrx_word' id='word_1_1058' title='bbox 1724 2334 1807 2358; x_wconf 90' lang='lat' dir='ltr'>sunt.</span> <span class='ocrx_word' id='word_1_1059' title='bbox 1843 2328 2062 2359; x_wconf 87' lang='lat' dir='ltr'>Manifestatur</span> <span class='ocrx_word' id='word_1_1060' title='bbox 2085 2335 2192 2359; x_wconf 90' lang='lat' dir='ltr'>autem</span> <span class='ocrx_word' id='word_1_1061' title='bbox 2221 2329 2310 2369; x_wconf 92' lang='lat' dir='ltr'>quod</span> <span class='ocrx_word' id='word_1_1062' title='bbox 2337 2329 2489 2366; x_wconf 89' lang='lat' dir='ltr'>dicimus,</span> 
     </span>
     <span class='ocr_line' id='line_1_133' title="bbox 1424 2372 2490 2413; baseline 0.001 -10"><span class='ocrx_word' id='word_1_1063' title='bbox 1424 2372 1618 2404; x_wconf 88' lang='lat' dir='ltr'>advertendo</span> <span class='ocrx_word' id='word_1_1064' title='bbox 1643 2372 1733 2413; x_wconf 90' lang='lat' dir='ltr'>quod</span> <span class='ocrx_word' id='word_1_1065' title='bbox 1755 2373 1865 2403; x_wconf 92' lang='lat' dir='ltr'>relatio</span> <span class='ocrx_word' id='word_1_1066' title='bbox 1890 2373 2019 2403; x_wconf 87' lang='lat' dir='ltr'>unionis</span> <span class='ocrx_word' id='word_1_1067' title='bbox 2043 2378 2089 2402; x_wconf 89' lang='lat' dir='ltr'>est</span> <span class='ocrx_word' id='word_1_1068' title='bbox 2111 2382 2178 2403; x_wconf 92' lang='lat' dir='ltr'>non</span> <span class='ocrx_word' id='word_1_1069' title='bbox 2202 2373 2308 2403; x_wconf 88' lang='lat' dir='ltr'>solum</span> <span class='ocrx_word' id='word_1_1070' title='bbox 2331 2374 2413 2404; x_wconf 89' lang='lat' dir='ltr'>inter</span> <span class='ocrx_word' id='word_1_1071' title='bbox 2434 2384 2490 2404; x_wconf 91' lang='lat' dir='ltr'>na-</span> 
     </span>
     <span class='ocr_line' id='line_1_134' title="bbox 1423 2417 2491 2453; baseline 0.001 -6"><span class='ocrx_word' id='word_1_1072' title='bbox 1423 2423 1509 2447; x_wconf 88' lang='lat' dir='ltr'>turas</span> <span class='ocrx_word' id='word_1_1073' title='bbox 1533 2417 1628 2453; x_wconf 92' lang='lat' dir='ltr'>duas,</span> <span class='ocrx_word' id='word_1_1074' title='bbox 1660 2417 1800 2447; x_wconf 89' lang='lat' dir='ltr'>divinam</span> <span class='ocrx_word' id='word_1_1075' title='bbox 1823 2417 1942 2447; x_wconf 90' lang='lat' dir='ltr'>scilicet</span> <span class='ocrx_word' id='word_1_1076' title='bbox 1966 2422 1997 2447; x_wconf 93' lang='lat' dir='ltr'>et</span> <span class='ocrx_word' id='word_1_1077' title='bbox 2020 2417 2210 2452; x_wconf 89' lang='lat' dir='ltr'>humanam,</span> <span class='ocrx_word' id='word_1_1078' title='bbox 2243 2417 2298 2447; x_wconf 90' lang='lat' dir='ltr'>sed</span> <span class='ocrx_word' id='word_1_1079' title='bbox 2326 2418 2420 2447; x_wconf 90' lang='lat' dir='ltr'>etiam</span> <span class='ocrx_word' id='word_1_1080' title='bbox 2445 2424 2491 2448; x_wconf 90' lang='lat' dir='ltr'>est</span> 
     </span>
     <span class='ocr_line' id='line_1_135' title="bbox 1423 2460 2491 2501; baseline 0.001 -10"><span class='ocrx_word' id='word_1_1081' title='bbox 1423 2462 1506 2492; x_wconf 92' lang='lat' dir='ltr'>inter</span> <span class='ocrx_word' id='word_1_1082' title='bbox 1528 2467 1674 2491; x_wconf 89' lang='lat' dir='ltr'>naturam</span> <span class='ocrx_word' id='word_1_1083' title='bbox 1697 2461 1871 2491; x_wconf 86' lang='lat' dir='ltr'>humanam</span> <span class='ocrx_word' id='word_1_1084' title='bbox 1899 2467 1929 2491; x_wconf 92' lang='lat' dir='ltr'>et</span> <span class='ocrx_word' id='word_1_1085' title='bbox 1951 2461 2149 2501; x_wconf 87' lang='lat' dir='ltr'>hypostasim</span> <span class='ocrx_word' id='word_1_1086' title='bbox 2173 2460 2328 2491; x_wconf 88' lang='lat' dir='ltr'>divinam:</span> <span class='ocrx_word' id='word_1_1087' title='bbox 2361 2471 2435 2491; x_wconf 91' lang='lat' dir='ltr'>nam</span> <span class='ocrx_word' id='word_1_1088' title='bbox 2460 2468 2491 2492; x_wconf 92' lang='lat' dir='ltr'>et</span> 
     </span>
     <span class='ocr_line' id='line_1_136' title="bbox 1425 2505 2490 2545; baseline -0.001 -9"><span class='ocrx_word' id='word_1_1089' title='bbox 1425 2516 1490 2536; x_wconf 90' lang='lat' dir='ltr'>una</span> <span class='ocrx_word' id='word_1_1090' title='bbox 1512 2511 1624 2536; x_wconf 86' lang='lat' dir='ltr'>natura</span> <span class='ocrx_word' id='word_1_1091' title='bbox 1646 2506 1735 2535; x_wconf 89' lang='lat' dir='ltr'>unita</span> <span class='ocrx_word' id='word_1_1092' title='bbox 1760 2510 1806 2535; x_wconf 89' lang='lat' dir='ltr'>est</span> <span class='ocrx_word' id='word_1_1093' title='bbox 1829 2505 1933 2541; x_wconf 90' lang='lat' dir='ltr'>alteri,</span> <span class='ocrx_word' id='word_1_1094' title='bbox 1959 2510 1989 2535; x_wconf 90' lang='lat' dir='ltr'>ct</span> <span class='ocrx_word' id='word_1_1095' title='bbox 2011 2506 2151 2535; x_wconf 87' lang='lat' dir='ltr'>humana</span> <span class='ocrx_word' id='word_1_1096' title='bbox 2174 2511 2285 2535; x_wconf 89' lang='lat' dir='ltr'>natura</span> <span class='ocrx_word' id='word_1_1097' title='bbox 2307 2506 2397 2535; x_wconf 89' lang='lat' dir='ltr'>unita</span> <span class='ocrx_word' id='word_1_1098' title='bbox 2418 2515 2490 2545; x_wconf 91' lang='lat' dir='ltr'>per-</span> 
     </span>
     <span class='ocr_line' id='line_1_137' title="bbox 1424 2549 2490 2588; baseline 0 -8"><span class='ocrx_word' id='word_1_1099' title='bbox 1424 2560 1523 2580; x_wconf 91' lang='lat' dir='ltr'>sonae</span> <span class='ocrx_word' id='word_1_1100' title='bbox 1546 2549 1681 2585; x_wconf 89' lang='lat' dir='ltr'>divinae,</span> <span class='ocrx_word' id='word_1_1101' title='bbox 1706 2554 1737 2579; x_wconf 93' lang='lat' dir='ltr'>et</span> <span class='ocrx_word' id='word_1_1102' title='bbox 1753 2559 1770 2579; x_wconf 92' lang='lat' dir='ltr'>e</span> <span class='ocrx_word' id='word_1_1103' title='bbox 1787 2555 1897 2579; x_wconf 88' lang='lat' dir='ltr'>contra</span> <span class='ocrx_word' id='word_1_1104' title='bbox 1921 2549 2026 2579; x_wconf 89' lang='lat' dir='ltr'>divina</span> <span class='ocrx_word' id='word_1_1105' title='bbox 2041 2558 2179 2588; x_wconf 89' lang='lat' dir='ltr'>persona</span> <span class='ocrx_word' id='word_1_1106' title='bbox 2201 2550 2290 2579; x_wconf 92' lang='lat' dir='ltr'>unita</span> <span class='ocrx_word' id='word_1_1107' title='bbox 2309 2555 2355 2579; x_wconf 90' lang='lat' dir='ltr'>est</span> <span class='ocrx_word' id='word_1_1108' title='bbox 2377 2550 2490 2580; x_wconf 88' lang='lat' dir='ltr'>huma-</span> 
     </span>
     <span class='ocr_line' id='line_1_138' title="bbox 1424 2593 2490 2633; baseline 0 -9"><span class='ocrx_word' id='word_1_1109' title='bbox 1424 2604 1484 2624; x_wconf 89' lang='lat' dir='ltr'>nae</span> <span class='ocrx_word' id='word_1_1110' title='bbox 1507 2600 1649 2624; x_wconf 90' lang='lat' dir='ltr'>naturae.</span> <span class='ocrx_word' id='word_1_1111' title='bbox 1674 2593 1822 2624; x_wconf 89' lang='lat' dir='ltr'>Servatur</span> <span class='ocrx_word' id='word_1_1112' title='bbox 1841 2599 1948 2623; x_wconf 91' lang='lat' dir='ltr'>autem</span> <span class='ocrx_word' id='word_1_1113' title='bbox 1972 2593 2147 2623; x_wconf 85' lang='lat' dir='ltr'>differentia</span> <span class='ocrx_word' id='word_1_1114' title='bbox 2166 2594 2200 2623; x_wconf 91' lang='lat' dir='ltr'>in</span> <span class='ocrx_word' id='word_1_1115' title='bbox 2222 2593 2387 2633; x_wconf 91' lang='lat' dir='ltr'>loquendo</span> <span class='ocrx_word' id='word_1_1116' title='bbox 2412 2594 2490 2624; x_wconf 91' lang='lat' dir='ltr'>dum</span> 
     </span>
     <span class='ocr_line' id='line_1_139' title="bbox 1424 2638 2489 2677; baseline -0.001 -9"><span class='ocrx_word' id='word_1_1117' title='bbox 1424 2638 1464 2668; x_wconf 88' lang='lat' dir='ltr'>de</span> <span class='ocrx_word' id='word_1_1118' title='bbox 1487 2639 1609 2669; x_wconf 87' lang='lat' dir='ltr'>unione</span> <span class='ocrx_word' id='word_1_1119' title='bbox 1632 2639 1715 2668; x_wconf 87' lang='lat' dir='ltr'>inter</span> <span class='ocrx_word' id='word_1_1120' title='bbox 1737 2643 1874 2674; x_wconf 91' lang='lat' dir='ltr'>naturas,</span> <span class='ocrx_word' id='word_1_1121' title='bbox 1899 2643 1953 2668; x_wconf 90' lang='lat' dir='ltr'>aut</span> <span class='ocrx_word' id='word_1_1122' title='bbox 1968 2638 2050 2667; x_wconf 92' lang='lat' dir='ltr'>inter</span> <span class='ocrx_word' id='word_1_1123' title='bbox 2067 2647 2239 2677; x_wconf 90' lang='lat' dir='ltr'>personam</span> <span class='ocrx_word' id='word_1_1124' title='bbox 2264 2643 2294 2667; x_wconf 93' lang='lat' dir='ltr'>et</span> <span class='ocrx_word' id='word_1_1125' title='bbox 2316 2638 2489 2668; x_wconf 89' lang='lat' dir='ltr'>humanam</span> 
     </span>
     <span class='ocr_line' id='line_1_140' title="bbox 1423 2681 2490 2721; baseline -0.001 -8"><span class='ocrx_word' id='word_1_1126' title='bbox 1423 2688 1580 2718; x_wconf 85' lang='lat' dir='ltr'>naturam,</span> <span class='ocrx_word' id='word_1_1127' title='bbox 1606 2687 1652 2712; x_wconf 91' lang='lat' dir='ltr'>est</span> <span class='ocrx_word' id='word_1_1128' title='bbox 1675 2691 1791 2712; x_wconf 90' lang='lat' dir='ltr'>sermo.</span> <span class='ocrx_word' id='word_1_1129' title='bbox 1816 2681 1902 2719; x_wconf 91' lang='lat' dir='ltr'>Quia</span> <span class='ocrx_word' id='word_1_1130' title='bbox 1925 2681 2055 2721; x_wconf 90' lang='lat' dir='ltr'>quando</span> <span class='ocrx_word' id='word_1_1131' title='bbox 2075 2681 2113 2712; x_wconf 91' lang='lat' dir='ltr'>de</span> <span class='ocrx_word' id='word_1_1132' title='bbox 2130 2682 2251 2711; x_wconf 92' lang='lat' dir='ltr'>unione</span> <span class='ocrx_word' id='word_1_1133' title='bbox 2266 2682 2348 2711; x_wconf 90' lang='lat' dir='ltr'>inter</span> <span class='ocrx_word' id='word_1_1134' title='bbox 2363 2687 2490 2712; x_wconf 90' lang='lat' dir='ltr'>naturas</span> 
     </span>
     <span class='ocr_line' id='line_1_141' title="bbox 1425 2725 2490 2765; baseline 0 -9"><span class='ocrx_word' id='word_1_1135' title='bbox 1425 2731 1471 2757; x_wconf 91' lang='lat' dir='ltr'>est</span> <span class='ocrx_word' id='word_1_1136' title='bbox 1487 2736 1603 2762; x_wconf 91' lang='lat' dir='ltr'>sermo,</span> <span class='ocrx_word' id='word_1_1137' title='bbox 1618 2726 1824 2765; x_wconf 87' lang='lat' dir='ltr'>exprimimus</span> <span class='ocrx_word' id='word_1_1138' title='bbox 1840 2730 1967 2755; x_wconf 91' lang='lat' dir='ltr'>naturas</span> <span class='ocrx_word' id='word_1_1139' title='bbox 1982 2735 2041 2765; x_wconf 88' lang='lat' dir='ltr'>pro</span> <span class='ocrx_word' id='word_1_1140' title='bbox 2058 2726 2199 2755; x_wconf 90' lang='lat' dir='ltr'>terminis</span> <span class='ocrx_word' id='word_1_1141' title='bbox 2215 2725 2354 2761; x_wconf 90' lang='lat' dir='ltr'>unionis,</span> <span class='ocrx_word' id='word_1_1142' title='bbox 2372 2731 2403 2755; x_wconf 90' lang='lat' dir='ltr'>et</span> <span class='ocrx_word' id='word_1_1143' title='bbox 2418 2727 2490 2756; x_wconf 90' lang='lat' dir='ltr'>uni-</span> 
     </span>
     <span class='ocr_line' id='line_1_142' title="bbox 1424 2770 2490 2810; baseline 0 -10"><span class='ocrx_word' id='word_1_1144' title='bbox 1424 2775 1522 2801; x_wconf 88' lang='lat' dir='ltr'>tatem</span> <span class='ocrx_word' id='word_1_1145' title='bbox 1545 2770 1746 2810; x_wconf 88' lang='lat' dir='ltr'>personalem</span> <span class='ocrx_word' id='word_1_1146' title='bbox 1762 2770 1929 2809; x_wconf 91' lang='lat' dir='ltr'>utriusque</span> <span class='ocrx_word' id='word_1_1147' title='bbox 1944 2775 2074 2799; x_wconf 87' lang='lat' dir='ltr'>naturae</span> <span class='ocrx_word' id='word_1_1148' title='bbox 2097 2770 2248 2808; x_wconf 93' lang='lat' dir='ltr'>ponimus</span> <span class='ocrx_word' id='word_1_1149' title='bbox 2269 2778 2336 2798; x_wconf 91' lang='lat' dir='ltr'>non</span> <span class='ocrx_word' id='word_1_1150' title='bbox 2351 2778 2412 2809; x_wconf 88' lang='lat' dir='ltr'>pro</span> <span class='ocrx_word' id='word_1_1151' title='bbox 2428 2775 2490 2800; x_wconf 88' lang='lat' dir='ltr'>ter-</span> 
     </span>
     <span class='ocr_line' id='line_1_143' title="bbox 1424 2811 2490 2850; baseline 0 -6"><span class='ocrx_word' id='word_1_1152' title='bbox 1424 2815 1531 2850; x_wconf 90' lang='lat' dir='ltr'>mino,</span> <span class='ocrx_word' id='word_1_1153' title='bbox 1563 2813 1618 2844; x_wconf 92' lang='lat' dir='ltr'>sed</span> <span class='ocrx_word' id='word_1_1154' title='bbox 1642 2823 1736 2844; x_wconf 91' lang='lat' dir='ltr'>causa</span> <span class='ocrx_word' id='word_1_1155' title='bbox 1766 2823 1823 2843; x_wconf 89' lang='lat' dir='ltr'>seu</span> <span class='ocrx_word' id='word_1_1156' title='bbox 1853 2811 2062 2843; x_wconf 85' lang='lat' dir='ltr'>fundamento</span> <span class='ocrx_word' id='word_1_1157' title='bbox 2091 2813 2252 2843; x_wconf 89' lang='lat' dir='ltr'>relationis</span> <span class='ocrx_word' id='word_1_1158' title='bbox 2275 2813 2422 2843; x_wconf 90' lang='lat' dir='ltr'>unionis:</span> <span class='ocrx_word' id='word_1_1159' title='bbox 2453 2820 2490 2844; x_wconf 91' lang='lat' dir='ltr'>ut</span> 
     </span>
     <span class='ocr_line' id='line_1_144' title="bbox 1424 2857 2488 2897; baseline -0.001 -8"><span class='ocrx_word' id='word_1_1160' title='bbox 1424 2859 1506 2889; x_wconf 90' lang='lat' dir='ltr'>clare</span> <span class='ocrx_word' id='word_1_1161' title='bbox 1529 2857 1636 2888; x_wconf 87' lang='lat' dir='ltr'>videre</span> <span class='ocrx_word' id='word_1_1162' title='bbox 1659 2863 1752 2897; x_wconf 89' lang='lat' dir='ltr'>potes</span> <span class='ocrx_word' id='word_1_1163' title='bbox 1775 2858 1808 2887; x_wconf 88' lang='lat' dir='ltr'>in</span> <span class='ocrx_word' id='word_1_1164' title='bbox 1824 2857 1982 2896; x_wconf 85' lang='lat' dir='ltr'>principio</span> <span class='ocrx_word' id='word_1_1165' title='bbox 2000 2857 2143 2896; x_wconf 89' lang='lat' dir='ltr'>corporis</span> <span class='ocrx_word' id='word_1_1166' title='bbox 2159 2857 2255 2886; x_wconf 89' lang='lat' dir='ltr'>huius</span> <span class='ocrx_word' id='word_1_1167' title='bbox 2271 2857 2405 2893; x_wconf 91' lang='lat' dir='ltr'>articuli,</span> <span class='ocrx_word' id='word_1_1168' title='bbox 2422 2858 2488 2894; x_wconf 88' lang='lat' dir='ltr'>ubi,</span> 
     </span>
     <span class='ocr_line' id='line_1_145' title="bbox 1425 2900 2490 2941; baseline 0 -8"><span class='ocrx_word' id='word_1_1169' title='bbox 1425 2901 1614 2933; x_wconf 90' lang='lat' dir='ltr'>declarando</span> <span class='ocrx_word' id='word_1_1170' title='bbox 1645 2901 1790 2937; x_wconf 88' lang='lat' dir='ltr'>titulum,</span> <span class='ocrx_word' id='word_1_1171' title='bbox 1815 2900 1929 2931; x_wconf 88' lang='lat' dir='ltr'>dicitur</span> <span class='ocrx_word' id='word_1_1172' title='bbox 1952 2900 2041 2939; x_wconf 91' lang='lat' dir='ltr'>quod</span> <span class='ocrx_word' id='word_1_1173' title='bbox 2071 2901 2147 2930; x_wconf 87' lang='lat' dir='ltr'>unio</span> <span class='ocrx_word' id='word_1_1174' title='bbox 2171 2900 2210 2930; x_wconf 85' lang='lat' dir='ltr'>de</span> <span class='ocrx_word' id='word_1_1175' title='bbox 2232 2910 2296 2941; x_wconf 88' lang='lat' dir='ltr'>qua</span> <span class='ocrx_word' id='word_1_1176' title='bbox 2326 2901 2490 2941; x_wconf 86' lang='lat' dir='ltr'>loquimur</span> 
     </span>
     <span class='ocr_line' id='line_1_146' title="bbox 1424 2944 2489 2985; baseline 0 -9"><span class='ocrx_word' id='word_1_1177' title='bbox 1424 2951 1471 2977; x_wconf 82' lang='lat' dir='ltr'>est</span> <span class='ocrx_word' id='word_1_1178' title='bbox 1492 2946 1608 2976; x_wconf 86' lang='lat' dir='ltr'>relatio</span> <span class='ocrx_word' id='word_1_1179' title='bbox 1631 2945 1788 2985; x_wconf 87' lang='lat' dir='ltr'>quaedam</span> <span class='ocrx_word' id='word_1_1180' title='bbox 1811 2954 1892 2984; x_wconf 85' lang='lat' dir='ltr'>quae</span> <span class='ocrx_word' id='word_1_1181' title='bbox 1915 2944 2140 2974; x_wconf 83' lang='lat' dir='ltr'>consideratur</span> <span class='ocrx_word' id='word_1_1182' title='bbox 2163 2945 2247 2974; x_wconf 84' lang='lat' dir='ltr'>inter</span> <span class='ocrx_word' id='word_1_1183' title='bbox 2268 2944 2410 2975; x_wconf 82' lang='lat' dir='ltr'>divinam</span> <span class='ocrx_word' id='word_1_1184' title='bbox 2431 2956 2489 2976; x_wconf 86' lang='lat' dir='ltr'>na-</span> 
     </span>
     <span class='ocr_line' id='line_1_147' title="bbox 1425 2987 2488 3028; baseline -0.001 -7"><span class='ocrx_word' id='word_1_1185' title='bbox 1425 2995 1532 3021; x_wconf 86' lang='lat' dir='ltr'>turam</span> <span class='ocrx_word' id='word_1_1186' title='bbox 1559 2994 1590 3019; x_wconf 88' lang='lat' dir='ltr'>et</span> <span class='ocrx_word' id='word_1_1187' title='bbox 1615 2989 1789 3018; x_wconf 89' lang='lat' dir='ltr'>humanam</span> <span class='ocrx_word' id='word_1_1188' title='bbox 1826 2988 1999 3018; x_wconf 85' lang='lat' dir='ltr'>secundum</span> <span class='ocrx_word' id='word_1_1189' title='bbox 2026 2987 2112 3028; x_wconf 87' lang='lat' dir='ltr'>quod</span> <span class='ocrx_word' id='word_1_1190' title='bbox 2142 2987 2337 3018; x_wconf 78' lang='lat' dir='ltr'>conveniunt</span> <span class='ocrx_word' id='word_1_1191' title='bbox 2366 2989 2398 3019; x_wconf 88' lang='lat' dir='ltr'>in</span> <span class='ocrx_word' id='word_1_1192' title='bbox 2423 3000 2488 3020; x_wconf 84' lang='lat' dir='ltr'>una</span> 
     </span>
     <span class='ocr_line' id='line_1_148' title="bbox 1418 3031 2488 3075; baseline 0 -11"><span class='ocrx_word' id='word_1_1193' title='bbox 1418 3042 1563 3075; x_wconf 76' lang='lat' dir='ltr'>persona</span> <span class='ocrx_word' id='word_1_1194' title='bbox 1585 3033 1663 3062; x_wconf 86' lang='lat' dir='ltr'>Filii</span> <span class='ocrx_word' id='word_1_1195' title='bbox 1684 3032 1756 3062; x_wconf 86' lang='lat' dir='ltr'>Dei.</span> <span class='ocrx_word' id='word_1_1196' title='bbox 1780 3031 1919 3069; x_wconf 90' lang='lat' dir='ltr'>Quando</span> <span class='ocrx_word' id='word_1_1197' title='bbox 1943 3041 2019 3062; x_wconf 91' lang='lat' dir='ltr'>vero</span> <span class='ocrx_word' id='word_1_1198' title='bbox 2043 3032 2208 3072; x_wconf 92' lang='lat' dir='ltr'>loquimur</span> <span class='ocrx_word' id='word_1_1199' title='bbox 2227 3031 2265 3062; x_wconf 91' lang='lat' dir='ltr'>de</span> <span class='ocrx_word' id='word_1_1200' title='bbox 2283 3032 2394 3063; x_wconf 92' lang='lat' dir='ltr'>eadem</span> <span class='ocrx_word' id='word_1_1201' title='bbox 2410 3034 2488 3064; x_wconf 87' lang='lat' dir='ltr'>rela-</span> 
     </span>
     <span class='ocr_line' id='line_1_149' title="bbox 1424 3076 2489 3116; baseline 0 -8"><span class='ocrx_word' id='word_1_1202' title='bbox 1424 3079 1512 3108; x_wconf 89' lang='lat' dir='ltr'>tione</span> <span class='ocrx_word' id='word_1_1203' title='bbox 1536 3077 1665 3106; x_wconf 90' lang='lat' dir='ltr'>unionis</span> <span class='ocrx_word' id='word_1_1204' title='bbox 1695 3077 1776 3106; x_wconf 89' lang='lat' dir='ltr'>inter</span> <span class='ocrx_word' id='word_1_1205' title='bbox 1798 3081 1944 3106; x_wconf 86' lang='lat' dir='ltr'>naturam</span> <span class='ocrx_word' id='word_1_1206' title='bbox 1967 3076 2141 3106; x_wconf 89' lang='lat' dir='ltr'>humanam</span> <span class='ocrx_word' id='word_1_1207' title='bbox 2165 3082 2196 3106; x_wconf 96' lang='lat' dir='ltr'>et</span> <span class='ocrx_word' id='word_1_1208' title='bbox 2221 3085 2392 3116; x_wconf 84' lang='lat' dir='ltr'>personam</span> <span class='ocrx_word' id='word_1_1209' title='bbox 2415 3077 2489 3108; x_wconf 91' lang='lat' dir='ltr'>Filii</span> 
     </span>
     <span class='ocr_line' id='line_1_150' title="bbox 1425 3120 2488 3160; baseline 0 -9"><span class='ocrx_word' id='word_1_1210' title='bbox 1425 3122 1495 3156; x_wconf 91' lang='lat' dir='ltr'>Dei,</span> <span class='ocrx_word' id='word_1_1211' title='bbox 1519 3121 1671 3160; x_wconf 86' lang='lat' dir='ltr'>ponimus</span> <span class='ocrx_word' id='word_1_1212' title='bbox 1696 3129 1733 3150; x_wconf 87' lang='lat' dir='ltr'>ex</span> <span class='ocrx_word' id='word_1_1213' title='bbox 1756 3125 1844 3159; x_wconf 87' lang='lat' dir='ltr'>parte</span> <span class='ocrx_word' id='word_1_1214' title='bbox 1863 3120 1990 3150; x_wconf 89' lang='lat' dir='ltr'>termini</span> <span class='ocrx_word' id='word_1_1215' title='bbox 2012 3121 2168 3150; x_wconf 88' lang='lat' dir='ltr'>unitatem</span> <span class='ocrx_word' id='word_1_1216' title='bbox 2190 3121 2392 3160; x_wconf 90' lang='lat' dir='ltr'>personalem</span> <span class='ocrx_word' id='word_1_1217' title='bbox 2415 3121 2488 3152; x_wconf 89' lang='lat' dir='ltr'>Filii</span> 
     </span>
     <span class='ocr_line' id='line_1_151' title="bbox 1425 3164 2488 3204; baseline 0 -8"><span class='ocrx_word' id='word_1_1218' title='bbox 1425 3166 1485 3196; x_wconf 91' lang='lat' dir='ltr'>Dei</span> <span class='ocrx_word' id='word_1_1219' title='bbox 1507 3165 1541 3194; x_wconf 92' lang='lat' dir='ltr'>in</span> <span class='ocrx_word' id='word_1_1220' title='bbox 1564 3170 1699 3203; x_wconf 88' lang='lat' dir='ltr'>utraque</span> <span class='ocrx_word' id='word_1_1221' title='bbox 1722 3169 1850 3194; x_wconf 88' lang='lat' dir='ltr'>natura:</span> <span class='ocrx_word' id='word_1_1222' title='bbox 1875 3164 2029 3204; x_wconf 86' lang='lat' dir='ltr'>quoniam</span> <span class='ocrx_word' id='word_1_1223' title='bbox 2052 3165 2163 3195; x_wconf 90' lang='lat' dir='ltr'>relatio</span> <span class='ocrx_word' id='word_1_1224' title='bbox 2186 3165 2245 3194; x_wconf 86' lang='lat' dir='ltr'>ista</span> <span class='ocrx_word' id='word_1_1225' title='bbox 2268 3165 2397 3195; x_wconf 91' lang='lat' dir='ltr'>unionis</span> <span class='ocrx_word' id='word_1_1226' title='bbox 2420 3175 2488 3196; x_wconf 87' lang='lat' dir='ltr'>non</span> 
     </span>
     <span class='ocr_line' id='line_1_152' title="bbox 1425 3208 2487 3249; baseline 0 -10"><span class='ocrx_word' id='word_1_1227' title='bbox 1425 3214 1471 3239; x_wconf 90' lang='lat' dir='ltr'>est</span> <span class='ocrx_word' id='word_1_1228' title='bbox 1495 3216 1719 3248; x_wconf 87' lang='lat' dir='ltr'>quaecumque</span> <span class='ocrx_word' id='word_1_1229' title='bbox 1742 3208 1871 3238; x_wconf 85' lang='lat' dir='ltr'>unionis</span> <span class='ocrx_word' id='word_1_1230' title='bbox 1894 3208 2020 3244; x_wconf 87' lang='lat' dir='ltr'>relatio,</span> <span class='ocrx_word' id='word_1_1231' title='bbox 2044 3218 2104 3239; x_wconf 89' lang='lat' dir='ltr'>nec</span> <span class='ocrx_word' id='word_1_1232' title='bbox 2128 3208 2166 3239; x_wconf 91' lang='lat' dir='ltr'>ad</span> <span class='ocrx_word' id='word_1_1233' title='bbox 2189 3209 2385 3249; x_wconf 87' lang='lat' dir='ltr'>hypostasim</span> <span class='ocrx_word' id='word_1_1234' title='bbox 2409 3208 2487 3240; x_wconf 82' lang='lat' dir='ltr'>divi-</span> 
     </span>
     <span class='ocr_line' id='line_1_153' title="bbox 1424 3251 2487 3292; baseline 0 -9"><span class='ocrx_word' id='word_1_1235' title='bbox 1424 3262 1499 3283; x_wconf 90' lang='lat' dir='ltr'>nam</span> <span class='ocrx_word' id='word_1_1236' title='bbox 1523 3251 1778 3292; x_wconf 87' lang='lat' dir='ltr'>quomodolibet,</span> <span class='ocrx_word' id='word_1_1237' title='bbox 1803 3251 1858 3282; x_wconf 90' lang='lat' dir='ltr'>sed</span> <span class='ocrx_word' id='word_1_1238' title='bbox 1882 3251 1922 3282; x_wconf 92' lang='lat' dir='ltr'>ad</span> <span class='ocrx_word' id='word_1_1239' title='bbox 1944 3253 2140 3292; x_wconf 90' lang='lat' dir='ltr'>hypostasim</span> <span class='ocrx_word' id='word_1_1240' title='bbox 2163 3252 2235 3282; x_wconf 89' lang='lat' dir='ltr'>Filii</span> <span class='ocrx_word' id='word_1_1241' title='bbox 2257 3262 2354 3282; x_wconf 88' lang='lat' dir='ltr'>unam</span> <span class='ocrx_word' id='word_1_1242' title='bbox 2378 3262 2487 3292; x_wconf 91' lang='lat' dir='ltr'>perso-</span> 
     </span>
     <span class='ocr_line' id='line_1_154' title="bbox 1425 3295 2488 3335; baseline 0.002 -10"><span class='ocrx_word' id='word_1_1243' title='bbox 1425 3296 1537 3326; x_wconf 88' lang='lat' dir='ltr'>naliter</span> <span class='ocrx_word' id='word_1_1244' title='bbox 1558 3296 1592 3325; x_wconf 91' lang='lat' dir='ltr'>in</span> <span class='ocrx_word' id='word_1_1245' title='bbox 1615 3301 1750 3335; x_wconf 90' lang='lat' dir='ltr'>utraque</span> <span class='ocrx_word' id='word_1_1246' title='bbox 1773 3301 1894 3326; x_wconf 87' lang='lat' dir='ltr'>natura.</span> <span class='ocrx_word' id='word_1_1247' title='bbox 1919 3295 2008 3326; x_wconf 91' lang='lat' dir='ltr'>Sicut</span> <span class='ocrx_word' id='word_1_1248' title='bbox 2031 3297 2116 3326; x_wconf 88' lang='lat' dir='ltr'>enim</span> <span class='ocrx_word' id='word_1_1249' title='bbox 2135 3296 2264 3326; x_wconf 89' lang='lat' dir='ltr'>unionis</span> <span class='ocrx_word' id='word_1_1250' title='bbox 2279 3297 2389 3326; x_wconf 90' lang='lat' dir='ltr'>relatio</span> <span class='ocrx_word' id='word_1_1251' title='bbox 2405 3297 2488 3327; x_wconf 88' lang='lat' dir='ltr'>inter</span> 
     </span>
     <span class='ocr_line' id='line_1_155' title="bbox 1426 3339 2487 3380; baseline 0.002 -11"><span class='ocrx_word' id='word_1_1252' title='bbox 1426 3349 1543 3379; x_wconf 91' lang='lat' dir='ltr'>corpus</span> <span class='ocrx_word' id='word_1_1253' title='bbox 1567 3345 1598 3370; x_wconf 89' lang='lat' dir='ltr'>et</span> <span class='ocrx_word' id='word_1_1254' title='bbox 1620 3340 1759 3369; x_wconf 85' lang='lat' dir='ltr'>animam</span> <span class='ocrx_word' id='word_1_1255' title='bbox 1788 3349 1856 3370; x_wconf 93' lang='lat' dir='ltr'>non</span> <span class='ocrx_word' id='word_1_1256' title='bbox 1880 3345 1926 3370; x_wconf 90' lang='lat' dir='ltr'>est</span> <span class='ocrx_word' id='word_1_1257' title='bbox 1948 3339 1988 3370; x_wconf 89' lang='lat' dir='ltr'>ad</span> <span class='ocrx_word' id='word_1_1258' title='bbox 2011 3341 2150 3370; x_wconf 89' lang='lat' dir='ltr'>animam</span> <span class='ocrx_word' id='word_1_1259' title='bbox 2180 3339 2426 3380; x_wconf 89' lang='lat' dir='ltr'>quomodolibet</span> <span class='ocrx_word' id='word_1_1260' title='bbox 2453 3351 2487 3371; x_wconf 91' lang='lat' dir='ltr'>se</span> 
     </span>
     <span class='ocr_line' id='line_1_156' title="bbox 1425 3383 2486 3420; baseline 0.001 -6"><span class='ocrx_word' id='word_1_1261' title='bbox 1425 3384 1613 3420; x_wconf 91' lang='lat' dir='ltr'>habentem,</span> <span class='ocrx_word' id='word_1_1262' title='bbox 1644 3383 1699 3414; x_wconf 89' lang='lat' dir='ltr'>sed</span> <span class='ocrx_word' id='word_1_1263' title='bbox 1729 3383 1769 3414; x_wconf 92' lang='lat' dir='ltr'>ad</span> <span class='ocrx_word' id='word_1_1264' title='bbox 1799 3385 1937 3414; x_wconf 87' lang='lat' dir='ltr'>animam</span> <span class='ocrx_word' id='word_1_1265' title='bbox 1967 3385 2259 3414; x_wconf 87' lang='lat' dir='ltr'>communicantem</span> <span class='ocrx_word' id='word_1_1266' title='bbox 2283 3385 2486 3415; x_wconf 79' lang='lat' dir='ltr'>substantiale</span> 
     </span>
     <span class='ocr_line' id='line_1_157' title="bbox 1426 3428 2486 3468; baseline 0.002 -11"><span class='ocrx_word' id='word_1_1267' title='bbox 1426 3437 1520 3458; x_wconf 91' lang='lat' dir='ltr'>suum</span> <span class='ocrx_word' id='word_1_1268' title='bbox 1545 3437 1612 3458; x_wconf 90' lang='lat' dir='ltr'>esse</span> <span class='ocrx_word' id='word_1_1269' title='bbox 1635 3429 1779 3468; x_wconf 89' lang='lat' dir='ltr'>corpori;</span> <span class='ocrx_word' id='word_1_1270' title='bbox 1812 3429 1854 3458; x_wconf 87' lang='lat' dir='ltr'>ita</span> <span class='ocrx_word' id='word_1_1271' title='bbox 1883 3428 1993 3458; x_wconf 86' lang='lat' dir='ltr'>relatio</span> <span class='ocrx_word' id='word_1_1272' title='bbox 2024 3429 2152 3458; x_wconf 90' lang='lat' dir='ltr'>unionis</span> <span class='ocrx_word' id='word_1_1273' title='bbox 2176 3429 2333 3458; x_wconf 89' lang='lat' dir='ltr'>humanae</span> <span class='ocrx_word' id='word_1_1274' title='bbox 2355 3434 2486 3459; x_wconf 88' lang='lat' dir='ltr'>naturae</span> 
     </span>
     <span class='ocr_line' id='line_1_158' title="bbox 1426 3471 2485 3512; baseline 0.002 -11"><span class='ocrx_word' id='word_1_1275' title='bbox 1426 3471 1465 3501; x_wconf 91' lang='lat' dir='ltr'>ad</span> <span class='ocrx_word' id='word_1_1276' title='bbox 1488 3472 1685 3512; x_wconf 93' lang='lat' dir='ltr'>hypostasim</span> <span class='ocrx_word' id='word_1_1277' title='bbox 1709 3471 1848 3502; x_wconf 86' lang='lat' dir='ltr'>divinam</span> <span class='ocrx_word' id='word_1_1278' title='bbox 1878 3481 1945 3502; x_wconf 90' lang='lat' dir='ltr'>non</span> <span class='ocrx_word' id='word_1_1279' title='bbox 1970 3477 2015 3501; x_wconf 92' lang='lat' dir='ltr'>est</span> <span class='ocrx_word' id='word_1_1280' title='bbox 2043 3471 2081 3502; x_wconf 92' lang='lat' dir='ltr'>ad</span> <span class='ocrx_word' id='word_1_1281' title='bbox 2108 3472 2304 3512; x_wconf 88' lang='lat' dir='ltr'>hypostasim</span> <span class='ocrx_word' id='word_1_1282' title='bbox 2331 3472 2402 3502; x_wconf 88' lang='lat' dir='ltr'>Filii</span> <span class='ocrx_word' id='word_1_1283' title='bbox 2425 3473 2485 3503; x_wconf 92' lang='lat' dir='ltr'>Dei</span> 
     </span>
     <span class='ocr_line' id='line_1_159' title="bbox 1426 3515 2485 3556; baseline 0.001 -11"><span class='ocrx_word' id='word_1_1284' title='bbox 1426 3516 1702 3555; x_wconf 89' lang='lat' dir='ltr'>qualitercumque</span> <span class='ocrx_word' id='word_1_1285' title='bbox 1726 3526 1759 3546; x_wconf 87' lang='lat' dir='ltr'>se</span> <span class='ocrx_word' id='word_1_1286' title='bbox 1782 3516 1962 3551; x_wconf 91' lang='lat' dir='ltr'>habentem,</span> <span class='ocrx_word' id='word_1_1287' title='bbox 1986 3515 2041 3545; x_wconf 87' lang='lat' dir='ltr'>sed</span> <span class='ocrx_word' id='word_1_1288' title='bbox 2065 3515 2103 3546; x_wconf 92' lang='lat' dir='ltr'>ad</span> <span class='ocrx_word' id='word_1_1289' title='bbox 2126 3516 2198 3546; x_wconf 92' lang='lat' dir='ltr'>Filii</span> <span class='ocrx_word' id='word_1_1290' title='bbox 2213 3516 2273 3546; x_wconf 90' lang='lat' dir='ltr'>Dei</span> <span class='ocrx_word' id='word_1_1291' title='bbox 2289 3517 2485 3556; x_wconf 88' lang='lat' dir='ltr'>hypostasim</span> 
     </span>
     <span class='ocr_line' id='line_1_160' title="bbox 1425 3559 2483 3599; baseline 0.001 -10"><span class='ocrx_word' id='word_1_1292' title='bbox 1425 3569 1524 3590; x_wconf 92' lang='lat' dir='ltr'>unam</span> <span class='ocrx_word' id='word_1_1293' title='bbox 1554 3560 1762 3599; x_wconf 88' lang='lat' dir='ltr'>personaliter</span> <span class='ocrx_word' id='word_1_1294' title='bbox 1791 3569 1917 3595; x_wconf 89' lang='lat' dir='ltr'>secum,</span> <span class='ocrx_word' id='word_1_1295' title='bbox 1949 3559 2011 3589; x_wconf 91' lang='lat' dir='ltr'>hoc</span> <span class='ocrx_word' id='word_1_1296' title='bbox 2036 3565 2081 3590; x_wconf 89' lang='lat' dir='ltr'>est</span> <span class='ocrx_word' id='word_1_1297' title='bbox 2105 3569 2179 3590; x_wconf 92' lang='lat' dir='ltr'>cum</span> <span class='ocrx_word' id='word_1_1298' title='bbox 2201 3561 2340 3590; x_wconf 89' lang='lat' dir='ltr'>humana</span> <span class='ocrx_word' id='word_1_1299' title='bbox 2363 3565 2483 3590; x_wconf 90' lang='lat' dir='ltr'>natura.</span> 
     </span>
    </p>
   </div>
   <div class='ocr_carea' id='block_1_18' title="bbox 2326 3618 2342 3642">
    <p class='ocr_par' dir='ltr' id='par_1_27' title="bbox 2326 3618 2342 3642">
     <span class='ocr_line' id='line_1_161' title="bbox 2326 3618 2342 3642; baseline 0 0"><span class='ocrx_word' id='word_1_1300' title='bbox 2326 3618 2342 3642; x_wconf 84' lang='lat'><strong>6</strong></span> 
     </span>
    </p>
   </div>
   <div class='ocr_carea' id='block_1_19' title="bbox 2519 582 2629 603">
    <p class='ocr_par' dir='ltr' id='par_1_28' title="bbox 2519 582 2629 603">
     <span class='ocr_line' id='line_1_162' title="bbox 2519 582 2629 603; baseline 0 0"><span class='ocrx_word' id='word_1_1301' title='bbox 2519 582 2529 593; x_wconf 75' lang='lat'>⁸</span> <span class='ocrx_word' id='word_1_1302' title='bbox 2543 583 2594 603; x_wconf 82' lang='lat' dir='ltr'>Art.</span> <span class='ocrx_word' id='word_1_1303' title='bbox 2609 588 2629 603; x_wconf 81' lang='lat'>2.</span> 
     </span>
    </p>
   </div>
   <div class='ocr_carea' id='block_1_20' title="bbox 2520 1458 2720 1485">
    <p class='ocr_par' dir='ltr' id='par_1_29' title="bbox 2520 1458 2720 1485">
     <span class='ocr_line' id='line_1_163' title="bbox 2520 1458 2720 1485; baseline 0 -6"><span class='ocrx_word' id='word_1_1304' title='bbox 2520 1459 2529 1467; x_wconf 75' lang='lat'>⁴</span> <span class='ocrx_word' id='word_1_1305' title='bbox 2548 1458 2598 1479; x_wconf 86' lang='lat' dir='ltr'>Art.</span> <span class='ocrx_word' id='word_1_1306' title='bbox 2616 1458 2720 1485; x_wconf 86' lang='lat' dir='ltr'>praeced.</span> 
     </span>
    </p>
   </div>
   <div class='ocr_carea' id='block_1_21' title="bbox 2546 1808 2679 1834">
    <p class='ocr_par' dir='ltr' id='par_1_30' title="bbox 2546 1808 2679 1834">
     <span class='ocr_line' id='line_1_164' title="bbox 2546 1808 2679 1834; baseline 0 -6"><span class='ocrx_word' id='word_1_1307' title='bbox 2546 1808 2581 1829; x_wconf 80' lang='lat' dir='ltr'>Cf.</span> <span class='ocrx_word' id='word_1_1308' title='bbox 2597 1811 2644 1828; x_wconf 83' lang='lat' dir='ltr'>not.</span> <span class='ocrx_word' id='word_1_1309' title='bbox 2662 1809 2679 1834; x_wconf 83' lang='grc' dir='ltr'>ζ.</span> 
     </span>
    </p>
   </div>
  </div>
 </body>
</html>
