2872 3970
184 538 197 549 ⁴
209 537 260 559 Art.
278 535 382 564 praeced.

197 2075 208 2084 ¹⁸
224 2073 289 2095 Vers.
304 2078 340 2100 29.

199 2124 209 2134 ⁸
223 2122 282 2144 Ord.
297 2121 366 2149 Greg.

198 2332 210 2341 ¹⁴
223 2331 273 2352 ΑΠ.
290 2338 308 2352 ¹.

427 275 496 313 136
1089 275 1351 323 QUAESTIO
1379 276 1478 322 VIII,

1097 392 1427 426 Commentario
1449 391 1699 424 Car-ainans
1720 391 1920 424 Caietam

486 497 593 519 nurus
612 488 713 519 clarus
729 493 784 518 est.
795 505 819 509 —
834 487 870 518 In
893 495 1027 526 corpore
1049 485 1170 516 articuli
1193 485 1353 525 repetitur,
1369 485 1484 524 primo,

427 499 582 572 Tsupra
597 533 613 548 ⁴*
636 532 740 571 posita
771 531 931 562 distinctio
954 530 992 560 de
1023 530 1125 569 capite
1153 528 1330 560 secundum
1356 528 1485 558 interio-

426 585 495 607 rem
509 575 678 612 influxum,
695 581 726 606 et
748 574 925 605 secundum
948 573 1212 613 gubernationem
1227 573 1426 602 exteriorem.
1445 571 1487 601 Et

427 619 559 659 ponitur
581 618 695 650 deinde
719 618 885 649 conclusio
909 618 1092 657 responsiva
1117 616 1278 656 quaesito,
1301 616 1389 645 iuxta
1411 614 1486 645 alte-

426 673 499 695 rum
514 663 695 694 membrum
718 661 942 693 distinctionis:
973 660 1132 691 Diabolus
1157 664 1204 690 est
1226 664 1322 699 caput
1345 658 1487 689 omnium

426 707 588 737 malorum
618 705 791 736 secundum
815 705 1007 736 exteriorem
1029 703 1306 745 gubernationem.

482 750 637 781 Probatur
667 749 843 789 dupliciter.
878 749 1002 784 Primo,
1029 747 1215 778 auctoritate
1240 746 1318 777 Iob:
1344 745 1417 786 Ipse
1442 749 1490 775 est

428 803 498 830 rex,
515 799 574 824 etc.

483 836 642 872 Secundo,
662 837 794 866 ratione.
818 835 904 865 Finis
920 835 1038 866 diaboli
1055 840 1102 865 est
1117 834 1237 864 aversio
1253 843 1271 864 a
1286 834 1368 863 Deo.
1391 832 1488 872 Ergo,

426 882 619 921 inquantum
631 881 828 920 quicumque
841 878 1042 909 abducuntur
1053 877 1217 918 peccando
1232 878 1267 908 in
1282 878 1368 907 hunc
1380 875 1489 912 finem,

399 947 402 949 -
428 925 488 956 sub
500 924 618 955 diaboli
630 923 860 963 gubernatione
876 922 1003 953 cadunt.
1021 922 1106 962 Ergo
1119 921 1265 952 diabolus
1280 927 1326 951 est
1342 920 1490 952 omnium

427 969 586 999 malorum
618 973 712 1007 caput
743 966 920 996 secundum
947 965 1220 1006 gubernationem.
1244 983 1266 987 -
1289 963 1490 995 Antecedens

426 1012 588 1052 probatur,
613 1012 728 1051 primo,
754 1020 791 1040 ex
814 1010 877 1040 hoc
902 1009 990 1049 quod
1013 1009 1144 1039 tentavit
1167 1009 1205 1038 ab
1229 1009 1320 1038 initio
1344 1018 1362 1038 a
1378 1007 1490 1038 divinis

427 1055 594 1085 abducere.
631 1053 848 1084 Manifestatur
882 1052 996 1083 deinde
1027 1052 1195 1093 quomodo
1230 1052 1351 1083 aversio
1385 1057 1490 1091 potest

1210 1195 1526 1238 ARTICULUS
1556 1194 1829 1236 OCTAVUS

1015 1287 1172 1318 UTRUM
1194 1285 1515 1318 ANTICHRISTUS
1539 1285 1605 1317 sn*
1629 1285 1775 1317 CAPUT
1798 1285 2018 1317 MALORUM

447 1492 567 1543 tte&
589 1492 609 1546 (ε

559 1425 620 1480 ἱἰο
641 1434 892 1472 Antichristus
934 1447 1013 1472 non
1051 1434 1096 1471 sit
1133 1442 1247 1484 caput
1283 1436 1488 1471 malorum.

431 1591 529 1629 dinis
548 1593 752 1630 malorum.
781 1593 873 1629 Non
893 1604 982 1640 ergo
1002 1591 1253 1629 Antichristus
1281 1599 1336 1628 est
1355 1603 1491 1628 eorum

432 1653 556 1695 caput.

487 1709 521 1734 2.
551 1699 782 1745 Parim-snm,
812 1697 1065 1735 Antichristus
1093 1705 1148 1734 est
1175 1697 1398 1734 membrum
1417 1695 1493 1733 dia-

431 1749 521 1788 boli.
543 1751 619 1788 Sed
639 1759 752 1800 caput
771 1749 1012 1798 distinguitur
1029 1762 1052 1787 a
1070 1749 1265 1787 membris.
1295 1750 1397 1797 Ergo
1416 1751 1494 1786 An-

431 1803 622 1841 tichristus
650 1815 729 1840 non
757 1810 812 1840 est
839 1810 953 1852 caput
981 1803 1184 1839 malorum.

490 1856 523 1892 3.
545 1857 775 1901 PRAETEREA,
796 1863 910 1904 caput
928 1854 1042 1892 habet
1061 1853 1302 1891 influentiam
1321 1853 1360 1890 in
1375 1866 1494 1891 mem-

433 1908 513 1945 bra.
557 1908 633 1945 Sed
661 1907 912 1944 Antichristus
940 1908 1085 1944 nullam
1113 1907 1228 1944 habet
1254 1906 1495 1943 influentiam

435 1961 474 1998 in
502 1962 624 1997 malos
646 1960 824 1997 homines
852 1959 919 2008 qui
947 1971 1038 1996 eum
1065 1966 1364 2009 praecesserunt.
1394 1959 1495 2007 Ergo

436 2012 688 2051 Antichristus
716 2024 795 2049 non
824 2020 879 2048 est
906 2019 1020 2062 caput
1048 2013 1252 2049 malorum.

491 2066 564 2103 SED
594 2077 737 2102 CONTRA
765 2077 830 2102 EST
864 2065 971 2113 quod
1002 2066 1071 2102 Iob
1099 2077 1175 2110 xm,
1205 2076 1320 2114 super
1347 2063 1439 2100 illud
1458 2063 1495 2109 ²⁸,

437 2120 672 2167 Interrogate
691 2118 883 2166 quemlihet
901 2117 946 2153 de
963 2119 1175 2163 viatoribus,
1203 2116 1292 2153 dicit
1311 2116 1447 2153 Glossa
1460 2115 1495 2152 *ε

437 2172 538 2207 Dum
573 2170 617 2206 de
651 2171 816 2207 omnium
851 2170 1038 2207 malorum
1073 2179 1231 2219 corpore
1266 2169 1496 2218 loqueretur,

436 2225 553 2260 subito
581 2222 633 2259 aa'
657 2224 824 2259 omnium
844 2223 1053 2271 iniquorum
1074 2227 1194 2271 caput,
1221 2222 1497 2267 Antichristum,

437 2277 551 2313 verba
580 2277 767 2312 convertit.

491 2329 714 2365 Rssspouosso
733 2339 914 2364 DICENDUM
933 2327 1051 2376 quod⁷
1072 2326 1168 2364 sicut
1187 2327 1333 2376 supra*
1352 2325 1498 2363 dictum

439 2387 510 2426 est,
547 2380 585 2416 in
614 2379 735 2429 capite
763 2379 924 2416 naturali
957 2379 1026 2416 tria
1058 2379 1323 2416 inveniuntur:
1361 2378 1499 2415 scilicet

439 2433 546 2479 ordo,
566 2432 745 2482 perfectio
765 2440 801 2469 et
819 2431 939 2469 virtus
958 2431 1157 2469 influendi.
1188 2432 1390 2478 Quantum
1409 2442 1498 2479 ergo

439 2485 487 2521 ad
516 2484 692 2522 ordinem
720 2484 914 2534 temporis,
943 2496 1023 2522 non
1045 2484 1182 2522 dicitur
1209 2496 1290 2521 esse
1312 2483 1499 2520 Antichri-

439 2545 518 2574 stus
547 2545 661 2587 caput
684 2538 887 2584 malorum,
917 2537 1026 2586 quasi
1055 2536 1136 2574 eius
1163 2543 1365 2586 peccatum
1392 2548 1499 2585 prae-

440 2589 602 2635 cesserit,
631 2589 727 2626 sicut
753 2589 957 2638 praecessit
982 2597 1185 2638 peccatum
1212 2588 1365 2625 diaboli.

495 2641 673 2679 Similiter
691 2641 805 2679 etiarn
824 2653 904 2678 non
919 2641 1055 2678 dicitur
1073 2653 1154 2679 esse
1175 2643 1366 2678 malorum
1387 2649 1501 2690 caput

440 2702 595 2744 propter
621 2693 801 2731 virtutem
829 2693 1026 2730 influendi.
1058 2694 1097 2731 Si
1115 2699 1132 2715 ‘¹
1151 2694 1255 2731 enim
1275 2693 1422 2743 aliquos
1441 2693 1501 2730 sui

441 2746 624 2797 temporis
652 2747 702 2783 ad
720 2748 867 2783 malum
895 2746 940 2782 sit
968 2758 1234 2793 conversurus,
1264 2745 1426 2782 exterius
1445 2745 1501 2782 in-

442 2799 640 2845 ducendo;
670 2811 749 2836 non
776 2807 906 2836 tamen
935 2798 985 2836 illi
1012 2798 1079 2848 qui
1106 2806 1193 2836 ante
1217 2811 1308 2835 eum
1335 2799 1499 2845 luerunt,

442 2852 490 2888 ab
519 2851 602 2902 ipso
630 2859 719 2888 sunt
746 2851 785 2888 in
813 2851 997 2888 malitiam
1034 2851 1189 2898 inducti,
1218 2863 1290 2888 nec
1312 2850 1394 2887 eius
1421 2862 1501 2887 ma-

443 2904 560 2941 litiam
596 2912 684 2941 sunt
718 2903 862 2940 imitati.
910 2903 1021 2941 Unde
1059 2903 1274 2941 secundum
1311 2904 1387 2940 hoc
1422 2915 1503 2939 non

443 2964 571 3006 posset
608 2956 681 2993 dici
719 2964 833 3006 caput
870 2955 1048 2994 omnium
1084 2957 1297 3003 malorum,
1335 2955 1401 2992 sed
1439 2955 1502 2992 ali-

444 3021 623 3058 quorum.

497 3060 738 3111 Relinquitur
766 3061 876 3110 igitur
903 3061 1008 3111 quod
1029 3060 1175 3099 dicatur
1193 3069 1306 3110 caput
1326 3060 1503 3098 omniurn

445 3115 636 3151 malorum
677 3122 831 3163 propter
867 3114 1030 3151 malitiae
1067 3113 1349 3164 perfectionem.
1392 3113 1503 3151 Unde

499 3225 527 3258 α)
547 3226 586 3250 Si.
604 3239 623 3244 -
642 3225 703 3249 Etsi
722 3227 802 3251 tertia.

499 3260 524 3295 β)
545 3260 639 3294 influit.
658 3275 677 3278 —
696 3261 790 3294 influat
809 3261 825 3290 l,
846 3261 937 3295 influet
956 3268 1039 3288 cetera
1058 3264 1138 3289 tertia.

1118 3345 1449 3378 Commentaria
1471 3343 1722 3376 cardinalis
1745 3342 1944 3376 Caietam

451 3432 615 3493 Turinus
639 3422 740 3452 clarus
763 3427 818 3451 est.
841 3439 863 3444 -
887 3421 920 3451 ln
943 3430 1077 3461 corpore
1100 3424 1220 3454 articuli
1244 3430 1290 3455 est
1312 3425 1406 3455 unica
1429 3433 1506 3455 con-

510 3466 609 3495 clusio
641 3466 822 3505 responsiva
853 3466 1014 3504 quaesito:
1050 3466 1261 3498 Antichristus
1292 3474 1337 3498 est
1365 3468 1505 3498 omnium

456 3509 615 3538 malorum
630 3509 794 3539 hominum
818 3514 913 3549 caput
934 3508 1106 3539 secundum
1125 3511 1355 3550 perfectionem
1372 3516 1504 3542 tantum.

505 3551 592 3582 Haec
623 3553 787 3583 conclusio
820 3553 912 3582 habet
936 3558 996 3582 tres
1023 3558 1142 3592 partes:
1178 3563 1274 3584 unam
1305 3554 1503 3591 affirmative,

566 1405 617 1446 ἡ(
640 1395 662 1420 D
682 1395 853 1420 ocrAvum
872 1394 924 1419 su:
942 1394 1177 1420 Paocamrua.
1202 1382 1363 1419 Videtur
1383 1382 1489 1432 quod
1543 1393 1658 1431 super
1692 1380 1783 1418 illud
1811 1381 1841 1418 11
1873 1382 1995 1418 Thess.
2016 1393 2036 1418 11
2055 1381 2092 1428 ⁵¹⁸,
2126 1381 2324 1418 Ostendens
2356 1393 2395 1418 se
2425 1387 2602 1432 tanquam
2631 1387 2724 1410 ’νοω
2738 1394 2763 1415 4·

641 1487 763 1525 Unius
792 1487 895 1524 enim
923 1486 1093 1537 corporis
1121 1498 1201 1523 non
1226 1495 1314 1524 sunt
1342 1486 1491 1524 diversa
1538 1486 1727 1535 plenitudo
1756 1486 1951 1523 divinitatis
1978 1487 2211 1532 inhabitavit,
2239 1487 2289 1523 ita
2317 1488 2353 1523 in
2381 1488 2604 1525 Antichristo

437 1534 582 1577 Δμὲὶῖ)
607 1540 773 1590 capita.
805 1540 881 1577 Sed
909 1539 1084 1576 diabolus
1108 1547 1163 1576 est
1190 1547 1304 1589 caput
1323 1538 1491 1576 multitu·
1539 1538 1729 1588 plenitudo
1758 1540 1878 1576 omnis
1905 1538 2085 1575 malitiae.-
2118 1549 2199 1575 non
2226 1538 2385 1588 quidem
2412 1539 2462 1576 ita
2497 1540 2606 1590 quod

1508 274 1799 312 ARTICULUS
1826 275 1907 311 VIII

1538 484 1654 514 habere
1676 484 1831 514 rationem
1853 483 1942 514 finis:
1973 483 2092 514 scilicet
2115 483 2174 514 sub
2197 483 2303 523 specie
2325 483 2483 514 libertatis.
2517 483 2595 514 Pro-

1538 527 1629 557 batur
1645 527 1830 557 auctoritate
1845 527 2004 557 Ieremiae.
2020 545 2043 549 —
2059 526 2298 567 Consequentia
2313 535 2388 557 vero
2404 527 2507 566 prima
2521 536 2596 567 pro-

1539 571 1646 601 batur:
1671 571 1746 610 quia
1769 570 1809 601 ad
1831 571 2075 610 gubernatorem
2097 571 2233 610 pertinet
2255 570 2410 601 adducere
2434 579 2515 610 quos
2537 579 2595 610 gu-

1540 615 1650 644 bernat
1678 615 1712 644 in
1742 623 1838 645 suum
1867 613 1975 645 finem.
1994 632 2018 636 -
2039 614 2147 645 Altera
2172 619 2280 645 autem
2305 614 2435 654 sequela
2465 619 2511 644 est
2539 623 2597 654 per

1540 667 1573 688 se
1595 663 1683 688 nota.

1596 701 1767 741 Coniunge
1793 701 1868 733 huic
1891 701 2053 732 doctrinae
2082 702 2324 742 responsionem
2348 700 2388 732 ad
2409 700 2598 737 secundum,

1542 750 1573 776 et
1595 745 1739 785 perspice
1763 744 1852 784 quod
1875 744 1914 775 ad
1932 745 2177 785 gubernatorem
2192 750 2312 786 spectat
2334 745 2374 776 ad
2389 754 2484 776 suum
2499 743 2599 776 finem

1542 789 1620 818 alios
1644 787 1809 824 adducere,
1833 797 1902 819 non
1923 798 1991 819 uno
2014 794 2138 820 tantum
2161 788 2271 825 modo,
2291 788 2348 819 sed
2369 788 2514 820 diversis:
2539 789 2599 820 sci-

1542 832 1615 862 licet
1637 832 1687 862 vel
1713 831 1926 872 impellendo,
1956 833 2008 863 vel
2037 832 2143 864 solum
2173 842 2211 864 ex
2240 833 2408 873 proposito
2435 833 2530 872 signo*
2549 833 2599 862 sui

1542 876 1639 916 regni.
1665 875 1705 906 Et
1727 876 1772 906 sic
1794 875 1916 907 videbis
1937 876 2073 916 primam
2095 877 2359 916 consequentiam
2380 882 2498 912 tenere,
2521 875 2600 907 dum

1544 929 1581 951 ex
1604 919 1668 950 fine
1692 918 1811 950 diaboli
1833 929 1945 950 omnes
1968 919 2007 951 ad
2029 920 2121 951 illum
2143 919 2242 951 finem
2264 919 2430 951 tendentes
2452 921 2511 950 sub
2535 919 2600 950 dia—

1543 963 1609 993 boli
1639 963 1791 1003 regimine
1821 962 1970 994 concludi
2000 962 2147 994 infertur:
2178 969 2331 1004 tanquam
2360 962 2504 994 diabolus
2532 963 2601 1003 ipse

1544 1007 1690 1080 omnlilum
1714 1007 1825 1037 talium
1855 1006 1918 1037 dux
1942 1006 2050 1044 fuerit,
2074 1007 2136 1038 hoc
2159 1007 2210 1038 vel
2228 1007 2284 1038 illo
2303 1006 2419 1043 modo,
2443 1006 2483 1037 ad
2505 1016 2600 1037 suum

1544 1060 1615 1081 vexi
1640 1060 1705 1080 um.

1542 1436 1587 1471 sit
1613 1435 1731 1479 Deus,
1761 1433 1850 1470 dicit
1877 1433 2014 1471 Glossa
2030 1433 2068 1470 *τ
2105 1435 2204 1471 Sicut
2238 1435 2275 1470 in
2308 1434 2451 1471 Christo
2484 1434 2604 1472 omnis
2633 1435 2749 1458 ’⁰¹⁶⁴‘

1546 1590 1764 1628 humanitas
1792 1589 1873 1627 eius
1901 1589 1947 1627 sit
1973 1598 2168 1640 assumpta
2187 1602 2210 1627 a
2227 1591 2381 1628 diabolo
2404 1591 2444 1628 in
2462 1592 2605 1630 unitate

1546 1655 1744 1693 personae,
1765 1642 1860 1680 sicut
1878 1642 2096 1680 humanitas
2117 1643 2255 1680 Christi
2273 1654 2296 1680 a
2313 1643 2410 1681 Filio
2429 1644 2516 1691 Dei;
2539 1645 2607 1682 sed

1547 1695 1638 1745 quia
1665 1695 1841 1733 diabolus
1875 1694 2057 1732 malitiam
2087 1707 2199 1732 suam
2231 1695 2461 1733 eminentius
2489 1695 2524 1734 ei
2549 1695 2606 1734 in-

1547 1748 1632 1786 fluit
1650 1747 1666 1778 ⁹
1692 1747 1931 1796 suggerendo
1949 1759 2069 1798 quam
2088 1747 2269 1785 omnibus
2288 1748 2379 1786 aliis.
2409 1749 2457 1786 Et
2475 1756 2607 1787 secun-
2734 1744 2750 1779 β

1548 1801 1644 1838 dum
1663 1801 1749 1847 hoc,
1779 1812 1915 1838 omnes
1934 1800 1995 1837 alii
2013 1800 2103 1837 mali
2122 1799 2189 1850 qui
2207 1809 2494 1851 praecesserunt
2520 1805 2609 1840 sunt

1549 1852 1657 1902 quasi
1677 1852 1869 1902 quaedam
1887 1852 2010 1900 figura
2028 1852 2262 1890 Antichristi:
2283 1853 2498 1891 secundum
2515 1853 2609 1892 inud

1549 1907 1579 1942 ΙΙ
1598 1906 1719 1943 Thess.
1735 1917 1756 1942 11
1770 1905 1806 1942 *ε
1827 1905 2054 1953 Mysteriu'm
2069 1907 2144 1942 iam
2163 1911 2339 1955 operatur
2352 1905 2607 1956 iniquitatis·“.
2637 1908 2657 1945 ἰ.
2825 1945 2827 1947 ,

1603 1958 1659 1995 Ao
1688 1969 1822 1995 ptumum
1842 1969 1939 1994 ERGO
1958 1968 2139 1995 mensuum
2158 1957 2264 2007 quod
2283 1957 2458 1996 diabolus
2477 1966 2514 1996 et
2531 1960 2609 1996 An-
2636 1950 2790 2009 5,·ῃῖωὲξῦ
2804 1973 2810 1976 “
2824 1994 2833 2004 ,

1550 2010 1740 2047 tichristus
1767 2021 1848 2046 non
1875 2017 1964 2046 sunt
1990 2009 2070 2047 duo
2089 2009 2222 2059 capita,
2251 2010 2319 2047 sed
2346 2023 2488 2048 unum:
2518 2010 2610 2063 quia

1551 2062 1802 2100 Antichristus
1829 2061 1966 2101 dicitur
1993 2074 2073 2099 esse
2093 2070 2207 2112 caput
2224 2061 2455 2112 inquantum
2472 2063 2610 2114 plenis-

1551 2115 1647 2152 sime
1680 2114 1872 2152 invenitur
1890 2120 1906 2143 Υ
1933 2114 1973 2151 in
2001 2126 2048 2151 eo
2076 2114 2261 2164 impressa
2287 2115 2430 2153 malitia
2456 2115 2621 2154 diaboli.=
2724 2108 2751 2136 ’τ
2816 2144 2823 2160 2

1552 2168 1663 2205 Unde
1692 2179 1807 2216 super
1825 2166 1917 2203 illud
1944 2168 1974 2204 11
1997 2167 2119 2204 Thess.
2139 2179 2160 2204 11
2178 2167 2209 2215 *‚
2241 2168 2442 2206 Ostendens
2467 2180 2508 2206 se
2532 2174 2610 2209 tan-
2638 2171 2767 2198 ’V⁸‘⁸·⁴·
2824 2167 2831 2211 s

1553 2232 1664 2270 quam
1691 2221 1735 2256 sit
1761 2220 1874 2265 Deus,
1903 2218 1992 2256 dicit
2020 2219 2156 2257 Glossa
2174 2219 2211 2257 *ε
2239 2221 2287 2257 In
2307 2222 2384 2270 ipso
2408 2222 2476 2258 erit
2502 2227 2612 2272 caput
2638 2223 2720 2246 ’⁰⁸¹-
2736 2222 2773 2245 Η·

1553 2274 1719 2310 omnium
1754 2272 1958 2318 malorum,
1986 2272 2120 2309 scilicet
2151 2272 2334 2319 diabolus,
2370 2274 2434 2323 qui
2458 2279 2509 2311 est
2541 2285 2613 2312 rex

1551 2338 1662 2376 super
1689 2337 1816 2362 omnes
1831 2324 1937 2372 filios
1963 2326 2168 2374 superbiae.
2199 2325 2292 2362 Non
2319 2333 2449 2363 autem
2476 2325 2613 2365 dicitur

1552 2379 1591 2415 in
1611 2390 1658 2415 eo
1687 2390 1768 2415 esse
1795 2389 1864 2427 per
1882 2376 2069 2414 unionem
2087 2378 2348 2427 personalem;
2375 2390 2448 2415 nec
2468 2390 2538 2428 per
2555 2377 2612 2416 in-

1551 2430 1754 2469 trinsecam
1772 2429 2047 2467 habitationem
2066 2427 2090 2476 ⁶,
2110 2429 2201 2479 quia
2218 2430 2298 2468 sola
2320 2431 2482 2469 Trinitas
2499 2432 2614 2469 menti
2735 2427 2750 2453 ³

1553 2484 1723 2528 illabitur,
1752 2490 1794 2519 ut
1821 2481 1958 2519 dicitur
1980 2481 2020 2518 in
2039 2481 2134 2519 libro
2158 2482 2204 2519 de
2220 2482 2481 2521 Ecclesiasticis
2506 2483 2611 2535 Dog-

1553 2537 1710 2573 matibus
1728 2535 1764 2571 *z
1795 2534 1861 2571 sed
1888 2545 1958 2584 per
1984 2533 2148 2571 malitiae
2176 2535 2368 2572 effectum.
2638 2535 2820 2593 &bap-‘3⁴'

1606 2589 1663 2624 An
1691 2598 1879 2624 SECUNDUM
1897 2598 2077 2623 DICENDUM
2096 2587 2214 2636 quod,
2234 2587 2330 2625 sicut
2349 2594 2458 2638 caput
2480 2590 2616 2629 Christi
2817 2598 2827 2622 ῑ

2639 2642 2651 2653 ⁸
2664 2641 2674 2664 1
2685 2642 2720 2664 ad
2733 2640 2788 2664 cor.

1553 2647 1603 2677 est
1621 2642 1722 2677 Deus
1739 2639 1771 2686 ²⁸,
1791 2647 1826 2675 et
1845 2646 1973 2676 tamen
2001 2641 2077 2688 ipse
2103 2645 2154 2676 est
2172 2646 2281 2689 caput
2297 2642 2484 2679 Ecclesiae
2499 2641 2551 2690 *¹⁸¹3
2570 2650 2613 2680 ut

1554 2705 1670 2742 supra
1683 2692 1703 2714 ⁸¹⁶
1721 2691 1866 2728 dictum
1885 2699 1958 2737 est;
1978 2691 2028 2728 ita
2047 2691 2299 2730 Antichristus
2318 2701 2373 2731 est
2391 2693 2613 2733 membrum
2638 2673 2821 2749 :gv-ut:

1553 2744 1706 2792 diaboli,
1736 2751 1772 2780 et
1798 2751 1927 2780 tamen
1955 2743 2035 2793 ipse
2064 2752 2119 2781 est
2146 2753 2261 2794 caput
2287 2747 2492 2784 malorum.
2642 2744 2796 2776 'Art-md

1607 2799 1664 2834 Ao
1698 2808 1856 2833 TERTmM
1890 2808 2070 2834 monimum
2104 2797 2210 2846 quod
2245 2798 2498 2837 Antichristus
2533 2811 2613 2838 non

1554 2849 1691 2887 dicitur
1718 2857 1832 2898 caput
1851 2849 2029 2886 omnium
2048 2851 2241 2887 malorum
2269 2859 2424 2901 propter
2442 2851 2613 2890 similitu-

1555 2901 1686 2939 dinem
1706 2901 1938 2948 influentiae,
1959 2902 2025 2938 sed
2052 2910 2208 2952 propter
2226 2902 2513 2942 similitudinem
2531 2916 2612 2954 per-

1555 2953 1736 2992 fectionis.
1780 2955 1821 2990 In
1856 2966 1902 2990 eo
1938 2954 2042 2991 enim
2077 2954 2252 2993 diabolus
2287 2956 2396 3006 quasi
2429 2956 2612 2995 malitiam

1557 3019 1667 3044 suam
1696 3006 1808 3043 ducet
1836 3006 1885 3043 ad
1912 3014 2042 3056 caput:
2078 3019 2148 3056 per
2174 3007 2338 3046 modum
2371 3020 2451 3058 quo
2478 3008 2615 3047 dicitur

1557 3058 1692 3108 aliquis
1719 3059 1770 3096 ad
1795 3065 1904 3108 caput
1935 3059 2176 3109 propositum
2200 3071 2316 3099 suum
2342 3060 2493 3109 ducere,
2521 3073 2612 3099 cum

1557 3112 1648 3149 illud
1676 3111 1882 3161 perfecerit.

1529 3226 1532 3251 Ι
1611 3223 1638 3258 γ)
1658 3225 1800 3250 invenitur.
1818 3238 1838 3243 -
1855 3224 2005 3250 invenietur
2023 3224 2108 3250 BCDI.

1528 3254 1532 3293 ι
1609 3259 1634 3294 δ)
1653 3260 1852 3285 habitationem.
1869 3274 1888 3278 -
1906 3259 2125 3285 inhabitationem
2144 3259 2164 3284 F
2181 3264 2207 3285 et
2225 3260 2297 3286 tertie
2315 3266 2415 3293 praeter
2433 3260 2451 3287 1.

1560 3427 1649 3467 quod
1665 3433 1711 3458 est
1727 3428 1873 3458 omnium
1893 3433 1987 3468 caput
2006 3426 2182 3458 secundum
2205 3426 2450 3467 perfectionem3
2482 3434 2512 3459 et
2535 3428 2613 3460 duas

1560 3472 1717 3510 negative,
1735 3477 1765 3502 et
1795 3471 1883 3511 quod
1906 3480 1972 3502 non
1996 3476 2042 3501 est
2065 3477 2159 3511 caput
2182 3470 2358 3501 secundum
2374 3471 2528 3508 ordinem,
2553 3482 2612 3504 nec

1560 3514 1736 3545 secundum
1751 3515 1899 3545 virtutem
1917 3521 1982 3545 tam
1997 3514 2177 3544 interiorem
2194 3523 2291 3554 quam
2307 3516 2508 3553 exteriorem;
2527 3517 2613 3547 iuxta

1559 3562 1620 3587 tres
1642 3558 1758 3588 modos
1779 3558 1894 3598 quibus
1908 3563 2013 3598 potest
2033 3557 2094 3588 dici
2118 3563 2222 3598 caput,
2239 3558 2416 3589 secundum
2435 3559 2612 3591 similitudi-
