2872 3970
148 471 159 480 ⁸
179 470 229 491 An.
253 476 270 495 ι,
293 472 315 490 et
337 468 359 489 in

149 502 211 523 resp.
234 494 262 516 ad
286 494 359 516 dubit.

148 526 211 544 cont.
229 525 271 543 art.
286 527 305 550 3.

148 774 158 783 ⁸
168 773 192 794 In
208 778 267 799 resp.
278 772 306 793 ad
317 771 360 793 du-

149 800 189 821 bit.
205 802 266 820 cont.
283 802 324 820 art.
337 804 358 826 3.

144 1693 153 1703 ⁵
167 1692 236 1714 Num.
252 1698 275 1713 ιι.

150 3318 159 3327 “
174 3317 242 3339 Num⁴
259 3322 291 3338 ιιι.

396 267 449 302 44

391 333 463 364 Filii
495 338 540 363 est
569 333 723 363 terminus
753 332 901 372 proprius
931 331 1065 361 actionis
1097 335 1126 360 et
1154 330 1309 370 passionis
1337 337 1458 358 assum-

388 378 508 416 ptionis
531 377 671 406 nominev
687 377 886 416 importatae.

442 421 536 451 Ratio
561 430 636 450 vero
661 419 750 450 dubii
773 429 811 450 ex
834 425 922 459 parte
938 424 1046 448 nostra
1064 423 1119 453 est,
1146 417 1221 457 quia
1237 415 1385 447 doctores
1401 415 1457 445 ali-

389 465 444 504 qui
468 465 530 494 hoc
554 464 674 494 dicunt.
711 463 825 494 Scotus
851 463 946 498 enim,
964 463 997 492 in
1021 461 1061 491 III
1079 461 1182 496 Sent.,
1205 460 1275 490 dist.
1293 470 1313 495 1,
1331 469 1385 499 qu.
1402 469 1413 489 1
1428 459 1455 495 ⁴,

387 514 474 539 tenet
506 507 692 538 huiusmodi
722 507 975 547 assumptionem
1005 505 1166 535 terminari
1199 503 1237 534 ad
1267 503 1455 534 relationem

388 553 534 589 unionis,
567 553 642 592 quia
673 551 799 582 nullum
823 556 870 581 est
891 551 935 581 ibi
958 549 1142 580 absolutum
1164 556 1305 583 novum,
1333 552 1399 577 tam
1420 547 1455 576 in

386 602 498 627 natura
529 605 627 636 quam
657 596 690 625 in
721 604 872 635 persona:
905 602 1030 634 ponens
1060 593 1141 622 hanc
1169 591 1357 622 relationem
1386 599 1454 620 non

387 645 528 681 spectare
560 639 599 670 ad
628 649 730 680 genus
759 638 937 673 relationis,
969 636 1024 667 sed
1047 646 1115 667 esse
1145 635 1185 665 de
1208 644 1324 675 genere
1347 642 1453 673 respe-

387 690 499 714 ctuum
523 684 716 714 extrinsecus
739 681 993 716 advenientium,
1026 680 1082 720 qui
1105 679 1225 709 scilicet
1252 687 1320 708 non
1342 686 1453 708 neces-

386 729 467 758 sario
487 732 665 768 sequuntur
681 725 935 760 fundamentum,
961 724 1056 754 etiam
1071 723 1178 763 posito
1194 722 1349 758 termino;
1374 730 1452 760 qua-

385 773 430 802 Ies
454 771 530 802 dicit
545 772 560 788 ⁸'
585 780 652 801 esse
676 770 805 800 unionis
828 773 990 808 respectus
1013 768 1095 797 inter
1117 766 1256 796 animam
1276 770 1307 795 et
1323 774 1451 804 corpus,

386 817 411 846 si
434 815 675 855 praeexistentia
697 821 842 843 seorsum
865 812 1032 842 unirentur
1055 810 1094 840 de
1117 819 1222 845 novo;
1252 814 1284 839 et
1306 809 1397 848 panis
1421 814 1452 838 et

386 860 542 899 quantitas
566 857 759 888 Sacramenti
783 856 959 886 unirentur.
994 854 1128 884 Nullum
1153 853 1239 883 enim
1266 852 1451 883 absolutum

384 904 417 933 in
441 901 626 932 huiusmodi
649 900 824 930 unionibus
848 899 1064 938 acquireretur
1087 896 1224 927 fundans
1249 896 1379 926 unionis
1402 905 1451 926 re—

385 947 553 981 lationem,
585 943 640 975 sed
663 943 703 974 ad
725 943 827 973 solam
858 942 988 972 unionis
1018 941 1206 971 relationem
1229 941 1452 970 terminaretur

384 991 467 1020 actio
491 989 620 1019 unitiva.

438 1032 607 1063 Durandus
640 1039 789 1070 quoque,
820 1030 853 1059 in
883 1029 922 1059 111
946 1028 1050 1064 Sena,
1076 1027 1145 1058 dist.
1162 1038 1198 1064 v,
1224 1037 1278 1068 qu.
1300 1037 1338 1064 11,
1362 1033 1451 1058 tenet

384 1077 516 1107 actionis
548 1084 630 1115 quae
661 1073 887 1113 assumptionis
917 1073 1050 1103 nomine
1080 1071 1291 1112 significatur,
1319 1072 1449 1112 proprie

382 1119 559 1160 loquendo,
583 1119 757 1149 terminum
779 1118 988 1147 intrinsecum
1012 1125 1080 1147 esse
1103 1121 1286 1156 respectum
1301 1116 1449 1146 unionis:

383 1173 480 1204 quem
512 1163 587 1193 dicit
616 1171 700 1197 esse,
731 1170 798 1191 non
828 1161 989 1191 relationis
1012 1161 1196 1200 genericae,
1228 1159 1284 1190 sed
1313 1159 1449 1190 modum

383 1207 543 1248 quendam
567 1206 697 1242 realem,
722 1205 804 1235 sicut
826 1205 989 1235 inhaerere
1014 1210 1060 1235 est
1082 1204 1200 1235 modus
1222 1203 1314 1234 realis
1337 1213 1450 1234 conse-

382 1262 484 1292 quens
507 1257 652 1281 naturam
675 1248 857 1280 accidentis.
891 1247 943 1279 Ad
966 1248 1154 1279 huiusmodi
1179 1257 1321 1288 namque
1343 1257 1450 1288 respe-

382 1302 452 1327 ctus
468 1296 543 1326 dicit
558 1304 652 1335 posse
669 1303 736 1324 esse
751 1298 879 1323 motum
895 1298 926 1323 et
942 1293 1103 1323 actionem
1118 1292 1311 1323 naturalem:
1337 1301 1452 1332 quam-

381 1341 428 1370 vis
452 1339 491 1370 ad
514 1340 670 1370 unionem
692 1343 824 1367 naturae
847 1337 1007 1367 humanae
1030 1337 1064 1367 in
1086 1346 1225 1377 persona
1241 1335 1358 1372 divina,
1382 1336 1451 1367 sola

382 1384 488 1415 divina
511 1384 593 1414 actio
618 1382 759 1422 potuerit
781 1381 954 1411 terminari.

436 1428 471 1458 ln
490 1427 678 1467 oppositum
694 1431 803 1456 autem
818 1430 865 1455 est
889 1424 979 1464 quod
1001 1425 1126 1455 Auctor
1140 1425 1193 1456 hic
1209 1423 1296 1460 dicit,
1311 1425 1346 1455 in
1362 1424 1449 1455 calce

381 1473 524 1512 corporis
545 1470 677 1506 articuli,
702 1468 792 1509 quod
814 1469 989 1509 assumptio
1013 1468 1206 1499 determinat
1221 1478 1286 1509 pro
1310 1468 1447 1499 termino

380 1516 423 1546 ad
438 1525 528 1556 quem
542 1514 809 1555 personalitatem
826 1512 978 1548 divinam,
996 1517 1032 1543 ut
1045 1513 1167 1542 scilicet
1175 1521 1320 1553 persona
1337 1512 1448 1543 divina

380 1561 412 1590 in
436 1561 577 1589 humana
602 1563 720 1588 natura
743 1557 903 1588 subsistat.
929 1556 1065 1587 Constat
1086 1562 1193 1587 autem
1217 1557 1280 1587 hoc
1296 1566 1364 1587 non
1380 1565 1448 1587 esse

378 1609 569 1643 respectum,
594 1602 649 1633 sed
673 1611 740 1632 esse
764 1601 958 1636 absolutum,
983 1606 1097 1641 utpote
1121 1599 1160 1631 de
1184 1610 1300 1641 genere
1323 1610 1381 1631 seu
1397 1609 1448 1630 or-

379 1648 453 1678 dine
477 1647 679 1678 substantiae.
705 1646 801 1685 Ergo.

433 1692 500 1722 VII.
525 1691 576 1721 Ad
605 1691 748 1730 primum
778 1689 913 1720 dubium
934 1690 951 1706 ³*
980 1688 1095 1719 dicitur
1119 1688 1209 1729 quod
1232 1690 1335 1729 prima
1358 1687 1448 1719 diffe-

378 1737 478 1767 rentia
502 1736 624 1775 optima
648 1740 710 1770 est,
736 1739 895 1774 quantum
918 1733 958 1763 ad
980 1732 1114 1764 formale
1137 1732 1360 1773 significatum.
1396 1732 1448 1763 Ad

378 1781 468 1812 cuius
481 1779 682 1814 evidentiam,
696 1777 964 1808 considerandum
977 1782 1023 1807 est
1035 1776 1282 1808 fundamentum
1297 1777 1331 1807 in
1346 1776 1448 1807 littera

377 1826 535 1865 positum:
561 1823 681 1853 scilicet
705 1821 794 1862 quod
809 1823 843 1852 in
859 1822 1011 1862 mysterio
1027 1821 1264 1857 incarnationis,
1289 1826 1448 1861 quantum

378 1869 417 1899 ad
440 1868 644 1908 propositum
668 1871 805 1906 spectat,
840 1865 906 1896 duo
930 1870 1055 1895 tantum
1078 1865 1303 1901 inveniuntur,
1327 1865 1448 1895 scilicet

378 1914 460 1943 actio
486 1918 516 1942 et
539 1911 655 1951 passi0,
681 1916 711 1940 et
729 1910 840 1940 relatio
857 1910 1004 1945 unionis;
1029 1915 1060 1939 et
1084 1909 1174 1949 quod
1189 1909 1300 1940 relatio
1317 1909 1448 1940 unionis

378 1966 445 1987 non
464 1956 499 1986 fit
522 1956 582 1986 alia
605 1955 733 1985 actione
757 1960 788 1984 et
810 1954 959 1994 passione
983 1954 1021 1984 ab
1038 1953 1091 1984 illa
1106 1954 1233 1984 actione
1249 1959 1281 1984 et
1298 1954 1447 1993 passione

379 2010 475 2041 quam
492 1998 647 2039 significat
664 1999 851 2038 assumptio,
874 1997 930 2028 sed
945 1997 998 2028 illa
1014 1998 1097 2028 actio
1119 2007 1202 2038 quae
1225 2003 1271 2028 est
1287 2006 1448 2027 assumere

378 2045 473 2075 factio
498 2049 545 2074 est
567 2043 714 2079 unionis;
739 2052 807 2072 non
831 2041 973 2072 curando
997 2051 1056 2082 pro
1080 2051 1168 2072 nunc
1192 2041 1231 2072 de
1254 2040 1355 2071 modo
1380 2050 1446 2081 quo

379 2089 414 2119 fit
436 2088 565 2119 unionis
588 2087 699 2117 relatio
723 2096 781 2126 per
804 2087 965 2116 actionem
988 2085 1085 2122 illam,
1109 2086 1173 2116 hoc
1189 2086 1276 2116 enim
1297 2084 1338 2116 ad
1353 2086 1447 2125 quin-

378 2139 448 2163 tum
471 2132 606 2162 dubium
630 2136 760 2171 spectat.
784 2130 871 2160 Huic
888 2131 974 2160 enim
998 2129 1209 2160 fundamento
1233 2130 1259 2160 si
1282 2138 1447 2169 supponas

380 2175 469 2217 quod
491 2176 523 2216 ly
547 2175 624 2206 unio
656 2180 702 2205 est
725 2180 757 2205 et
787 2184 923 2210 nomen,
948 2173 1027 2204 dum
1051 2173 1227 2204 declinatur
1249 2173 1328 2204 haec
1354 2174 1446 2210 unio,

381 2220 530 2256 unionis,·
557 2225 603 2250 est
626 2224 657 2249 et
679 2219 823 2255 verbum,
848 2218 927 2248 dum
951 2217 1100 2253 dicimus,
1126 2218 1214 2254 unio,
1239 2218 1322 2254 unis,
1347 2218 1446 2254 univi,

381 2265 505 2295 unitum
512 2271 524 2300 ,¹
554 2269 585 2294 et
608 2263 698 2304 quod
720 2262 806 2294 idem
830 2262 1005 2293 formaliter
1027 2261 1183 2302 significat
1212 2267 1248 2292 ut
1270 2271 1392 2292 nomen
1416 2267 1448 2292 et

380 2315 416 2339 ut
437 2309 587 2343 verbum,
611 2308 693 2337 sicut
716 2306 892 2337 similitudo
917 2312 947 2336 et
970 2306 1172 2337 assimilare:
1200 2305 1322 2336 videbis
1346 2305 1445 2346 quod,

381 2353 455 2393 quia
477 2361 598 2382 nomen
615 2351 745 2382 unionis
768 2350 942 2381 formaliter
956 2350 1114 2391 significat
1127 2350 1326 2386 relationem,
1351 2350 1447 2380 etiam

379 2398 512 2427 verbum
537 2395 669 2426 uniendi
691 2395 846 2435 significat
869 2394 1043 2425 formaliter
1063 2394 1251 2425 relationem
1259 2404 1267 2431 ;
1291 2393 1448 2434 significat

381 2442 466 2471 enim
491 2441 584 2470 unire
610 2453 623 2466 α
644 2440 795 2470 unionem
807 2439 927 2480 facere
945 2452 973 2475 »,
998 2440 1079 2469 sicut
1094 2439 1276 2470 assimilare
1301 2451 1315 2465 ‹
1334 2438 1447 2469 simili-

381 2485 522 2516 tudinem
536 2485 655 2525 facere
674 2497 701 2514 »,
726 2483 759 2514 Si
774 2493 916 2523 namque
939 2483 1122 2523 diligentius
1145 2482 1185 2513 ad
1207 2483 1350 2523 positum
1373 2481 1447 2513 fun-

381 2529 566 2559 damentum
589 2528 731 2558 retuleris
752 2527 966 2567 significatum
987 2528 1060 2563 hoc,
1085 2527 1206 2557 scilicet
1218 2527 1338 2568 facere
1354 2526 1447 2557 unio-

382 2583 462 2608 nem,
480 2573 562 2603 clare
577 2572 748 2612 perspicies
772 2571 871 2611 quod,
896 2581 971 2601 cum
995 2572 1027 2612 ly
1041 2572 1160 2613 facere
1182 2571 1270 2601 illam
1285 2576 1447 2610 supponat

382 2618 541 2647 actionem
566 2625 663 2656 quam
686 2616 862 2655 assumptio
886 2615 1051 2655 significat,
1075 2616 1157 2646 inter
1176 2616 1334 2645 unionem
1353 2620 1384 2645 et
1399 2624 1447 2644 as-

382 2661 600 2700 sumptionem
614 2661 696 2690 hanc
711 2660 816 2700 primo
829 2660 970 2704 invenies
983 2659 1202 2695 differentiam,
1219 2658 1309 2700 quod
1324 2668 1447 2689 assum-

377 2705 447 2745 ptio
478 2705 638 2734 actionem
669 2709 699 2733 et
728 2705 911 2744 passionem
941 2703 1116 2734 formaliter
1142 2704 1278 2743 explicat
1307 2713 1390 2743 quae
1412 2703 1447 2733 in

382 2749 600 2779 incarnatione
617 2748 787 2784 invenitur,
813 2748 889 2778 unio
906 2757 993 2784 vero,
1012 2753 1042 2778 et
1059 2748 1153 2778 unire
1167 2747 1242 2778 inde
1259 2747 1446 2783 derivatum,

384 2793 555 2823 formaliter
578 2792 765 2822 relationem
789 2792 933 2832 explicat,
958 2793 1103 2832 quamvis
1127 2792 1222 2822 unire
1239 2801 1296 2832 per
1310 2791 1447 2822 modum

383 2837 516 2866 actionis
539 2836 695 2876 significet
717 2836 804 2866 illam
827 2836 1024 2866 relationem.
1050 2835 1249 2867 Conceditur
1265 2845 1340 2876 ergo
1357 2835 1448 2876 quod

383 2881 415 2909 in
433 2881 597 2910 communi
615 2880 690 2910 unio
707 2880 841 2910 verbum
857 2879 1012 2920 significat
1028 2881 1199 2916 actionem,
1215 2880 1279 2910 hoc
1291 2885 1339 2910 est
1355 2880 1447 2910 unio—

385 2933 455 2954 nem
469 2924 595 2965 facere.
631 2924 693 2954 Sed
723 2925 799 2964 quia
827 2925 861 2954 in
884 2925 1053 2964 proposito
1085 2924 1118 2965 ly
1131 2924 1251 2966 facere
1280 2933 1348 2954 non
1372 2923 1448 2954 dicit

384 2968 542 2998 actionem
557 2969 719 3008 propriam
734 2969 834 3008 ipsius
850 2969 1010 2998 relationis
1027 2968 1207 2999 distinctam
1223 2973 1334 2999 contra
1349 2968 1447 2998 actio-

383 3021 457 3042 nem
481 3011 687 3052 significatam
710 3021 767 3051 per
789 3013 821 3052 ly
845 3022 1016 3048 assumere,
1040 3012 1114 3043 ideo
1139 3018 1170 3043 et
1192 3022 1267 3043 vera
1290 3017 1336 3042 est
1359 3011 1448 3042 diffe-

384 3056 482 3086 rentia
505 3057 606 3095 prima
630 3057 783 3095 assignata
806 3057 839 3086 in
855 3057 1020 3096 proposita
1036 3057 1175 3093 materia,
1200 3055 1290 3096 quod
1313 3056 1390 3087 unio
1407 3056 1448 3086 si—

383 3099 512 3139 gnificat
534 3099 708 3129 formaliter
722 3099 919 3135 relationem,
943 3101 1118 3140 assumptio
1135 3101 1296 3131 actionem
1311 3100 1362 3131 vel
1377 3110 1448 3140 pas-

384 3144 524 3173 sionem:
550 3148 581 3172 et
602 3151 714 3172 verum
730 3143 824 3172 simul
841 3149 887 3173 est
903 3144 991 3183 quod
1008 3145 1101 3175 unire
1116 3144 1272 3185 significat
1287 3145 1447 3175 actionem

386 3186 518 3218 eandem
542 3192 577 3216 ut
600 3186 785 3216 terminatur
804 3186 843 3216 ad
858 3187 1055 3223 relationem,
1079 3188 1235 3228 significat
1251 3189 1337 3219 enim
1354 3189 1447 3220 unio-

386 3240 455 3261 nem
470 3231 597 3271 facere.
632 3229 673 3260 Et
699 3235 867 3269 propterea
890 3231 949 3260 toti
973 3231 1120 3262 Trinitati
1147 3234 1326 3263 attribuitur
1356 3233 1447 3263 unire

386 3280 416 3304 et
439 3284 506 3304 esse
529 3274 711 3304 unientem:
736 3278 771 3302 ut
794 3274 827 3302 in
851 3273 953 3303 littera
975 3274 1098 3305 dicitur.

440 3318 520 3348 VIII.
545 3317 596 3347 Ad
619 3316 796 3347 secundum
820 3316 954 3347 dubium
970 3318 986 3334 ⁴*
1010 3317 1124 3348 dicitur
1155 3320 1245 3359 quod
1272 3320 1448 3351 differentia

386 3361 524 3391 secunda
546 3361 730 3400 intelligitur
754 3359 861 3400 quoad
883 3370 951 3390 rem
975 3361 1197 3400 significatam:
1231 3365 1306 3403 quia
1328 3365 1448 3395 scilicet

387 3414 434 3434 res
450 3404 622 3445 significata
638 3413 694 3444 per
710 3405 812 3439 unire,
830 3404 892 3434 hoc
909 3410 964 3440 est,
969 3405 1087 3446 facere
1103 3406 1290 3437 relationem
1308 3409 1446 3444 unionis,

387 3458 453 3478 non
477 3455 522 3478 est
545 3449 605 3478 nisi
628 3455 663 3478 ut
686 3448 719 3478 in
736 3447 819 3478 facto
837 3458 918 3484 esse;
943 3449 1018 3488 quia
1033 3458 1100 3479 non
1117 3454 1163 3479 est
1185 3451 1245 3480 nisi
1261 3452 1293 3481 in
1309 3453 1446 3482 termino

388 3493 621 3531 assumptionis.
647 3492 780 3532 Intelligi
797 3492 882 3522 enim
907 3498 1034 3532 oportet
1058 3492 1144 3532 prius
1160 3499 1271 3523 natura
1287 3495 1447 3526 terminari

388 3536 639 3575 assumptionem
670 3545 767 3575 quam
791 3541 960 3576 consurgat
989 3536 1142 3576 assumpti
1173 3537 1282 3567 relatio
1306 3539 1445 3573 unionis,

389 3579 541 3619 quoniam
565 3589 630 3609 non
652 3579 759 3609 unitur
782 3580 841 3609 nisi
857 3589 913 3619 per
930 3580 1197 3620 assumptionem:
1223 3581 1303 3610 sicut
1320 3586 1447 3621 oportet

1110 250 1376 298 QUAESTIO
1404 251 1450 298 II,
1480 250 1773 288 ARTICULUS
1800 252 1882 290 VIII

1513 329 1601 371 prius
1617 333 1729 359 natura
1751 330 1911 360 terminari
1927 329 2161 361 dealbationem
2185 340 2282 371 quam
2307 337 2478 372 consurgat
2499 334 2579 364 unio

1513 372 1667 402 albedinis
1686 382 1763 403 cum
1777 373 1932 404 subiecto.
1957 374 2043 412 Quia
2057 375 2153 415 igitur
2168 384 2328 406 assumere
2351 381 2387 406 ut
2407 386 2577 413 assumere,

1514 421 1560 446 est
1584 415 1694 446 efficax
1717 417 1799 447 sicut
1821 417 1888 453 via·;
1917 423 1949 448 et
1972 427 2132 448 assumere
2155 424 2192 449 ut
2215 424 2262 449 est
2285 418 2388 451 facere
2411 421 2577 457 unionem,

1513 458 1624 489 efficax
1646 469 1715 490 non
1737 460 1798 490 nisi
1827 460 1861 490 in
1883 461 2022 492 termino
2044 462 2221 492 invenitur:
2255 462 2329 493 ideo
2361 473 2399 494 ex
2422 469 2510 505 parte
2533 466 2579 495 rei

1512 502 1687 533 differentia
1714 503 1854 534 secunda
1880 506 1984 544 posita
2007 510 2055 536 est
2091 505 2181 546 quod
2207 515 2368 538 assumere
2402 506 2517 539 dicitur
2541 515 2579 539 ut

1509 547 1544 576 in
1560 545 1638 583 fieri,
1655 547 1747 578 unire
1762 553 1870 578 autem
1893 553 1930 578 ut
1944 549 1978 579 in
1994 548 2078 580 facto
2095 559 2173 580 esse.
2189 567 2214 572 ——
2235 550 2304 581 Nec
2320 551 2451 582 effectus
2467 551 2578 583 allatus

1510 590 1562 620 hic
1584 591 1619 620 in
1641 590 1744 621 littera
1779 591 2006 632 intelligendus
2037 598 2084 623 est
2114 594 2348 631 universaliter,
2378 601 2415 626 ut
2438 596 2578 627 obiectio

1510 634 1663 674 opponit:
1689 635 1846 674 quoniam
1868 641 1993 666 constat
2015 646 2054 667 ex
2076 637 2178 668 littera
2201 647 2269 668 non
2288 648 2356 669 esse
2371 648 2484 670 verum
2507 638 2578 671 uni·

1508 677 1669 709 versaliter
1692 677 1782 718 quod
1804 679 1918 710 uniens
1941 685 1988 711 est
2010 681 2155 718 unitum;
2180 681 2271 712 Pater
2287 683 2374 712 enim
2390 689 2437 714 est
2451 684 2576 720 uniens,

1509 726 1540 751 et
1562 731 1631 751 non
1654 727 1701 752 est
1723 722 1868 759 unitum,
1893 724 1969 763 quia
1991 733 2059 754 non
2083 730 2131 755 est
2153 725 2265 756 homo.
2301 725 2365 756 Sed
2388 732 2435 758 est
2461 727 2578 758 intelli-

1507 764 1630 804 gendus
1652 765 1854 805 permissive:
1879 767 1943 797 hoc
1959 772 2015 803 est,
2033 767 2122 808 quod
2137 769 2212 799 hinc
2227 771 2376 809 provenit
2399 771 2488 811 quod
2505 780 2577 812 per-

1506 809 1642 839 mittitur
1665 809 1797 850 aliquod
1815 810 1930 840 uniens
1953 819 2022 841 esse
2039 812 2178 849 unitum,
2203 814 2229 843 si
2251 818 2359 844 tamen
2381 814 2578 855 significatur

1506 857 1542 883 ut
1557 853 1590 883 in
1606 852 1692 883 facto
1709 863 1777 884 esse
1800 859 1837 884 ut
1851 855 1885 884 in
1900 855 2050 886 termino.
2074 855 2116 886 Et
2132 862 2303 897 propterea
2316 858 2351 889 in
2365 858 2469 890 littera
2484 865 2577 890 caute

1506 895 1637 927 dicitur:
1658 897 1750 928 Unde
1766 907 1840 928 vere
1854 897 1990 929 dicimus
2004 899 2091 939 quod
2104 899 2208 931 Filius
2219 901 2291 937 Dei,
2307 902 2384 942 quia
2400 908 2448 934 est
2463 903 2578 934 uniens

1505 940 1565 970 sibi
1588 945 1740 971 naturam
1763 941 1956 978 humanam,
1980 948 2027 973 est
2048 943 2155 974 homo.
2186 945 2362 976 Assumens
2385 951 2493 977 autern
2516 957 2577 978 nec

1506 985 1725 1015 universaliter
1752 995 1812 1016 nec
1835 986 2065 1026 particulariter
2093 993 2140 1017 est
2169 994 2387 1029 assumptum:
2420 991 2576 1031 quoniam

1505 1034 1706 1069 assumptum
1730 1034 1860 1069 oportet
1883 1029 1995 1060 ordine
2017 1035 2150 1062 naturae
2164 1032 2391 1071 praeexistere;
2415 1034 2505 1064 nulla
2520 1044 2576 1066 au-

1504 1078 1570 1102 tem
1594 1082 1732 1112 persona
1755 1072 1862 1103 divina
1882 1079 1938 1104 aut
1952 1079 2065 1104 natura
2088 1080 2135 1105 est
2157 1074 2189 1106 id
2213 1075 2303 1116 quod
2325 1078 2506 1116 praeexistit
2528 1087 2576 1109 as-

1505 1117 1693 1156 sumptioni,
1717 1116 1808 1157 quod
1829 1126 1887 1157 per
1906 1123 2052 1148 naturam
2075 1119 2108 1149 in
2124 1119 2281 1150 abstracto
2297 1120 2501 1160 significatur.

1561 1160 1612 1191 IX.
1638 1160 1689 1191 Ad
1711 1161 1841 1191 tertium
1864 1161 2000 1192 dubium
2015 1163 2032 1179 *
2056 1161 2172 1193 dicitur
2195 1163 2285 1203 quod
2311 1164 2422 1195 relatio
2445 1166 2576 1196 unionis

1505 1203 1675 1245 dupliciter
1698 1204 1892 1236 considerari
1909 1210 2031 1246 potest:
2056 1206 2179 1238 scilicet
2192 1207 2326 1245 realiter,
2343 1213 2375 1239 et
2390 1208 2576 1241 formaliter.

1504 1248 1546 1279 Et
1568 1249 1594 1279 si
1617 1248 1838 1280 consideretur
1859 1249 2039 1280 secundum
2062 1259 2131 1282 esse
2149 1249 2293 1288 formale,
2317 1252 2382 1284 hoc
2397 1258 2445 1284 est
2461 1260 2577 1286 secun—

1504 1291 1583 1323 dum
1606 1302 1699 1323 suam
1714 1294 1873 1324 rationem
1889 1292 2068 1331 formalem,
2090 1295 2137 1325 sic
2154 1295 2386 1335 proculdubio
2402 1302 2450 1328 est
2464 1294 2576 1329 relatio

1503 1337 1778 1377 aequiparantiae:
1803 1338 1885 1368 sicut
1908 1337 2094 1374 similitudo,
2119 1339 2293 1379 aequalitas
2311 1345 2343 1370 et
2361 1340 2518 1372 identitas.
2543 1342 2576 1374 Si

1502 1390 1580 1411 vero
1604 1380 1824 1412 consideretur
1846 1381 2026 1413 secundum
2049 1391 2117 1413 esse
2135 1383 2229 1419 reale,
2253 1384 2298 1414 sic
2313 1393 2383 1415 non
2399 1390 2446 1415 est
2462 1386 2575 1417 relatio

1503 1425 1771 1465 aequiparantiae,
1784 1431 1820 1456 ut
1835 1426 1976 1456 obiectio
1992 1427 2116 1466 probat.
2133 1426 2228 1458 Unde
2243 1427 2423 1460 secundum
2437 1429 2576 1461 diversas

1503 1469 1774 1500 considerationes
1798 1468 2011 1500 diversimode
2035 1471 2192 1511 contingit
2213 1471 2305 1512 loqui
2329 1471 2368 1502 de
2388 1473 2576 1505 huiusmodi

1501 1513 1711 1544 relationibus
1739 1514 1823 1544 inter
1852 1518 2029 1544 creaturam
2060 1520 2091 1545 et
2120 1514 2244 1546 Deum:
2278 1516 2355 1555 quia
2377 1516 2575 1558 quandoque

1501 1563 1659 1597 negantur
1682 1566 1751 1587 esse
1773 1557 1944 1588 relationes
1966 1558 2234 1598 aequiparandae,
2258 1565 2290 1590 et
2308 1569 2422 1591 verum
2445 1567 2493 1592 est
2506 1571 2575 1592 rea-

1501 1601 1589 1637 liter;
1614 1606 1646 1632 et
1669 1600 1868 1641 quandoque
1891 1601 2104 1638 affirmantur,
2129 1608 2160 1633 et
2182 1611 2295 1634 verum
2319 1609 2366 1634 est
2389 1603 2574 1637 formaliter.

1501 1644 1585 1675 Sane
1607 1645 1704 1685 igitur
1726 1654 1764 1676 ac
1787 1644 1920 1676 discrete
1943 1646 2086 1686 intellige
2109 1645 2232 1677 diversa
2247 1656 2331 1687 quae
2347 1649 2505 1680 contraria
2519 1659 2576 1690 ap·-

1501 1694 1614 1730 parent
1637 1689 1730 1726 dicta,
1754 1695 1791 1720 ut
1813 1699 1881 1720 non
1904 1690 1968 1720 sint
1990 1691 2157 1721 contraria.

1557 1733 1596 1764 X.
1620 1733 1673 1764 Ad
1695 1739 1847 1774 quartum
1870 1732 2007 1764 dubium
2022 1735 2039 1751 ’
2062 1733 2177 1765 dicitur
2199 1734 2291 1775 quod
2312 1737 2491 1777 assumptio
2514 1736 2575 1769 dif-

1502 1776 1564 1807 fert
1586 1782 1618 1807 et
1641 1787 1674 1808 re
1698 1782 1730 1808 et
1751 1778 1875 1808 ratione
1899 1777 1938 1808 ab
1962 1778 2085 1809 unione
2101 1784 2133 1809 et
2152 1779 2191 1809 ab
2214 1779 2317 1816 unire,
2337 1781 2484 1820 quamvis
2506 1781 2576 1814 sola

1501 1822 1626 1851 ratione
1642 1820 1764 1852 differat
1780 1821 1818 1851 ab
1834 1822 2054 1853 incarnatione
2070 1828 2102 1852 et
2117 1823 2358 1855 humanatione.
2381 1824 2423 1855 Et
2441 1825 2574 1865 quidem

1501 1864 1591 1905 quod
1615 1864 1827 1905 distinguatur
1849 1865 1974 1896 realiter
1996 1866 2036 1896 ab
2059 1867 2198 1903 unione,
2223 1873 2310 1907 patet
2334 1877 2372 1898 ex
2395 1869 2459 1900 hoc
2482 1869 2573 1909 quod

1500 1915 1566 1940 tam
1590 1910 1673 1940 actio
1705 1919 1803 1949 quam
1826 1910 1933 1949 passio
1963 1909 2139 1950 significata
2166 1912 2394 1951 assumptionis
2419 1914 2572 1950 nomine,

1500 1953 1707 1993 distinguitur
1735 1953 1861 1984 realiter
1889 1963 1908 1984 a
1930 1954 2086 1985 relatione
2108 1955 2238 1986 unionis
2265 1962 2496 1996 consequente.
2530 1957 2574 1989 Et

1499 2007 1541 2028 ne
1565 1997 1755 2037 ambiguitas
1778 1997 1886 2038 aliqua
1908 2003 2004 2028 restet
2026 1997 2066 2028 de
2089 1999 2309 2039 assumptione
2332 2001 2473 2040 passiva,
2495 2010 2572 2041 pro-

1499 2042 1608 2072 batur:
1634 2042 1710 2082 quia
1733 2042 1910 2081 assumptio
1933 2043 2057 2082 passiva
2079 2043 2231 2082 importat
2253 2043 2442 2076 relationem
2462 2054 2572 2076 causa—

1499 2085 1594 2116 litatis
1616 2086 1770 2125 passivae,
1794 2090 1826 2116 et
1849 2085 1989 2122 denotat,
2014 2091 2050 2116 ut
2065 2087 2108 2116 ita
2123 2086 2266 2123 dixerim,
2290 2087 2451 2120 hominem
2465 2089 2571 2121 Deum

1490 2130 1572 2170 fieri
1595 2135 1631 2160 ut
1652 2129 1692 2160 ab
1715 2130 1786 2166 hoc,
1809 2130 1853 2160 ita
1876 2129 1966 2170 quod
1989 2130 2100 2161 relatio
2121 2131 2292 2170 importata
2307 2141 2364 2172 per
2379 2133 2572 2173 assumptio-

1499 2183 1576 2204 nem
1598 2174 1758 2214 passivam
1781 2179 1828 2204 est
1845 2173 1879 2214 ly
1894 2174 1933 2205 ab
1948 2174 2028 2212 hoc;
2052 2175 2218 2215 quoniam,
2234 2175 2415 2207 secundum
2429 2186 2509 2213 rem,
2524 2183 2573 2209 eat

1499 2218 1610 2248 relatio
1635 2227 1699 2258 qua
1721 2223 1834 2248 natura
1857 2218 1998 2248 humana
2021 2228 2039 2248 a
2062 2224 2129 2249 tota
2147 2219 2303 2250 Trinitate
2326 2219 2447 2251 elevata
2462 2226 2510 2252 est
2531 2220 2572 2253 ad

1499 2271 1568 2293 esse
1589 2262 1745 2293 divinum.
1768 2262 1894 2293 Relatio
1911 2268 2019 2293 autem
2035 2263 2165 2294 unionis
2189 2269 2236 2294 est
2257 2269 2389 2295 naturae
2411 2265 2572 2297 humanae

1499 2306 1540 2336 ad
1562 2306 1682 2337 Filium
1705 2306 1766 2336 Dei
1788 2307 1905 2346 primo,
1931 2312 1962 2337 et
1985 2306 2025 2338 ad
2043 2313 2190 2339 naturam
2206 2307 2347 2339 divinam
2367 2317 2571 2349 consequen-

1498 2355 1562 2381 ter:
1587 2356 1618 2381 et
1640 2360 1709 2381 non
1733 2355 1780 2380 est
1802 2350 1914 2381 relatio
1930 2351 2121 2382 causalitatis
2135 2352 2288 2391 passivae,
2312 2351 2459 2392 alioquin
2480 2362 2571 2384 com—

1497 2395 1639 2425 muniter
1663 2400 1746 2425 esset
1768 2394 1808 2425 ad
1830 2400 1933 2425 totam
1956 2395 2156 2426 Trinitatem.

1554 2438 1654 2477 Quod
1675 2448 1753 2469 vero
1777 2438 1989 2479 distinguatur
2011 2439 2135 2470 realiter
2157 2439 2197 2469 ab
2219 2439 2322 2476 unire,
2346 2439 2421 2471 ideo
2438 2440 2514 2477 dixi,
2538 2446 2571 2472 et

1498 2482 1694 2519 verificatur,
1718 2492 1787 2513 non
1810 2482 1990 2513 secundum
2012 2483 2097 2523 ipsas
2119 2483 2278 2519 actiones,
2311 2483 2367 2514 sed
2389 2483 2570 2517 secundum

1498 2527 1664 2557 terminos.
1683 2527 1849 2565 Quoniam
1860 2527 2009 2566 proprius
2023 2527 2178 2558 terminus
2193 2528 2262 2558 eius
2277 2529 2412 2559 actionis
2428 2537 2512 2568 quae
2522 2534 2571 2560 eet

1498 2581 1670 2607 assumere,
1694 2571 1818 2601 realiter
1840 2569 1944 2601 differt
1966 2580 1985 2600 a
2007 2571 2140 2611 proprio
2163 2572 2302 2602 termino
2327 2572 2462 2603 actionis
2485 2581 2570 2613 quae

1499 2621 1546 2646 est
1569 2614 1673 2646 facere
1695 2615 1884 2646 relationem
1900 2615 2031 2645 unionis
2053 2620 2090 2645 ut
2104 2615 2160 2651 sic,
2184 2621 2220 2646 ut
2235 2616 2270 2646 in
2285 2617 2434 2656 sequenti
2448 2617 2570 2656 patebit

1499 2659 1600 2690 dubio
1616 2660 1648 2689 ἢ
1679 2659 1824 2699 quamvis
1847 2667 1951 2689 unum
1975 2664 2006 2689 et
2027 2658 2115 2690 idem
2138 2659 2178 2690 sit
2200 2659 2304 2690 facere
2327 2659 2418 2700 quod
2440 2669 2498 2701 per
2518 2670 2569 2692 as—

1499 2713 1626 2734 sumere
1654 2709 1685 2733 et
1707 2703 1800 2733 unire
1825 2703 2033 2742 importatur,
2062 2709 2098 2733 ut
2126 2703 2326 2743 praedictum
2349 2710 2397 2735 est
2415 2705 2447 2741 *,
2477 2703 2569 2745 quod

1499 2757 1556 2788 per
1579 2757 1613 2778 se
1636 2748 1741 2787 primo
1771 2747 1959 2777 terminatur
1988 2746 2028 2777 ad
2054 2749 2222 2787 proprium
2249 2748 2424 2779 terminum
2446 2757 2568 2781 assum-

1499 2792 1629 2832 ptionis,
1654 2797 1686 2821 et
1708 2801 1746 2821 ex
1762 2791 1975 2831 consequenti
1997 2790 2037 2821 ad
2052 2792 2183 2822 unionis
2198 2791 2398 2829 relationem,
2422 2797 2460 2824 ut
2479 2800 2568 2825 nuuc

1500 2845 1589 2866 nunc
1611 2835 1742 2875 patebit.
2530 2841 2553 2870 »ζ

1556 2879 1656 2918 Quod
1678 2888 1754 2910 vero
1778 2879 1846 2910 sola
1868 2879 1992 2910 ratione
2015 2878 2137 2910 differat
2159 2880 2198 2910 ab
2221 2880 2450 2912 humanatione
2472 2885 2505 2911 et
2516 2881 2567 2912 in-

1502 2924 1702 2959 carnatione,
1725 2929 1828 2963 patet:
1861 2924 1936 2963 quia
1963 2923 2075 2954 eadem
2099 2929 2146 2954 est
2167 2924 2269 2961 actio,
2292 2924 2380 2957 idem
2401 2924 2566 2961 tenuimus,

1501 2967 1725 3004 diversimode,
1749 2973 1785 2997 ut
1807 2968 1841 2998 in
1864 2967 1967 2998 littera
1990 2967 2115 3004 dicitur,
2139 2967 2324 3008 explicatus.

1557 3012 1605 3042 Ex
1620 3012 1684 3042 hoc
1707 3017 1815 3042 autem
1838 3011 1928 3051 quod
1945 3012 1979 3042 in
1994 3011 2097 3042 littera
2112 3011 2228 3042 dicitur
2250 3012 2340 3053 quod
2361 3012 2441 3044 unio
2462 3010 2567 3043 differt

1501 3057 1624 3087 ratione
1640 3056 1678 3086 ab
1695 3056 1924 3095 assumptione,
1949 3061 2004 3086 aut
2019 3065 2037 3086 e
2053 3065 2220 3093 converso,
2243 3065 2311 3087 non
2328 3056 2462 3088 habetur
2477 3055 2566 3096 quod

1501 3099 1647 3131 differant
1669 3100 1738 3130 sola
1759 3101 1893 3136 ratione,
1917 3101 1999 3131 sicut
2020 3100 2144 3140 reliqua
2166 3099 2283 3140 quibus
2305 3105 2564 3131 connumeratur.

1502 3144 1554 3175 Ad
1564 3145 1728 3175 veritatem
1740 3143 1900 3184 siquidem
1910 3144 2033 3175 litterae
2043 3143 2160 3175 sufficit
2170 3142 2260 3184 quod
2270 3142 2416 3175 differant
2425 3143 2563 3175 ratione:

1503 3194 1534 3219 et
1556 3198 1624 3219 non
1647 3189 1782 3228 exigitur
1805 3187 1895 3228 quod
1917 3189 1995 3219 sola.

1556 3233 1609 3263 XI.
1633 3232 1685 3263 Ad
1701 3233 1850 3273 quintum
1866 3232 2002 3263 dubium
2012 3231 2030 3251 *
2045 3231 2159 3263 dicitur
2174 3230 2264 3272 quod
2278 3232 2454 3272 assumptio
2470 3232 2565 3263 habet

1501 3286 1560 3317 pro
1584 3277 1721 3308 termino
1746 3286 1823 3313 suo,
1847 3276 2065 3317 propriissime
2086 3274 2270 3315 loquendo,
2301 3284 2358 3305 ens
2380 3275 2564 3307 absolutum

1501 3331 1597 3361 super
1619 3320 1710 3362 quod
1732 3319 1884 3351 fundatur
1906 3319 2016 3351 relatio
2039 3319 2179 3350 unionis.
2203 3318 2260 3349 Est
2282 3324 2390 3350 autem
2412 3318 2491 3350 illud
2507 3328 2563 3350 ens

1502 3365 1686 3396 absolutum
1715 3374 1783 3396 non
1805 3373 1942 3404 persona
1964 3362 2036 3394 Filii
2058 3362 2119 3393 Dei
2141 3362 2226 3398 sola,
2256 3371 2324 3394 non
2351 3363 2431 3394 haec
2452 3368 2564 3395 natura

1500 3409 1642 3439 humana
1661 3409 1739 3445 sola,
1759 3407 1816 3439 sed
1834 3407 1954 3438 Filium
1968 3406 2032 3437 Dei
2046 3415 2114 3438 esse
2127 3406 2296 3438 hominem.
2320 3406 2485 3444 Quoniam
2502 3417 2563 3438 nec

1500 3461 1638 3492 persona
1661 3452 1783 3488 divina,
1812 3461 1873 3483 nec
1900 3452 1979 3482 haec
2000 3455 2113 3481 natura
2134 3450 2275 3481 humana
2304 3449 2340 3481 fit
2362 3460 2419 3491 per
2441 3461 2563 3482 assum—

1500 3496 1647 3535 ptionem
1678 3496 1838 3536 (quamvis
1867 3494 1962 3526 fuerit
1983 3494 2079 3524 simul
2101 3492 2183 3525 facta
2213 3503 2288 3525 cum
2311 3495 2560 3535 assumptione):

1500 3538 1556 3569 sed
1579 3539 1696 3570 Filium
1720 3540 1781 3570 Dei
1808 3548 1875 3570 esse
1897 3538 2063 3569 hominem
2085 3537 2122 3568 fit
2144 3547 2201 3578 per
2222 3539 2492 3579 assumptionem
2520 3545 2561 3576 et,

1500 3582 1543 3612 ita
1566 3582 1602 3612 fit
1625 3583 1714 3623 quod
1737 3589 1783 3614 est
1806 3583 1945 3623 primum
1966 3591 2033 3612 esse
2056 3581 2145 3622 quod
2168 3591 2225 3622 per
2240 3583 2492 3623 assumptionem
2516 3582 2560 3620 fit,

2604 1175 2614 1184 ·
2627 1173 2698 1196 Num.
2714 1179 2746 1196 w.

2601 1743 2611 1753 ⁸
2624 1741 2692 1765 Num.
2710 1748 2732 1765 v.

2594 2664 2607 2676 ⁸
2618 2663 2690 2687 Num.
2705 2670 2755 2694 seq.

2594 2709 2605 2720 ⁶
2617 2707 2688 2731 Num.
2702 2714 2745 2731 vn.

2592 3239 2602 3249 ·
2616 3238 2686 3261 Num.
2702 3245 2735 3261 vi.
