2872 3970
113 1001 145 1080 4,,

941 285 1204 332 QUAESTIO
1233 285 1284 333 L,
1314 284 1604 323 ARTICULUS
1632 286 1646 322 Ι

2290 293 2367 329 479

715 569 1127 646 QUAESTIO
1171 569 1847 646 QUINQUAGESIMA

937 687 1026 727 DE
1067 687 1306 727 MORTE
1349 686 1626 728 CHRISTI

1033 802 1068 827 IN
1096 802 1161 828 SEX
1188 802 1389 828 ARTICULOS
1415 803 1528 828 DIVISA

123 914 384 999 Demos
411 903 736 942 considerandum
756 911 811 941 est
836 904 883 941 de
910 913 1032 943 morte
1065 904 1203 943 Christi
1221 905 1251 942 ³¹⁶.

278 958 327 995 Et
353 969 453 995 circa
480 957 556 994 hoc
583 964 823 1006 quaeruntur
850 969 926 994 sex.

248 1009 397 1048 Primo:
413 1017 544 1047 utrum
558 1008 793 1047 conveniens
806 1009 917 1047 fuerit
932 1009 1128 1047 Christum
1142 1011 1252 1048 mori.

249 1062 451 1101 Secundo:
487 1069 619 1099 utrum
653 1073 723 1110 per
749 1069 915 1099 mortem
942 1062 1052 1100 fuerit
1084 1071 1256 1112 separata

301 1114 395 1152 unio
423 1114 628 1152 divinitatis
655 1121 692 1151 et
719 1114 842 1151 carnis
862 1120 890 1151 ⁴².

247 1166 400 1205 Tertio:
416 1171 564 1226 ‘utrum'
591 1166 702 1204 fuerit
729 1174 901 1216 separata
928 1167 1021 1204 unio
1049 1167 1253 1206 divinitatis

300 1227 337 1257 et
363 1231 527 1257 ammae.

1361 905 1529 952 Quarto:
1560 912 1690 942 utrum
1710 905 1881 942 Christus
1901 905 1939 942 in
1958 905 2084 968 triduo
2104 905 2236 942 mortis
2254 906 2364 944 fuerit

1415 969 1547 1005 homo.

1362 1031 1528 1078 Quinto:
1565 1039 1695 1068 utrum
1724 1044 1863 1082 corpus
1898 1033 1979 1069 eius
2015 1033 2125 1070 fuerit
2162 1033 2264 1070 idem
2293 1046 2362 1070 nu-

1414 1105 1522 1131 mero
1550 1094 1686 1131 vivum
1714 1103 1750 1131 et
1778 1103 1987 1133 mortuum.

1363 1157 1498 1194 Sexto:
1529 1165 1660 1194 utrum
1682 1169 1787 1194 mors
1806 1158 1888 1195 eius
1915 1158 2057 1208 aliquid
2076 1158 2122 1195 sit
2141 1167 2295 1208 operata
2314 1160 2363 1197 ad

1415 1228 1586 1258 nostram
1614 1223 1786 1259 salutem.

1005 1338 1323 1380 ARTICULUS
1354 1339 1560 1382 PRIMUS

773 1429 928 1461 UTRUM
952 1429 1112 1460 FUERIT
1136 1429 1413 1462 CONVENIENS
1437 1431 1661 1464 cnnlsTUM
1685 1433 1793 1464 MORI

530 1508 604 1540 Infra,
624 1516 669 1542 qu.
689 1513 798 1538 unat-t.
818 1508 1000 1539 131118ent„
1021 1508 1079 1534 dist.
1098 1517 1138 1538 xx,
1157 1514 1203 1534 art.
1223 1508 1253 1540 33
1273 1508 1306 1534 lv
1327 1510 1403 1535 Cont.
1425 1511 1511 1539 Germ,
1531 1518 1586 1542 cap.
1604 1518 1651 1541 1.v;

1673 1511 1768 1542 Quodl.
1788 1512 1815 1541 11,
1835 1520 1879 1545 qu.
1899 1520 1916 1542 ι,
1935 1518 1980 1538 art.
2002 1520 2029 1543 2;

769 1543 912 1576 compend.
934 1543 1031 1573 771201„
1050 1551 1106 1576 cap.
1126 1551 1241 1575 ccxxvn3
1263 1545 1339 1570 Cant.
1360 1546 1455 1571 Graec.
1473 1547 1581 1571 Armen.
1600 1551 1657 1576 etc„
1676 1554 1732 1579 cap.
1750 1554 1794 1571 vu.

235 1657 268 1680 2.
280 1651 287 1674 ε
314 1656 364 1679 ,,)

228 1665 383 1738 {aasz}
406 1696 488 1722 non
515 1683 626 1721 fuerit
653 1683 888 1721 conveniens
917 1683 1113 1721 Christum
1142 1684 1253 1722 mori.

216 1768 233 1786 μ
407 1737 503 1774 Illud
531 1736 636 1774 enim
677 1737 784 1786 quod
822 1744 877 1773 est
912 1736 1084 1786 primurn
1117 1736 1255 1786 princi-

204 1801 210 1810 ¹
252 1766 347 1821 ᾆᾟ»
379 1789 518 1839 pium
545 1789 584 1826 in
612 1788 741 1838 aliquo
764 1801 914 1837 genere,
934 1801 1015 1826 non
1042 1789 1257 1849 disponitur

195 1853 266 1892 per
279 1841 318 1879 id
337 1842 445 1901 quod
464 1849 519 1879 est
536 1841 768 1879 contrarium
792 1841 842 1878 illi
860 1841 1008 1890 generi.
1034 1842 1130 1879 sicut
1148 1841 1254 1890 ignis,

128 1892 173 1941 ..5¹
196 1893 264 1945 qui
292 1902 347 1931 est
365 1894 598 1944 principium
626 1894 773 1942 caloris,
793 1906 996 1943 nunquam
1023 1902 1147 1944 potest
1175 1907 1256 1931 esse

195 1946 363 1996 frigidus
401 1947 477 1984 Sed
505 1946 623 1984 Filius
659 1946 732 1984 Dei
759 1954 814 1984 est
845 1946 1077 1996 principium
1110 1955 1146 1984 et
1171 1947 1257 1984 fons

197 1998 325 2039 omnis
352 1998 469 2037 vitae:
499 1999 716 2037 secundum
743 1999 836 2036 illud
863 1999 1005 2036 Psalmi
1023 1999 1062 2037 *z
1090 2000 1204 2050 Apud
1224 2006 1258 2037 te

118 2049 145 2092 ἶ,
198 2057 249 2091 eet
265 2052 360 2101 fons
376 2053 483 2090 vitae.
512 2053 614 2100 Ergo
633 2051 784 2089 videtur
802 2052 909 2101 quod
937 2064 1017 2089 non
1038 2029 1148 2089 fuerit
1166 2064 1256 2090 con-

197 2104 357 2143 veniens
386 2104 582 2142 Christum
610 2104 721 2142 mori.

253 2169 288 2195 2.
318 2159 550 2205 PRAETEREA,
570 2157 695 2195 maior
722 2165 778 2194 est
799 2157 967 2195 defectus
986 2157 1119 2194 mortis
1138 2169 1257 2206 quam

127 2187 147 2204 ,ἶ

125 2215 144 2249 ξ
199 2209 344 2249 morbi:
374 2209 465 2259 quia
482 2222 553 2260 per
570 2211 754 2247 morbum
772 2209 994 2259 pervenitur
1011 2210 1059 2246 ad
1079 2218 1255 2247 mortem.

122 2272 146 2301 τ’
201 2262 279 2303 Sed
306 2274 386 2300 non
405 2262 473 2300 fuit
491 2262 726 2300 conveniens
746 2262 942 2300 Christum
970 2262 1099 2311 aliquo
1118 2262 1257 2299 morbo

123 2311 155 2364 'ig
200 2316 454 2364 languescere,
475 2323 517 2352 ut
537 2315 836 2365 Chrysostomus
850 2315 870 2337 '¹‘
893 2314 992 2352 dicit.
1023 2315 1124 2363 Ergo
1144 2315 1258 2352 etiam

133 2370 175 2425 ,575
201 2380 282 2407 non
307 2367 377 2406 fuit
404 2367 639 2406 conveniens
668 2367 861 2405 Christum
892 2367 1003 2405 mori.

257 2421 291 2458 3.
321 2422 553 2467 ansnm,
580 2420 772 2458 Dominus
801 2420 906 2468 dicit,
940 2422 1043 2457 Ioan.
1063 2433 1086 2457 x
1104 2420 1144 2457 *z
1173 2422 1259 2470 Ego

201 2475 288 2513 veni
303 2479 342 2511 ut
358 2475 472 2512 vitam
490 2475 660 2520 habeant,
677 2479 710 2510 et
728 2474 974 2510 abundantius
992 2474 1161 2510 habeant.
1183 2473 1260 2510 Sed

126 2559 142 2577 2:
203 2526 426 2576 oppositum
453 2538 534 2563 non
552 2526 726 2576 perducit
745 2526 793 2563 ad
813 2525 1047 2575 oppositum.
1077 2526 1178 2574 Ergo
1205 2525 1260 2562 vi-

50 2577 59 2594 “³
123 2580 144 2620 ..i
203 2579 315 2617 detur
340 2579 448 2629 quod
467 2591 547 2616 non
574 2578 644 2616 fuit
671 2578 905 2616 conveniens
925 2578 1120 2616 Christum
1148 2577 1259 2615 mori.

257 2631 332 2670 SED
351 2643 495 2670 CONTRA
514 2643 580 2669 EST
599 2631 706 2681 quod
725 2630 862 2668 dicitur
879 2632 982 2668 Ioan.
998 2643 1032 2668 xi
1047 2631 1081 2668 *ε
1102 2631 1262 2681 Expedit

124 2666 145 2720 ἶ
205 2690 244 2722 ut
269 2686 453 2722 moriatur
479 2697 574 2722 unus
600 2686 711 2722 homo
738 2696 809 2734 pro
831 2685 990 2734 populo,
1020 2690 1058 2720 ut
1086 2696 1160 2720 non
1188 2689 1262 2721 tota

126 2747 145 2795 L
204 2747 298 2796 gens
323 2743 472 2787 pereat.-
505 2737 612 2786 quod
645 2736 804 2786 quidem
841 2736 1006 2786 Caiphas
1040 2736 1262 2786 prophetice

205 2788 309 2837 dixit,
337 2797 380 2828 ut
407 2789 647 2837 Evangelista
673 2797 829 2826 testatur
846 2789 877 2826 ³³.

132 2843 145 2883 ἶ
212 2878 213 2881 ,
259 2842 482 2880 Responnso
501 2854 683 2880 mcssnnum
702 2842 809 2891 quod
824 2841 1058 2879 conveniens
1071 2841 1140 2878 fuit
1155 2840 1262 2878 Chri-

140 2904 151 2936 J:
207 2901 308 2932 stum
335 2894 435 2932 mori
453 2894 484 2932 *.
515 2894 645 2932 Primo
674 2894 850 2944 quidem,
881 2895 929 2931 ad
957 2893 1263 2931 satisfaciendum

132 2951 149 2999 ᾖ
205 2958 277 2997 pro
306 2947 479 2985 humano
507 2959 660 2996 genere,
690 2947 796 2997 quod
825 2955 904 2984 erat
931 2946 1044 2983 morti
1072 2946 1262 2983 adiudica-

194 2998 291 3038 'tum
316 3007 473 3050 propter
490 3007 704 3049 peccatum,
725 3000 940 3037 secundum
964 2998 1056 3036 illud
1079 2999 1170 3036 Gen.
1191 3011 1212 3035 11
1226 2998 1261 3034 ²¹²:

136 3057 158 3083 -Ῑ
212 3053 453 3102 Quacumque
470 3053 528 3089 die
546 3053 785 3098 comederitis,
806 3058 924 3088 morte
941 3053 1162 3088 moriemini.
1197 3051 1262 3087 Est

137 3111 168 3155 ⁸.
207 3112 336 3143 autem
370 3104 605 3142 conveniens
639 3103 889 3141 satisfaciendi
916 3116 988 3153 pro
1021 3103 1094 3140 alio
1122 3103 1263 3140 modus

151 3154 177 3171 ‘²'
207 3168 299 3195 cum
326 3157 461 3206 aliquis
489 3169 530 3194 se
557 3156 706 3194 subiicit
732 3168 881 3205 poenae
910 3168 1030 3205 quam
1061 3155 1156 3193 alius
1184 3167 1262 3192 me-

58 3205 69 3212 ⁴'
208 3209 292 3247 ruit.
326 3210 375 3247 Et
393 3209 480 3247 ideo
502 3209 674 3246 Christus
698 3208 796 3246 mori
820 3208 954 3253 voluit,
974 3216 1028 3253 ut,
1047 3208 1263 3255 moriendo,

60 3265 73 3310 ,i
208 3273 279 3312 pro
298 3261 410 3300 nobis
429 3261 675 3299 satisfaceret:
705 3261 920 3298 secundum
940 3237 1031 3298 illud
1051 3261 1158 3297 IPet.
1179 3272 1211 3296 111
1225 3260 1262 3296 *ι

213 3315 375 3353 Christus
407 3315 521 3352 semel
547 3326 622 3364 pro
644 3315 806 3364 peccatis
826 3314 957 3350 nostris
975 3311 990 3342 β
1009 3318 1175 3350 mortuus
1203 3318 1263 3349 est.

263 3366 459 3415 Secundo,
489 3367 538 3404 ad
566 3366 848 3404 ostendendum
875 3365 1074 3402 veritatem
1109 3371 1265 3402 naturae

136 3419 184 3448 1’
210 3428 438 3470 assumptae.
469 3420 574 3457 Sicut
602 3418 706 3456 enirn
725 3417 914 3455 Eusebius
933 3417 1022 3454 dicit
1039 3417 1070 3460 ⁸¹²,
1098 3419 1132 3454 si
1147 3417 1264 3462 aliter,

379 1656 381 1658 ψ
405 1644 428 1669 ι)
457 1643 593 1669 PRIMUM
620 1643 673 1668 sm
701 1643 936 1668 Pnocnnrmn.
965 1631 1126 1668 Videtur
1148 1632 1255 1681 quod
1303 1639 1387 1682 post
1420 1635 1735 1671 conversationem
1768 1646 1853 1670 cum
1889 1635 2116 1681 hominibus,
2145 1648 2363 1674 evanescens

1307 1687 1424 1722 subito
1444 1686 1604 1723 evolaret
1621 1687 1778 1736 fugiens
1805 1692 1974 1733 mortem,
1993 1689 2041 1724 ab
2068 1690 2237 1725 omnibus
2263 1701 2362 1726 com-

1304 1744 1506 1787 pararetur
1526 1739 1787 1787 phantasmati.

1362 1790 1494 1827 Tertio
1522 1798 1574 1833 ut,
1604 1790 1818 1838 moriendo,
1847 1803 1919 1828 nos
1946 1804 1969 1828 a
1999 1791 2135 1829 timore
2163 1793 2295 1830 mortis
2322 1794 2363 1831 li-

1309 1843 1467 1880 beraret.
1510 1843 1621 1880 Unde
1649 1843 1785 1880 dieitur
1811 1845 1908 1880 Heh.
1931 1856 1952 1880 11
1972 1844 2003 1887 *,
2029 1845 2135 1893 quod
2163 1849 2363 1883 communi-

1310 1897 1405 1932 cavit
1432 1897 1540 1932 carni
1565 1901 1598 1931 et
1624 1897 1810 1945 sanguini,
1832 1902 1870 1932 ut
1886 1909 1958 1945 per
1985 1903 2140 1934 mortem
2169 1898 2366 1940 destrueret

1311 1960 1394 1984 eum
1423 1949 1487 1997 qui
1502 1948 1658 1984 habebat
1676 1950 1804 1985 mortis
1831 1950 2038 1998 imperium,
2059 1955 2092 1986 et
2109 1950 2280 1987 liberaret
2305 1963 2366 1988 eos

1311 2002 1374 2050 qui
1399 2002 1531 2038 timore
1557 2002 1685 2037 mortis
1706 2013 1779 2050 per
1804 2006 1917 2038 totam
1941 2003 2052 2039 vitam
2080 2003 2234 2039 obnoxii
2261 2010 2366 2040 erant

1310 2055 1482 2091 servituti.

1364 2105 1512 2151 Quarto
1541 2112 1601 2152 ut,
1630 2105 1875 2154 corporaliter
1906 2106 2107 2144 moriendo
2141 2108 2368 2146 similitudini

1305 2159 1451 2207 peccati
1462 2157 1492 2202 ²¹²,
1513 2157 1613 2194 idest
1634 2157 1863 2206 poenalitati‚
1883 2159 1988 2195 daret
2015 2159 2126 2196 nobis
2145 2162 2365 2209 exemplum

1311 2209 1501 2247 moriendi
1520 2209 1759 2258 spiritualiter
1776 2218 1943 2259 peccato.
1971 2211 2081 2248 Unde
2101 2211 2236 2249 dicitur
2253 2214 2363 2250 Rom.

1311 2274 1346 2299 vt
1359 2262 1396 2299 *τ
1433 2263 1542 2305 Quod
1567 2264 1665 2299 enim
1680 2267 1849 2300 'mortuus
1868 2269 1918 2300 est
1939 2270 2104 2313 peccato,
2127 2270 2293 2302 mortuus
2315 2272 2366 2302 est
2393 2271 2404 2282 ·

1311 2315 1424 2352 semel
1428 2328 1440 2351 .-
1467 2315 1566 2364 quod
1582 2321 1703 2352 autem
1730 2317 1826 2361 vivit,
1847 2317 1932 2353 vivit
1949 2317 2041 2353 Deo.
2070 2318 2129 2354 Ita
2157 2322 2190 2353 et
2207 2329 2272 2355 vos
2290 2319 2365 2355 exi-

1312 2370 1453 2405 stimate
1476 2373 1639 2404 mortuos
1666 2380 1742 2404 esse
1762 2374 1927 2417 peccam,
1946 2370 2104 2406 viventes
2131 2375 2252 2406 autem
2270 2371 2363 2407 Deo.

1366 2419 1512 2466 Quinto
1528 2428 1580 2466 ut,
1597 2432 1619 2456 a
1633 2420 1792 2457 mortuis
1808 2421 2050 2468 resurgendo,
2061 2420 2240 2459 virtutem
2254 2434 2366 2459 suam

1314 2473 1539 2518 ostenderet,
1560 2484 1638 2522 qua
1660 2480 1825 2509 mortem
1844 2473 2046 2522 superavit,
2067 2481 2102 2510 et
2121 2473 2231 2510 nobis
2256 2486 2366 2523 spem

1315 2524 1534 2574 resurgendi
1554 2537 1576 2562 a
1595 2525 1755 2562 mortuis
1774 2526 1889 2562 daret.
1915 2526 2026 2562 Unde
2040 2527 2246 2576 Apostolus
2264 2526 2365 2574 dicit,

1314 2579 1328 2615 I
1352 2579 1438 2615 Cor.
1458 2590 1506 2614 xv
1519 2577 1556 2614 *t
1586 2579 1626 2614 Si
1647 2579 1810 2614 Christus
1828 2578 2067 2627 praedicatur
2085 2579 2183 2628 quod
2206 2591 2365 2615 resurre-
2393 2586 2404 2598 ·

1314 2633 1369 2668 xit
1396 2643 1420 2667 a
1447 2631 1616 2677 mortuis,
1646 2631 1828 2679 quomodo
1866 2631 2013 2679 quidam
2046 2632 2082 2667 in
2110 2632 2211 2668 vobis
2245 2631 2367 2668 dicunt

1316 2684 1415 2733 quod
1440 2684 1656 2720 resurrectio
1684 2688 1915 2720 mortuorum
1944 2695 2017 2719 non
2046 2683 2144 2719 erit?

1368 2737 1425 2772 An
1445 2747 1579 2772 PRIMUM
1594 2747 1691 2772 ERGO
1705 2747 1884 2772 mcsNDUM
1904 2735 2011 2784 quod
2026 2735 2197 2772 Christus
2216 2743 2270 2773 est
2283 2735 2366 2773 fons

1315 2788 1415 2825 vitae
1443 2788 1657 2825 secundum
1686 2788 1791 2836 quod
1819 2788 1943 2833 Deus,
1973 2799 2052 2824 non
2080 2795 2208 2824 autem
2236 2800 2366 2825 secun-

1317 2841 1412 2878 dum
1432 2840 1538 2889 quod
1557 2841 1689 2876 homo.
1718 2841 1896 2876 Mortuus
1915 2847 2043 2876 autem
2063 2847 2117 2876 est
2135 2851 2214 2876 non
2234 2852 2367 2877 secun-

1317 2894 1412 2930 dum
1448 2892 1554 2941 quod
1589 2893 1713 2938 Deus,
1743 2892 1809 2928 sed
1844 2892 2057 2928 secundum
2093 2892 2200 2940 quod
2234 2893 2365 2930 homo.

1317 2945 1428 2983 Unde
1447 2944 1680 2993 Augustinus
1707 2944 1727 2966 ’⁸
1754 2943 1861 2991 dicit,
1890 2949 2019 2981 contra
2050 2945 2278 2981 Felicianum
2305 2944 2365 2981 **:

1316 2999 1419 3035 Absit
1447 3003 1484 3033 ut
1515 2998 1676 3034 Christus
1694 2998 1746 3033 sic
1762 2998 1912 3033 senserit
1938 3002 2094 3033 mortem
2122 3002 2171 3043 ut,
2192 2974 2408 3046 quantum

1317 3056 1367 3087 est
1395 3052 1431 3086 in
1459 3062 1498 3086 se
1524 3051 1615 3095 vita,
1643 3051 1755 3086 vitam
1777 3049 1988 3098 perdiderit.
2022 3050 2063 3085 Si
2088 3051 2184 3085 enim
2216 3050 2286 3086 hoc
2320 3051 2369 3086 ita

1318 3108 1416 3148 esset,
1436 3104 1531 3139 vitae
1545 3102 1633 3148 sons
1651 3103 1813 3138 aruisset.
1843 3102 1960 3138 Sensit
1978 3102 2091 3151 igitur
2109 3107 2264 3138 mortem
2278 3114 2369 3151 par-

1317 3155 1524 3204 ticipatione
1550 3155 1706 3190 humani
1730 3153 1893 3202 affectus,
1921 3165 2027 3202 quem
2054 3159 2181 3203 sponte
2206 3166 2369 3204 suscepe-

1318 3213 1392 3244 rat:
1410 3218 1484 3243 non
1500 3212 1656 3243 naturae
1673 3218 1762 3242 suae
1775 3206 1934 3255 perdidit
1942 3208 2157 3255 potentiam,
2168 3218 2241 3256 per
2259 3219 2370 3256 quam

1318 3265 1448 3296 cuncta
1477 3260 1645 3306 vivificat.

1371 3312 1428 3348 An
1447 3323 1635 3348 SECUNDUM
1662 3323 1842 3348 DtCENDUM
1861 3311 1967 3360 quod
1988 3310 2163 3348 Christus*
2182 3322 2263 3348 non
2290 3323 2370 3348 sus-

1318 3363 1428 3400 tinuit
1463 3371 1628 3400 mortem
1666 3375 1712 3400 ex
1740 3363 1878 3400 morbo
1906 3362 2214 3413 provenientem,
2243 3375 2291 3401 ne
2319 3363 2371 3400 vi—

1318 3416 1471 3453 deretur
1498 3428 1545 3453 ex
1563 3415 1780 3452 necessitate
1809 3416 1907 3453 mori
1933 3423 2088 3466 propter
2113 3415 2372 3453 infirmitatem

263 3548 291 3584 α)
309 3551 372 3576 unio
395 3551 545 3576 divinitatis
568 3554 594 3576 et
615 3551 714 3575 carnis.
731 3563 750 3568 -
768 3549 895 3574 divinitas
913 3556 930 3573 a
948 3555 1029 3573 carne
1048 3548 1066 3572 Ρ
1085 3553 1111 3572 et
1129 3548 1162 3572 ita
1180 3548 1266 3572 statim
1378 3551 1386 3560 ‘
1542 3561 1562 3565 —

63 3599 68 3612 a
127 3569 165 3622 ’ᾗ
211 3583 338 3611 divinitas
354 3587 387 3611 ab
404 3586 505 3612 anima.

1373 3546 1398 3580 [4)
1419 3547 1525 3572 nostris.
1580 3546 1627 3571 lsG
1646 3553 1663 3571 a
1682 3551 1707 3571 et
1726 3547 1863 3576 editiones;
1882 3554 1935 3572 om.

2393 1857 2401 1867 ·
2415 1856 2481 1878 Vers.
2498 1862 2530 1882 ¹4-
2544 1862 2573 1883 15·

2395 2168 2406 2178 ⁴
2423 2166 2459 2188 Cf.
2478 2166 2510 2187 ad
2526 2165 2603 2190 Rom„

2393 2198 2443 2220 cap.
2454 2198 2504 2217 vm,
2514 2197 2572 2213 vers.
2582 2197 2602 2219 3.

2419 2586 2485 2609 Vers.
2502 2593 2532 2609 η.

2416 2270 2483 2292 Vei-s.
2500 2276 2535 2296 ιο,
2551 2276 2571 2291 ιι

2395 2945 2482 2994 ’VR'L
2492 2945 2583 2974 Tapsn
2545 2951 2583 2967 sen
2586 2952 2604 2967 s.

2497 2971 2526 2993 de
2548 2971 2607 2993 Fue

2397 2998 2491 3024 Trim't„
2500 3003 2573 3025 capa

2396 3025 2536 3078 cippuAug.

2546 3004 2594 3046 lnie
2596 3014 2608 3045 ι’·
