2872 3970
442 276 515 312 516

438 356 551 400 dam,
580 367 649 404 per
690 367 859 404 quorum
903 355 1168 392 testimonium
1210 356 1419 393 deferretur
1455 357 1504 393 ad

438 419 586 444 omnes.
1095 428 1097 430 ·

490 461 547 497 AD
579 472 738 498 TERTlUM
767 473 950 499 DICENDUM
985 461 1093 510 quod
1131 461 1282 498 mulieri
1310 473 1390 498 non
1418 473 1503 521 per·

437 512 596 550 mittitur
631 513 785 562 publice
820 514 959 556 docere
994 514 1034 550 in
1062 514 1235 552 ecclesia:
1274 514 1504 563 permittitur

293 571 309 596 Υ
436 573 567 602 autem
595 565 629 602 ei
657 565 836 615 privatim
871 565 1090 604 domestica
1114 564 1265 616 aliquos
1283 571 1299 593 ἵ
1327 567 1503 604 admoni-

435 617 538 655 tione
567 618 764 656 instruere.
802 619 850 655 Et
877 619 984 666 ideo,
1015 619 1111 656 sicut
1138 619 1368 656 Ambrosius
1397 619 1502 666 dicit,

194 677 307 729 3(ξέΡο
300 677 358 731 εξ
360 677 408 730 ψ’
434 683 546 720 super
582 673 672 708 Luc.
688 671 726 717 ³¹⁸,
755 671 806 708 ad
836 684 898 708 eos
915 672 1067 719 semina
1099 673 1253 708 mittitur
1287 673 1352 721 qui
1381 672 1502 710 dome-

195 736 257 752 num
276 730 324 758 ..⁶5
434 725 516 761 stici
539 729 643 760 sunt:
674 735 754 760 non
782 731 913 760 autem
941 723 1101 761 mittitur
1128 725 1177 761 ad
1206 725 1282 761 hoc
1310 725 1416 774 quod
1445 737 1502 761 re-

436 775 679 813 surrectionis
707 776 971 813 testimonium
999 777 1091 813 ferat
1119 777 1168 813 ad
1196 778 1400 826 populum

292 853 305 877 δ
402 832 406 835 ⁴
489 829 579 866 Ideo
604 837 734 866 autem
753 828 880 878 primo
901 829 1127 866 mulieribus
1147 829 1334 879 apparuit,
1355 837 1397 867 ut
1415 843 1501 868 mu-

294 897 304 913 ε
389 922 393 926 ,
436 881 523 927 1ier,
554 893 654 930 quae
681 879 808 930 primo
847 881 999 918 initium
1018 880 1032 903 δ
1060 880 1194 919 mortis
1222 883 1271 919 ad
1299 881 1502 920 hominem

195 924 205 933 ⁸
230 922 330 944 Comme
330 924 354 943 ιτ
384 928 407 942 m

194 949 236 970 100
222 955 261 970 <m
268 948 381 976 evang.
367 947 381 969 n
386 950 408 969 b.
435 933 579 981 detulit,
599 933 727 983 primo
753 933 867 971 etiam
889 934 992 972 initia
1014 939 1026 956 ⁸
1054 934 1283 982 resurgentis
1303 935 1443 972 Christi
1462 935 1502 973 in

194 975 398 1028 '‘0¹1¹s.⁸2‘³7.⁰³¹'''¹⁸
402 987 553 1034 'gloria
581 987 783 1024 nuntiaret.
823 987 935 1025 Unde
964 987 1128 1037 Cyrillus
1156 987 1246 1025 dicit
1264 988 1301 1025 *t
1331 989 1502 1036 Femina,

487 1101 514 1135 γ)
533 1101 677 1127 domestica
700 1101 814 1134 aliquos.
834 1115 853 1120 -
869 1101 974 1134 aliquos
999 1102 1146 1128 domestica
1172 1103 1239 1133 PEl;
1265 1103 1285 1127 F
1304 1103 1375 1136 ponit
1398 1103 1502 1136 attquos

435 1156 496 1184 post
514 1143 706 1175 admonitione.

487 1198 511 1232 ὃ)
531 1198 645 1224 initium.
663 1212 682 1217 —
701 1198 825 1223 meritum
850 1198 904 1230 pG.
926 1198 1048 1224 nuntium
1068 1198 1164 1224 PHlsG
1183 1205 1208 1224 et
1227 1200 1250 1225 b.

488 1247 511 1282 ε)
527 1248 618 1280 primo
637 1247 717 1273 etiam
738 1247 825 1273 initia.
843 1260 862 1266 —
879 1247 914 1278 F3
930 1247 1024 1279 prima
1046 1248 1127 1273 etiam
1149 1248 1205 1273 vita
1223 1248 1323 1280 ABCD,
1340 1251 1404 1280 post
1421 1248 1502 1274 etiam

1146 277 1412 323 QUAESTIO
1440 278 1527 325 LV,
1557 277 1851 317 AR‘rlcULth
1879 279 1910 317 11

1560 369 1654 406 quae
1678 358 1864 407 quondam
1885 357 1896 384 ζ
1914 359 1993 406 fuit
2019 361 2149 396 mortis
2167 361 2347 406 ministra,
2367 361 2620 399 venerandum

1559 412 1838 448 resurrectionis
1873 413 2092 459 mysterium
2115 413 2244 461 prima
2275 414 2442 462 percepit
2469 419 2502 450 et
2529 426 2621 451 nun-

1557 464 1632 500 tiat.
1660 463 1846 513 Adeptum
1865 469 1916 500 est
1934 465 2050 514 igitur
2066 465 2278 512 femineum
2305 477 2426 515 genus
2453 472 2487 503 et
2513 467 2621 516 igno-

1551 517 1699 563 ¹miniae
1717 516 1997 575 absolutionem,
2017 523 2051 554 et
2065 518 2334 557 maledictionis
2361 518 2566 567 repudium.

1611 566 1737 605 Simul
1764 568 1880 605 etiam
1904 578 1976 618 per
2003 570 2092 606 hoc
2107 568 2320 607 ostenditur
2347 571 2471 619 quod,
2500 583 2621 620 quan-

1558 627 1642 658 tum
1661 621 1710 658 ad
1729 628 1870 658 statum
1888 621 2028 670 gloriae
2047 622 2221 682 pertinet,
2241 624 2392 660 nullum
2417 622 2621 661 detrimen-

1556 680 1641 710 tum
1668 673 1833 722 patietur
1851 686 1964 711 sexus
1989 673 2179 712 semineus
2197 675 2228 722 *,
2253 676 2332 722 sed,
2352 675 2383 712 si
2401 675 2538 713 maiori
2563 687 2621 714 ca·
2649 687 2659 698 ·

1557 725 1663 763 ritate
1691 726 1913 774 fervebunt,
1942 726 2080 764 maiori
2107 727 2219 764 etiam
2253 728 2372 776 gloria
2400 741 2446 766 ex
2473 728 2621 766 visione

1557 777 1688 815 divina
1715 779 1925 828 potientur:
1965 791 2012 816 eo
2041 780 2148 829 quod
2176 780 2376 828 mulieres,
2406 793 2506 830 quae
2542 781 2621 819 Do-

1557 830 1710 868 minum
1729 831 1868 869 arctius
1896 841 2136 880 amaverunt,
2157 832 2365 870 intantum
2391 841 2435 871 ut
2461 834 2510 871 ab
2539 833 2622 872 eius

1557 884 1751 933 sepulcro,
1780 884 1964 934 discipulis
1991 887 2102 923 etiam
2130 885 2391 934 recedentibus,
2421 898 2496 923 non
2520 896 2621 927 vrece-

1557 937 1684 974 derent
1701 936 1733 983 ³¹²,
1754 937 1881 986 primo
1907 937 2086 975 viderunt
2111 938 2329 976 Dominum
2357 938 2396 976 in
2423 938 2621 987 gloriam*
2648 926 2709 961 ἀ·

1558 997 1819 1038 resurgentem
1824 1019 1831 1027 .

1557 1103 1640 1130 vitam
1667 1105 1696 1135 E,
1712 1104 1804 1137 prima
1822 1104 1902 1130 etiam
1923 1104 2006 1130 vitam
2022 1104 2071 1134 Ga.
2091 1104 2182 1138 primo
2200 1105 2281 1130 etiam
2301 1106 2384 1132 vitam
2403 1106 2434 1152 H·
2440 1111 2466 1132 et
2483 1106 2622 1136 editiones.

1553 1143 1649 1172 postea
1667 1141 1748 1165 etiam
1767 1140 1825 1165 utta
1841 1140 1878 1172 pl.
1891 1143 1988 1172 postea
2007 1141 2087 1166 ettam
2106 1140 2190 1165 uttam
2209 1140 2242 1166 sl.

1610 1175 1636 1210 ζ)
1655 1176 1798 1209 quondam.
1815 1189 1835 1195 -
1851 1176 1897 1206 Ρη
1915 1176 2122 1218 quodammodo.
2134 1189 2155 1195 -
2172 1176 2352 1202 venerandum
2370 1177 2443 1203 tonia
2451 1169 2567 1216 praeut
2583 1177 2607 1203 G

1557 1211 1766 1238 venerandam-
1785 1211 1835 1236 l’ro
1848 1210 1978 1244 percepit,
1994 1210 2111 1244 percipit
2129 1211 2199 1237 PsG.

1609 1245 1636 1281 η)
1654 1247 1782 1282 glottam.
1798 1261 1819 1266 -
1835 1247 1926 1280 gloria
1945 1247 1985 1272 ed.
2004 1254 2022 1272 a
2039 1251 2067 1272 et
2083 1247 2159 1272 tei-fit
2176 1252 2279 1279 praeter
2297 1246 2329 1272 G.

1113 1327 1449 1360 Commeat-,aria
1473 1326 1724 1360 Cardinalis
1745 1325 1948 1358 Caietani

497 1417 604 1437 rruws
629 1406 667 1437 de
696 1407 952 1438 manifestatione
975 1406 1058 1437 facta
1083 1407 1200 1438 Christi
1223 1407 1387 1447 discipulis
1406 1417 1505 1449 quae—
1528 1409 1532 1436 Ι
1552 1417 1616 1448 per
1637 1417 1718 1449 quos
1741 1407 1781 1438 ab
1803 1407 1879 1438 aliis
1893 1407 2089 1439 crederetur.
2113 1406 2278 1438 Probatur.
2303 1407 2388 1446 Quia
2407 1406 2553 1438 Christus
2574 1416 2624 1438 re—

439 1419 553 1487 Tru,
579 1460 618 1481 an
642 1451 712 1481 talis
739 1450 953 1482 manifestatio
987 1450 1132 1481 debuerit
1161 1450 1230 1481 fieri
1261 1451 1412 1482 omnibus
1445 1461 1505 1492 pu-

436 1495 535 1531 blice,
559 1495 641 1525 sicut
665 1495 793 1535 publice
816 1495 1015 1526 manifestata
1038 1501 1085 1525 est
1108 1496 1224 1535 passio.

492 1540 528 1569 In
551 1549 687 1579 corpore
720 1540 825 1579 primo
859 1541 991 1579 ponitur
1018 1549 1082 1570 una
1115 1539 1276 1570 distinctio
1309 1540 1504 1575 bimembris,

436 1584 571 1614 scilicet:
605 1582 729 1614 Eorum
757 1593 839 1624 quae
868 1589 1127 1624 cognoscuntur,
1157 1583 1315 1623 quaedam
1339 1584 1505 1614 communi

436 1628 517 1667 lege,
542 1627 699 1667 quaedam
723 1628 793 1658 solo
817 1629 934 1668 gratiae
957 1637 1103 1658 mumere
1124 1633 1198 1658 sunt
1221 1628 1460 1668 cognoscibilia.

491 1671 618 1703 Deinde
641 1672 773 1712 ponitur
797 1672 964 1702 conclusio
988 1672 1190 1712 responsiva:
1217 1672 1338 1702 Christi
1361 1681 1507 1703 resurre-

436 1716 499 1746 ctio
525 1726 589 1746 non
610 1716 717 1746 debuit
741 1716 830 1746 omni
846 1716 970 1757 populo
996 1716 1211 1758 manifestari,
1228 1716 1284 1747 sed
1306 1716 1505 1756 quibusdam,

1557 1452 1691 1482 surrexit
1718 1451 1758 1482 ad
1780 1451 1878 1481 vitam
1900 1451 2083 1492 gloriosam.
2115 1450 2221 1491 Ergo,
2253 1457 2312 1481 etc.
2335 1469 2360 1473 -
2381 1450 2622 1492 Consequentia

1557 1495 1712 1536 probatur
1734 1505 1772 1526 ex
1796 1494 1972 1526 differentia
2001 1495 2082 1526 inter
2109 1495 2193 1526 dicta
2220 1494 2286 1525 duo
2309 1504 2426 1535 genera
2455 1494 2624 1536 cognosci—

1558 1539 1682 1575 bilium‚
1700 1540 1893 1570 consistente
1915 1540 1949 1569 in
1972 1539 2036 1570 hoc
2059 1538 2148 1579 quod
2169 1539 2310 1579 primum
2332 1548 2434 1579 genus
2454 1539 2623 1579 exponitur

1560 1583 1823 1624 cognoscendum
1847 1583 2014 1614 omnibus·
2038 1583 2219 1615 secundum
2240 1588 2358 1620 autem,
2377 1582 2566 1634 quanqum
2574 1582 2623 1622 le-

1558 1637 1633 1668 gem
1656 1627 1814 1663 divinam,
1837 1626 1991 1667 gradatim
2020 1636 2078 1668 per
2101 1626 2260 1668 quosdam
2283 1626 2323 1658 ad
2345 1618 2623 1720 QQQ

1561 1671 1697 1703 Constat
1719 1677 1827 1702 autem
1850 1672 1947 1702 vitam
1969 1671 2143 1711 gloriosam
2163 1672 2222 1702 sub
2237 1666 2397 1703 secundo
2404 1681 2426 1712 g

1559 1716 1662 1746 tineri.
1686 1734 1709 1738 —
1731 1715 1772 1746 Et
1796 1715 1878 1746 clare
1897 1721 2008 1756 patent
2023 1716 2132 1746 omnia
2155 1715 2188 1746 in
2211 1715 2323 1746 littera.

1202 1852 1521 1894 ARTICULUS
1550 1851 1852 1893 SECUNDUS

626 1946 782 1978 UTRUM
807 1945 1086 1977 coNVENJENS
1108 1926 1268 1976 FUEmT
1293 1946 1417 1984 Quoi)
1442 1946 1652 1977 DISCIPULI
1676 1945 1898 1976 vinERENT
1921 1943 2148 1977 CHRISTUM
2172 1944 2430 1981 RESURGERE
2477 1926 2479 1933 ’

1358 2023 1388 2048 In
1407 2022 1514 2054 Matth„
1535 2031 1591 2056 cap.
1609 2031 1697 2049 xxviii.

196 2318 206 2328 ⁴
220 2317 286 2338 Vm·
302 2323 335 2345 33·
436 2313 558 2350 ficari:
593 2315 810 2352 secundum
838 2313 932 2350 illud
959 2315 1039 2350 Act.
1061 2325 1095 2350 iv
1113 2313 1151 2349 *ε
1190 2314 1329 2350 Virtute
1358 2324 1503 2363 magna

437 2367 636 2405 reddebant
653 2367 822 2417 Apostoli
847 2368 1093 2404 testimonium
1121 2367 1399 2403 resurrectionis
1417 2367 1503 2403 Iesu

441 2421 586 2465 Christi,
605 2422 762 2458 Domini
784 2423 910 2457 nostri.
940 2419 1018 2456 Sed
1045 2419 1302 2456 certissimum
1329 2426 1385 2456 est
1403 2417 1503 2455 testi-

437 2473 615 2510 monium
652 2474 700 2511 de
738 2473 835 2511 visu.
879 2473 981 2520 Ergo
1019 2472 1255 2509 conveniens
1294 2471 1425 2509 fuisset
1461 2479 1504 2508 ut

437 2525 561 2574 ipsam
590 2526 910 2564 resurrectionem
939 2525 1080 2562 Christi
1107 2525 1293 2562 viderent.

492 2590 527 2615 2.
549 2580 780 2625 PRAETEREA‚
801 2579 849 2616 ad
870 2578 1139 2615 certitudinem
1157 2578 1248 2615 fidei
1268 2578 1502 2624 habendam,

437 2630 613 2681 discipuli
650 2632 916 2670 ascensionem
954 2630 1095 2668 Christi
1131 2630 1331 2668 viderunt:
1354 2642 1502 2674 >secun-

437 2685 534 2721 dum
563 2685 655 2722 illud
679 2687 760 2722 Act.
781 2697 791 2722 1
810 2684 848 2721 *2
887 2685 1095 2721 Videntibus
1133 2684 1223 2730 illis,
1252 2684 1413 2722 elevatus
1439 2689 1500 2720 est.

296 2742 312 2757 ‘²
439 2737 516 2775 Sed
545 2737 714 2775 similiter
733 2745 925 2787 oporteret
945 2742 962 2758 α
989 2737 1038 2774 de
1061 2736 1338 2774 resurrectione
1363 2735 1502 2774 Christi

438 2797 580 2827 certam
608 2790 727 2828 fidem
757 2791 910 2827 habere.
941 2790 1042 2837 Ergo
1071 2789 1223 2827 videtur
1244 2790 1363 2839 quod,
1392 2789 1502 2826 disci-

438 2842 537 2892 pulis
565 2843 796 2891 videntibus,
826 2843 1001 2880 debuerit
1029 2842 1204 2880 Christus
1233 2854 1440 2891 resurgere.

494 2896 527 2932 3.
565 2897 796 2943 PRAETEREA‚
818 2895 1043 2933 resurrectio
1063 2895 1199 2933 Lazari
1226 2896 1428 2945 quoddam
1447 2895 1502 2932 in-

438 2947 582 2986 dicium
619 2949 688 2986 fuit
714 2949 862 2986 futurae
901 2948 1187 2986 resurrectionis
1222 2948 1373 2986 Christi.
1411 2948 1501 2995 Sed,

438 3001 632 3051 discipulis
660 3001 899 3048 videntibus,
929 3001 1122 3039 Dominus
1158 3003 1351 3039 Lazarum
1386 3000 1502 3038 susci-

202 3059 288 3080 ·1020·
304 3063 354 3085 ⁰²¹>-
371 3064 400 3079 κ’·
439 3053 530 3090 tavit
548 3054 579 3091 ³³⁶.
610 3055 711 3103 Ergo
731 3054 882 3092 videtur
901 3055 1007 3104 quod
1037 3054 1151 3091 etiam
1177 3054 1351 3092 Christus
1379 3066 1502 3092 resur—

439 3118 526 3153 gere
555 3107 740 3152 debuerit,
769 3107 963 3156 discipulis
991 3106 1221 3144 videntibus.

493 3160 568 3197 SED
597 3172 741 3197 CONTRA
761 3172 825 3197 EST
849 3160 957 3208 quod
976 3159 1115 3197 dicitur
1135 3160 1257 3197 Marci
1275 3162 1341 3198 ult.
1362 3160 1399 3198 *2
1428 3162 1502 3198 Re-

440 3224 597 3261 surgens
631 3214 815 3250 Dominus
842 3225 954 3250 mane
981 3215 1108 3261 prima
1143 3215 1302 3259 sabbati,
1331 3215 1504 3263 apparuit

436 3266 562 3313 primo
595 3267 750 3303 Mariae
782 3266 1051 3315 Magdalenae.
1091 3266 1167 3303 Sed
1195 3265 1319 3303 Maria
1346 3266 1503 3315 Magda-

442 3317 527 3353 lena
564 3329 644 3354 non
671 3317 765 3354 vidit
801 3330 893 3355 eum
922 3330 1134 3366 resurgere:
1174 3319 1262 3365 sed,
1292 3331 1383 3356 cum
1409 3331 1503 3357 eum

443 3378 642 3417 quaereret
670 3370 709 3407 in
737 3371 926 3419 sepulcro,
954 3370 1101 3408 audivit
1129 3371 1177 3408 ab
1204 3372 1352 3419 angelo,
1372 3374 1504 3409 Surre-

197 2687 207 2696 ⁴
223 2685 288 2707 Vers.
303 2691 326 2713 9.

199 3163 207 3172 ⁸
226 3161 293 3182 Ven.
309 3167 330 3189 9.

497 3486 524 3514 α)
543 3487 686 3515 oporteret.
704 3497 723 3502 —
741 3484 878 3516 oportebat
897 3484 944 3514 sG.
963 3488 1068 3517 oportet
1089 3485 1127 3511 Pl.

498 3517 524 3550 β)
545 3518 683 3544 Dominus.
702 3533 720 3537 -
739 3520 801 3544 Om.
821 3519 859 3544 Pl

497 3554 524 3586 γ)
549 3553 676 3579 nuntiari.
690 3554 813 3579 -ElsFG
828 3560 852 3579 et
867 3554 1003 3584 editiones;
1023 3555 1136 3580 revelari
1151 3555 1196 3586 sD
1211 3555 1321 3588 (omisso
1336 3555 1432 3590 vtdert)
1449 3563 1505 3581 ma-

445 3588 568 3622 nisestari
586 3590 625 3614 ed.
644 3596 669 3618 a,
689 3598 740 3615 om.
761 3589 883 3622 ABCpD3
903 3590 974 3614 sed...
995 3590 1117 3615 nuntiari
1134 3598 1187 3614 om.
1208 3590 1305 3623 HpFG.

1556 2102 1612 2138 xit
1639 2101 1824 2138 Dominus
1842 2099 1874 2137 βε
1905 2113 1980 2138 non
2010 2106 2061 2138 est
2087 2100 2185 2138 hic*

1558 2166 1650 2190 eum
1678 2165 1886 2201 resurgere.

1611 2207 1837 2244 Responmzo
1864 2218 2047 2244 nicsnnun
2075 2206 2194 2256 quod,
2220 2206 2318 2246 sicut
2341 2177 2561 2257 Apostolus
2568 2208 2623 2250 di

1557 2258 1618 2302 cit,
1646 2261 1758 2297 Rom.
1779 2272 1838 2297 xm
1855 2259 1895 2307 ²¹³,
1925 2272 2020 2309 quae
2045 2272 2070 2297 a
2096 2261 2179 2296 Deo
2205 2266 2301 2307 sunt,
2325 2261 2499 2301 ordinata
2515 2266 2621 2305 Qum!
2648 2267 2661 2279 ⁸

1558 2312 1626 2349 Est
1660 2320 1792 2350 autem
1828 2312 1892 2350 hic
1919 2313 2017 2350 ordo
2054 2312 2238 2351 divinitus
2269 2313 2481 2362 institutus,
2499 2321 2553 2356 zm.
2572 2324 2623 2356 a

1557 2377 1659 2414 quae
1686 2378 1804 2415 supra
1830 2365 2011 2403 homines
2038 2373 2138 2413 sunt,
2162 2365 2388 2407 hominibus
2414 2378 2496 2416 per
2502 2376 2622 2418 w-

1557 2419 1615 2455 los
1643 2419 1876 2456 revelentur:
1906 2426 1949 2456 ut
1975 2426 2078 2468 patet
2104 2431 2176 2468 per
2198 2418 2453 2469 Dionysium,
2478 2432 2525 2459 tv
2531 2424 2621 2473 eq).

1561 2472 1662 2508 Cael.
1682 2473 1792 2509 Hier.
1823 2471 1998 2510 Christus
2018 2479 2150 2509 autem
2174 2483 2376 2520 resurgens
2404 2485 2489 2517 non
2504 2470 2623 2514 rediit

1557 2524 1607 2561 ad
1634 2524 1755 2562 vitam
1781 2524 2043 2566 communiter
2077 2523 2260 2563 omnibus
2287 2533 2443 2572 notam,
2471 2526 2547 2566 sed
2571 2526 2623 2564 ad

1556 2576 1677 2615 vitam
1703 2578 1904 2627 quandam
1922 2578 2183 2616 immortalem
2201 2585 2238 2615 et
2255 2578 2342 2616 Deo
2361 2579 2620 2621 confionmom:

2188 2130 2196 2138 .
2235 2101 2338 2149 Ergo
2359 2103 2514 2143 nullus-
2523 2075 2623 2145 vidit
2649 2139 2660 2149 ,

1557 2630 1774 2668 secundum
1801 2630 1895 2668 illud
1922 2632 2033 2668 Rom.
2052 2643 2088 2668 vi
2106 2630 2143 2668 *ι
2177 2631 2290 2673 Quod
2314 2633 2414 2669 enim
2440 2633 2622 2679 ’θένω-,υἱ-
2650 2640 2687 2653 ·’
2717 2617 2752 2671 ,Ι

1556 2685 1606 2720 vit
1624 2684 1716 2721 Deo.
1746 2684 1795 2721 Et
1821 2683 1910 2721 ideo
1928 2683 2012 2733 ipsa
2039 2682 2179 2721 Christi
2207 2684 2434 2723 resurrectio
2450 2685 2622 2726 nonde-

1557 2736 1639 2773 buit
1664 2736 1885 2774 immediate
1913 2736 1961 2774 ab
1990 2736 2215 2774 hominibus
2242 2736 2376 2783 videri,
2395 2737 2464 2776 sed
2491 2737 2622 2779 eim-l>

1557 2789 1698 2837 angelis
1735 2789 1902 2826 nuntiari
1929 2794 1955 2826 Ὺ.
1999 2789 2111 2827 Unde
2153 2789 2329 2827 Hilarius,
2360 2790 2474 2838 dicit,
2484 2802 2623 2841 ηερε·

1555 2843 1690 2880 Mami.
1710 2841 1742 2886 ²⁸,
1763 2842 1869 2891 quod
1895 2842 1976 2879 ideo
2000 2842 2157 2892 angelus
2174 2841 2317 2892 prior⁶
2344 2844 2623 2887 resurr-aetionis
2649 2846 2659 2856 “
2711 2872 2733 2885 Γ.

1557 2900 1607 2932 est
1634 2895 1759 2941 index,
1779 2901 1818 2932 ut
1836 2895 1996 2944 quodam
2005 2896 2199 2943 famulatu
2220 2901 2405 2945 paternae
2423 2896 2623 2938 voluntati-5
2646 2900 2649 2902 ’

1557 2949 1776 2985 resurrectio
1805 2950 2048 2985 nuntiaretur.
2545 2968 2550 2984 ι
2570 2972 2575 2982 κ

1609 3001 1667 3038 An
1696 3013 1831 3039 PRIMUM
1846 3012 1958 3039 azimo
1985 3013 2168 3040 DICENDUM
2205 3001 2313 3051 quod
2340 3001 2523 3051 Apostoli
2548 3013 2621 3052 po-

1556 3061 1711 3091 tuerunt
1746 3053 1937 3090 testificari
1974 3053 2114 3091 Christi
2151 3054 2469 3092 resurrectionem
2498 3053 2620 3095 ,etiam

1556 3107 1605 3144 de
1632 3106 1739 3144 visu:
1770 3105 1862 3156 quia
1890 3106 2088 3145 Christum
2111 3114 2199 3156 post
2226 3107 2546 3147 resurrectionem
2564 3107 2620 3146 vi·
2644 3131 2649 3134 -

1556 3167 1713 3198 ventem
1740 3161 1892 3197 oculata
1910 3164 1931 3181 ⁸·
1950 3159 2028 3197 fide
2054 3159 2246 3207 viderunt,
2271 3171 2392 3210 quem
2418 3167 2617 3200 mortuum

1557 3212 1754 3251 sciverant.
1786 3213 1863 3250 Sed
1890 3211 1988 3250 sicut
2014 3213 2063 3250 ad
2086 3211 2279 3251 visionem
2306 3213 2458 3251 beatam
2484 3224 2620 3262 petve-

1556 3265 1660 3303 nitur
1685 3277 1756 3315 per
1782 3265 1958 3302 auditum
1987 3264 2088 3312 fidei,
2113 3265 2163 3302 ita
2186 3265 2236 3303 ad
2260 3265 2462 3305 visionem.
2479 3264 2620 3304 Christi

1557 3317 1786 3366 resurgentis
1824 3325 2085 3368 pervenerunt
2120 3317 2299 3356 homines
2332 3330 2404 3368 per
2437 3330 2487 3357 ea.
2517 3328 2618 3367 quae

1557 3371 1664 3422 prius
1691 3371 1741 3408 ab
1768 3370 1911 3420 angelis
1938 3369 2153 3409 audierunt.

1611 3485 1637 3519 ὃ)
1653 3486 1740 3518 prior.
1759 3500 1778 3505 —
1795 3486 1840 3515 Pl;
1856 3485 1962 3518 primus
1979 3485 2052 3515 BGa.
2066 3485 2145 3518 prius
2163 3486 2248 3511 ceteri.

1613 3522 1635 3555 ε)
1654 3522 1769 3547 oculata.
1781 3535 1800 3540 -
1813 3521 1834 3546 F
1846 3526 1871 3546 et
1889 3521 1962 3546 tertia
1980 3526 2081 3553 praeter
2098 3521 2137 3552 G;
2155 3521 2289 3546 occultata
2307 3519 2383 3552 ΑΒΕ,
2401 3520 2504 3546 occulta
2523 3520 2619 3547 CDGa.
