2872 3970
21 2103 24 2118 ·:
36 2087 96 2110 ‘Cf.
109 2093 173 2110 num.
187 2093 218 2109 νι.

37 3012 51 3024 ·
65 3011 99 3035 Cf.
114 3018 178 3034 num.
193 3018 231 3034 vu.

980 244 1242 290 QUAESTIO
1272 245 1340 290 IX,
1371 242 1662 280 ARTICULUS
1690 243 1738 279 IV

2375 242 2443 288 145

945 374 1279 406 commentaria
1302 373 1552 405 cardinalis
1574 372 1777 405 Caietani

301 473 322 494 n
345 463 449 498 titulo,
474 461 600 492 adverte
623 461 713 502 quod
737 461 823 491 aliud
846 466 947 496 sonat,
972 467 1003 491 et
1026 461 1088 491 alio
1111 461 1221 491 tendit.
1249 461 1331 491 Nam

272 476 395 538 Isonat
417 506 582 536 scientiam
606 505 886 545 experimentalem
909 505 1111 544 acquisitam:
1137 514 1219 544 quae
1244 514 1332 535 com-

270 552 409 582 munitet
439 560 472 580 se
503 550 597 580 habet
627 548 666 579 ad
693 549 850 579 actualem
877 549 1103 588 experientiam
1134 558 1231 588 quam
1262 549 1333 588 quis

271 595 433 635 acquirere
462 599 584 634 potest;
614 593 665 622 vel
691 592 731 622 ad
757 592 949 622 habitualem
979 593 1143 622 scientiam
1171 593 1334 622 intellectu

271 649 309 669 ex
333 638 523 678 experientia
547 637 743 677 acquisitam.
779 636 897 666 Tendit
919 641 1027 666 autern
1050 636 1090 666 ad
1112 637 1334 676 perscrutatio-

270 692 347 713 nem
369 683 464 712 huius
487 680 619 712 secundi
634 681 784 711 membri:
809 681 885 720 quia
908 679 947 710 de
970 681 1034 710 hoc
1057 686 1181 710 tantum
1206 685 1252 710 est
1275 679 1334 710 dif-

272 726 407 757 ficultas.

326 770 362 800 ln
385 778 520 809 corpore
543 768 666 798 articuli
685 773 731 798 est
746 769 840 798 unica
856 768 1022 798 conclusio
1038 768 1222 808 responsiva
1237 777 1334 808 quae-

271 814 348 844 sito:
373 814 412 843 In
431 813 559 843 Christo
584 817 631 842 est
644 812 778 842 scientia
794 812 961 853 acquisita.
985 813 1141 842 Probatur
1157 811 1334 851 dupliciter.

270 858 389 888 Primo.
409 857 496 887 Nihil
515 866 628 886 eorum
648 866 730 896 quae
742 856 830 886 Deus
845 857 879 886 in
894 857 1034 886 humana
1050 861 1161 886 natura
1172 856 1333 896 plantavit,

271 901 373 932 defuit
394 901 583 931 humanitati
606 905 786 940 assumptae
810 910 827 930 a
843 900 949 930 Verbo
974 901 1043 930 Dei.
1068 901 1153 940 Ergo
1177 900 1211 929 in
1230 900 1335 930 anima

272 945 389 976 Christi
421 945 482 975 fuit
513 954 580 974 non
612 945 719 975 solum
750 944 929 974 intellectus
961 944 1129 984 possibilis,
1154 943 1209 974 sed
1240 944 1335 974 etiam

270 990 450 1020 intellectus
484 998 590 1028 agens.
626 989 711 1028 Ergo
745 998 813 1018 non
846 987 907 1018 fuit
932 989 966 1018 in
993 988 1121 1018 Christo
1155 988 1336 1018 intellectus

271 1043 368 1073 agens
391 1033 514 1063 frustra.
545 1033 631 1072 Ergo
658 1032 769 1062 habuit
794 1033 957 1072 propriam
988 1033 1218 1072 operationem.
1250 1032 1335 1071 Ergo

270 1078 304 1108 in
329 1077 456 1108 Christo
484 1076 614 1107 fuerunt
637 1077 761 1116 aliquae
785 1077 906 1116 species
930 1076 1142 1116 intelligibiles
1157 1086 1214 1116 per
1238 1076 1336 1106 actio-

270 1131 347 1152 nem
381 1121 560 1151 intellectus
594 1121 714 1160 agentis
746 1121 780 1150 in
813 1120 977 1150 intellectu
1011 1121 1079 1150 eius
1113 1120 1257 1160 possibili
1288 1129 1337 1150 re-

271 1171 392 1206 ceptae.
417 1165 502 1204 Ergo
518 1165 551 1194 in
567 1165 638 1204 ipso
655 1164 715 1194 fuit
730 1165 860 1194 scientia
883 1165 1045 1204 acquisita.
1061 1182 1085 1186 —
1099 1165 1204 1194 Prima
1224 1174 1336 1194 conse-

271 1210 403 1249 quentia
425 1209 593 1249 probatur:
619 1209 695 1248 quia
717 1209 750 1238 in
773 1209 913 1238 humana
936 1213 1047 1238 natura
1063 1209 1150 1238 Deus
1174 1209 1336 1248 plantavit,

270 1262 338 1283 non
361 1253 468 1283 solum
490 1253 689 1284 intellectum
713 1252 912 1292 possibilem,
942 1251 998 1282 sed
1021 1253 1116 1282 etiam
1139 1253 1337 1282 intellectum

271 1302 428 1337 agentem.
452 1314 475 1318 —
498 1296 646 1327 Secunda
668 1306 762 1326 vero:
794 1297 870 1336 quia
894 1296 984 1326 Deus
1011 1301 1041 1326 et
1067 1301 1187 1326 natura
1213 1297 1247 1326 in
1270 1297 1337 1326 aliis

271 1341 352 1372 nihil
372 1340 510 1382 faciunt
529 1341 682 1382 frustra,
707 1350 745 1370 ex
769 1340 781 1370 Ι
803 1340 903 1370 Caeli.
927 1358 950 1362 -
973 1340 1081 1370 Tertia
1105 1346 1229 1370 autem:
1262 1341 1338 1380 quia

271 1385 384 1416 frustra
407 1390 454 1415 est
484 1384 574 1424 quod
596 1393 664 1414 non
687 1385 781 1414 habet
807 1385 970 1424 propriam
994 1385 1225 1424 operationem.
1260 1385 1337 1414 Pro-

270 1430 377 1460 batur:
402 1429 478 1468 quia
501 1429 605 1459 omnis
628 1438 680 1459 res
703 1433 750 1458 est
765 1433 903 1468 propter
919 1428 1091 1469 propriam
1107 1429 1336 1468 operationem,

271 1473 298 1504 11
316 1473 417 1504 Caeli.
433 1491 456 1494 —
478 1472 599 1511 Quarta
622 1471 788 1512 deinceps:
814 1473 889 1512 quia
908 1473 1036 1512 propria
1052 1474 1195 1512 operatio
1214 1473 1337 1503 intelle-

271 1517 484 1557 ctusagentis
501 1521 548 1547 est
570 1516 674 1547 facere
697 1517 818 1556 species
836 1516 1048 1556 intelligibiles
1063 1517 1096 1546 in
1120 1522 1203 1552 actu,
1221 1518 1338 1547 abstra-

270 1560 379 1592 hendo
404 1570 456 1591 eas
478 1570 496 1590 a
511 1561 792 1600 phantasmatibus.
816 1579 839 1582 —
862 1560 983 1598 Quinta
998 1560 1143 1591 demum:
1177 1561 1251 1600 quia
1274 1562 1337 1591 hoc

272 1611 319 1636 est
348 1614 416 1635 esse
447 1605 480 1634 in
504 1604 632 1635 Christo
663 1605 828 1634 scientiam
857 1605 1055 1644 acquisitam,
1081 1614 1178 1644 quam
1206 1604 1337 1644 quidam

272 1648 555 1690 experimentalem
577 1649 756 1678 nominant.

326 1692 477 1724 Secundo
501 1693 654 1732 probatur
677 1692 843 1723 conclusio
868 1693 1131 1723 connaturalitate
1151 1693 1220 1722 talis
1236 1694 1338 1723 scien-

272 1738 343 1773 tiae,
368 1745 425 1766 seu
447 1735 537 1766 modi
553 1736 683 1771 sciendi,
708 1735 748 1766 ad
763 1742 908 1766 naturam
924 1737 1108 1767 humanam.
1133 1737 1174 1766 Et
1195 1738 1338 1767 consistit

271 1782 318 1811 vis
341 1781 472 1811 rationis
498 1781 531 1810 in
554 1780 628 1810 hoc.
664 1780 711 1809 Ex
735 1789 801 1819 quo
832 1781 866 1810 in
893 1780 1021 1810 Christo
1051 1781 1183 1820 ponitur
1209 1782 1339 1811 scientia

272 1824 488 1856 connaturalis
511 1824 571 1853 soli
594 1823 676 1859 Deo,
701 1824 820 1854 scilicet
843 1824 950 1859 beata;
975 1829 1006 1854 et
1028 1825 1159 1854 scientia
1182 1830 1339 1855 connatu-

271 1869 344 1899 ralis
362 1868 492 1908 angelis,
515 1867 635 1897 scilicet
653 1867 774 1903 infusa:
799 1877 1000 1907 consequens
1016 1874 1063 1898 est
1086 1874 1121 1898 ut
1143 1874 1283 1907 ponatur
1305 1869 1338 1898 in

271 1913 328 1944 illo
348 1912 479 1942 scientia
495 1912 708 1942 connaturalis
723 1911 867 1951 undique
883 1917 1013 1942 naturae
1029 1912 1198 1948 humanae,
1220 1913 1340 1943 scilicet

272 1957 403 1988 scientia
426 1956 595 1995 acquisita,
627 1964 710 1995 quae
734 1961 781 1986 est
804 1956 1018 1986 connaturalis
1041 1956 1166 1986 homini
1190 1966 1227 1986 ex
1250 1962 1339 1996 parte

273 2001 394 2041 agentis
417 2005 448 2030 et
471 2000 629 2040 patientis,
654 2009 690 2030 ac
713 2009 771 2039 per
786 2000 849 2030 hoc
865 2000 996 2030 scientia
1011 2001 1139 2040 proprie
1157 2005 1203 2030 est
1226 2010 1339 2031 secun-

273 2045 352 2076 dum
373 2045 553 2074 humanum
575 2043 722 2079 modum,
747 2049 778 2074 et
801 2044 939 2074 totaliter
962 2044 1112 2074 humana.

328 2088 365 2118 11.
390 2088 426 2118 In
452 2088 516 2118 hoc
542 2097 694 2128 processu
726 2087 791 2118 duo
820 2093 994 2118 occurrunt
1020 2087 1126 2118 dubia.
1161 2089 1304 2119 Primum
1323 2090 1340 2106 Ψ

273 2133 356 2164 circa
378 2132 466 2162 illam
488 2132 761 2171 propositionem:
786 2132 923 2162 Frustra
940 2137 988 2162 est
1001 2132 1087 2172 quod
1102 2138 1192 2163 caret
1200 2133 1340 2174 propria

274 2176 471 2217 operatione.
491 2176 600 2205 Potest
616 2175 702 2205 enim
717 2176 833 2206 habere
849 2175 1011 2216 duplicem
1023 2186 1167 2206 sensum:
1184 2177 1235 2207 vel
1251 2177 1340 2217 quod

273 2220 466 2260 intelligatur
489 2218 528 2249 de
551 2228 666 2259 genere
689 2220 740 2251 vel
763 2220 887 2259 specie;
911 2220 961 2250 vel
985 2220 1075 2260 quod
1093 2220 1285 2261 intelligatur
1301 2221 1340 2252 de

274 2264 419 2304 quolibet
441 2262 618 2295 individuo.
638 2263 720 2294 Nam
736 2264 762 2293 si
777 2264 810 2294 in
826 2264 931 2304 primo
946 2264 1131 2304 intelligitur
1146 2275 1251 2302 sensu,
1268 2275 1340 2295 vera

274 2314 336 2339 est:
361 2307 475 2338 frustra
498 2307 584 2337 enim
607 2313 689 2337 esset
711 2313 826 2347 potens
850 2309 974 2347 operari
996 2314 1108 2338 natura
1124 2309 1230 2349 aliqua
1245 2319 1341 2349 gene-

273 2353 338 2383 rica
359 2351 411 2382 vel
433 2350 597 2391 specifica,
622 2351 647 2381 si
671 2351 850 2382 secundum
873 2357 974 2382 totam
997 2352 1197 2383 latitudinem
1217 2354 1341 2393 generis

273 2396 325 2427 vel
351 2395 469 2436 speciei
493 2400 612 2426 careret
633 2396 763 2435 propria
787 2396 984 2436 operatione.
1017 2396 1080 2427 Sed
1102 2397 1135 2427 in
1158 2397 1222 2427 hoc
1245 2407 1341 2428 sensu

273 2449 342 2471 non
364 2438 459 2470 infert
482 2439 725 2470 conclusionem
748 2439 886 2476 litterae,
914 2449 997 2480 quae
1021 2439 1060 2471 de
1082 2450 1150 2471 uno
1174 2441 1340 2472 individuo

274 2483 478 2515 humanitatis
503 2483 621 2525 Christi
644 2489 699 2513 est.

329 2527 364 2558 Si
386 2532 494 2558 autem
515 2527 550 2557 in
573 2527 715 2558 secundo
734 2537 830 2558 sensu
853 2528 1047 2568 intelligitur,
1072 2534 1149 2559 tunc
1166 2534 1212 2559 est
1230 2539 1341 2560 sensus

276 2570 366 2612 quod
387 2570 501 2602 frustra
525 2576 571 2602 est
593 2572 737 2611 potentia
759 2581 842 2612 quae
866 2572 899 2602 in
923 2573 1068 2612 quolibet
1090 2573 1257 2604 individuo
1281 2583 1340 2605 suo

276 2621 360 2646 caret
377 2615 507 2655 propria
523 2616 719 2655 operatione.
743 2616 784 2646 Et
799 2616 844 2646 sic
860 2621 907 2646 est
922 2616 1054 2657 quidem
1071 2617 1110 2647 ad
1125 2619 1340 2658 propositum,

276 2659 332 2690 sed
354 2664 402 2690 est
418 2659 524 2701 salsa,
548 2659 652 2699 inquit
682 2660 813 2696 Scotus,
837 2661 871 2690 in
895 2661 912 2691 3
939 2670 993 2701 qu.
1018 2671 1070 2691 xxv
1094 2661 1163 2691 dist.
1189 2661 1229 2692 111
1253 2662 1340 2693 Sent.

276 2703 441 2742 Quoniam
461 2708 520 2733 stat
543 2703 632 2743 quod
654 2705 798 2744 potentia
813 2704 846 2734 in
862 2704 970 2744 aliquo
987 2706 1208 2745 praeveniatur
1223 2707 1261 2736 ab
1278 2706 1341 2737 alio

276 2748 441 2787 superiore
464 2752 587 2787 agente,
611 2752 643 2778 et
664 2753 834 2788 propterea
857 2754 961 2779 careat
983 2750 1112 2789 propria
1136 2751 1340 2790 operatione:

277 2797 309 2822 et
330 2792 400 2831 ipsa
421 2800 490 2821 non
513 2796 559 2821 est
581 2790 704 2827 frustra,
729 2793 804 2832 quia
820 2797 867 2822 est
882 2792 922 2823 ad
936 2793 1148 2834 integritatem
1171 2794 1342 2834 perfectio-

275 2844 417 2875 nemque
440 2841 579 2865 naturae.
603 2834 768 2876 Affertque
790 2836 952 2867 instantias
975 2837 1008 2867 in
1032 2838 1147 2868 beatis:
1172 2838 1205 2868 in
1225 2839 1342 2878 quibus

277 2885 324 2910 est
345 2879 525 2910 intellectus
548 2888 661 2919 agenS,
693 2885 724 2910 et
747 2881 791 2911 sic
817 2886 949 2920 possent
972 2882 1135 2922 acquirere
1159 2882 1341 2919 scientiam3

277 2929 309 2954 et
331 2923 473 2953 similiter
501 2928 547 2953 est
569 2924 713 2963 potentia
742 2925 986 2964 augmentativa‚
1011 2931 1042 2956 et
1064 2926 1109 2956 sic
1132 2932 1264 2966 possent
1287 2936 1343 2957 au-

276 2967 352 3008 geri,
369 2973 428 2997 etc.

332 3011 383 3041 111.
408 3011 593 3042 Secundum
617 3011 750 3043 dubium
770 3014 787 3030 Ῥ
810 3019 857 3044 est
884 3014 967 3044 circa
990 3013 1125 3044 eandem
1148 3015 1343 3054 propositio-

277 3064 353 3086 nem
375 3056 517 3086 iunctam
541 3056 668 3086 minori.
704 3056 868 3094 Quoniam
896 3063 951 3088 aut
978 3063 1024 3088 est
1051 3068 1156 3088 sermo
1188 3058 1227 3089 de
1252 3059 1342 3089 omni

277 3099 407 3140 propria
429 3100 615 3139 operatione
639 3100 782 3137 alicuius,
805 3102 848 3131 ita
872 3101 961 3141 quod
989 3111 1100 3132 sensus
1123 3103 1180 3132 sit:
1203 3103 1342 3133 Frustra

278 3148 326 3174 est
346 3143 432 3184 quod
454 3148 544 3174 caret
567 3144 655 3174 omni
671 3145 810 3185 propria
835 3146 1031 3186 operatione.
1062 3146 1104 3176 Et
1136 3152 1214 3176 tunc
1237 3147 1344 3176 minor

279 3191 326 3217 est
348 3186 434 3223 falsa,
460 3188 580 3218 scilicet
603 3187 693 3228 quod
716 3189 821 3219 omnis
843 3190 972 3229 propria
995 3191 1140 3230 operatio
1164 3191 1343 3220 intellectus

279 3231 399 3271 agentis
416 3236 462 3261 est
477 3231 581 3262 facere
597 3233 718 3271 species
738 3233 950 3273 intelligibiles
965 3234 999 3264 in
1015 3239 1103 3264 actu:
1129 3243 1204 3264 cum
1220 3239 1344 3273 praeter

279 3275 362 3306 hanc
385 3276 605 3315 operationem
635 3276 749 3306 habeat
772 3277 846 3307 alias
873 3278 931 3307 sibi
954 3279 1098 3318 proprias
1123 3278 1342 3317 operationes3

280 3318 408 3355 scilicet,
425 3319 527 3350 facere
551 3319 742 3350 evidentiam
764 3322 1025 3361 propositionum
1048 3331 1105 3362 per
1127 3331 1160 3351 se
1183 3326 1343 3355 notarum,

281 3367 322 3399 et,
338 3362 496 3393 mediante
512 3364 570 3393 ista
586 3363 753 3401 evidentia,
770 3364 874 3395 facere
890 3365 1081 3396 evidentiam
1098 3365 1245 3394 omnium
1262 3373 1343 3403 quae

280 3415 338 3446 per
351 3407 454 3447 prima
468 3407 625 3447 principia
648 3415 896 3448 cognoscuntur.
913 3427 936 3431 —
951 3409 984 3440 Si
999 3418 1075 3439 vero
1092 3418 1159 3438 non
1176 3413 1222 3437 est
1238 3416 1342 3437 sermo

281 3449 320 3480 de
344 3451 433 3480 omni
456 3451 585 3491 propria
608 3453 804 3491 operatione,
828 3452 883 3483 sed
906 3453 945 3483 de
970 3461 1191 3492 quacumque,
1216 3451 1343 3490 propria

281 3499 397 3530 tamen,
421 3495 464 3525 ita
487 3494 576 3534 quod
597 3505 706 3526 sensus
729 3497 778 3532 sit,
801 3497 939 3527 Frustra
959 3501 1006 3526 est
1027 3495 1113 3536 quod
1128 3499 1216 3525 caret
1234 3495 1343 3534 aliqua

283 3538 469 3577 operatione
491 3539 551 3569 sibi
567 3540 723 3580 propria:
746 3546 824 3570 tunc
841 3545 921 3570 esset
936 3539 975 3569 ad
991 3539 1204 3579 propositum,
1227 3538 1281 3569 sed
1299 3544 1344 3568 est

423 3598 533 3623 suumn
545 3598 647 3624 Tutor..
664 3599 697 3625 D.
717 3599 832 3624 'saonae
850 3599 883 3624 T.
902 3598 966 3623 VI11.

1388 461 1474 491 falsa.
1505 461 1589 499 Quia
1611 471 1678 491 non
1703 467 1749 491 est
1772 461 1885 491 frustra
1915 461 2003 501 quod
2028 467 2111 491 caret
2134 471 2198 491 una
2221 463 2348 502 propria
2372 473 2449 503 ope—

1387 506 1510 535 ratione
1535 511 1565 535 et
1587 506 1682 535 habet
1705 506 1798 535 aliam
1821 506 1983 545 propriam
2000 506 2235 545 operationem:
2261 513 2341 536 esset
2364 508 2449 537 enim

1388 554 1519 588 propter
1541 549 1628 579 illam
1652 558 1749 589 quam
1773 550 1867 579 habet
1891 550 2121 589 operationem.
2147 549 2234 580 Sicut
2252 556 2360 581 mutus
2383 561 2450 581 non

1387 592 1501 622 frustra
1531 593 1625 623 habet
1649 603 1685 623 os
1709 599 1740 623 et
1763 593 1920 632 linguam:
1951 594 2042 633 quia,
2074 594 2218 633 quamvis
2248 604 2315 624 non
2338 595 2451 625 habeat

1388 636 1598 672 locutionem,
1622 637 1716 667 habet
1738 643 1845 667 tamen
1869 637 1962 667 aliam
1979 638 2208 677 operationem,
2233 644 2310 678 puta
2326 648 2450 669 sumere

1389 685 1420 710 et
1443 679 1619 710 discernere
1643 681 1840 711 alimentum.

1446 724 1497 754 lV.
1523 724 1558 754 In
1575 724 1689 755 eodem
1706 734 1851 764 corpore,
1877 726 1959 755 circa
1975 726 2217 756 conclusionem
2233 726 2451 766 principalem,

1390 774 1564 798 occurrunt
1585 769 1690 808 primo
1708 769 1905 799 obiectiones
1930 769 2027 805 Scoti,
2044 770 2077 799 in
2098 770 2172 800 loco
2196 770 2329 810 allegato
2346 772 2379 806 *3
2400 771 2453 801 de-

1389 811 1465 841 inde
1481 812 1641 848 Durandi,
1669 812 1789 843 ibidem
1805 813 1830 842 ³⁶.
1856 813 1896 843 Et
1923 813 2038 843 Scotus
2065 813 2196 853 quidem
2221 815 2323 854 arguit
2350 814 2453 855 dupli—

1390 856 1468 885 citer
1486 857 1513 886 ὓ.
1537 856 1655 892 Primo,
1673 866 1714 886 ex
1732 856 1834 892 dictis,
1851 863 1887 886 ut
1902 857 1970 897 ipse
1986 858 2038 893 ait,
2063 858 2234 898 opinantis,
2252 859 2371 889 scilicet
2386 860 2452 889 Au-

1390 900 1494 929 ctoris.
1520 899 1680 936 Secundo,
1700 906 1815 930 contra
1831 901 2069 931 conclusionem
2089 902 2120 932 in
2144 911 2187 932 se.
2212 902 2274 932 Sed
2298 904 2452 942 quoniam

1390 952 1503 973 omnes
1527 944 1724 974 obiectiones
1748 945 1816 975 eius
1848 945 2026 975 consistunt
2049 946 2082 975 in
2105 946 2184 981 hoc,
2210 946 2299 986 quod
2323 948 2453 977 scientia

1389 987 1494 1017 infusa
1510 993 1541 1017 et
1556 989 1709 1027 acquisita
1726 995 1799 1018 sunt
1815 988 1958 1019 eiusdem
1977 989 2123 1025 rationis3
2149 996 2202 1020 aut
2218 990 2454 1030 distinguuntur

1389 1031 1471 1060 sicut
1487 1032 1642 1061 matutina
1658 1038 1689 1062 et
1711 1034 1906 1072 vespertina;
1931 1038 1985 1063 aut
2001 1033 2178 1063 secundum
2195 1035 2361 1074 originem,
2379 1036 2454 1074 quia

1390 1084 1455 1104 una
1474 1085 1491 1104 a
1515 1076 1604 1111 Deo,
1630 1076 1725 1105 altera
1749 1077 1787 1106 ab
1811 1077 1975 1107 intellectu
2008 1083 2137 1116 agente,
2162 1078 2247 1117 apud
2270 1088 2348 1115 nos,
2374 1080 2455 1109 sicut

1390 1119 1491 1149 homo
1515 1120 1641 1158 genitus
1666 1126 1696 1149 et
1719 1121 1819 1150 homo
1844 1127 1984 1156 creatus;
2017 1130 2156 1160 quorum
2181 1122 2306 1152 nullum
2332 1123 2455 1153 Auctor

1391 1163 1487 1192 etiam
1506 1164 1686 1199 somniavit,
1698 1169 1733 1194 ut
1749 1173 1894 1203 expresse
1910 1165 1943 1194 in
1959 1165 2022 1194 hoc
2039 1164 2153 1195 eodem
2166 1166 2309 1202 articulo,
2322 1176 2454 1207 respon-

1392 1206 1499 1237 dendo
1524 1207 1563 1237 ad
1586 1208 1725 1243 tertium,
1751 1207 1862 1238 docet:
1888 1208 1961 1238 ideo
1987 1209 2178 1239 omittendas
2202 1211 2321 1240 censui.

1446 1251 1617 1281 Durandus
1641 1261 1716 1282 vero
1733 1253 1749 1268 ᾖ
1773 1253 1887 1291 probat
1909 1252 2074 1292 probabile
2098 1262 2164 1283 esse
2189 1254 2352 1284 scientiam
2371 1255 2455 1285 infu-

1391 1304 1458 1325 sam
1483 1301 1514 1325 et
1537 1296 1723 1335 acquisitam
1748 1305 1815 1326 esse
1838 1297 1934 1326 unius
1957 1297 2097 1332 rationis,
2122 1298 2197 1336 quia
2220 1298 2306 1328 oculi
2325 1299 2399 1334 nati,
2425 1305 2455 1329 et

1392 1339 1478 1369 oculi
1501 1340 1635 1370 restituti
1658 1340 1708 1370 vel
1732 1339 1796 1369 dati
1819 1350 1837 1369 a
1855 1340 1937 1376 Deo,
1961 1346 2035 1370 sunt
2057 1341 2152 1371 unius
2175 1342 2314 1372 rationis.
2338 1342 2455 1373 Proba-

1390 1392 1489 1423 reque
1505 1384 1616 1414 nititur
1637 1383 1806 1423 indignum
1822 1394 1890 1414 esse
1906 1384 2033 1414 Christo
2054 1384 2143 1424 quod
2159 1386 2338 1425 acquisierit
2354 1387 2455 1417 scien-

1390 1428 1468 1457 tiam
1491 1438 1509 1457 a
1533 1428 1742 1463 sensibilibus,
1767 1429 1848 1458 sicut
1863 1438 1930 1458 non
1947 1428 2053 1458 decuit
2075 1429 2182 1469 ipsum
2198 1429 2316 1460 discere
2339 1431 2376 1460 ab
2396 1431 2455 1461 ho-

1391 1472 1493 1501 mine:
1517 1473 1592 1511 quia
1616 1472 1817 1512 aequivalent
1839 1473 1917 1502 haec
1937 1472 2013 1508 duo,
2036 1482 2111 1503 cum
2129 1474 2229 1504 homo
2250 1473 2368 1504 docens
2387 1485 2455 1505 non

1391 1525 1424 1545 se
1448 1516 1561 1546 habeat
1584 1517 1644 1546 nisi
1667 1522 1703 1546 ut
1725 1525 1911 1556 proponens
1935 1517 2108 1547 obiectum.

1446 1559 1484 1589 V.
1509 1559 1560 1590 Ad
1582 1560 1700 1590 horum
1724 1559 1925 1596 evidentiam,
1950 1561 2029 1591 scito
2054 1561 2143 1601 quod
2161 1562 2324 1592 scientiam
2341 1572 2408 1593 esse
2424 1569 2456 1593 et

1390 1604 1498 1634 vocari
1521 1603 1670 1639 infusam,
1696 1605 1853 1644 contingit
1876 1604 2059 1644 dupliciter:
2084 1605 2147 1635 hoc
2171 1612 2227 1641 est,
2251 1616 2308 1646 per
2331 1617 2380 1643 se;
2404 1608 2455 1637 vel

1391 1657 1448 1687 per
1472 1647 1628 1678 accidens.
1660 1648 1798 1678 Scientia
1822 1654 1868 1678 est
1892 1654 1922 1678 et
1945 1654 2077 1679 vocatur
2099 1648 2203 1679 infusa
2229 1660 2286 1690 per
2309 1660 2341 1680 se
2365 1652 2456 1682 cuius

1390 1692 1542 1721 naturalis
1564 1692 1727 1731 generatio
1752 1697 1798 1721 est
1820 1692 1956 1722 infusio:
1982 1693 2082 1732 qualis
2106 1699 2152 1723 est
2175 1694 2304 1724 scientia
2327 1695 2456 1734 angelo-

1391 1745 1473 1765 rum.
1498 1736 1558 1766 Per
1581 1735 1727 1766 accidens
1751 1741 1858 1765 autem
1881 1736 1986 1766 infusa
2009 1742 2055 1766 est
2078 1737 2130 1766 cui
2153 1737 2267 1768 accidit
2290 1739 2379 1777 quod
2401 1739 2456 1769 ha-

1392 1780 1457 1809 bita
1480 1780 1519 1809 sit
1542 1789 1599 1819 per
1621 1779 1834 1810 infusionem:
1859 1785 1895 1810 ut
1918 1781 2048 1810 scientia
2071 1780 2169 1811 Adae.
2194 1781 2331 1812 Scientia
2350 1788 2457 1812 autem

1392 1823 1547 1862 acquisita
1569 1833 1637 1853 non
1661 1824 1721 1853 nisi
1744 1833 1801 1863 per
1824 1833 1856 1853 se
1879 1824 2049 1860 invenitur,
2067 1825 2158 1854 cuius
2175 1826 2293 1855 scilicet
2308 1827 2457 1856 naturalis

1391 1868 1555 1906 generatio
1580 1873 1626 1897 est
1650 1868 1837 1907 acquisitio:
1869 1869 2024 1908 quoniam
2048 1878 2115 1898 non
2138 1874 2244 1909 potest
2267 1870 2397 1900 scientia
2420 1880 2457 1901 ex

1392 1921 1452 1941 suo
1476 1921 1592 1951 genere
1616 1911 1721 1942 infusa
1744 1912 1881 1951 acquiri,
1914 1913 1995 1943 sicut
2019 1922 2035 1942 e
2060 1918 2170 1943 contra
2200 1919 2305 1953 potest
2328 1915 2458 1944 scientia

1393 1965 1431 1985 ex
1447 1965 1506 1985 suo
1522 1965 1639 1995 genere
1655 1956 1809 1995 acquisita
1824 1956 1966 1993 infundi;
1991 1958 2067 1996 quia
2082 1967 2178 1997 agens
2194 1958 2338 1997 superius
2353 1964 2459 1998 potest

1392 2000 1577 2040 praevenire
1601 1999 1784 2030 inferiorem
1809 2010 1953 2037 causam,
1981 2001 2112 2031 inferius
2135 2007 2243 2032 autern
2267 2011 2362 2042 agens
2392 2012 2459 2033 non

1392 2049 1500 2084 potest
1520 2044 1692 2083 superioris
1708 2044 1827 2074 ordinis
1844 2044 1994 2075 effectum
2008 2045 2196 2085 producere.
2220 2046 2313 2076 Unde
2329 2047 2459 2077 scientia

1394 2097 1476 2127 quae
1500 2093 1574 2118 nata
1597 2093 1643 2118 est
1665 2088 1774 2118 haberi
1804 2098 1861 2128 per
1883 2089 1994 2119 lumen
2023 2090 2202 2120 intellectus
2226 2091 2362 2130 agentis,
2394 2092 2459 2121 sive

1394 2132 1547 2162 habeatur
1576 2141 1634 2172 per
1663 2132 1908 2171 acquisitionem
1938 2134 2003 2163 sive
2034 2143 2090 2173 per
2116 2133 2327 2175 infusionem,
2360 2141 2406 2165 est
2429 2141 2460 2165 et

1393 2182 1536 2212 vocatur,
1560 2186 1618 2215 per
1640 2185 1673 2206 se
1696 2175 1874 2216 loquend0‚
1898 2178 2030 2207 scientia
2052 2179 2222 2218 acquisita:
2248 2179 2322 2218 quia
2346 2189 2383 2208 ex
2399 2189 2459 2209 suo

1393 2230 1510 2260 genere
1534 2226 1580 2250 est
1603 2221 1734 2250 scientia
1758 2221 1920 2260 acquisita.
1956 2222 1997 2252 Et
2023 2228 2192 2262 propterea
2216 2223 2346 2252 scientia
2368 2229 2459 2253 natu-

1393 2265 1508 2295 ralium
1532 2274 1630 2304 quam
1653 2265 1764 2295 habuit
1786 2264 1900 2301 Adam,
1925 2265 1986 2295 fuit
2008 2266 2139 2296 scientia
2162 2267 2316 2306 acquisita
2339 2276 2376 2296 ex
2399 2277 2458 2297 suo

1393 2318 1510 2349 genere
1535 2314 1566 2338 et
1588 2318 1646 2348 per
1669 2318 1717 2339 se:
1743 2310 1889 2348 quamvis
1911 2310 1980 2349 ipse
2001 2320 2070 2340 non
2089 2311 2269 2350 acquisierit
2291 2311 2386 2346 illam,
2404 2311 2459 2341 sed

1394 2353 1490 2383 fuerit
1514 2353 1573 2382 sibi
1596 2363 1614 2383 a
1629 2353 1700 2383 Deo
1724 2352 1837 2383 infusa.
1862 2353 2000 2384 Scientia
2023 2359 2131 2384 autern
2153 2354 2257 2386 infusa
2272 2355 2304 2384 in
2321 2354 2458 2390 Christo,

1394 2397 1547 2428 conclusa
1570 2397 1603 2427 in
1626 2396 1829 2436 praecedenti
1852 2398 1997 2434 articulo,
2015 2403 2062 2428 est
2076 2397 2182 2428 infusa
2197 2408 2234 2428 ex
2251 2408 2309 2428 suo
2325 2408 2456 2437 genere:

1394 2447 1426 2472 et
1441 2451 1509 2472 non
1533 2438 1583 2471 est
1603 2441 1686 2471 sicut
1708 2440 1796 2471 Adae
1820 2442 1960 2478 scientia,
1985 2441 2040 2472 sed
2063 2443 2145 2473 sicut
2161 2443 2289 2472 scientia
2306 2443 2458 2481 angelica,

1394 2491 1431 2516 ut
1453 2486 1487 2516 in
1510 2486 1574 2515 hoc
1597 2485 1730 2515 articulo
1755 2485 1879 2516 dieitur.

1450 2529 1592 2569 Intellige
1607 2530 1703 2569 igitur
1718 2530 1804 2560 hunc
1820 2530 1949 2560 titulum
1965 2529 2004 2560 de
2016 2531 2147 2561 scientia
2162 2536 2226 2561 tam
2243 2529 2345 2560 infusa
2362 2539 2458 2569 quarn

1395 2574 1550 2614 acquisita
1573 2583 1611 2603 ex
1635 2583 1694 2604 suo
1718 2583 1843 2613 genere,
1868 2584 1925 2604 seu
1948 2584 2004 2614 per
2027 2584 2077 2605 se:
2103 2581 2134 2605 et
2148 2584 2214 2605 non
2234 2584 2290 2614 per
2313 2573 2458 2604 accidens

1395 2619 1434 2648 ab
1459 2623 1532 2648 actu
1555 2617 1725 2648 infusionis
1748 2618 1799 2648 vel
1822 2619 1952 2648 actualis
1976 2619 2203 2659 acquisitionis.
2228 2619 2268 2648 Et
2290 2623 2366 2648 tunc
2387 2618 2458 2648 illu-

1396 2667 1500 2693 cescet
1523 2661 1657 2693 altitudo
1673 2662 1810 2692 veritatis
1828 2663 1924 2693 huius
1940 2662 2069 2699 litterae,
2093 2668 2158 2693 tam
2174 2662 2255 2692 male
2271 2662 2457 2692 intellectae.

1395 2707 1472 2737 Noli
1496 2716 1572 2746 ergo
1595 2715 1777 2746 proponere
1802 2712 1873 2736 ante
1896 2707 2011 2737 mentis
2035 2707 2148 2737 oculos
2172 2706 2347 2741 Christum,
2372 2706 2459 2736 velut

1396 2750 1518 2786 Adam,
1549 2750 1683 2790 plenum
1713 2751 1862 2780 scientiae
1886 2751 2077 2790 acquisibilis
2108 2760 2145 2780 ex
2172 2759 2231 2779 suo
2258 2758 2373 2788 genere
2403 2749 2458 2780 sed

1397 2794 1521 2826 infusae
1543 2804 1601 2834 per
1616 2793 1778 2824 accidens:
1805 2795 1889 2833 quia,
1906 2795 1932 2824 si
1947 2795 1991 2824 sic
2008 2794 2170 2824 Christum
2186 2791 2374 2832 imaginatus
2390 2793 2458 2824 fue-

1396 2840 1447 2875 ris,
1471 2848 1640 2879 processus
1663 2838 1783 2868 litterae
1808 2843 1943 2867 corruet.
1968 2838 2009 2867 Et
2026 2843 2133 2867 tamen
2149 2837 2192 2867 sic
2209 2842 2255 2866 est
2270 2837 2460 2876 imaginatus

1397 2883 1542 2914 Christus
1566 2893 1584 2912 a
1606 2891 1673 2912 non
1697 2881 1944 2920 intelligentibus
1967 2882 2048 2910 hanc
2071 2881 2223 2916 litteram,
2252 2886 2282 2910 et
2306 2881 2459 2912 obiicien-

1396 2928 1491 2957 tibus.
1515 2927 1629 2966 Neque
1654 2926 1739 2955 enim
1763 2925 1795 2954 in
1818 2924 1923 2954 Adam
1947 2924 2058 2954 frustra
2074 2923 2133 2954 fuit
2148 2924 2328 2954 intellectus
2344 2934 2457 2965 agens:

1397 2972 1478 3001 sicut
1500 2980 1560 3000 nec
1583 2969 1726 3009 potentia
1749 2969 1992 3007 augmentativa.
2017 2967 2079 2998 Sed
2101 2969 2272 3008 imaginare
2297 2968 2459 3000 Christum

1397 3016 1529 3055 plenum
1553 3013 1701 3043 scientiae
1724 3011 1846 3042 infusae
1870 3022 1907 3042 ex
1931 3021 1990 3042 suo
2008 3021 2142 3051 genere3
2167 3018 2198 3042 et
2212 3013 2295 3042 sicut
2318 3013 2458 3044 tabulam

1398 3068 1506 3089 rasam
1525 3059 1541 3074 ⁴*
1573 3055 1681 3096 quoad
1710 3056 1874 3085 scientiam
1901 3056 2088 3095 acquisitam
2115 3066 2152 3086 ex
2176 3066 2235 3086 suo
2259 3066 2383 3096 genere.
2418 3057 2459 3088 Et

1397 3108 1474 3132 tunc
1497 3109 1648 3141 processu
1672 3099 1791 3129 litterae
1814 3105 1913 3135 utere,
1938 3099 2074 3130 dicendo
2099 3099 2201 3140 quod,
2226 3101 2251 3130 si
2274 3101 2306 3130 in
2331 3100 2458 3132 Christo

1397 3155 1463 3176 non
1489 3149 1569 3174 esset
1592 3143 1722 3173 scientia
1745 3143 1899 3182 acquisita
1923 3153 1960 3173 ex
1980 3153 2039 3174 suo
2056 3153 2182 3184 genere,
2205 3162 2228 3166 —
2251 3143 2322 3175 dico
2339 3151 2458 3182 autem,

1397 3199 1464 3220 non
1489 3193 1570 3218 esset
1593 3187 1744 3222 omnino,
1769 3187 1887 3217 scilicet
1910 3197 1970 3218 nec
1993 3197 2051 3228 per
2073 3198 2106 3218 se
2133 3198 2192 3218 nec
2216 3198 2272 3228 per
2302 3188 2458 3227 accidens,

1398 3234 1460 3263 hoc
1484 3237 1539 3267 est,
1564 3240 1669 3270 neque
1693 3240 1750 3271 per
1772 3231 2030 3271 acquisitionem,
2055 3241 2136 3272 quae
2161 3238 2207 3262 est
2229 3242 2285 3272 per
2308 3242 2341 3263 se
2364 3242 2459 3273 gene-

1398 3277 1477 3306 ratio
1502 3276 1579 3310 eius,
1603 3284 1662 3305 nec
1685 3284 1742 3315 per
1765 3274 1970 3312 infusionem,
1995 3285 2076 3316 quae
2096 3282 2142 3306 est
2164 3285 2220 3316 per
2239 3276 2382 3307 accidens
2405 3287 2459 3318 ge-

1398 3320 1519 3350 neratio
1545 3319 1627 3349 eius:
1660 3319 1702 3355 si,
1727 3319 1875 3359 inquam,
1906 3320 1939 3350 in
1964 3319 2090 3350 Christo
2120 3330 2187 3350 non
2215 3325 2294 3350 esset
2324 3322 2458 3352 omnino

1398 3363 1529 3393 scientia
1552 3363 1721 3403 aequisita,
1752 3363 1931 3394 intellectus
1954 3373 2050 3404 agens
2074 3370 2154 3394 esset
2177 3365 2209 3394 in
2233 3365 2304 3404 ipso
2328 3361 2470 3402 frustra}

1399 3407 1473 3446 quia
1496 3407 1574 3436 nihil
1598 3412 1679 3437 esset
1701 3407 1878 3447 impediens
1902 3413 1956 3438 aut
1978 3408 2093 3438 tollens
2121 3408 2233 3448 quovis
2256 3408 2356 3438 modo
2381 3418 2458 3449 ope-

1398 3451 1554 3481 rationem
1578 3451 1663 3486 eius,
1695 3456 1726 3481 et
1749 3456 1856 3481 tamen
1878 3461 1946 3482 non
1969 3457 2077 3491 posset
2099 3453 2214 3482 habere
2238 3453 2457 3492 operationem

1399 3504 1499 3524 suam.
1524 3494 1559 3524 In
1581 3494 1685 3525 Adam
1709 3494 1866 3534 siquidem
1890 3496 1989 3525 caruit
2012 3496 2197 3535 operatione
2220 3505 2276 3526 sua
2292 3497 2457 3537 principali

1399 3539 1473 3578 quia
1496 3548 1563 3569 non
1585 3545 1649 3569 erat
1665 3540 1707 3569 ibi
1731 3539 1853 3579 patiens
1877 3539 2065 3579 dispositum
2082 3539 2121 3570 ad
2137 3540 2364 3580 recipiendum,
2383 3542 2456 3580 quia

2284 3608 2315 3633 ¹9

2479 770 2487 779 ⁸
2503 768 2539 789 Cf.
2554 774 2618 790 num.
2633 774 2656 789 ιι.

2479 817 2489 826 ⁴
2504 815 2551 843 Qu.
2567 822 2596 842 w,
2611 815 2639 836 al.
2656 821 2691 837 ιιι,

2480 860 2488 869 ”
2504 858 2540 880 Cf.
2556 865 2620 880 nuru.
2636 864 2681 879 vnn.

2481 1250 2491 1261 ⁸
2506 1249 2541 1271 Cf.
2556 1255 2618 1271 num.
2633 1254 2665 1270 rx.

2486 3059 2496 3070 ⁸
2510 3059 2546 3081 Cf.
2561 3060 2657 3082 Aristot.
2668 3060 2699 3081 de

2485 3087 2577 3112 Anima,
2597 3086 2637 3108 lib.
2657 3086 2696 3114 111,

2486 3119 2696 3161 {¹3⁹⁴T12Y’1222f1‘25
