2872 3970
208 1536 298 1567 ιιιιιι..
317 1557 327 1562 -
357 1535 421 1567 'Inter

209 1573 271 1600 opp.
286 1573 345 1600 Aug.

210 1890 221 1900 ⁴
229 1888 279 1910 Lib.
289 1888 306 1915 1,
317 1894 366 1915 cap.
375 1894 420 1910 χιιι.

456 291 534 338 284

1149 290 1413 337 QUAESTIO
1442 291 1567 338 xxv,
1597 291 1890 329 ARTlcULUs
1917 291 1968 328 vl

1262 425 1583 467 ARTICULUS
1612 423 1822 467 SEXTUS

814 520 969 551 UTRUM
992 518 1262 551 SANCTORUM
1284 517 1519 556 RELIQUIAE

488 658 510 667 ..
537 633 544 646 ι
570 641 614 666 ,4
661 630 683 654 D
711 629 852 655 snxrum
880 629 932 653 s1c
961 627 1195 653 Paocmrrua.
1225 614 1386 651 Videtur
1404 614 1511 663 quod

477 665 525 719 '‘'j‘
661 678 882 707 sanctorum
919 668 1100 718 reliquiae
1137 669 1243 705 nullo
1280 667 1400 704 modo
1439 666 1512 704 sint

645 719 891 760 adorandae.
930 722 1023 758 Non
1051 719 1156 757 enim
1191 728 1246 757 est
1280 718 1423 768 aliquid
1459 719 1512 757 fa·

508 802 518 810 i
637 774 843 811 ciendum
877 774 984 823 quod
1012 773 1132 823 possit
1160 785 1241 810 esse
1277 772 1415 810 erroris
1448 783 1511 809 oc-

448 826 564 864 casio.
595 827 671 864 Sed
699 827 858 863 adorare
887 834 1133 863 mortuorum
1154 825 1333 874 reliquias
1360 824 1513 862 videtur

450 881 499 917 ad
527 891 697 916 errorem
723 879 921 927 gentilium
948 878 1148 928 pertinere,
1177 877 1244 927 qui
1263 876 1425 915 mortuis
1444 878 1512 914 ho-

449 931 618 969 minibus
637 930 974 969 honorificentiam
993 931 1279 980 impendebant.
1310 930 1412 979 Ergo
1431 942 1512 968 non

448 993 537 1021 sunt
565 992 786 1021 sanctorum
813 982 994 1033 reliquiae
1023 983 1286 1020 honorandae.

503 1049 537 1074 2.
568 1038 807 1082 PRAETEREA,
837 1037 995 1074 stultum
1022 1035 1175 1073 videtur
1202 1048 1286 1073 rem
1313 1035 1511 1073 insensibi-

447 1091 524 1127 lem
551 1089 735 1126 venerari.
770 1089 846 1127 Sed
874 1097 1096 1126 sanctorum
1124 1088 1305 1139 reliquiae
1338 1096 1427 1126 sunt
1454 1088 1510 1126 in-

449 1141 643 1180 sensibiles
663 1147 691 1178 “.
726 1142 827 1190 Ergo
857 1143 1014 1179 stultum
1043 1149 1098 1178 est
1125 1153 1189 1179 eas
1217 1141 1402 1179 venerari.

503 1195 536 1232 3.
573 1196 804 1242 Pmnwnm,
834 1207 974 1244 corpus
1002 1202 1203 1232 mortuum
1231 1206 1311 1232 non
1330 1202 1385 1231 est
1413 1193 1510 1232 eius-

448 1248 538 1286 dem
571 1247 709 1297 speciei
744 1260 834 1285 cum
863 1260 1024 1298 corpore
1052 1247 1165 1285 vivo:
1205 1255 1242 1285 et
1274 1259 1344 1298 per
1377 1259 1510 1284 conse-

448 1313 571 1351 quens
599 1312 679 1337 non
706 1299 858 1338 videtur
885 1313 966 1338 esse
995 1312 1160 1338 numero
1190 1299 1304 1338 idem.
1335 1300 1436 1348 Ergo
1455 1299 1511 1338 vi-

448 1355 559 1392 detur
586 1353 694 1403 quod
720 1362 807 1403 post
834 1361 1000 1391 mortem
1029 1352 1189 1392 alicuius
1211 1353 1340 1401 sancti,
1370 1365 1511 1403 corpus

448 1407 529 1444 eius
558 1418 637 1443 non
666 1405 711 1442 sit
739 1407 993 1444 adorandum.

501 1461 574 1497 SED
603 1471 747 1496 CONTRA
771 1472 836 1497 EST
855 1460 962 1509 quod
991 1459 1128 1496 dicitur
1146 1459 1185 1496 in
1205 1459 1301 1496 libro
1321 1460 1366 1496 de
1383 1459 1511 1497 Eccle-

341 1526 355 1540 ’-
414 1534 420 1539 ·
446 1515 541 1550 siast.
562 1513 739 1561 Dogmat.
760 1512 799 1549 *z
827 1514 1049 1550 Sanctorum
1068 1524 1242 1563 corpora,
1263 1517 1296 1548 et
1308 1513 1513 1562 praecipue

447 1568 638 1603 beatorum
666 1571 879 1614 martyrum
908 1565 1092 1615 reliquias,
1121 1578 1167 1603 ac
1184 1567 1218 1602 si
1238 1566 1374 1602 Christi
1396 1577 1512 1602 mem-

447 1621 534 1665 bra,
561 1620 805 1655 sincerissime
841 1619 1036 1655 adoranda
1063 1617 1077 1647 β
1101 1618 1272 1665 (scilicet,
1293 1618 1510 1666 credimus).

447 1672 495 1708 Et
522 1679 655 1720 postea
683 1670 829 1708 subdit:
860 1673 901 1708 Si
926 1673 1005 1720 quis
1032 1677 1162 1708 contra
1181 1673 1279 1708 hanc
1296 1672 1511 1708 sententiam

446 1725 530 1762 velit
558 1736 649 1771 esse,
684 1737 758 1761 non
792 1725 1036 1770 Christianus,
1065 1724 1130 1760 sed
1158 1726 1418 1761 Eunomianus
1436 1729 1451 1751 Υ
1479 1730 1513 1760 et

455 1777 674 1826 Vigilantius
701 1777 874 1813 creditur.
1430 1780 1433 1784 ’

500 1830 725 1867 RESPONDEO
762 1841 944 1866 chENDUM
977 1829 1105 1878 quod,
1143 1828 1239 1866 sicut
1275 1828 1512 1876 Augustinus

448 1881 547 1928 dicit,
577 1881 616 1918 in
643 1882 741 1919 libro
770 1881 815 1918 de
845 1882 923 1919 Ciu.
953 1882 1026 1918 Dei
1042 1881 1076 1924 ²⁸,
1105 1883 1138 1918 si
1158 1887 1319 1930 palerna
1346 1883 1453 1919 vestis
1480 1890 1513 1919 et

449 1935 593 1981 anulus,
622 1947 668 1972 ac
694 1937 727 1972 si
753 1934 841 1984 quid
865 1934 1076 1971 huiusmodi
1101 1939 1164 1980 est,
1192 1939 1292 1970 tanto
1320 1935 1445 1971 carius
1463 1941 1514 1971 est

444 1989 600 2038 posteris
628 1993 764 2037 quanto
791 1998 885 2037 erga
907 1992 1082 2037 parentes
1109 1992 1160 2023 est
1187 1988 1311 2024 maior
1337 1986 1510 2036 affectus,

450 2041 550 2078 nullo
585 2041 695 2078 modo
733 2042 811 2090 ipsa
844 2039 1052 2089 spernenda
1085 2045 1169 2076 sunt
1202 2051 1382 2089 corpora,
1419 2052 1513 2089 quae

450 2095 571 2143 utique
605 2094 718 2130 multo
736 2093 969 2141 familiarius
1002 2098 1111 2142 atque
1138 2094 1367 2129 coniunctius
1401 2105 1513 2142 quam

450 2147 627 2196 quaelibet
647 2147 859 2183 indumenta
872 2151 1079 2195 gestamus:
1096 2147 1188 2182 haec
1207 2146 1306 2182 enim
1325 2145 1376 2182 ad
1395 2147 1513 2195 ipsam

450 2205 622 2236 naturam
658 2200 816 2236 hominis
837 2200 1032 2247 pertinent.
1076 2198 1134 2234 Ex
1169 2210 1248 2247 quo
1276 2205 1379 2247 patet
1406 2199 1513 2247 quod

450 2251 517 2301 qui
546 2252 659 2289 habet
687 2252 870 2289 affectum
898 2251 946 2287 ad
966 2250 1145 2299 aliquem,
1175 2250 1290 2287 etiam
1309 2250 1391 2300 ipsa
1413 2263 1513 2300 quae

450 2305 498 2341 de
518 2304 602 2354 ipso
621 2312 708 2354 post
726 2311 891 2341 mortem
907 2303 1176 2352 relinquuntur
1188 2311 1411 2341 veneratur:
1433 2316 1514 2342 non

451 2359 578 2396 solum
606 2370 746 2407 corpus
775 2364 839 2394 aut
858 2364 983 2405 partes
1002 2355 1174 2405 corporis
1193 2356 1286 2402 eius,
1307 2357 1375 2394 sed
1399 2356 1514 2394 etiam

451 2410 578 2459 aliqua
605 2410 802 2456 exteriora,
831 2417 924 2458 puta
951 2417 1076 2446 vestes
1103 2416 1140 2446 et
1168 2408 1314 2446 similia.
1353 2409 1513 2447 Manife-

451 2471 553 2500 stum
581 2471 636 2500 est
663 2471 792 2501 autem
820 2463 928 2512 quod
948 2469 1099 2499 sanctos
1117 2461 1190 2499 Dei
1208 2462 1248 2499 in
1266 2462 1512 2500 veneratione

503 2591 530 2624 α)
550 2593 721 2618 insensibiles.
739 2607 758 2611 -
777 2600 819 2618 res
838 2593 1001 2618 insensibiles
1019 2593 1048 2622 F,
1067 2593 1231 2618 insensibilia
1249 2600 1366 2626 corpora
1382 2594 1464 2620 tertia.

505 2628 519 2661 β
550 2629 700 2653 adoranda.
718 2642 737 2647 -
754 2628 913 2653 honoranda
932 2628 951 2653 F
971 2633 997 2652 et
1014 2628 1095 2654 tertia.

504 2627 532 2698 γζ
551 2664 740 2689 Eunomianus.
749 2677 770 2682 -
782 2663 981 2696 Eugnomarius
995 2664 1012 2694 1,
1026 2663 1229 2697 Eugnomi‘anus
1242 2664 1264 2694 b,
1281 2665 1514 2698 Eugnominianus

451 2700 494 2730 Pc,
514 2698 689 2732 Eugnoianus
708 2699 798 2730 cezeri;
817 2707 896 2731 porro
919 2699 1115 2732 Vigilantianus
1135 2699 1173 2725 Pl.

503 2733 528 2768 ὃ)
547 2735 673 2766 templum
697 2735 815 2766 Spiritus
839 2734 940 2760 Sancti.
957 2748 977 2753 -
995 2735 1093 2767 templa
1115 2735 1190 2760 tertia
1197 2742 1204 2766 ;
1223 2738 1250 2760 et
1267 2742 1373 2769 organa
1395 2735 1514 2768 Spiritus

454 2770 549 2795 Sancti
566 2778 618 2795 om.
638 2770 689 2795 BE.

506 2804 528 2839 ε)
547 2805 662 2838 gloriam
690 2805 901 2831 resurrectionis.
924 2819 943 2824 —
964 2805 1080 2838 gloriam
1108 2805 1224 2831 rationis
1248 2805 1344 2839 Acpn.
1367 2806 1514 2839 gloriosam

453 2841 673 2866 resurrectionem
691 2840 773 2866 tertia.

1542 516 1709 555 ALIQUO
1732 517 1860 548 MODO
1884 517 1982 548 SINT
2000 517 2272 551 ADORANDAE

1567 612 1757 650 debemus
1784 612 1938 661 habere,
1966 621 2152 663 tanquam
2179 614 2357 653 membra
2383 599 2534 664 Christi,
2557 616 2632 655 Dei

1566 665 1667 703 filios
1696 673 1732 702 et
1750 665 1907 712 amicos,
1937 673 1974 703 et
1991 665 2258 705 intercessores
2276 676 2438 706 nostros.
2467 666 2516 707 Et
2542 669 2630 709 ideo

1567 730 1703 756 eorum
1733 717 1912 767 reliquias
1940 720 2243 770 qualescumque
2280 721 2428 759 honore
2457 733 2628 770 congruo

1566 770 1606 808 in
1625 783 1763 808 eorum
1781 771 2014 809 memoriam
2034 771 2209 810 venerari
2227 773 2433 812 debemus:
2463 781 2500 811 et
2520 771 2631 825 prae-

1566 823 1678 873 cipue
1698 836 1836 861 eorum
1855 836 2029 873 corpora,
2045 837 2146 874 quae
2164 825 2318 863 fuerunt
2337 827 2526 877 templum
2545 825 2629 879 Spi-

1566 876 1659 914 ritus
1688 876 1817 914 Sancti
1835 874 1859 923 ⁶‚
1880 884 1916 913 et
1935 888 2078 925 organa
2103 877 2265 927 Spiritus
2285 878 2413 917 Sancti
2430 878 2471 917 in
2490 878 2544 917 eis
2562 880 2629 918 ha-

1565 929 1716 966 bitantis
1744 937 1781 966 et
1808 929 2014 978 operantis,
2043 938 2079 967 et
2098 938 2187 981 sunt
2207 930 2360 980 corpori
2379 930 2519 969 Christi
2537 944 2629 971 con-

1564 982 1766 1030 figuranda
1797 994 1868 1031 per
1893 982 2055 1030 gloriam
2082 982 2368 1022 resurrectionis
2386 989 2411 1021 ⁸.
2453 984 2565 1023 Unde
2593 991 2631 1022 et

1565 1034 1646 1084 ipse
1674 1035 1781 1072 Deus
1809 1034 2035 1073 huiusmodi
2056 1035 2233 1085 reliquias
2261 1035 2534 1075 convenienter
2559 1037 2630 1083 ho-

1565 1095 1696 1135 norat,
1724 1087 1765 1125 in
1792 1100 1930 1125 eorum
1957 1087 2172 1138 praesentia
2192 1087 2205 1114 ²
2232 1088 2416 1127 miracula
2441 1086 2630 1138 faciendpgj

1618 1142 1676 1178 An
1700 1152 1835 1178 PmMUM
1854 1153 1952 1178 ERGO
1971 1153 2154 1179 mcx-:unum
2181 1142 2289 1191 quod
2316 1142 2412 1180 haee
2439 1141 2507 1181 fuit
2534 1139 2631 1186 ratiti

1564 1192 1767 1242 Vigilantii,
1795 1193 1905 1231 cuius
1927 1193 2047 1231 verba
2075 1193 2281 1232 introducit
2299 1194 2563 1246 Hieronymus
2589 1190 2630 1237 in·

1565 1245 1662 1284 libro
1682 1258 1799 1296 quem
1821 1254 1954 1284 contra
1973 1258 2065 1284 eum
2084 1246 2230 1296 scripsit
2247 1246 2278 1295 *‚
2299 1246 2477 1287 dicentis:
2505 1245 2632 1303 stqfie
2657 1259 2668 1270 ·

1566 1301 1677 1336 ritum
1703 1299 1899 1350 gentilium
1933 1300 2099 1338 videmus
2124 1301 2192 1338 sub
2213 1305 2421 1350 praetextu*
2439 1299 2631 1358 religiiquffs

1566 1352 1833 1390 introductum:
1858 1352 2104 1402 pulvisculum
2131 1355 2253 1391 nescio
2281 1365 2389 1403 quem
2417 1354 2455 1391 in
2483 1348 2629 1397 modim

1565 1405 1728 1452 vasculo,
1750 1406 1914 1455 pretioso
1942 1405 2155 1443 linteamine
2181 1405 2449 1443 circumdatum
2469 1411 2499 1451 η,
2528 1418 2629 1444 oscu-

1565 1458 1681 1495 lantes
1708 1458 1878 1495 adorant.
1914 1458 2057 1495 Contra
2084 1470 2204 1508 quem
2230 1457 2494 1508 Hieronymus
2521 1457 2628 1507 dicit,

1566 1510 1605 1547 in
1633 1509 1804 1559 Epistola
1831 1510 1882 1548 ad
1905 1511 2105 1561 Riparium
2123 1510 2161 1548 *t
2191 1511 2286 1558 Nos,
2315 1523 2389 1548 non
2418 1511 2502 1550 dico
2527 1515 2629 1559 marr
2659 1523 2701 1540 ·;·-
2723 1527 2779 1553 *Α

1565 1569 1694 1612 tyrum
1713 1563 1898 1612 reliquias,
1925 1564 1992 1601 sed
2009 1576 2077 1601 nec
2093 1563 2208 1601 solem
2233 1575 2301 1600 nec
2318 1563 2449 1601 lunam
2477 1575 2545 1602 nec
2562 1565 2630 1609 an-

1565 1616 1670 1666 gelos
1687 1613 1701 1637 0
1729 1616 1944 1663 adoramus,
1973 1615 2113 1653 scilicet
2135 1615 2358 1653 adoratione
2377 1615 2517 1654 latriae.
2545 1614 2630 1662 Ηρ-

1567 1681 1746 1706 noramus
1773 1674 1895 1706 autem
1923 1669 2096 1718 reliquias
2123 1674 2348 1718 martyrum,
2368 1674 2406 1706 ut
2424 1670 2631 1717 eumbcuius

1565 1727 1648 1758 sunt
1682 1727 1870 1770 martyres
1903 1721 2121 1759 adoremus.-
2153 1723 2384 1759 honoramus
2413 1734 2558 1770 servm,
2592 1728 2631 1760 ut

1566 1776 1688 1811 honor
1713 1786 1907 1812 servorum
1937 1774 2113 1811 redundet
2136 1774 2187 1812 ad
2203 1775 2420 1812 Dominum.
2452 1774 2515 1812 Sic
2539 1785 2630 1831 ⁶³39

1567 1827 1798 1864 honorando
1831 1826 2009 1876 reliquias
2037 1834 2259 1864 sanctorum
2286 1838 2368 1865 non
2395 1826 2606 1873 incidimus&
2621 1833 2630 1850 ⁸

1567 1879 1606 1915 in
1635 1891 1805 1916 errorem
1832 1879 2041 1927 gentilium,
2067 1879 2135 1929 qui
2153 1881 2300 1917 cultum
2319 1878 2448 1917 latriae
2467 1874 2631 1923 mortuis

1567 1931 1791 1968 hominibus
1819 1931 2060 1969 exhibebant.
2321 1935 2325 1938 ’

1620 1985 1677 2021 An
1713 1996 1901 2022 SECUNDUM
1936 1996 2117 2022 mCENDUM
2151 1985 2260 2034 quod
2291 1996 2433 2034 corpus
2455 1990 2472 2006 “
2503 1984 2630 2024 insen-

1567 2036 1674 2073 sibile
1702 2049 1783 2074 non
1811 2037 2020 2074 adoramus
2047 2045 2204 2087 propter
2231 2036 2416 2087 seipsum,
2446 2037 2514 2074 sed
2540 2039 2630 2088 pro-

1566 2097 1651 2139 pter
1678 2089 1862 2137 animam,
1892 2101 1992 2139 quae
2021 2089 2055 2126 ei
2073 2090 2141 2127 fuit
2160 2089 2278 2136 unita,
2299 2102 2399 2139 quae
2418 2101 2523 2128 nunc
2539 2090 2630 2132 frui-

1567 2150 1629 2179 tur
1656 2142 1763 2188 Deo;
1799 2149 1835 2179 et
1866 2149 2023 2192 propter
2049 2143 2197 2190 Deum,
2233 2142 2344 2180 cuius
2370 2143 2525 2181 suerunt
2558 2140 2630 2185 mi-⁴

1567 2202 1685 2231 mstr1.
2622 2228 2625 2230 .

1621 2249 1678 2284 An
1705 2259 1865 2285 TER-rium
1892 2259 2074 2285 mCENDuM
2102 2248 2210 2297 quod
2237 2259 2379 2298 corpus
2401 2247 2631 2297 mortuum*

1538 2282 1542 2508 Ι
1567 2299 1727 2337 alicuius
1746 2299 1865 2339 sancti
1892 2312 1973 2338 non
1992 2308 2048 2337 est
2066 2300 2167 2338 idem
2189 2312 2354 2338 numero
2377 2301 2484 2351 quod
2498 2300 2630 2353 primi)

1566 2353 1678 2390 fuerit
1696 2353 1792 2390 dum
1811 2353 1957 2391 viveret
1970 2353 2000 2401 ³³,
2020 2361 2178 2404 propter
2196 2353 2454 2392 diversitatem
2469 2353 2629 2403 sprmae',
2657 2364 2669 2377 ·

1567 2418 1667 2455 quae
1696 2414 1751 2443 est
1779 2405 1928 2444 anima:
1958 2414 2014 2443 est
2039 2414 2171 2444 tamen
2195 2405 2303 2444 idem
2328 2405 2522 2445 identitate
2546 2417 2629 2451 mg·

1565 2458 1680 2496 teriae
1704 2459 1741 2507 *,
1771 2471 1871 2508 quae
1899 2467 1955 2496 est
1981 2459 2121 2497 iterum
2153 2471 2247 2498 suae
2272 2460 2419 2497 formae
2446 2458 2627 2507 unienda„
2656 2471 2667 2483 ·

1538 2598 1541 2623 Ι
1618 2594 1644 2628 ζ)
1658 2596 1824 2627 praesentia.
1841 2609 1861 2615 -
1872 2596 2056 2628 praesentiam
2077 2596 2112 2626 P;
2128 2596 2213 2625 Alias,
2227 2596 2384 2629 praesentia
2402 2602 2495 2630 margo
2511 2577 2543 2627 15,

1619 2629 1646 2662 η)
1664 2631 1868 2657 circumdatum.
1885 2646 1906 2651 —
1922 2631 2024 2663 Tertia;
2042 2631 2219 2658 circumdato.

1619 2664 1644 2700 θ)
1662 2667 1782 2700 angelos.
1798 2681 1818 2686 -
1835 2666 1878 2692 EF
1897 2672 1924 2692 et
1940 2667 2028 2698 tertia;
2051 2667 2163 2701 angelos
2183 2673 2270 2700 agnos
2290 2666 2366 2697 ABG,
2388 2666 2495 2701 angl'os
2516 2664 2630 2702 anselm
2658 2650 2660 2655 ³

1566 2701 1589 2726 D
1608 2702 1655 2726 sed
1674 2703 1818 2727 secundum
1837 2702 1967 2735 expungit,
1985 2703 2096 2736 angelos
2113 2709 2161 2728 nec
2177 2709 2264 2736 agnos
2282 2702 2323 2728 ed.
2341 2709 2367 2728 a.

1620 2736 1640 2770 ι)
1659 2737 1809 2763 incidimus.
1822 2752 1842 2756 -
1854 2737 1941 2763 Tertia
1960 2743 2060 2770 praeter
2077 2737 2134 2770 pG;
2153 2737 2313 2763 incidimus
2326 2737 2357 2769 E,
2376 2737 2526 2764 indm-s
2542 2738 2630 2764 Μ

1621 2771 1647 2806 κ)
1665 2780 1771 2805 corpus.
1787 2787 1807 2792 -
1824 2780 1921 2806 corpus
1939 2773 1987 2798 illia
2002 2773 2036 2805 G,
2053 2780 2150 2806 corpus
2169 2773 2236 2798 illud
2254 2772 2275 2798 F
2293 2778 2320 2798 et
2337 2778 2423 2799 cetera
2440 2772 2525 2800 urnis
2550 2786 2553 2789 Δ
2595 2786 2599 2803 ;
2619 2786 2625 2792 s

1621 2807 1649 2842 λ)
1669 2811 1811 2835 mortuum.
1823 2823 1843 2827 —
1854 2809 1955 2834 mortui
1967 2808 2036 2841 PG15
2053 2808 2138 2839 Alias,
2152 2811 2287 2834 mortuum
2300 2815 2392 2842 margo
2402 2809 2433 2835 P.
2443 2821 2463 2828 —
2474 2806 2629 2844 prom

1562 2842 1621 2876 suit
1639 2843 1699 2875 ΡΗ,
1710 2844 1771 2877 suit
1789 2850 1849 2878 post
1866 2844 1967 2870 viveret
1985 2844 2023 2874 bc,
2042 2851 2095 2870 om.
2114 2843 2147 2870 G.
2531 2844 2533 2846 ’
2548 2844 2551 2846 ’

1125 2921 1460 2954 commentaria
1481 2921 1734 2955 Cant-ainans
1756 2923 1956 2957 Caietam

514 3010 619 3030 mnus
644 3001 744 3030 clarus
769 3005 824 3030 est.
848 3018 871 3022 -
894 3000 929 3030 ln
948 3009 1084 3040 corpore
1105 3000 1227 3030 articuli
1250 3000 1345 3030 unica
1368 3005 1414 3030 est
1436 3009 1514 3030 con—

515 3044 625 3080 clusio,
651 3044 818 3084 dupliciter
840 3044 982 3083 probata.

510 3088 685 3118 Conclusio
702 3094 764 3118 est:
788 3088 952 3128 Reliquias
967 3092 1155 3118 sanctorum
1170 3088 1417 3128 qualescumque
1438 3097 1515 3119 con—

453 3141 539 3172 gruo
563 3132 686 3162 honore
709 3132 858 3162 venerari
880 3132 1036 3167 debemus,
1060 3137 1091 3162 et
1107 3132 1283 3172 praecipue
1307 3141 1420 3162 eorum
1443 3141 1515 3163 cor-

450 3184 546 3214 pora.
570 3176 724 3205 Probatur
746 3176 861 3214 primo,
886 3175 1027 3205 Affectus
1045 3176 1148 3212 alicui,
1165 3181 1333 3206 veneratur
1353 3177 1448 3207 etiam
1464 3176 1517 3207 illa

456 3227 537 3257 quae
561 3218 600 3249 de
624 3219 693 3258 ipso
717 3224 789 3258 post
812 3224 949 3248 mortem
971 3219 1204 3259 relinquuntur.
1229 3219 1291 3251 Sed
1314 3226 1439 3251 sanctos
1455 3220 1516 3251 Dei

456 3271 653 3292 veneramur.
688 3262 772 3301 Ergo
804 3271 916 3291 eorum
947 3262 1094 3302 reliquias
1117 3264 1259 3294 venerari
1284 3263 1454 3300 debemus,
1486 3269 1517 3294 et

457 3307 626 3345 praecipue
657 3314 770 3335 eorum
801 3314 943 3345 corpora.
972 3323 993 3327 -
1018 3306 1119 3336 Maior
1149 3308 1301 3346 probatur
1330 3309 1516 3338 auctoritate

458 3349 636 3388 Augustini.
660 3368 682 3371 —
706 3349 811 3379 Minor
834 3349 986 3388 probatur
1007 3359 1043 3379 ex
1061 3355 1212 3389 quatuor:
1238 3352 1312 3391 quia
1328 3352 1427 3382 sancti
1442 3357 1516 3382 sunt

1538 2997 1542 3025 Ι
1568 2999 1685 3031 Christi
1707 3002 1869 3038 membra;
1904 3003 1980 3043 quia
2002 3002 2063 3033 Dei
2085 3002 2159 3040 filii;
2190 3004 2266 3044 quia
2288 3004 2398 3040 amici;
2429 3003 2505 3044 quia
2529 3003 2630 3035 affl

1567 3045 1799 3076 intercessores.
1823 3063 1844 3068 -
1867 3046 1941 3076 Pars
1964 3051 2071 3078 autem
2092 3046 2272 3087 specificata
2286 3048 2320 3078 in
2335 3047 2553 3084 conclusione,
2568 3045 2629 3079 oei·

1567 3089 1658 3125 licet,
1684 3090 1861 3130 praecipue
1889 3099 2002 3121 eorum
2030 3100 2187 3132 corpora,
2211 3090 2430 3122 manifestatur
2450 3100 2490 3122 ex
2511 3091 2627 3123 tribus:

1569 3133 1645 3172 quia
1667 3133 1787 3173 templa
1810 3134 1943 3174 Spiritus
1962 3134 2069 3166 Sancti
2092 3135 2309 3173 inhabitantis3
2333 3136 2410 3176 quia
2424 3134 2629 3176 organaSpl·

1568 3177 1646 3213 ritus
1670 3176 1776 3207 Sancti
1799 3179 1959 3218 operantis
1982 3188 2040 3219 per
2063 3189 2100 3210 ea
2122 3179 2268 3216 fuerunt;
2300 3180 2375 3221 quia
2397 3184 2471 3211 sunt
2499 3178 2630 3220 corpori

1570 3220 1687 3251 Christi
1710 3220 1948 3261 configuranda.

1624 3264 1773 3295 Secundo
1807 3267 1960 3305 probatur
1994 3267 2171 3298 conclusio.
2206 3267 2291 3306 Quia
2324 3267 2411 3298 Deus
2445 3272 2628 3299 sanctorum

1569 3308 1717 3348 reliquias
1749 3309 1887 3340 honorat
1919 3310 2089 3342 miraculis.
2125 3311 2211 3352 Ergo
2244 3316 2276 3342 et
2306 3320 2367 3342 nos
2394 3310 2547 3342 debemus
2568 3310 2628 3342 ho-

1570 3362 1692 3383 nora-re.

1526 3506 1802 3539 OQ—
