2872 3970
96 699 103 707 .
116 684 191 707 XXIX

85 1514 192 1537 :nn-Sum.

58 1541 192 1590 ιζ’,ξέἓῑ

62 2147 67 2169 ἴ
91 2157 98 2166 ι
111 2154 142 2171 νι.
152 2153 193 2170 an.

66 2277 73 2280 .‚
117 2249 193 2277 ptem.

76 2287 78 2289 >
100 2281 123 2303 y,
128 2279 182 2299 nrm
188 2291 194 2297 .

66 2438 85 2473 ’ἓῖ
97 2459 157 2487 vm,
165 2460 194 2482 ιι.

68 2511 71 2520 (
92 2497 110 2508 ⁸.
125 2492 159 2509 ΙΙΙ.

895 278 1157 325 QUAESTIO
1187 279 1305 324 LVII,
1340 277 1631 315 ARTICULUS
1658 278 1704 314 III

217 365 271 395 set
297 358 496 396 videntibus
524 358 706 407 discipulis
738 357 876 393 elevari
902 358 938 392 in
968 357 1122 402 caelum,
1152 363 1194 392 ut
1222 355 1275 392 di-

217 410 315 448 citur
339 411 420 447 Act.
442 410 500 447 1³¹⁶.
540 411 642 458 Ergo
669 409 820 446 videtur
854 409 960 457 quod
997 408 1168 446 Christus
1196 420 1276 445 non

218 462 430 500 ascenderit
456 462 611 512 propria
638 462 788 499 virtute.

237 537 244 549 2
272 515 346 552 Si-:u
381 527 526 552 CONTRA
558 527 624 552 EST
660 514 768 563 quod
804 513 940 550 dicitur
975 513 1092 551 Isaiae
1130 525 1210 551 Lxm
1234 513 1274 550 *ε

218 570 292 605 Iste
316 569 512 616 formosus
539 569 576 604 in
604 568 696 604 stola
730 579 816 612 sua,
844 567 1021 616 gradiens
1053 568 1090 603 in
1119 567 1276 603 multitu-

217 621 303 657 dine
319 620 551 668 fortitudinis
577 631 676 657 suae.
707 620 755 656 Et
783 619 989 667 Gregorius
1017 618 1116 666 dicit,
1138 618 1177 655 in
1196 619 1276 655 Ho-

218 672 323 714 milia
348 673 582 711 Ascensionis
600 671 639 709 *z
669 672 887 710 Notandum
916 678 967 709 est
994 672 1092 721 quod
1116 673 1219 709 Elias
1238 673 1275 708 in

218 722 332 763 curru
350 725 486 775 legitur
503 725 726 762 ascendisse:
746 730 783 761 ut
799 725 964 762 videlicet
982 730 1108 774 aperte
1126 724 1276 761 demon-

217 782 396 816 straretur
414 777 629 827 quiarhomo
643 790 762 827 purus
780 777 963 815 adiutorio
987 777 1174 827 indigebat
1192 777 1276 814 alie-

219 842 280 868 no.
307 830 535 880 Redemptor
556 836 678 867 autem
707 836 829 867 noster
857 842 931 869 non
960 842 1085 875 curru,
1107 842 1180 867 non
1210 842 1276 866 an-

217 883 310 933 gelis
336 883 542 920 sublevatus
569 883 725 932 legitur:
757 884 842 931 quia
871 884 934 932 qui
948 883 1096 930 fecerat
1131 885 1275 928 omnia,

217 947 329 986 super
355 937 482 973 omnia
508 947 576 972 sua
604 937 735 973 virtute
750 936 959 983 ferebatur.

272 988 494 1025 RESPONDEO
527 999 708 1026 DICENDUM
733 987 841 1036 quod
874 987 915 1025 in
944 987 1094 1024 Christo
1127 995 1183 1024 est
1211 987 1277 1024 du-

218 1041 306 1090 plex
342 1048 497 1086 natura,
535 1040 665 1078 divina
701 1040 839 1078 scilicet
875 1048 911 1076 et
945 1041 1127 1077 humana.
1166 1039 1277 1078 Unde

220 1093 436 1130 secundum
464 1100 668 1142 utramque
697 1101 873 1130 naturam
901 1100 1025 1142 potest
1043 1092 1163 1142 accipi
1190 1105 1278 1142 pro-

218 1145 302 1195 pria
328 1145 448 1182 virtus
477 1145 569 1183 eius.
609 1146 686 1183 Sed
711 1146 930 1195 secundum
964 1146 1178 1182 humanam
1213 1157 1278 1182 na-

218 1205 346 1235 turam
373 1205 497 1247 potest
530 1198 649 1248 accipi
687 1198 828 1247 duplex
855 1198 975 1235 virtus
1005 1197 1155 1235 Christi.
1193 1198 1279 1235 Una

219 1250 379 1300 quidem
398 1250 590 1297 naturalis,
611 1263 710 1300 quae
729 1250 901 1300 procedit
929 1263 975 1287 ex
993 1249 1187 1300 principiis
1213 1262 1278 1287 na-

218 1310 338 1347 turae.
367 1303 416 1340 Et
442 1303 505 1340 tali
524 1302 660 1341 virtute
689 1303 934 1340 manifestum
962 1311 1017 1339 est
1035 1303 1142 1352 quod
1172 1302 1279 1340 Chri-

220 1363 299 1392 stus
320 1360 337 1376 α
364 1368 444 1393 non
472 1355 651 1392 ascendit.
681 1356 766 1393 Alia
793 1363 920 1392 autem
942 1355 1061 1392 virtus
1085 1354 1124 1392 in
1143 1356 1279 1392 huma-

219 1420 270 1445 na
297 1415 433 1445 natura
451 1407 466 1437 β
494 1416 549 1445 est
575 1408 696 1445 virtus
723 1409 875 1456 gloriae.
907 1408 1133 1446 Secundum
1161 1420 1279 1457 quam

221 1459 392 1498 Christus
420 1461 460 1497 in
488 1462 638 1499 caelum
667 1460 846 1500 ascendit.

274 1513 395 1551 Cuius
414 1513 573 1562 quidem
592 1514 739 1551 virtutis
759 1514 947 1551 rationem
966 1513 1126 1562 quidam
1144 1513 1164 1535 '¹‘
1185 1513 1280 1551 acci-

218 1565 331 1615 piunt
358 1578 404 1603 ex
431 1573 567 1603 natura
595 1566 749 1616 quintae
776 1566 971 1612 essentiae,
992 1578 1091 1615 quae
1120 1574 1175 1602 est
1203 1568 1279 1612 lux,

219 1626 262 1655 ut
290 1618 442 1665 dicunt,
472 1631 591 1668 quam
627 1627 778 1668 ponunt
815 1632 896 1656 esse
925 1619 972 1656 de
1001 1619 1280 1668 compositione

219 1671 383 1708 humani
411 1671 594 1721 corporis,
615 1680 651 1717 et
671 1685 741 1722 per
768 1685 855 1709 eam
874 1677 889 1700 Υ
918 1673 1106 1709 elementa
1133 1680 1280 1709 contra-

220 1723 275 1761 ria
303 1723 494 1761 conciliari
522 1725 562 1761 in
590 1737 726 1763 unum.
756 1725 809 1762 Ita
837 1724 944 1774 quod
971 1724 1011 1762 in
1040 1732 1137 1761 statu
1165 1725 1281 1762 huius

219 1777 456 1814 mortalitatis
475 1785 610 1814 natura
638 1777 877 1815 elementaris
896 1777 936 1814 in
955 1777 1181 1826 corporibus
1209 1778 1280 1814 hu-

220 1828 345 1866 manis
373 1829 611 1867 dominatur:
652 1838 687 1866 et
714 1830 822 1875 ideo,
852 1830 1068 1867 secundum
1104 1838 1282 1868 naturam

221 1881 400 1919 elementi
426 1882 769 1931 praedominanfis,
799 1895 940 1931 corpus
968 1883 1189 1919 humanum
1215 1895 1282 1919 na-

219 1934 332 1972 turali
349 1933 487 1972 virtute
517 1935 701 1972 deorsum
719 1935 846 1982 fertur.
877 1935 918 1971 In
938 1941 1036 1972 statu
1056 1942 1185 1972 autem
1204 1936 1282 1982 glo-

221 1985 298 2035 riae
317 1987 672 2039 praedominabitur
686 1995 822 2024 natura
836 1987 1022 2025 caelestis:
1044 1988 1260 2024 secundum
1270 1985 1283 2009 ὅ

220 2039 331 2077 euius
367 2039 654 2078 inclinationem
681 2048 717 2077 et
744 2040 925 2078 virtutem
952 2052 1092 2088 corpus
1122 2040 1280 2086 Christi,

221 2098 258 2129 et
285 2091 358 2130 alia
376 2100 598 2133 sanctorum
617 2105 790 2142 corpora,
810 2092 983 2132 feruntur
1009 2091 1049 2128 in
1075 2093 1237 2130 caelum.
1258 2115 1283 2118 —

222 2142 299 2193 Sed
327 2145 375 2182 de
403 2145 476 2182 hac
504 2145 686 2194 opinione
715 2153 751 2182 et
779 2145 819 2182 in
847 2144 976 2182 Prima
998 2145 1108 2181 Parte
1127 2144 1147 2166 '¹‘
1174 2144 1281 2182 habi-

221 2204 305 2235 tum
333 2205 409 2243 est;
447 2203 484 2234 et
509 2196 606 2234 infra
642 2197 763 2246 magis
790 2205 942 2245 agetur,
971 2196 1010 2234 in
1038 2205 1197 2234 tractatu
1235 2197 1282 2234 de

221 2249 498 2287 resurrectione
526 2250 727 2292 communi
745 2250 775 2287 ²¹⁸.

274 2300 359 2340 Hac
395 2311 524 2340 autem
561 2302 744 2352 opinione
781 2302 1067 2352 praetermissa,
1097 2301 1158 2339 alii
1194 2302 1282 2340 assi-

220 2362 338 2404 gnant
365 2355 552 2393 rationem
579 2355 794 2405 praedictae
822 2355 968 2392 virtutis
997 2368 1044 2392 ex
1070 2363 1175 2404 parte
1204 2355 1282 2392 ani-

221 2419 308 2446 mae
335 2407 577 2456 glorificatae,
607 2421 654 2446 ex
681 2408 790 2446 cuius
819 2408 1071 2447 redundantia
1098 2407 1282 2456 glorifica-

221 2459 324 2506 bitur
341 2473 494 2511 corpus,
515 2469 556 2498 ut
575 2461 811 2510 Augustinus
831 2461 930 2508 dicit,
951 2461 1002 2498 ad
1012 2461 1236 2498 Dioscorum
1250 2460 1280 2497 ²⁸.

222 2512 303 2559 Erit
331 2513 435 2551 enim
466 2521 570 2551 tanta
602 2513 818 2552 obedientia
855 2514 1025 2563 corporis
1053 2513 1207 2561 gloriosi
1234 2513 1283 2550 ad

276 2643 303 2676 α)
325 2644 455 2670 Christus.
473 2658 492 2663 —
510 2644 536 2669 in
555 2644 656 2670 caelum
675 2645 773 2669 addunt
792 2645 830 2670 ΡΙ.

277 2678 303 2713 β)
323 2682 430 2704 natura.
448 2693 468 2698 -
487 2679 588 2704 Christi
606 2680 703 2704 addunt
721 2680 742 2704 E
761 2685 787 2704 et
804 2679 887 2705 tertia.

275 2714 303 2774 ἔ)
321 2715 509 2776 ²535„st
520 2719 583 2775 ‘332‘
601 2715 812 2776 &stiffi-3133*
827 2715 940 2775 {95³5}
951 2715 1037 2740 mi·

277 2749 300 2820 εξ
318 2756 398 2811 ivolet.
415 2799 434 2804 -
452 2769 507 2810 esse
534 2769 636 2811 addunt,
651 2785 716 2811 Hbc.
741 2769 791 2810 Prd
805 2758 868 2812 ‘ira
891 2769 1025 2818 protinus,
1039 2785 1168 2818 protinus
1187 2786 1239 2811 erit
1257 2786 1285 2811 Ρ.

223 2820 287 2846 Post
303 2820 407 2853 aliquid
424 2821 521 2846 addunt
539 2821 651 2853 spiritus
670 2821 763 2846 PEIsG
782 2825 807 2846 et
824 2829 847 2846 c.
867 2821 917 2846 Pro
935 2821 1068 2853 spiritum,
1087 2821 1196 2853 spiritui
1210 2821 1285 2846 ABG.

2310 277 2378 314 531

1331 356 1501 393 animam
1529 356 1680 392 beatam
1709 363 1762 401 ut,
1783 356 1878 392 sicut
1906 355 2140 403 Augustinus
2164 355 2263 400 dicit,
2284 356 2386 391 XXII

1330 409 1374 446 de
1401 410 1479 446 Civ.
1499 410 1572 445 Dei
1587 408 1618 455 ²⁸,
1640 410 1703 445 uhi
1728 409 1822 446 volet
1836 414 1847 429 ²
1875 410 2031 458 spiritus,
2052 410 2103 445 ibi
2129 410 2195 444 erit
2217 409 2387 457 protinus

1330 474 1483 510 corpus:
1512 474 1579 498 nec
1596 462 1690 499 volet
1709 462 1850 510 aliquid
1875 462 1974 510 quod
1991 474 2057 497 nec
2084 462 2250 510 spiritum
2272 462 2388 510 possit

1330 514 1460 551 decere
1479 526 1546 550 nec
1565 526 1709 563 corpus.
1734 515 1852 550 Decet
1871 522 2000 551 autem
2020 526 2159 562 corpus
2178 513 2387 560 gloriosum

1331 574 1366 603 et
1394 566 1607 604 immortale
1637 579 1717 603 esse
1746 566 1785 603 in
1813 568 1898 603 loco
1927 566 2090 611 caelesti,
2121 565 2215 602 sicut
2243 565 2388 602 dictum

1331 627 1386 655 est
1404 619 1434 655 ³¹².
1465 620 1512 656 Et
1540 619 1626 655 ideo
1651 631 1697 655 ex
1716 619 1853 655 virtute
1882 619 2031 656 animae
2059 618 2220 655 volentis
2248 630 2388 666 corpus

1333 671 1471 708 Christi
1499 671 1668 708 ascendit
1695 671 1734 708 in
1762 673 1923 708 caelum.

1385 724 1490 761 Sicut
1518 732 1646 761 autem
1675 736 1815 773 corpus
1843 724 2004 761 efficitur
2035 723 2245 772 gloriosum
2265 723 2292 770 ζ,
2322 722 2387 769 ita,

1331 784 1374 813 ut
1400 776 1637 825 Augustinus
1665 776 1764 823 dicit,
1785 790 1896 826 super
1921 779 2030 814 Ioan.
2050 777 2082 822 '⁸'
2105 778 2390 826 participatione

1330 831 1404 866 Dei
1417 832 1468 877 fit
1495 831 1623 866 anima
1651 831 1768 866 beata.
1807 829 1917 866 Unde
1955 829 2080 878 prima
2117 829 2223 877 origo
2259 840 2389 866 ascen-

1332 881 1448 919 sionis
1486 882 1525 918 in
1553 882 1704 919 caelum
1736 888 1822 919 est*
1850 882 1970 919 virtus
2005 881 2145 918 divina.
2186 882 2248 919 Sic
2280 881 2391 930 igitur

1334 934 1506 971 Christus
1534 934 1702 971 ascendit
1721 933 1760 971 in
1779 936 1929 971 caelum
1956 934 2112 983 propria
2130 934 2285 971 virtute:
2314 933 2389 983 pri-

1332 1000 1398 1024 mo
1428 987 1606 1036 quidem,
1636 987 1772 1023 virtute
1810 986 1960 1032 divina;
1999 987 2191 1033 secundo,
2220 987 2357 1024 virtute
2377 983 2389 1007 θ

1333 1039 1483 1077 animae
1511 1039 1741 1088 glorificatae
1769 1040 1959 1076 moventis
1987 1052 2127 1089 corpus
2155 1048 2269 1088 prout
2296 1040 2388 1075 vult.

1386 1093 1442 1129 AD
1472 1105 1606 1129 PRIMUM
1634 1105 1732 1129 ERGO
1751 1104 1932 1130 DICENDUM
1960 1093 2077 1141 quod,
2099 1092 2195 1129 sicut
2219 1092 2391 1129 Christus

1333 1144 1471 1181 dicitur
1504 1145 1659 1193 propria
1687 1144 1823 1181 virtute
1856 1145 2076 1191 surrexisse,
2107 1153 2143 1181 et
2176 1153 2304 1181 tamen
2337 1152 2392 1180 est

1334 1197 1534 1234 suscitatus
1570 1210 1592 1234 a
1620 1198 1750 1243 Patre,
1781 1209 1826 1234 eo
1864 1198 1972 1246 quod
2009 1205 2062 1233 est
2100 1198 2235 1234 eadem
2272 1197 2390 1234 virtus

1334 1250 1453 1287 Patris
1482 1258 1517 1286 et
1545 1249 1647 1295 Filii;
1685 1249 1735 1286 ita
1767 1249 1881 1286 etiam
1919 1249 2091 1286 Christus
2127 1250 2282 1299 propria
2318 1249 2391 1286 vir-

1333 1310 1412 1339 tute
1447 1301 1616 1339 ascendit
1650 1301 1689 1338 In
1724 1303 1891 1348 caelum,
1923 1310 1958 1338 et
1989 1310 2118 1339 tamen
2146 1315 2168 1339 a
2196 1304 2305 1339 Patre
2338 1309 2393 1338 est

1335 1356 1504 1392 elevatus
1533 1363 1568 1391 et
1596 1363 1827 1404 assumptus.

1387 1409 1444 1444 AD
1479 1420 1668 1445 sECUNDUM
1694 1420 1876 1446 DICENDUM
1912 1409 2017 1457 quod
2046 1408 2139 1445 ratio
2168 1408 2229 1444 illa
2256 1408 2393 1456 probat

1335 1461 1442 1510 quod
1481 1460 1653 1497 Christus
1682 1473 1762 1497 non
1799 1461 2008 1498 ascenderit
2045 1461 2084 1498 in
2119 1462 2268 1498 caelum
2305 1473 2392 1509 pro—

1334 1513 1417 1562 pria
1436 1513 1573 1550 virtute
1593 1525 1691 1562 quae
1721 1521 1775 1550 est
1802 1514 1996 1551 humanae
2015 1522 2173 1551 naturae
2201 1513 2391 1550 naturalis.

1334 1565 1515 1603 Ascendit
1542 1573 1672 1602 tamen
1700 1565 1739 1602 in
1768 1568 1918 1603 caelum
1945 1567 2100 1616 propria
2127 1566 2264 1603 virtute
2293 1578 2392 1615 quae

1336 1627 1391 1656 est
1426 1618 1545 1655 virtus
1584 1617 1731 1664 divina;
1770 1627 1806 1655 et
1839 1619 1994 1668 propria
2030 1619 2167 1656 virtute
2203 1631 2302 1668 quae
2339 1626 2394 1656 est

1336 1671 1486 1708 animae
1506 1671 1650 1708 beatae.
1674 1672 1722 1708 Et
1740 1671 1824 1708 licet
1843 1672 2046 1708 ascendere
2067 1684 2221 1709 sursum
2241 1671 2285 1708 sit
2304 1683 2393 1708 con-

1336 1732 1391 1761 tra
1420 1731 1597 1761 naturam
1625 1724 1786 1761 humani
1814 1725 1984 1773 corporis
2013 1725 2227 1761 secundum
2255 1732 2394 1761 statum

1335 1784 1588 1826 praesentem,
1609 1776 1648 1814 in
1668 1789 1746 1825 quo
1776 1789 1916 1826 corpus
1935 1789 2015 1814 non
2043 1785 2098 1814 est
2126 1777 2285 1814 omnino
2305 1777 2393 1813 sub-

1337 1829 1479 1866 iectum
1507 1828 1675 1877 spiritui;
1705 1841 1785 1866 non
1813 1837 1942 1866 tamen
1968 1829 2036 1866 erit
2059 1837 2191 1866 contra
2218 1837 2395 1866 naturam

1336 1894 1463 1930 neque
1500 1881 1714 1918 violentum
1738 1887 1745 1902 ‘
1778 1881 1930 1931 corpori
1965 1881 2150 1930 glorioso,
2181 1881 2290 1919 cuius
2318 1889 2396 1918 tota

1337 1942 1472 1971 natura
1501 1941 1555 1970 est
1583 1933 1743 1970 omnino
1773 1934 1941 1971 subiecta
1969 1934 2125 1983 spiritui.

1389 1988 1446 2024 AD
1473 1999 1632 2024 TERTIUM
1659 1999 1840 2024 DlCENDUM
1867 1988 1994 2036 quod,
2025 1987 2091 2024 etsi
2118 1987 2238 2024 virtus
2266 1986 2396 2024 divina

1337 2039 1382 2076 sit
1409 2038 1571 2084 infinita,
1602 2047 1638 2075 et
1665 2038 1811 2076 infinite
1840 2048 2018 2088 operetur
2045 2047 2234 2088 quantum
2263 2048 2318 2076 est
2350 2053 2396 2076 ex

1336 2100 1442 2140 parte
1462 2091 1665 2140 operantis,
1686 2098 1815 2128 tamen
1843 2092 2000 2128 effectus
2019 2092 2166 2129 virtutis
2194 2092 2275 2128 eius
2303 2092 2395 2129 reci-

1336 2144 1438 2193 pitur
1466 2143 1505 2181 in
1533 2144 1647 2180 rebus
1676 2144 1890 2181 secundum
1919 2156 2053 2181 earum
2081 2144 2338 2194 capacitatem,
2360 2153 2396 2181 et

1336 2196 1552 2234 secundum
1571 2195 1643 2233 Dei
1663 2195 1964 2245 dispositionem.
1996 2197 2147 2246 Corpus
2166 2205 2295 2234 autem
2314 2209 2394 2234 non

1337 2257 1392 2286 est
1411 2261 1531 2298 capax
1557 2256 1598 2285 ut
1624 2249 1663 2285 in
1691 2249 1843 2286 instanti
1861 2250 2028 2286 localiter
2054 2258 2274 2287 moveatur:
2305 2250 2395 2299 quia

1337 2309 1485 2351 oportet
1513 2301 1620 2350 quod
1647 2301 1916 2338 commetiatur
1943 2315 1982 2339 se
2011 2302 2150 2352 spatio,
2179 2303 2394 2339 secundum

1337 2354 1446 2392 cuius
1475 2353 1704 2391 divisionem
1733 2354 1914 2392 dividitur
1940 2363 2112 2404 tempus,
2142 2362 2184 2392 ut
2210 2355 2395 2404 probatur

1335 2408 1385 2444 VI
1412 2407 1559 2456 Physic.
1580 2406 1600 2428 ’β
1628 2407 1675 2444 Et
1703 2406 1790 2444 ideo
1829 2419 1908 2444 non
1937 2415 2087 2456 oportet
2119 2408 2225 2456 quod
2253 2420 2394 2457 corpus

1337 2467 1490 2497 motum
1524 2472 1546 2496 a
1573 2460 1656 2496 Deo
1694 2468 1897 2497 moveatur
1933 2459 1972 2497 in
2004 2460 2172 2497 instanti:
2209 2461 2276 2497 sed
2310 2473 2393 2498 mo-

1336 2520 1448 2551 vetur
1476 2525 1521 2549 ea
1547 2512 1745 2549 velocitate
1774 2525 1851 2561 qua
1878 2513 1984 2550 Deus
2013 2512 2189 2562 disponit.

1390 2643 1415 2674 t>
1435 2644 1590 2676 gloriosum.
1602 2658 1621 2662 —
1632 2644 1723 2668 anima
1741 2644 1818 2669 beata
1837 2644 1906 2668 addit
1924 2643 1966 2674 sC,
1981 2643 2191 2675 participatione
2208 2644 2314 2668 animae
2326 2644 2395 2669 addit

1338 2680 1364 2705 Ρ.
1385 2679 1462 2704 Sicut
1479 2682 1595 2704 autem...
1614 2679 1734 2704 ascendit
1753 2679 1778 2703 in
1798 2680 1899 2704 caelum
1919 2687 1971 2703 om.
1990 2679 2020 2703 E.

1390 2717 1417 2747 η)
1437 2718 1484 2739 est.
1502 2729 1522 2733 —
1540 2715 1577 2739 Fa
1596 2719 1622 2738 et
1639 2715 1727 2746 tertia;
1739 2715 1798 2747 fuit
1816 2715 1846 2745 B,
1864 2722 1917 2739 om.
1936 2714 2018 2745 ACD;
2038 2722 2084 2746 pro
2104 2714 2124 2738 E
2143 2714 2175 2739 cf.
2194 2714 2217 2743 ζ.

1390 2748 1415 2783 0)
1435 2751 1542 2775 virtute.
1559 2764 1579 2768 —
1597 2749 1687 2774 PFIsG
1706 2755 1731 2774 et
1749 2757 1796 2778 ac,·
1815 2757 1867 2774 om.

1396 2787 1414 2818 ι)
1434 2786 1587 2810 violentum.
1603 2799 1623 2803 -
1641 2785 1765 2809 PF'GsCD
1784 2792 1801 2809 a
1820 2790 1846 2809 et
1863 2784 2002 2815 editiones;
2027 2785 2155 2809 violenter
2173 2785 2246 2817 ΗΡΕ,
2265 2785 2395 2810 violentus

1339 2821 1424 2846 ceteri.

895 2900 1230 2933 CommentarIa
1250 2899 1502 2932 Car-(linaiis
1525 2899 1723 2931 Caietam

226 2988 392 3051 Taunus
407 2978 601 3008 clarus.—In
622 2987 757 3019 corpore
778 2979 901 3009 articuli
921 2979 1087 3010 conclusio
1109 2985 1171 3010 est:
1192 2979 1284 3010 chri-

284 3027 352 3053 stus
378 3022 523 3052 ascendit
549 3021 581 3052 in
608 3022 733 3052 caelum
756 3023 896 3063 propria
919 3023 1056 3054 virtute:
1077 3024 1186 3064 primo
1214 3023 1284 3064 qui-

225 3066 306 3102 dem,
323 3065 455 3102 divina;
476 3065 615 3096 secundo
632 3071 748 3102 autem,
768 3067 896 3097 animae
910 3067 1116 3108 glorificatae
1131 3067 1285 3098 moventis

226 3119 344 3150 corpus
360 3115 464 3150 prout
485 3109 563 3140 vult.
585 3109 770 3141 Declaratur
797 3110 979 3147 conclusio,
1004 3110 1228 3151 distinguendo
1252 3111 1284 3140 in

227 3153 354 3184 Christo
377 3159 532 3190 naturam,
549 3152 688 3184 divinam
711 3154 831 3184 scilicet
846 3159 877 3184 et
891 3155 1084 3192 humanam3
1109 3160 1140 3186 et
1163 3154 1284 3185 subdis-

226 3196 415 3238 tinguendo-
425 3197 576 3228 virtutem
597 3197 772 3228 humanam
794 3198 828 3228 in
850 3199 1000 3231 virtutem
1022 3204 1152 3230 naturae
1177 3204 1207 3229 et
1225 3199 1285 3228 vir-

226 3246 329 3272 tutem
351 3240 487 3282 gloriae3
512 3246 552 3277 et,
569 3242 696 3272 exclusa
717 3242 831 3272 virtute
853 3242 998 3279 naturali,
1024 3241 1184 3273 afferendo
1208 3241 1285 3272 duas

228 3285 398 3326 opiniones
422 3284 461 3315 de
483 3283 588 3316 radice
613 3285 736 3316 virtutis
763 3286 898 3325 gloriae,
922 3286 1041 3317 scilicet
1064 3286 1114 3316 vel
1138 3296 1175 3316 ex
1198 3291 1286 3326 parte

211 3329 307 3369 ,lucis
330 3329 482 3365 caelestis,
502 3329 552 3359 vel
575 3339 614 3359 ex
635 3334 723 3369 parte
746 3330 949 3360 beatitudinis
972 3331 1104 3361 animae.
1129 3330 1179 3365 Et,
1196 3338 1285 3370 prae-

1336 2979 1478 3008 termissa
1492 2978 1594 3018 prima
1610 2977 1773 3016 opinione,
1791 2977 1864 3017 quia
1880 2976 2042 3007 beatitudo
2062 2977 2184 3007 animae
2199 2977 2233 3007 in
2249 2977 2308 3007 Dei
2323 2987 2394 3018 par-

2413 417 2420 425 ”
2438 415 2494 442 Cap.
2509 421 2564 436 xxx.

2415 627 2424 636 ·
2439 625 2489 646 Art.
2507 631 2525 646 ι.

2511 721 2525 750 ζ

2417 779 2425 789 “
2444 778 2520 799 Tract.
2542 777 2627 804 xxm,

2416 811 2479 826 num.
2493 810 2512 832 5.

2513 884 2528 906 η

2517 978 2529 1003 θ

2421 2413 2632 2441 *Cap.1v,n.6,8.-

2421 2440 2445 2462 S.
2459 2440 2505 2462 'lh.
2520 2440 2571 2462 lect.
2586 2446 2617 2462 νι.

1336 3023 1519 3062 ticipatione
1548 3021 1698 3057 consistit,
1722 3020 1854 3051 infertur
1884 3020 2048 3051 conclusio
2080 3020 2187 3061 quoad
2210 3031 2321 3051 omnes
2345 3022 2394 3052 sui
2420 3022 2424 3026 “

1336 3071 1439 3106 partes
1464 3065 1642 3100 clarissima,
1658 3065 1701 3094 ita
1724 3064 1813 3104 quod
1836 3065 2034 3104 expositione
2056 3057 2134 3095 nors
2152 3070 2232 3104 eget.

1391 3109 1529 3139 Adverte
1551 3109 1603 3138 hic
1627 3107 1732 3148 quod,
1759 3117 1833 3138 cum
1857 3108 1971 3138 dicitur
1994 3108 2156 3138 Christum
2183 3109 2310 3148 propria
2331 3109 2394 3139 vir-

1337 3159 1405 3183 tute
1427 3152 1619 3192 glorificatae
1642 3153 1764 3182 animae
1785 3152 1959 3182 ascendisse
1982 3153 2015 3182 in
2040 3152 2173 3188 caelum,
2190 3161 2257 3183 non
2279 3152 2394 3183 intelli-

1337 3198 1421 3237 gitur
1443 3197 1502 3226 nisi
1527 3195 1565 3226 de
1587 3197 1658 3235 ipso
1689 3195 1782 3226 locali
1806 3201 1897 3226 motu
1927 3196 2129 3226 ascensionis.
2165 3197 2280 3228 Utrum
2307 3197 2393 3227 enim

1338 3241 1452 3271 virtute
1481 3239 1673 3280 glorificatae
1704 3240 1827 3270 animae
1856 3240 1996 3279 potuerit
2023 3246 2115 3270 motu
2143 3240 2200 3271 illo
2230 3246 2393 3281 penetrare

1340 3282 1454 3319 caelos,
1479 3284 1538 3313 alia
1561 3283 1704 3323 quaestio
1729 3289 1784 3319 est,
1801 3283 1931 3313 inferius
1947 3285 1963 3300 ⁴*
1986 3283 2154 3314 tractanda.

2422 3261 2431 3268 “
2453 3259 2488 3282 Cf.
2514 3259 2630 3287 supplem.

2420 3292 2458 3314 qu.
2465 3292 2559 3313 Lxxxm,
2566 3289 2630 3307 arta.
