2872 3970
253 1243 423 1270 anxno
445 1239 529 1269 liuius
549 1237 704 1268 voluminis

1059 354 1611 439 INDEX

590 498 805 554 'EORUM
839 509 1009 562 QUAE
1041 509 1101 549 IN
1135 505 1260 549 Hoc
1293 483 1614 548 VOLUMINE
1649 504 2084 546 CONTINENTUR

1165 703 1351 738 TERTIA
1375 703 1508 737 PARS

1021 797 1256 840 SUMMAE
1283 795 1655 838 THEOLOGIAE

762 899 1052 953 SANCTI
1093 896 1429 950 THOMAE
1470 892 1920 960 AQUINATIS

1166 994 1238 1019 CUM
1257 992 1518 1018 COMMENTARns

1097 1065 1357 1099 CARDINALIS
1381 1064 1588 1096 CAIETANI

491 1158 499 1178 l

745 1250 2256 1266 ...............................

253 1282 300 1311 Ad
321 1280 483 1309 Adrianum
503 1280 540 1307 Vi
561 1278 646 1307 Pont.
668 1276 744 1306 Max.
764 1277 898 1305 Thomae
929 1276 965 1303 de
985 1274 1042 1302 Vio
1073 1271 1203 1302 Caietani
1234 1269 1394 1300 cardinalis
1424 1270 1454 1299 S.
1476 1269 1546 1298 Sixti
1577 1269 1607 1298 in
1627 1269 1742 1298 Tertiae
1772 1269 1862 1298 Partis
1887 1271 1922 1298 D.
1943 1270 2076 1298 Thomae
2105 1269 2258 1306 Aquinatis

454 1317 687 1348 Commentarios
707 1315 845 1353 praefatio
898 1330 2253 1343 ............................

619 1447 814 1483 QUAESTIO
835 1446 952 1475 PRIMA

486 1521 536 1551 De
558 1519 799 1550 convenientia
819 1516 1085 1548 mean-nationis.

256 1606 420 1628 Ait-rimus
433 1606 445 1626 1
505 1597 606 1626 Utrum
633 1595 717 1624 fuerit
737 1593 911 1624 conveniens
931 1594 1026 1621 Deum
1045 1591 1138 1620 incar·
1299 1630 1316 1657 6

537 1645 599 1665 nari
619 1652 1135 1665 ..................
1191 1639 1264 1670 pag.

339 1690 356 1706 θ

437 1686 458 1707 n
508 1678 610 1706 Utrum
631 1676 716 1706 fixerit
742 1673 935 1703 necessarium
959 1673 996 1701 ad
1023 1682 1138 1710 repara·

535 1717 644 1746 tionem
665 1715 785 1744 humani
804 1714 916 1752 generis
936 1716 1064 1744 Verbum
1085 1713 1139 1741 Dei

538 1756 680 1787 incarnari
682 1774 1137 1784 ................

436 1807 468 1827 m
505 1799 622 1834 Utrum,
643 1797 668 1826 si
688 1798 778 1825 homo
800 1804 861 1824 non
886 1800 1039 1832 peccasset,
1064 1793 1138 1821 nihi-

538 1838 665 1866 lominus
687 1838 765 1864 Deus
785 1835 949 1864 incarnatus
970 1834 1076 1862 fuisset.
1099 1854 1107 1861 .
1129 1853 1137 1860 .

436 1887 467 1907 tv
507 1878 610 1906 Utrum
638 1879 716 1904 Deus
745 1875 932 1912 principalius
961 1874 1126 1902 incarnatus

537 1915 666 1945 fueritin
686 1915 847 1944 remedium
862 1913 1016 1942 actualium
1037 1921 1140 1948 pecca-

538 1965 635 1985 torum
662 1964 750 1992 quam
771 1955 802 1982 in
822 1953 983 1983 remedium
1012 1950 1139 1988 origina-

538 1997 573 2025 lis
598 1995 707 2034 peccati
710 2012 1138 2023 ...............

438 2047 457 2066 v
509 2038 611 2066 Utrum
625 2035 800 2065 conveniens
814 2034 914 2063 fuisset
935 2035 1029 2061 Deum
1047 2031 1141 2060 incar-

540 2076 602 2106 nari
622 2086 640 2105 a
659 2074 802 2120 principio
823 2073 944 2103 humani
964 2072 1140 2109 generis...

440 2127 471 2146 w
504 2118 606 2146 Utrum
627 2114 834 2144 incarnanonis
860 2123 935 2151 opus
956 2111 1063 2141 differri
1092 2092 1142 2139 de-

541 2156 635 2186 buerit
660 2164 753 2193 usque
773 2155 805 2184 in
825 2154 914 2183 finem
939 2151 1051 2182 mundi.
1073 2173 1080 2180 .
1103 2172 1110 2179 .
1134 2170 1141 2178 .

593 2232 786 2269 QUAEsTlo
812 2231 992 2260 SECUNDA

374 2309 424 2338 De
443 2306 548 2337 modo
567 2305 706 2336 unionis
718 2301 824 2334 Verbi
845 2300 1018 2333 incarnati
1038 2301 1203 2338 quantum

606 2344 652 2375 ad
671 2345 784 2382 ipsam
809 2341 979 2373 unionem.

263 2426 428 2449 sanemus
441 2427 452 2446 1
505 2419 607 2446 Utrum
638 2416 710 2445 unio
730 2414 819 2444 Verbi
845 2412 984 2443 incarnati
1010 2412 1046 2441 sit
1073 2412 1146 2440 facta

345 2590 361 2607 ὓ

541 2457 571 2486 in
592 2466 650 2486 una
669 2462 773 2485 natura
775 2471 1145 2484 .............

441 2502 464 2526 n
504 2495 607 2526 Utrum
620 2496 692 2525 unio
705 2494 793 2524 Verbi
807 2493 949 2523 incarnati
968 2491 1005 2521 sit
1025 2487 1125 2520 facta'
1115 2500 1145 2518 m

544 2543 670 2574 persona
685 2551 1143 2565 ................

443 2586 476 2607 m
516 2578 619 2606 Utrum
639 2576 710 2605 unio
732 2575 818 2604 Verbi
845 2573 984 2602 incarnati
1010 2572 1047 2601 sit
1072 2572 1146 2600 facta

544 2617 574 2645 in
601 2615 768 2654 supposito,
790 2615 849 2644 sive
869 2614 900 2642 in
926 2612 1112 2659 hypostasi..
1136 2633 1144 2640 .

445 2666 476 2686 rv
515 2657 619 2686 Utrum
638 2664 764 2702 persona
790 2654 896 2684 Christi
917 2653 953 2682 sit
973 2652 1144 2689 composita.

443 2706 463 2726 v
513 2696 617 2726 Utrum
637 2696 668 2725 in
689 2694 804 2725 Christo
833 2694 917 2724 fuerit
936 2693 1006 2722 unio
1032 2692 1146 2721 animae

545 2744 573 2766 et
594 2735 724 2773 corporis
747 2754 1143 2764 ..............

445 2787 476 2808 Vt
512 2779 615 2807 Utrum
629 2777 756 2805 humana
769 2781 873 2804 natura
884 2774 969 2803 fuerit
983 2773 1063 2802 unita
1077 2774 1147 2801 Ver-

545 2819 584 2847 bo
605 2817 659 2846 Dei
686 2815 899 2845 accidentaliter
900 2836 1146 2845 .........

447 2868 489 2889 vu
516 2859 618 2887 Utrum
644 2857 715 2886 unio
741 2855 856 2884 divinae
876 2862 905 2885 et
925 2857 1070 2885 humanae
1094 2865 1146 2884 na-

499 2918 502 2920 -
547 2905 628 2927 turae
649 2897 686 2926 sit
705 2893 816 2934 aliquid
836 2903 962 2925 creatum
967 2917 1146 2925 .......

447 2947 500 2967 vm
515 2939 618 2967 Utrum
640 2937 716 2966 idem
738 2936 774 2965 sit
794 2936 864 2965 unio
882 2937 963 2973 quod
979 2935 1147 2972 assumptio.

452 2986 483 3007 tx
515 2979 619 3007 Utrum
632 2977 703 3005 unio
717 2978 841 3005 duarum
855 2982 1024 3005 naturarum
1038 2975 1074 3004 sit
1088 2985 1149 3004 ma-

548 3018 626 3046 xima
645 3016 788 3045 unionum
812 3036 1147 3045 ............

449 3067 469 3088 x
518 3058 622 3087 Utrum
642 3055 713 3085 unio
733 3055 939 3085 incarnationis
959 3055 996 3084 sit
1014 3063 1066 3092 per
1085 3062 1150 3092 gra-

550 3097 620 3127 tiam
635 3114 1148 3125 ..................

450 3147 480 3167 xi
521 3138 624 3166 Utrum
637 3136 709 3165 unio
724 3134 929 3164 incarnationis
949 3134 1033 3163 fuerit
1053 3134 1151 3172 aliqua

551 3176 652 3205 merita
673 3177 823 3204 subsecuta
845 3195 1150 3204 ...........

451 3224 494 3246 xn
522 3218 626 3246 Utrum
657 3215 747 3253 gratia
776 3214 893 3243 unionis
924 3213 1008 3242 fuerit
1035 3213 1151 3242 Christo

549 3255 662 3285 homini
683 3254 821 3284 naturalis
846 3274 1150 3283 ...........

623 3332 816 3367 QUAESTIO
837 3331 979 3360 TERTIA

392 3404 441 3434 De
461 3403 586 3432 unione
606 3409 651 3432 ex
670 3402 771 3438 parte
790 3406 963 3438 personae
987 3398 1211 3430 assumentis.

273 3484 437 3508 Anncmms
451 3486 462 3506 1
515 3478 619 3506 Utrum
639 3484 781 3513 personae
801 3475 915 3504 divinae
936 3474 1087 3503 conveniat
1106 3483 1152 3502 as-

357 3568 372 3584 t

551 3525 664 3545 sumere
685 3522 817 3543 naturam
838 3521 962 3543 creatam
966 3532 1151 3543 .......

450 3565 475 3585 -11
525 3557 627 3585 Utrum
648 3561 767 3584 naturae
795 3554 909 3582 divinae
936 3552 1088 3582 conveniat
1108 3561 1152 3580 as-

555 3603 668 3624 sumere
670 3612 1154 3623 .................

417 3653 527 3678 Smuuut
540 3653 642 3679 Tanos.
661 3653 691 3678 D.
710 3652 826 3677 Tamus
843 3651 876 3676 T.
894 3650 958 3675 vm.

1232 3260 1249 3278 t

1299 1759 1317 1786 9

1283 1830 1316 1857 13

1285 1998 1319 2025 ¹7

1286 2069 1320 2096 18

1284 2155 1322 2176 20

1293 3251 1324 3279 51

1295 3510 1328 3538 53

1296 3589 1329 3617 55

451 1369 1606 1388 ....--......-......οιι-.
1649 1366 2255 1377 .............

1370 1449 1536 1470 ARTICULUS
1550 1449 1582 1469 m
1616 1441 1728 1475 Utrum,
1750 1442 1891 1469 abstracta
1912 1439 2114 1477 personalitate
2138 1449 2189 1477 per
2209 1440 2252 1468 in-

1649 1481 1803 1516 tellectum,
1824 1487 1927 1510 natura
1952 1480 2043 1518 possit
2062 1490 2217 1509 assumere.
2244 1501 2251 1508 .

1452 1532 1467 1547 ι
1549 1529 1580 1550 iv
1619 1521 1722 1549 Utrum
1751 1530 1808 1548 una
1839 1530 1962 1557 persona
1989 1521 2080 1558 possit
2106 1530 2252 1549 assumere

1650 1567 1783 1589 naturam
1795 1568 1929 1596 creatam,
1940 1561 1996 1590 alia
2006 1571 2067 1590 non
2077 1567 2251 1589 assumente.

1451 1611 1467 1627 »
1550 1608 1570 1628 v
1621 1601 1723 1629 Utrum
1738 1601 1795 1630 alia
1807 1610 1932 1637 persona
1947 1601 2043 1630 divina
2060 1601 2185 1637 potuerit
2199 1602 2252 1629 hu-

1651 1650 1769 1669 manam
1797 1646 1929 1670 naturam
1957 1651 2119 1676 assumere,
2141 1647 2254 1678 praeter

1650 1690 1805 1717 personam
1826 1681 1888 1709 Filii
1892 1702 2252 1710 .............

1453 1731 1469 1746 s
1551 1729 1582 1748 VI
1615 1721 1717 1749 Utrum
1744 1722 1819 1749 duae
1846 1730 1987 1757 personae
2009 1721 2121 1750 divinae
2142 1721 2254 1758 possint

1651 1769 1798 1789 assumere
1822 1770 1911 1789 unam
1933 1768 1961 1789 et
1981 1762 2103 1790 eandem
2132 1770 2254 1789 numero

1652 1807 1796 1829 naturam.
1829 1822 2251 1829 ...............

1454 1851 1469 1866 »
1552 1848 1594 1868 vn
1623 1840 1725 1868 Utrum
1753 1849 1812 1868 una
1832 1849 1957 1876 persona
1978 1841 2075 1869 divina
2099 1841 2191 1877 possit
2211 1849 2255 1868 as-

1650 1888 1764 1907 sumere
1785 1880 1858 1907 duas
1877 1886 1995 1907 naturas
2015 1881 2166 1909 humanas.
2189 1901 2195 1908 .
2218 1901 2225 1908 .

1455 1928 1470 1944 ›
1553 1926 1605 1946 vm
1625 1919 1728 1947 Utrum
1743 1917 1827 1946 fuerit
1847 1918 1938 1956 magis
1956 1919 2131 1948 conveniens
2152 1919 2255 1947 Filium

1653 1957 1707 1986 Dei
1729 1958 1870 1987 incarnari
1891 1968 1979 1996 quam
2001 1961 2114 1988 Patrem
2129 1960 2174 1988 vel
2194 1959 2257 1996 Spi-

1654 1997 1740 2026 ritum
1769 1999 1907 2026 Sanctum
1923 2019 2256 2028 ............

1715 2093 1908 2127 QUAESTIO
1939 2092 2098 2127 QUARTA

1622 2165 1672 2194 De
1692 2166 1818 2195 unione
1839 2172 1883 2194 ex
1903 2166 2004 2201 parte
2025 2166 2208 2201 assumpti.

1377 2251 1543 2272 urreums
1556 2251 1567 2271 1
1619 2243 1723 2271 Utrum
1754 2243 1881 2270 humana
1914 2249 2017 2270 natura
2046 2241 2131 2270 fuerit
2166 2242 2256 2279 magis

1655 2280 1860 2319 assumptibilis
1873 2291 1891 2310 a
1904 2281 1978 2310 Filio
1999 2282 2052 2310 Dei
2066 2291 2154 2319 quam
2169 2291 2256 2319 quae-

1657 2322 1725 2351 libet
1745 2321 1800 2350 alia
1818 2328 1930 2350 natura.
1951 2344 1959 2350 .
1981 2343 1989 2351 .
2012 2334 2019 2350 .·
2042 2343 2256 2350 ........

1458 2373 1473 2388 ›
1555 2371 1578 2390 11
1617 2363 1720 2390 Utrum
1732 2361 1820 2390 Filius
1830 2361 1883 2390 Dei
1894 2362 2080 2398 assumpserit
2091 2370 2254 2398 personam.

1461 2413 1475 2428 s
1557 2410 1590 2431 m
1620 2403 1723 2447 Utrum
1737 2409 1863 2438 persona
1883 2401 1980 2430 diviua
1997 2401 2184 2438 assumpserit
2204 2402 2258 2429 ho-

1528 2467 1531 2470 .
1656 2450 1764 2470 minem
1768 2462 2253 2470 .................

1458 2492 1474 2508 ι
1557 2490 1588 2510 1v
1618 2482 1720 2510 Utrum
1748 2481 1836 2510 Filius
1867 2480 1920 2509 Dei
1952 2481 2082 2509 debuerit
2111 2489 2258 2509 assumere

1657 2527 1789 2550 naturam
1819 2521 1978 2549 humanam
2015 2521 2188 2549 abstractam
2219 2522 2256 2549 ab

1658 2560 1794 2589 omnibus
1825 2560 1979 2588 individuis
1982 2581 2256 2589 ..........

1459 2612 1475 2627 »
1557 2609 1576 2628 v
1617 2601 1720 2629 Utrum
1748 2600 1837 2628 Filius
1864 2600 1917 2628 Dei
1944 2601 2101 2629 humanam
2127 2606 2259 2628 naturam

1657 2649 1804 2668 assumere
1825 2640 1956 2668 debuerit
1976 2639 2005 2668 in
2026 2639 2163 2668 omnibus
2184 2640 2259 2668 indi-

1657 2679 1750 2708 viduis
1752 2699 2258 2709 ..................

1460 2731 1476 2747 ›
1558 2728 1588 2748 VI
1622 2720 1725 2748 Utrum
1746 2719 1830 2748 fuerit
1850 2719 2024 2748 conveniens
2045 2726 2077 2747 ut
2098 2719 2184 2747 Filius
2206 2719 2259 2747 Dei

1658 2760 1816 2787 humanam
1832 2765 1965 2787 naturam
1980 2765 2139 2787 assumeret
2153 2768 2186 2787 ex
2197 2759 2260 2787 stir-

1658 2808 1695 2835 pe
1720 2800 1801 2827 Adae
1804 2819 2258 2828 ................
2283 2803 2286 2808 ’

1729 2900 1923 2936 QUAESTIO
1945 2900 2090 2935 QUlNTA

1488 2981 1537 3011 De
1557 2979 1798 3016 assumptione
1818 2979 1967 3016 partium
1986 2979 2159 3008 humanae
2179 2979 2336 3009 naturae.

1383 3073 1547 3096 Anrxcums
1561 3074 1571 3093 1
1621 3066 1723 3093 Utrum
1755 3064 1842 3092 Filius
1870 3063 1923 3092 Dei
1949 3063 2136 3100 assumpserit
2162 3072 2261 3091 verum

1662 3113 1777 3141 corpus.
1809 3123 2261 3133 ................

1465 3157 1480 3172 ι»
1563 3153 1584 3172 11
1625 3145 1727 3172 Utrum
1757 3143 1888 3172 Christus
1912 3143 2044 3172 habuerit
2071 3151 2175 3179 corpus
2201 3151 2262 3171 car-

1662 3185 1743 3219 nale,
1764 3183 1823 3212 sive
1850 3189 1982 3211 terrestre
1985 3202 2261 3211 ..........

1463 3236 1479 3251 »
1561 3231 1593 3251 111
1626 3224 1729 3252 Utrum
1743 3223 1831 3251 Filius
1852 3222 1905 3250 Dei
1918 3221 2046 3251 animam
2067 3221 2263 3258 assumpserit.

1466 3277 1481 3292 s
1561 3270 1592 3292 Π
1626 3264 1727 3292 Utrum
1749 3262 1836 3291 Filius
1857 3262 1910 3290 Dei
1930 3261 2116 3299 assumpserit
2136 3267 2263 3289 mentem

1662 3304 1830 3338 humanam,
1849 3302 1908 3330 sive
1928 3301 2102 3330 intellectum
2105 3321 2262 3330 ......

1743 3390 1938 3425 QUAESTIO
1960 3390 2085 3417 SEXTA

1674 3470 1724 3500 De
1750 3468 1868 3500 ordine
1888 3467 2153 3504 assumptionis.

1386 3557 1549 3579 Ain-tentus
1564 3556 1576 3577 ι
1624 3549 1726 3577 Utrum
1747 3547 1835 3575 Filius
1856 3546 1909 3575 Dei
1936 3545 2123 3582 assumpserit
2149 3553 2264 3574 carnem

1664 3587 1809 3616 mediante
1829 3586 1925 3615 anima
1928 3605 2263 3615 ............

2267 3643 2301 3678 69

2345 3311 2360 3327 θ

2347 3594 2361 3609 t

2398 2331 2430 2358 7¹

2398 2371 2437 2398 74

2396 2442 2430 2469 81

2399 2560 2437 2587 82

2400 2798 2436 2826 85

2403 3182 2441 3210 88

2403 3230 2443 3258 90

2404 3310 2437 3337 91
