2872 3970
250 771 316 818 LCt}
329 776 392 792 num.
407 776 431 792 ιι.

250 825 260 834 -
275 798 445 846 0⁶..·„¹::‡.¹.¹?·.¹:,¹·

250 1559 264 1589 ζ
274 1557 328 1604 Ἣ
340 1562 365 1582 ιι,
380 1562 402 1577 n.
414 1557 436 1577 6.
447 1567 456 1572 -

249 1584 273 1605 S.
327 1600 331 1604 .
348 1584 398 1604 lect.
414 1589 443 1604 ιν.

251 2040 262 2051 ’
276 2039 345 2061 Num.
361 2045 377 2060 ι.

492 293 564 329 338
598 271 600 273 ’

1152 287 1414 335 QUAESTIO
1443 287 1600 334 XXXII,
1630 258 1922 323 ARTICULUS
1950 286 1999 323 IV

1161 411 1491 442 Commentaria
1513 408 1764 441 cardinalis
1786 407 1988 440 Caietam

549 510 654 531 nurus
671 500 787 531 clarus:
804 498 946 529 notando
963 497 1051 538 quod
1067 507 1134 527 non
1154 502 1200 527 est
1220 496 1364 536 quaestio
1385 505 1425 525 an
1446 495 1545 525 active

491 513 660 585 Tegerit;
689 543 744 574 sed
767 553 807 573 an
835 543 935 573 active
964 542 1061 582 egerit
1083 541 1115 570 in
1138 541 1209 580 ipso
1230 545 1302 570 actu
1326 539 1546 578 conceptionis

488 589 630 629 corporis
654 588 778 619 Christi.
814 587 862 616 De
886 587 1011 616 actione
1035 585 1121 615 enim
1148 585 1230 614 circa
1252 583 1342 613 illum
1366 588 1473 612 actum
1500 587 1546 612 est

489 633 642 673 quaestio.

542 677 577 707 In
594 685 728 716 corpore
747 674 869 705 articuli
885 678 1022 713 quatuor
1037 671 1133 702 fiunt:
1154 671 1269 711 primo,
1285 669 1418 700 refertur
1433 670 1544 709 opinio

488 720 654 760 quaedam,
678 719 796 749 habens
820 718 897 748 duas
915 722 1035 756 partes3
1060 715 1211 750 secundo,
1231 714 1429 753 improbatur
1444 714 1546 753 prima

487 774 558 804 pars
573 764 656 794 illius
672 764 704 800 *3
728 762 831 798 tertio,
848 760 988 792 secunda
1004 760 1054 796 **;
1080 764 1204 799 quarto,
1219 757 1430 797 respondetur
1446 767 1544 797 quae-

487 809 547 838 sito
564 809 590 838 ἢ

541 851 658 889 Quoad
681 851 834 890 primum,
859 848 970 888 opinio
995 846 1069 877 dicit
1092 846 1222 876 Beatam
1245 845 1410 885 Virginem
1433 854 1545 885 opera-

486 902 550 926 tam
572 896 605 925 in
629 894 840 934 conceptione
865 891 981 922 Christi
1010 891 1110 920 active
1134 889 1316 929 dupliciter:
1349 889 1467 919 scilicet
1490 898 1545 919 na-

486 939 586 975 turali,
610 944 640 968 et
663 935 891 977 supernaturali
914 935 1037 964 virtute.
1072 934 1113 964 Et
1135 934 1255 973 primae
1278 933 1374 972 partis
1396 933 1475 963 ratio
1500 938 1547 962 est

486 983 676 1017 communis,
690 981 729 1011 de
744 980 948 1010 inchoatione
963 978 1138 1008 formarum
1149 978 1183 1007 in
1198 977 1328 1007 materia
1342 986 1399 1016 per
1415 976 1546 1016 aliquod

486 1026 725 1066 cooperativum
747 1023 940 1064 principium
963 1023 996 1052 in
1019 1021 1158 1051 materia.
1182 1021 1219 1051 In
1234 1021 1298 1051 hoc
1313 1021 1400 1051 enim
1414 1021 1546 1060 ponitur

486 1069 658 1100 differentia
680 1069 761 1098 inter
783 1066 1079 1098 transmutationem
1095 1064 1271 1095 naturalem
1290 1070 1321 1095 et
1340 1063 1544 1101 artificialem,

486 1115 560 1154 quia
582 1112 730 1143 naturalis
760 1112 854 1141 habet
877 1110 938 1140 tale
961 1109 1155 1150 principium
1185 1109 1219 1139 in
1241 1109 1389 1144 materia,
1418 1113 1449 1139 et
1471 1108 1544 1139 ideo

486 1163 531 1188 est
554 1157 718 1187 naturalis:
743 1154 910 1185 artificialis
933 1163 1009 1184 vero
1033 1154 1127 1183 habet
1150 1153 1252 1183 solam
1275 1153 1439 1183 materiam
1465 1162 1545 1192 pure

485 1202 650 1242 passivam.

539 1245 576 1275 11.
600 1243 717 1282 Quoad
740 1242 927 1278 secundum,
951 1242 1113 1282 tripliciter
1133 1241 1235 1281 arguit
1258 1246 1368 1271 contra
1390 1240 1454 1271 hoc
1478 1241 1546 1271 Au-

486 1295 563 1320 ctor.
587 1289 704 1324 Primo,
722 1286 932 1318 interimendo
957 1285 1212 1316 fundamentum.
1240 1284 1326 1323 Quia
1341 1284 1380 1315 ad
1395 1285 1547 1315 mutatio-

484 1343 560 1364 nem
574 1331 750 1363 naturalem
770 1330 884 1361 sufficit
899 1330 1093 1370 principium
1108 1329 1268 1360 materiale
1285 1338 1352 1359 esse
1368 1329 1544 1369 passivum:

486 1387 523 1408 ex
547 1377 732 1407 auctoritate
755 1374 942 1405 Aristotelis.

540 1420 700 1455 Secundo,
725 1419 799 1459 quia
821 1418 1018 1458 impossibile
1035 1423 1081 1448 est
1104 1416 1194 1457 quod
1209 1417 1340 1447 materia
1355 1421 1426 1457 agat
1442 1415 1481 1447 ad
1497 1417 1546 1447 sui

485 1465 726 1495 formationem:
758 1463 833 1503 quia
855 1472 923 1492 non
947 1467 993 1492 est
1016 1467 1098 1492 actu.
1133 1462 1237 1501 Agere
1261 1461 1347 1491 enim
1371 1465 1418 1491 est
1440 1466 1545 1496 actus,

484 1519 550 1540 non
574 1509 751 1548 potentiae:
775 1516 899 1547 semper
922 1506 1005 1536 enim
1028 1505 1249 1536 aestimabitur
1270 1505 1389 1545 species
1408 1514 1545 1541 movere,

486 1559 520 1583 ut
544 1552 656 1583 dicitur
679 1551 720 1581 111
743 1551 870 1592 Physic.
887 1551 904 1566 ἥ

541 1597 668 1632 Tertio,
700 1596 775 1635 quia
801 1594 997 1635 impossibile
1028 1600 1074 1624 est
1105 1593 1225 1634 aliquid
1254 1603 1323 1623 non
1346 1592 1483 1623 divisum
1513 1593 1547 1623 in

486 1641 563 1671 duas
586 1646 689 1680 partes
711 1645 747 1669 ut
770 1639 916 1674 animata,
941 1647 1071 1668 movere
1095 1639 1252 1678 seipsum:
1278 1647 1315 1667 ex
1338 1636 1410 1667 VIII
1433 1637 1547 1678 Physi-

486 1694 607 1715 corum.

540 1728 678 1758 Adverte
700 1728 752 1758 hic
776 1726 865 1767 quod
888 1731 1015 1766 oportet
1038 1725 1159 1769 digredi
1183 1725 1222 1756 ad
1246 1726 1449 1765 quaestiones
1464 1725 1548 1756 mul-

486 1779 549 1808 tas,
578 1773 603 1802 si
626 1771 852 1802 examinandae
875 1776 979 1800 essent
1008 1771 1067 1800 hae
1093 1770 1241 1800 rationes.
1276 1769 1360 1799 Nam
1383 1774 1415 1799 et
1438 1769 1478 1799 de
1501 1770 1549 1800 in-

488 1817 658 1847 choatione
681 1815 872 1850 formarum,
902 1819 933 1844 et
957 1814 996 1844 de
1018 1819 1111 1844 motu
1134 1814 1278 1853 gravium
1302 1819 1333 1843 et
1355 1813 1494 1849 levium,
1519 1818 1550 1843 et

489 1860 528 1891 de
551 1860 687 1890 maxima
710 1864 805 1899 atque
827 1858 1037 1888 vetustissima
1060 1858 1264 1897 ambiguitate
1294 1866 1334 1887 an
1357 1856 1478 1896 aliquid
1501 1867 1548 1887 se-

488 1905 594 1944 ipsum
617 1913 746 1933 movere
769 1903 884 1942 possit,
915 1907 1045 1932 tractare
1069 1906 1247 1941 oporteret:
1281 1906 1311 1931 et
1333 1910 1401 1930 non
1424 1901 1550 1931 theolo—

489 1949 582 1988 giam,
607 1947 663 1978 sed
683 1946 920 1986 philosophiam
935 1955 1049 1986 puram
1065 1945 1196 1981 tradere,
1221 1954 1318 1985 opere
1339 1944 1449 1984 longo.
1473 1945 1550 1975 Pro-

489 1998 597 2032 pterea
621 1997 705 2021 extra
727 1991 842 2020 librum
865 1991 951 2020 hunc
974 1989 1134 2019 tractanda
1156 1990 1234 2019 haec
1258 1988 1446 2028 relinquam.

546 2036 596 2065 III.
621 2034 738 2072 Quoad
765 2035 893 2064 tertium
908 2035 942 2070 *,
966 2034 1113 2073 ponitur,
1137 2033 1259 2072 primo,
1287 2033 1367 2063 ratio
1391 2032 1550 2063 secundae

490 2080 594 2120 partis.
618 2079 659 2109 Et
682 2079 812 2108 assumit
834 2078 912 2108 ratio
936 2078 1014 2108 haec
1038 2077 1113 2108 duo.
1138 2077 1293 2112 Alterum,
1309 2076 1466 2107 naturale:
1491 2077 1550 2106 sci-

490 2124 563 2154 licet
586 2122 674 2163 quod
696 2127 795 2152 mater
819 2122 978 2152 concurrit
997 2120 1036 2151 ad
1051 2121 1288 2160 generationem
1310 2130 1368 2160 per
1382 2121 1550 2160 proprium

490 2177 609 2202 semen,
634 2167 734 2196 active
758 2175 950 2196 concurrens
975 2164 1014 2195 ad
1036 2165 1285 2204 generationem.
1316 2164 1473 2200 Alterum,
1497 2174 1550 2194 su-

490 2211 702 2251 pernaturale:
728 2210 846 2240 scilicet
869 2209 958 2249 quod
980 2209 1095 2239 Beatae
1111 2209 1234 2248 Virgini
1257 2208 1328 2239 data
1344 2214 1391 2238 est
1413 2208 1550 2239 miracu-

490 2256 558 2285 lose
576 2255 673 2284 virtus
689 2254 741 2284 illa
756 2254 857 2284 activa
880 2262 977 2293 quam
993 2252 1071 2283 aliae
1087 2258 1202 2282 matres
1217 2253 1335 2283 habent
1350 2262 1406 2292 per
1422 2261 1549 2289 semen3

491 2305 526 2329 ut
549 2299 666 2329 scilicet
689 2299 755 2328 sine
779 2298 899 2328 semine
929 2302 1037 2337 posset
1061 2296 1150 2336 quod
1171 2306 1228 2336 per
1251 2306 1361 2327 semen
1383 2297 1549 2336 potuisset.

490 2344 531 2373 Et
553 2343 646 2372 huius
669 2342 814 2372 miraculi
835 2342 913 2372 ratio
938 2346 984 2371 est
1006 2341 1207 2381 integerrima
1228 2341 1402 2381 virginitas,
1427 2341 1480 2371 cui
1502 2350 1550 2371 re-

490 2392 610 2427 pugnat
633 2386 760 2416 seminis
783 2386 946 2416 resolutio.

546 2430 668 2460 Deinde
696 2430 826 2470 ponitur
848 2430 1040 2469 improbatio
1067 2430 1156 2460 istius
1180 2429 1342 2469 opinionis
1373 2428 1481 2469 quoad
1503 2439 1551 2459 ra-

491 2475 594 2505 dicem
611 2475 687 2510 eius,
713 2480 743 2504 et
765 2475 867 2514 ipsam
891 2474 1079 2513 bipartitam.
1104 2473 1145 2504 Et
1168 2479 1214 2503 est
1236 2474 1316 2503 ratio
1339 2473 1408 2504 ista.
1432 2473 1551 2504 Distin-

492 2519 554 2549 ctio
579 2528 670 2549 sexus
695 2524 741 2548 est
763 2528 781 2548 a
803 2523 914 2548 natura
937 2523 1067 2558 propter
1091 2517 1245 2548 diversam
1269 2518 1491 2557 operationem
1512 2517 1551 2548 ad

491 2563 728 2602 generationem
757 2568 982 2602 opportunam.
1018 2562 1104 2602 Ergo
1135 2567 1182 2592 est
1210 2571 1309 2602 penes
1339 2560 1551 2592 diversitatem

492 2607 610 2646 agentis
634 2612 665 2636 et
687 2606 844 2647 patientis.
879 2606 964 2646 Ergo
991 2611 1059 2636 tota
1080 2606 1178 2636 virtus
1206 2606 1307 2636 activa
1333 2611 1380 2635 est
1402 2615 1440 2636 ex
1462 2612 1550 2646 parte

492 2652 600 2687 maris,
631 2651 736 2690 passio
760 2660 836 2680 vero
867 2660 904 2681 ex
926 2656 1014 2690 parte
1038 2649 1184 2680 feminae.
1207 2667 1231 2671 —
1253 2648 1454 2680 Antecedens
1476 2659 1551 2690 pro-

492 2696 582 2725 batur
613 2704 649 2724 ex
680 2694 706 2724 II
733 2694 839 2730 Caeli,
864 2695 917 2724 sic.
963 2694 1061 2725 Sexus
1095 2699 1141 2729 est
1170 2699 1301 2734 propter
1330 2694 1551 2734 operationem

493 2744 708 2779 opportunam
736 2738 775 2768 ad
797 2739 1043 2778 generationem.
1079 2739 1164 2778 Ergo
1195 2737 1355 2768 diversitas
1382 2747 1474 2768 sexus
1506 2744 1552 2769 est

492 2788 622 2822 propter
645 2782 799 2813 diversam
823 2783 1043 2822 operationem
1073 2788 1290 2822 opportunam
1313 2781 1353 2812 ad
1375 2783 1552 2822 generatio-

492 2837 577 2856 nem.
603 2826 842 2866 Consequentia
864 2827 941 2856 haec
965 2832 1012 2857 est
1034 2836 1091 2866 per
1113 2836 1146 2857 se
1170 2831 1262 2857 nota:
1299 2831 1330 2856 et
1353 2832 1552 2867 assumptum

494 2876 540 2900 est
563 2880 600 2900 ex
624 2870 649 2900 lI
673 2871 775 2901 Caeli:
811 2871 1064 2911 Unumquodque
1095 2876 1141 2901 est
1156 2875 1293 2911 propter
1314 2880 1407 2901 suam
1438 2880 1551 2911 opera-

494 2914 620 2944 tionem.
639 2932 664 2950 -ss
684 2914 922 2954 Consequentia
937 2915 1118 2955 principalis
1133 2915 1285 2954 probatur
1300 2914 1333 2945 in
1348 2915 1459 2951 littera,
1477 2916 1552 2955 quia

495 2958 652 2988 distinctio
677 2958 870 2998 operationis
894 2959 926 2988 in
949 2959 1152 2999 generatione
1184 2964 1230 2989 est
1256 2958 1433 2989 secundum
1457 2969 1552 2999 agens

496 3007 526 3032 et
548 3002 678 3041 patiens.

550 3045 682 3081 Deinde,
707 3046 746 3076 ad
767 3046 863 3077 huius
886 3047 1015 3077 rationis
1035 3047 1277 3077 conclusionem
1293 3046 1491 3083 firmandam,
1508 3047 1552 3077 af-

496 3090 592 3119 fertur
615 3090 740 3129 signum
763 3091 796 3120 in
819 3090 920 3120 littera
943 3100 981 3121 ex
1004 3091 1134 3130 plantis:
1159 3091 1234 3131 quia
1257 3090 1330 3122 ideo
1353 3091 1387 3121 in
1410 3091 1470 3122 illis
1485 3101 1552 3122 non

497 3139 542 3163 est
566 3132 723 3164 distinctio
747 3143 848 3169 sexus,
873 3134 947 3173 quia
970 3135 1070 3165 activa
1093 3140 1124 3165 et
1146 3135 1269 3175 passiva
1284 3136 1381 3166 virtus
1404 3141 1479 3166 sunt
1493 3136 1552 3166 mi-

496 3183 575 3206 xtae.
600 3176 673 3207 Hoc
689 3177 774 3207 enim
797 3177 923 3216 signum
940 3183 986 3208 est
1002 3178 1091 3218 quod
1106 3178 1265 3209 distinctio
1281 3189 1374 3210 sexus
1390 3185 1436 3210 est
1454 3189 1553 3220 penes

498 3220 635 3251 activum
659 3226 690 3251 et
712 3221 881 3259 passivum.
898 3238 918 3243 -
935 3221 1023 3252 Haec
1047 3221 1154 3262 quoad
1177 3222 1314 3253 radicem
1330 3223 1507 3263 positionis.

552 3263 672 3294 Contra
702 3265 802 3303 ipsam
825 3273 900 3294 vero
924 3265 1116 3304 positionem
1147 3266 1290 3306 procedit
1314 3267 1414 3298 littera
1440 3268 1553 3298 subsu-

499 3306 626 3338 mendo.
651 3308 746 3338 Beata
769 3307 866 3347 Virgo
890 3317 956 3338 non
973 3310 1094 3348 accepit
1114 3319 1131 3339 a
1147 3310 1265 3349 Spiritu
1288 3310 1404 3341 Sancto
1421 3317 1456 3342 ut
1473 3317 1554 3342 esset

499 3356 585 3389 pater
609 3351 734 3386 Christi,
759 3350 814 3381 sed
830 3356 938 3381 mater.
963 3352 1046 3391 Ergo
1063 3362 1130 3383 non
1147 3355 1268 3393 accepit
1283 3356 1459 3394 potentiam
1477 3357 1552 3386 acti-

500 3403 570 3423 vam
593 3395 625 3424 in
651 3395 871 3434 conceptione.

554 3437 692 3468 Demum
716 3438 796 3468 duae
820 3438 898 3473 viae,
922 3438 1098 3469 secundum
1122 3440 1202 3470 hanc
1224 3441 1422 3480 opinionem,
1447 3443 1552 3473 exclu-

501 3479 626 3510 duntur.
652 3481 775 3517 Altera,
800 3481 974 3512 dicentium
1001 3482 1089 3522 quod
1112 3484 1225 3514 virtute
1249 3484 1301 3514 illa
1324 3487 1553 3525 supernaturali

1600 495 1697 524 Beata
1718 494 1816 534 Virgo
1840 503 1908 524 non
1932 499 1978 524 est
2001 503 2067 524 usa.
2095 494 2136 524 Et
2159 493 2203 524 sic
2226 493 2340 524 frustra
2363 493 2479 525 collata
2500 494 2530 524 ei
2554 493 2663 525 fuisset

1599 539 1698 568 virtus
1721 537 1775 568 illa
1798 538 1908 568 activa.

1655 581 1708 612 IV.
1733 581 1826 611 Circa
1848 590 2035 621 processum
2058 581 2154 611 istum
2178 580 2243 612 duo
2269 586 2442 612 occurrunt
2464 580 2569 612 dubia.
2597 582 2662 612 Pri-

1599 634 1691 655 mum
1706 626 1722 642 θ’
1746 630 1793 655 est
1816 625 1899 655 circa
1922 625 2185 665 consequentiam
2208 625 2416 665 principalem
2439 625 2550 656 allatae
2568 626 2664 656 ratio-
2691 634 2702 646 ·

1599 669 1658 699 nis.
1682 669 1759 699 Non
1783 669 1870 699 enim
1893 674 2023 708 apparet
2045 669 2130 699 illius
2154 668 2303 700 efficacia.
2327 669 2491 707 Quoniam
2513 669 2664 701 fundatur

1599 722 1695 753 super
1722 712 1776 743 illa
1805 713 1991 743 universali:
2027 712 2139 743 Omnis
2169 712 2339 744 diversitas
2369 713 2592 754 operationum
2621 713 2665 745 a'd

1597 757 1842 798 generationem
1865 761 1912 787 est
1932 756 2107 787 secundum
2125 756 2341 788 diversitatem
2364 757 2461 788 activi
2484 761 2516 789 et
2529 757 2663 799 passini.

1599 800 1692 838 Quae
1715 810 1783 830 non
1805 799 1930 830 videtur
1952 809 2043 830 vera:
2067 809 2128 830 nec
2144 800 2177 830 in
2192 800 2295 831 littera
2309 801 2452 832 habetur.
2476 801 2520 833 Et
2533 800 2665 842 quidem

1600 843 1689 884 quod
1713 849 1860 884 oporteat
1882 844 1970 874 illam
2000 844 2218 875 universaliter
2245 854 2313 875 esse
2335 854 2443 876 veram
2465 845 2505 876 ad
2526 845 2665 886 proban·
2706 839 2728 875 .’Ᾰ

1600 888 1673 918 dam
1697 887 1814 919 dictam
1830 888 2104 928 consequentiam,
2128 893 2216 928 patet
2235 889 2415 920 clarissime.
2440 889 2534 928 Quia,
2550 889 2611 921 nisi
2626 889 2666 920 sit

1599 933 1816 963 universaliter
1826 941 1910 968 vera,
1922 931 2014 962 facile
2025 932 2193 972 negabitur
2204 933 2444 973 consequentia,
2457 932 2666 965 concedendo

1600 977 1709 1006 omnia
1733 981 1911 1016 assumpta:
1943 976 2063 1006 scilicet
2093 982 2124 1006 et
2152 975 2242 1016 quod
2271 976 2432 1008 distinctio
2457 986 2594 1008 sexuum
2619 982 2667 1015 eet

1599 1025 1730 1060 propter
1753 1020 1909 1051 diversam
1932 1021 2171 1060 operationem;
2203 1026 2234 1051 et
2258 1020 2347 1062 quod
2370 1020 2531 1052 distinctio
2554 1030 2666 1062 oper&

1599 1065 1695 1094 tionis
1719 1064 1826 1104 aliqua
1850 1069 1897 1095 est
1918 1073 2018 1104 penes
2041 1064 2181 1095 activum
2205 1069 2236 1095 et
2257 1065 2430 1105 passivum.
2461 1065 2557 1096 Tunc
2580 1061 2667 1102 enim

1599 1113 1686 1147 patet
1709 1107 1853 1139 debilitas
1877 1109 2144 1148 consequentiae:
2181 1109 2256 1149 quia
2287 1118 2325 1139 ex
2351 1108 2415 1140 hoc
2445 1108 2534 1150 quod
2561 1108 2667 1151 aliqua

1600 1151 1761 1182 distinctio
1795 1152 1901 1192 operis
1932 1151 1972 1183 ad
2002 1153 2242 1192 generationem
2273 1158 2320 1183 est
2345 1162 2444 1193 penes
2467 1153 2607 1184 activum
2627 1152 2668 1184 ‘e't

1599 1197 1771 1236 passivum,
1794 1205 1863 1227 non
1886 1197 2030 1236 sequitur
2045 1195 2262 1233 determinate,
2285 1197 2379 1238 Ergo
2394 1196 2556 1228 distinctio
2570 1204 2668 1229 sexus

1600 1245 1647 1270 est
1658 1250 1760 1280 penes
1775 1241 1915 1271 activum
1931 1245 1962 1271 et
1970 1241 2147 1281 passivum.
2172 1240 2235 1272 Sed
2250 1241 2277 1271 si
2292 1241 2398 1271 omnis
2413 1241 2574 1273 distinctio
2587 1247 2668 1283 ope·

1599 1285 1730 1315 rationis
1753 1284 1793 1319 ad
1815 1285 2054 1325 generationem
2079 1290 2126 1315 est
2148 1294 2248 1325 penes
2271 1285 2411 1316 activum
2434 1290 2466 1316 et
2487 1285 2667 1337 passivum,
2728 1272 2791 1318 ,..·

1600 1329 1723 1368 optime
1746 1334 1914 1369 sequetur,
1938 1328 2032 1370 Ergo
2056 1328 2217 1359 distinctio
2240 1338 2376 1360 sexuum
2401 1334 2448 1360 est
2466 1338 2567 1370 penes
2588 1333 2668 1368 acti,-

1600 1382 1674 1402 vum
1698 1377 1729 1403 et
1744 1373 1930 1413 passivum:
1949 1373 2024 1413 quia
2047 1373 2116 1413 ipsa
2132 1378 2179 1403 est
2193 1372 2362 1404 manifeste
2378 1372 2417 1404 ad
2433 1372 2555 1404 diversa
2570 1375 2668 1414 opera

1601 1415 1640 1446 ad
1663 1418 1904 1457 generationem
1928 1416 2089 1457 requisita.
2377 1428 2381 1432 ²

1655 1461 1694 1491 V.
1720 1461 1906 1492 Secundum
1929 1460 2064 1491 dubium
2076 1461 2093 1478 ⁴*
2117 1466 2164 1491 est
2180 1462 2262 1492 circa
2277 1460 2453 1492 secundam
2468 1468 2669 1502 consequen·-
2696 1469 2708 1480 ·

1599 1505 1687 1541 tiam,
1712 1505 1845 1536 scilicet:
1869 1505 1963 1546 Ergo
1988 1510 2056 1535 tota
2080 1505 2128 1536 vis
2151 1505 2257 1538 activa
2279 1515 2314 1536 se
2337 1510 2422 1536 tenet
2443 1515 2484 1536 ex
2499 1510 2669 1547 partepa-

1600 1549 1669 1579 tris.
1693 1549 1777 1579 Nam
1799 1549 1873 1589 plus
1888 1548 2023 1580 infertur
2046 1557 2144 1589 quam
2163 1555 2324 1590 sequatur.
2348 1550 2439 1580 Licet
2454 1550 2670 1595 enimjequa—

1600 1598 1661 1628 tur,
1684 1593 1779 1635 Ergo
1803 1593 1852 1624 vis
1874 1593 1979 1624 activa
2003 1603 2038 1624 se
2060 1597 2145 1624 tenet
2167 1603 2208 1624 ex
2223 1598 2322 1634 parte
2338 1593 2455 1634 patris,
2479 1603 2547 1626 non
2561 1598 2671 1632 tamen

1601 1637 1754 1677 sequitur,
1778 1637 1872 1679 Ergo
1897 1642 1964 1668 tota
1987 1647 2022 1668 se
2045 1641 2131 1667 tenet
2152 1647 2194 1668 ex
2217 1637 2276 1668 illa
2293 1642 2400 1678 parte.
2590 1645 2594 1649 “
2647 1641 2666 1655 ”

1656 1681 1697 1711 Et
1721 1681 1938 1712 confirmatur.
1970 1681 2072 1720 Quia,
2103 1681 2283 1712 secundum
2310 1681 2430 1712 multos
2457 1676 2671 1722 concedentes

1601 1734 1722 1756 marem
1747 1731 1778 1756 et
1800 1725 1954 1756 feminam
1977 1725 2129 1766 distingui
2151 1735 2250 1766 penes
2274 1726 2414 1756 activum
2437 1731 2469 1756 et
2490 1726 2670 1770 pessimun
2780 1724 2788 1729 ³

1601 1774 1691 1809 pater
1714 1770 1809 1800 etiam
1833 1770 1995 1800 concurrit
2018 1770 2196 1810 aliqualiter
2217 1770 2352 1810 passive,
2376 1779 2436 1810 pro
2455 1775 2671 1811 quantopere

1602 1814 1732 1843 seminis
1766 1814 1890 1854 paterni
1923 1814 2126 1844 materialiter
2159 1814 2321 1844 concurrit
2353 1813 2392 1844 ad
2420 1814 2670 1854 generationem.

1602 1857 1701 1896 Igitur
1722 1867 1740 1887 e
1759 1863 1870 1888 contra
1890 1857 2011 1898 aliquid
2027 1867 2064 1888 ex
2080 1863 2169 1898 parte
2185 1858 2293 1888 matris
2308 1867 2376 1888 non
2391 1855 2578 1896 inconvenit
2593 1867 2671 1894 con-

1603 1910 1728 1931 currere
1752 1902 1870 1932 acn've:
1896 1902 2042 1941 quamvis
2064 1902 2272 1942 principalius
2289 1906 2458 1933 concurrat
2472 1901 2606 1942 passive.
2630 1900 2672 1935 Et

1603 1945 1647 1974 sic
1671 1944 1787 1975 falsum
1811 1950 1858 1975 est
1879 1950 1985 1975 totamv
2000 1946 2066 1975 vim
2085 1945 2221 1976 activam
2245 1955 2283 1976 ex
2297 1951 2387 1985 parte
2402 1946 2508 1982 maris,
2523 1945 2671 1980 etffiffln

1603 1989 1762 2028 passivam
1785 1998 1823 2019 ex
1846 1995 1935 2029 parte
1959 1988 2098 2020 feminae
2121 1999 2155 2020 se
2178 1994 2296 2020 tenere.

1657 2033 1710 2063 VI.
1735 2033 1919 2073 Antequam
1943 2033 1983 2064 ad
2005 2033 2084 2064 haec
2107 2032 2230 2064 dicatur
2253 2033 2359 2070 dubia,
2383 2039 2431 2064 est
2452 2033 2671 2067 terminandus

1601 2085 1787 2117 progressus
1803 2077 1943 2108 articuli:
1967 2082 2013 2113 ut,
2029 2078 2126 2108 motis
2141 2078 2210 2108 aliis
2224 2078 2416 2118 propinquis
2431 2077 2547 2115 dubiis,
2558 2098 2560 2100 >
2570 2079 2672 2120 possit

1602 2121 1699 2151 simul
1721 2120 1916 2161 responderi.
1947 2120 2066 2159 Quoad
2090 2127 2240 2161 quartum
2255 2122 2282 2158 ἢ
2297 2120 2510 2162 respondetur
2525 2122 2671 2163 quaesito
2695 2130 2707 2141 ⁴

1603 2164 1727 2195 duabus
1750 2165 2024 2196 conclusionibus.
2057 2165 2163 2195 Prima
2193 2170 2255 2195 est:
2284 2165 2389 2196 Beata
2417 2164 2517 2208 Virgo
2544 2165 2577 2197 in
2601 2165 2615 2198 ἰ
2625 2163 2671 2198 ‘sa

1603 2209 1810 2249 conceptione
1835 2209 1957 2239 Christi
1996 2209 2077 2239 nihil
2112 2209 2215 2240 active
2246 2214 2379 2250 operata
2404 2214 2465 2245 est,
2489 2209 2546 2241 sed
2566 2211 2604 2251 so
2618 2212 2671 2241 am

1602 2253 1772 2284 materiam
1795 2253 2000 2284 ministravit.
2019 2271 2042 2276 -
2062 2253 2210 2284 Secunda
2226 2253 2393 2284 conclusio
2409 2259 2472 2284 est:
2497 2254 2585 2286 Ante
2594 2262 2672 2286 eon-

1603 2298 1778 2338 ceptz'onem
1802 2303 1935 2338 operata
1959 2302 2006 2328 est
2027 2297 2152 2338 aliquid
2179 2297 2297 2333 active,
2315 2297 2550 2339 praeparando
2570 2303 2672 2333 mml—

1604 2342 1687 2372 riam
1712 2347 1748 2372 ut
1770 2347 1851 2373 esset
1872 2346 1948 2382 apta
1972 2342 2150 2382 conceptui.

1658 2386 1763 2416 Prima
1786 2386 1953 2417 conclusio
1976 2395 2044 2416 non
2067 2385 2156 2416 aliter
2178 2386 2212 2416 in
2226 2386 2329 2416 littera
2342 2386 2496 2427 probatur
2518 2394 2541 2427 q
2622 2394 2672 2424 ‚ex

1604 2439 1699 2470 supra
1714 2431 1731 2447 ⁴*
1755 2430 1846 2461 dictis
1869 2430 1957 2460 illam
1979 2429 2158 2460 inferendo.
2182 2429 2216 2461 Si
2239 2430 2326 2460 enim
2347 2434 2415 2461 tota
2429 2431 2477 2461 vis
2492 2394 2671 2473 actixaenge—
2697 2439 2707 2452 ·

1603 2475 1776 2504 nerationis
1800 2479 1847 2505 est
1870 2484 1908 2504 ex
1930 2479 2019 2515 parte
2041 2474 2146 2510 maris,
2170 2478 2265 2504 restat
2282 2479 2319 2504 ut
2337 2473 2457 2505 femina
2479 2474 2670 2515 passini-os

1603 2518 1671 2549 lum
1695 2524 1873 2549 concurrat.
1897 2537 1920 2541 —
1943 2518 2091 2550 Secunda
2114 2523 2222 2549 autem
2245 2518 2411 2549 conclusio
2434 2523 2588 2559 tanquam
2601 2523 2670 2551 me*

1603 2562 1717 2593 nifesta
1739 2563 1938 2603 relinquitur,
1964 2563 2055 2603 quasi
2077 2567 2312 2602 consequenter
2333 2571 2367 2593 se
2389 2563 2521 2596 habens.
2660 2592 2663 2594 ,

1659 2607 1798 2637 Adverte
1821 2607 1873 2637 hic
1897 2606 1987 2647 quod
2010 2605 2096 2637 aliud
2110 2610 2166 2637 'est
2188 2606 2281 2646 loqui
2303 2605 2343 2637 de
2365 2606 2438 2647 ipso
2457 2612 2531 2639 actu
2553 2611 2671 2655 conc'ef

1604 2652 1739 2692 ptionis:
1765 2656 1796 2681 et
1819 2650 1905 2681 aliud
1928 2650 1968 2687 de
1990 2660 2140 2682 mensura
2161 2650 2261 2691 ipsius
2285 2656 2384 2682 actus.
2419 2650 2456 2683 In
2477 2650 2580 2684 littera
2601 2659 2671 2691 non

1605 2695 1720 2726 dicitur
1743 2695 1832 2735 quod
1855 2695 1952 2725 Beata
1975 2695 2073 2736 Virgo
2097 2695 2176 2725 nihil
2199 2695 2301 2725 active
2324 2700 2454 2735 operata
2469 2699 2516 2726 est
2529 2694 2564 2726 in
2579 2702 2670 2726 mem

1604 2750 1676 2770 sura
1699 2744 1787 2770 actus
1811 2740 2049 2780 conceptionis:
2074 2737 2130 2769 sed
2145 2738 2260 2769 dicitur
2275 2738 2366 2779 quod
2380 2738 2460 2770 nihil
2474 2738 2576 2770 active
2591 2739 2670 2781 ope—

1604 2789 1670 2814 rata
1694 2789 1740 2814 est
1766 2784 1798 2813 in
1822 2784 1893 2823 ipso
1917 2789 1991 2814 actu
2014 2783 2245 2823 conceptionis.
2280 2783 2364 2813 Nam
2386 2783 2484 2814 Beata
2505 2776 2606 2823 Vffgo*
2634 2783 2671 2815 ᾗ,
2726 2775 2786 2818 ’ξ’

1605 2828 1660 2858 illo
1676 2828 1805 2858 instanti
1828 2828 2050 2868 conceptionis
2065 2827 2230 2858 materiam
2244 2827 2448 2864 ministravit;
2470 2836 2510 2858 ac
2523 2836 2582 2868 per
2595 2827 2669 2865 hoc3

1606 2873 1706 2903 active
1731 2877 1860 2912 operata
1883 2877 1946 2908 est;
1971 2873 2047 2912 quia
2061 2871 2225 2902 materiam
2240 2871 2417 2902 ministrare
2440 2880 2535 2912 agere
2554 2870 2671 2913 procul

1606 2916 1704 2947 dubio
1729 2921 1784 2946 est.
1810 2916 1855 2946 Ita
1877 2915 1967 2956 quod
1989 2916 2023 2946 in
2047 2921 2133 2947 certo
2156 2920 2302 2955 tempore
2320 2914 2529 2956 praecedente
2550 2914 2671 2952 instans

1606 2961 1837 3000 conceptionis,
1860 2960 1958 2990 Beata
1979 2960 2077 3000 Virgo
2101 2960 2202 2990 active
2224 2960 2422 3000 praeparavit
2435 2959 2610 2996 materiam,
2633 2962 2671 2992 ut
2699 2952 2726 2991 's'
2737 2939 2768 2994 t
2829 2990 2832 2992 ,

1605 3005 1638 3034 in
1662 3004 1802 3034 secunda
1825 3005 2034 3035 conclusione
2058 3003 2188 3034 dicitur:
2217 3008 2249 3034 et
2270 3004 2454 3034 iniustanti
2479 3003 2668 3043 terminante

1605 3054 1733 3088 tempus
1755 3048 1844 3085 illud,
1869 3048 1958 3089 quod
1981 3047 2042 3079 fuit
2064 3049 2183 3079 instans
2199 3048 2431 3088 conceptionis,
2450 3050 2669 3088 praeparatam

1605 3093 1770 3123 materiam
1785 3093 1982 3128 ministravit,
1995 3098 2031 3123 ut
2045 3093 2078 3123 in
2094 3093 2197 3132 prima
2212 3092 2420 3123 conclusione
2435 3091 2560 3128 dicitur,
2577 3092 2670 3132 quasi

1607 3136 1646 3167 acl
1669 3137 1842 3167 terminum
1865 3146 1940 3167 suae
1964 3137 2099 3167 actionis
2124 3137 2323 3177 perveniens.
2357 3135 2409 3167 Ad
2431 3136 2538 3177 ipsum
2560 3140 2669 3169 autem
2704 3131 2770 3179 ’.ᾆξ’,ᾆ

1606 3181 1827 3221 conceptionis
1850 3186 1958 3211 actum
1980 3190 2048 3212 non
2064 3181 2225 3212 concurrit
2247 3180 2358 3217 active,
2382 3179 2438 3211 sed
2459 3180 2593 3220 passive,
2615 3187 2669 3211 su-

1606 3223 1770 3264 scipiendo
1794 3225 1827 3255 in
1849 3225 1981 3255 materia
2003 3225 2177 3255 ministrata
2206 3225 2367 3255 actionem
2390 3224 2511 3265 agentis
2533 3222 2668 3265 Spiritus

1606 3268 1713 3299 Sancti
1736 3268 1811 3299 loco
1835 3269 1974 3299 seminis.

1660 3312 1728 3343 VII.
1754 3312 1900 3343 Occurrit
1923 3313 2005 3344 circa
2028 3313 2272 3344 conclusionem
2295 3312 2429 3343 dubium
2453 3320 2491 3343 ex
2506 3311 2619 3348 Scoto,
2634 3311 2669 3342 in

1606 3356 1646 3387 111
1663 3356 1760 3392 Sent„
1777 3356 1847 3387 dist.
1867 3366 1907 3393 xv,
1928 3366 1982 3397 qu.
2000 3367 2020 3392 ι,
2045 3356 2162 3387 directe
2179 3361 2289 3388 contra
2305 3356 2482 3387 doctrinam
2496 3355 2668 3396 praesentis

1606 3401 1728 3431 articuli
1751 3406 1912 3440 arguente.
1933 3400 2053 3437 Primo,
2070 3400 2110 3431 de
2124 3401 2277 3432 matribus
2292 3401 2326 3431 in
2341 3400 2508 3431 communi
2522 3400 2549 3431 ⁹.
2569 3399 2667 3435 Tum,
2695 3403 2707 3415 ⁸

1606 3445 1721 3484 primo,
1746 3445 1821 3484 quia
1844 3443 1963 3475 formas
1986 3443 2130 3475 eiusdem
2148 3444 2266 3485 speciei
2289 3449 2532 3485 consequuntur
2553 3448 2667 3484 poten-

1605 3488 1666 3518 tiae
1691 3488 1847 3518 naturales
1871 3487 2014 3519 eiusdem
2038 3489 2165 3528 speciei.
2202 3488 2269 3518 Mas
2293 3493 2324 3518 et
2347 3487 2465 3519 femina
2487 3493 2561 3518 sunt
2584 3487 2667 3518 eius-

502 3523 595 3553 Beata
618 3524 714 3563 Virgo
740 3535 795 3554 usa
818 3530 863 3555 est
887 3524 1009 3565 agendo
1033 3527 1279 3566 conceptionem
1303 3528 1428 3559 Christi.
1452 3530 1492 3559 Et
1508 3531 1551 3560 sic

539 3567 544 3572 ’
811 3569 817 3575 ’
851 3569 856 3575 ’
1102 3570 1107 3576 ’
1186 3570 1191 3576 ’
1608 3530 1681 3561 dem
1704 3532 1837 3571 speciei,
1861 3532 1891 3562 X
1915 3531 2095 3572 Metaphys.
2112 3532 2128 3549 ⁸*
2162 3532 2266 3571 Ergo,
2290 3532 2316 3562 si
2343 3530 2480 3562 sormam
2502 3531 2596 3562 maris
2619 3539 2667 3562 se·
2693 3528 2745 3579 ᾗῇ
2760 3539 2761 3542 ’
2815 3517 2817 3529 ³

503 3566 609 3596 fuisset
634 3573 719 3606 pater
743 3568 868 3599 Christi.
893 3587 914 3591 -
938 3569 1053 3604 Altera,
1078 3568 1251 3600 dicentium
1268 3571 1356 3610 quod
1371 3572 1484 3603 virtute
1500 3573 1553 3603 illa
2780 3578 2783 3581 ’

1609 3575 1716 3614 quitur
1739 3575 1882 3615 potentia
1904 3575 2078 3615 vegetativa
2101 3575 2218 3611 activa,
2243 3575 2384 3606 similiter
2407 3581 2438 3606 et
2461 3575 2598 3606 formam
2621 3573 2666 3605 fe·
2692 3587 2725 3605 nx.
2772 3580 2822 3618 {⁷3¹
