2872 3970
171 369 226 391 ’De
235 369 294 390 Fide
305 369 382 394 Orth„

171 395 211 417 lib.
226 395 265 422 ΙΙΙ,
285 401 334 423 cap.
351 402 380 416 ιν.

268 532 284 548 α

170 899 180 908 ’
197 897 284 918 Anam.
304 896 353 917 xn.
370 907 380 912 -

169 923 204 945 Cf.
222 923 271 944 Act.
292 923 381 944 concil.

169 949 268 977 Ephes.,
287 953 344 977 pun.
363 949 380 974 Ι,

168 982 221 1003 cap.
236 982 297 998 xxix.

167 1531 177 1539 ⁴
198 1529 271 1557 Epist.
293 1529 375 1556 Cyrill.

166 1555 281 1581 etSrnod.
290 1555 324 1576 ad
331 1555 376 1576 Ne-

165 1581 376 1630 {fi'';1²0¹2?¹¹32‚¹‚X;-11

166 1635 258 1662 Ephes„
280 1639 336 1662 part.
357 1635 373 1660 l,

166 1667 215 1688 cap.
231 1667 292 1682 xxvi.

178 3262 186 3270 ·
202 3261 236 3282 et.
253 3266 314 3282 num.
331 3267 363 3282 ιιι.

179 3349 187 3357 ·
202 3347 236 3369 Cf.
253 3354 314 3369 num⁴
330 3354 358 3369 iv.

413 298 489 334 204

411 364 506 401 libro
530 363 561 411 ²¹²,
589 363 696 413 quod
730 364 836 401 Deus
863 364 1017 412 suscepit
1044 374 1089 399 ea
1118 374 1212 411 quae
1237 366 1320 398 sunt
1348 361 1472 397 carnis

410 418 596 463 idiomata,
624 416 720 454 idest
747 416 1014 466 proprietateS,
1042 415 1130 451 dum
1160 415 1259 451 Deus
1288 413 1472 462 passibilis

410 471 633 515 nominatur,
654 475 686 506 et
713 470 814 507 Deus
840 470 988 519 gloriae
1014 469 1217 514 crucifixus
1245 472 1304 502 est.

462 524 687 560 RESPONDEO
706 534 887 559 memnon
915 521 1023 570 quod
1042 520 1089 556 de
1119 520 1190 556 hac
1209 517 1433 568 quaestione
1454 522 1470 538 ‘²

410 574 605 612 diversitas
641 574 710 611 fuit
744 574 841 611 inter
878 572 1127 610 Nestorianos
1165 579 1201 608 et
1238 570 1468 608 Catholicos.

409 627 628 666 Nestoriani
648 627 751 664 enim
778 638 894 663 voces
923 637 1022 675 quae
1042 625 1221 662 dicuntur
1249 623 1296 660 de
1317 622 1470 660 Christo

410 679 579 717 dividere
607 680 787 716 volebant
815 680 890 716 hoc
918 678 1057 724 modo,
1088 685 1129 714 ut
1157 689 1202 714 ea
1229 688 1329 725 quae
1357 675 1470 724 perti-

409 741 501 769 nent
528 733 577 770 ad
605 734 818 769 humanam
846 739 1042 775 naturam,
1071 741 1151 766 non
1179 728 1395 765 dicerentur
1422 727 1470 764 de

409 786 514 831 Deo;
551 797 621 822 nec
656 797 701 821 ea
728 796 828 833 quae
863 783 1052 832 pertinent
1079 782 1128 819 ad
1157 781 1329 818 divinam
1362 788 1470 818 natu-

409 849 503 881 ram,
525 838 739 874 dicerentur
766 837 813 872 de
842 836 1011 872 homine.
1047 834 1158 872 Unde
1187 833 1388 870 Nestorius
1416 833 1470 870 di-

407 890 459 927 xit
477 890 516 926 *:
547 892 587 927 Si
604 891 682 939 quis
708 890 782 925 Dei
807 890 924 926 Verbo
943 889 1134 937 passiones
1161 892 1273 923 tentat
1297 887 1468 932 tribuere,

407 944 605 980 anathema
623 944 678 978 sit.
710 941 749 978 Si
769 953 846 989 qua
865 952 958 977 vero
978 939 1138 977 nomina
1159 946 1247 976 sunt
1266 950 1366 988 quae
1385 951 1470 988 per-

407 995 525 1032 tinere
552 1001 713 1043 possunt
741 994 790 1030 ad
811 1001 1015 1041 utramque
1044 999 1234 1037 naturam,
1255 991 1303 1028 de
1331 991 1471 1029 talibus

406 1046 675 1096 praedicabant
712 1058 757 1083 ea
794 1058 893 1094 quae
931 1053 1019 1082 sunt
1054 1044 1254 1094 utriusque
1289 1052 1468 1082 naturae:

406 1100 500 1136 sicut
529 1100 603 1136 hoc
631 1111 775 1136 nomen
818 1100 998 1144 Christus,
1029 1099 1089 1134 vel
1122 1099 1317 1135 Dominus.
1357 1097 1469 1135 Unde

405 1153 666 1189 concedebant
704 1151 899 1188 Christum
937 1163 1019 1187 esse
1048 1158 1182 1188 natum
1215 1150 1263 1187 de
1292 1149 1468 1199 Virgine,

405 1213 440 1242 et
467 1205 580 1242 fuisse
609 1205 657 1242 ab
686 1212 860 1241 aeterno:
898 1215 978 1240 non
1006 1211 1135 1240 tamen
1171 1203 1469 1240 concedebantss

404 1259 465 1294 vel
498 1259 625 1295 Deum
653 1265 787 1294 natum
823 1257 870 1293 de
899 1256 1071 1304 Virgine,
1101 1258 1163 1294 vel
1190 1256 1391 1294 hominem
1419 1257 1468 1293 ab

404 1319 558 1348 aeterno
586 1310 711 1347 fuisse.

459 1363 642 1400 Catholici
670 1375 763 1399 vero
792 1370 1004 1411 posuerunt
1030 1362 1256 1400 huiusmodi
1284 1374 1384 1411 quae
1413 1362 1468 1399 di-

403 1424 542 1453 cuntur
570 1416 617 1452 de
647 1415 815 1462 Christo,
847 1415 926 1452 sive
955 1415 1172 1452 secundum
1201 1415 1374 1452 divinam
1402 1427 1468 1452 na-

403 1477 528 1506 turam
557 1468 636 1505 sive
661 1468 876 1505 secundum
906 1469 1132 1515 humanam,
1153 1467 1227 1505 dici
1247 1479 1361 1518 posse
1388 1475 1468 1505 tam

403 1523 450 1558 de
477 1523 560 1558 Deo
589 1534 709 1570 quam
736 1521 783 1557 de
804 1520 974 1558 homine.
1004 1521 1116 1558 Unde
1138 1520 1302 1570 Cyrillus
1321 1520 1413 1557 dixit
1431 1520 1466 1557 *ι

403 1577 443 1612 Si
469 1576 547 1624 quis
575 1575 716 1611 duabus
738 1576 910 1623 personis
936 1587 999 1611 seu
1027 1575 1246 1619 substantiis,
1276 1573 1371 1610 idest
1399 1574 1467 1623 hy-

402 1627 628 1677 postasibus,
659 1639 720 1664 eas
749 1640 844 1676 quae
871 1628 907 1663 in
937 1627 1176 1677 Evangelicis
1199 1633 1232 1663 et
1249 1627 1469 1676 Apostolicis

400 1686 483 1717 sunt
510 1681 838 1729 conscriptionibus
866 1680 990 1717 dividit
1016 1692 1135 1727 voces,
1158 1681 1214 1717 vel
1238 1693 1282 1717 ea
1311 1692 1406 1729 quae
1424 1680 1470 1717 de

405 1734 548 1770 Christo
576 1746 600 1770 a
628 1735 770 1770 Sanctis
798 1733 982 1779 dicuntur,
1001 1733 1060 1770 vel
1078 1735 1126 1770 ab
1154 1734 1232 1782 ipso
1255 1733 1399 1770 Christo
1423 1733 1469 1770 de

400 1788 609 1835 semetipso;
638 1792 670 1822 et
698 1787 841 1835 aliquas
864 1786 1009 1835 quidem
1038 1798 1087 1823 ex
1107 1787 1162 1823 his
1181 1787 1326 1823 homini
1351 1786 1467 1835 appli-

401 1839 539 1876 candas
566 1839 780 1885 crediderit,
810 1839 953 1888 aliquas
980 1839 1051 1876 soli
1076 1840 1194 1876 Verbo
1222 1839 1468 1888 deputaverit:

401 1894 598 1929 anathema
626 1894 680 1929 sit.
719 1893 767 1928 Et
794 1891 910 1928 huius
949 1891 1043 1928 ratio
1073 1900 1128 1928 est
1156 1891 1268 1940 quia,
1298 1903 1389 1928 cum
1422 1891 1468 1928 sit

401 1945 538 1982 eadem
566 1945 783 1995 hypostasis
810 1944 1009 1994 utriusque
1037 1953 1209 1991 naturae,
1232 1944 1369 1981 eadem
1398 1945 1466 1994 hy-

401 1998 561 2047 postasis
580 2003 595 2026 Υ
624 1997 855 2047 supponitur
882 1997 1040 2035 nomine
1068 1997 1268 2046 utriusque
1295 2005 1464 2035 naturae.

403 2051 491 2089 Sive
520 2063 610 2099 ergo
639 2051 786 2089 dicatur
813 2052 944 2097 homo,
975 2050 1054 2087 sive
1087 2052 1207 2097 Deus,
1237 2050 1468 2099 supponitur

402 2104 616 2153 hypostasis
645 2104 797 2141 divinae
826 2111 862 2141 et
889 2105 1084 2141 humanae
1113 2111 1282 2140 naturae.
1313 2104 1361 2140 Et
1379 2103 1467 2140 ideo

403 2157 450 2194 de
479 2157 636 2194 homine
675 2157 749 2194 dici
786 2165 948 2206 possunt
976 2169 1021 2194 ea
1049 2169 1148 2206 quae
1188 2164 1276 2194 sunt
1314 2155 1467 2193 divinae

403 2218 560 2247 naturae
579 2208 610 2247 δε
641 2219 677 2247 et
705 2211 753 2247 de
781 2211 866 2247 Deo
894 2218 1056 2259 possunt
1084 2210 1158 2247 dici
1187 2222 1232 2246 ea
1259 2221 1360 2259 quae
1379 2217 1468 2246 sunt

404 2264 598 2300 humanae
626 2271 796 2301 naturae.

459 2315 667 2353 Sciendum
696 2325 825 2353 tamen
845 2317 952 2365 quod
981 2316 1020 2353 in
1049 2315 1310 2366 propositione
1331 2315 1370 2352 in
1390 2327 1468 2364 qua

404 2368 547 2418 aliquid
576 2369 623 2406 de
652 2369 781 2419 aliquo
810 2369 1063 2419 praedicatur,
1088 2381 1169 2406 non
1198 2370 1325 2406 solum
1349 2375 1467 2405 atten-

457 2517 484 2551 α)
504 2518 536 2542 de
548 2518 597 2542 hac
610 2517 772 2550 quaestione.
783 2531 802 2536 -
814 2518 887 2543 circa
906 2518 974 2542 hanc
986 2517 1167 2550 quaestionem
1186 2516 1268 2542 tertia.
1282 2530 1301 2535 —
1318 2516 1468 2541 catholicos
1491 2518 1495 2558 1

405 2553 442 2578 Fa
461 2559 485 2578 et
503 2553 591 2582 tertia;
614 2553 755 2578 catharos.

458 2588 482 2621 β)
501 2588 686 2613 concedebant.
704 2602 723 2606 -
741 2588 935 2620 confitebantur
955 2588 983 2617 F,
1002 2587 1125 2612 dicebant
1150 2587 1290 2618 editiones;
1310 2589 1336 2612 et
1351 2587 1467 2620 fuisse...

405 2625 437 2649 de
460 2624 568 2656 Virgine
586 2631 639 2648 om.
660 2623 702 2648 HI.
720 2637 739 2642 —
757 2623 807 2647 Pro
819 2623 914 2656 fuisse,
936 2630 987 2648 non
1001 2623 1088 2656 fuisse
1108 2623 1126 2648 1.

457 2659 483 2692 γ)
503 2659 640 2691 utriusque
658 2662 779 2687 naturae,
799 2658 891 2683 eadem
910 2659 1071 2691 hypostasis.
1088 2672 1108 2676 —
1126 2658 1187 2683 Om.
1207 2657 1295 2682 DEGI.

457 2694 481 2727 δ)
502 2694 608 2719 divinae
622 2697 742 2719 naturae.
752 2708 771 2712 -
784 2697 910 2726 tanquam
925 2694 957 2718 de
970 2694 1110 2727 hypostasi
1125 2693 1231 2718 divinae
1246 2696 1360 2717 naturae
1373 2693 1468 2717 addunt

1103 282 1367 331 QUAESTIO
1397 283 1501 328 XVI,
1530 281 1823 319 ARTICULUS
1852 282 1903 319 lv

1528 359 1631 396 ditur
1664 359 1759 408 quid
1787 359 1833 396 sit
1859 359 1953 396 illud
1981 359 2029 396 de
2057 371 2137 410 quo
2168 361 2409 410 praedicatur
2441 364 2590 412 praedi·

1527 419 1670 459 catum,
1690 412 1759 448 sed
1787 412 1901 450 etiarn
1929 413 2146 450 secundum
2165 413 2259 463 quid
2286 414 2335 451 de
2358 414 2422 453 illo
2442 417 2590 465 praedi-

1527 472 1644 501 cetur.
1674 464 1866 511 Quamvis
1883 465 1996 514 igitur
2013 477 2094 502 non
2122 465 2401 515 distinguantur
2426 480 2471 505 ea
2489 479 2589 518 quae

1526 516 1795 566 praedicantur
1823 517 1883 555 'de
1926 517 2098 565 Christo,
2136 518 2421 567 distinguuntur
2459 529 2589 559 tamen

1526 577 1717 618 quantum
1736 570 1785 606 ad
1799 575 1812 592 ⁸
1833 569 1872 607 id
1891 571 2108 608 secundum
2126 572 2234 621 quod
2253 580 2462 623 utrumque
2481 585 2589 624 prae-

1526 622 1684 659 dicatur.
1705 623 1809 660 Nam
1829 635 1874 660 ea
1892 635 1992 672 quae
2012 632 2101 661 sunt
2119 624 2271 662 divinae
2291 633 2461 672 naturae,
2481 638 2588 676 prae-

1526 674 1701 712 dicantur
1720 675 1767 712 de
1788 675 1941 713 Christo
1963 677 2179 714 secundum
2198 677 2370 715 divinam
2394 686 2586 717 naturam:

1525 739 1571 764 ea
1589 735 1720 765 autem
1739 740 1840 777 quae
1859 736 1948 765 sunt
1967 730 2161 767 humanae
2181 738 2350 778 naturae,
2365 731 2588 781 praedican-

1524 787 1587 817 tur
1614 780 1662 817 de
1691 792 1738 818 eo
1767 781 1983 819 secundum
2010 783 2225 820 humanam
2252 791 2442 822 naturam.
2476 784 2588 823 Unde

1525 833 1763 881 Augustinus
1791 833 1897 880 dicit,
1926 834 1966 871 in
1994 835 2008 871 I
2036 835 2081 872 de
2111 837 2147 873 T
2143 837 2215 872 rin.
2239 835 2276 873 *ε
2306 837 2590 888 Distinguamus

1526 886 1625 935 quod
1650 888 1687 923 in
1717 888 1916 936 Scripturis
1940 893 2048 925 sonat
2073 889 2275 926 secundum
2292 890 2467 938 formam
2493 890 2586 937 Dei,

1525 944 1559 975 et
1578 938 1701 988 quod<
1718 940 1920 976 secundum
1929 941 2104 988 formam
2120 943 2229 979 servi.
2257 942 2306 978 Et
2319 942 2459 980 infra&
2490 944 2590 986 Quid

1519 998 1676 1042 propter
1704 993 1801 1042 quid,
1821 998 1854 1029 et
1875 993 1964 1042 quid
1982 994 2184 1030 secundum
2211 994 2300 1044 quid
2325 995 2479 1042 dicatur,
2494 1007 2588 1046 pru·

1525 1045 1615 1082 dens
1641 1051 1674 1082 et
1701 1045 1859 1095 diligens
1886 1051 1919 1082 et
1939 1046 2027 1095 pius
2053 1046 2168 1084 lector
2195 1047 2363 1097 intelligit
2381 1053 2410 1085 η.

1578 1099 1635 1135 An
1665 1110 1800 1135 pannum
1829 1110 1926 1136 eaeo
1946 1110 2128 1137 memnon
2147 1100 2255 1148 quod
2283 1101 2459 1149 opposita
2480 1113 2588 1150 prae·

1525 1150 1642 1187 dicari
1661 1151 1709 1188 de
1729 1151 1869 1188 eodem
1889 1151 2106 1189 secundum
2133 1151 2238 1190 idem
2257 1161 2312 1190 est
2330 1152 2586 1203 impossibile:

1525 1203 1591 1240 sed
1621 1204 1837 1241 secundum
1874 1203 2044 1251 diversa,
2074 1204 2168 1242 nihil
2201 1205 2389 1254 prohibet.
2429 1207 2476 1243 Et
2513 1207 2590 1245 hoc

1524 1256 1644 1294 modo
1665 1256 1848 1309 opposita,
1865 1256 2134 1307 praedicantur
2153 1258 2200 1295 de
2221 1258 2393 1296 Christo:
2423 1271 2504 1297 non
2530 1271 2588 1298 se-

1524 1309 1699 1346 cundum
1727 1309 1848 1356 idem,
1877 1310 1945 1347 sed
1974 1310 2189 1348 secundum
2225 1311 2393 1349 diversas
2421 1320 2586 1350 naturas.

1576 1363 1634 1399 Αι)
1661 1374 1852 1400 SECUNDUM
1885 1374 2067 1402 nicnunun
2102 1364 2229 1413 quod,
2257 1363 2288 1401 si
2323 1376 2370 1402 ea
2403 1377 2504 1414 quae
2537 1365 2588 1409 ad

1523 1415 1714 1452 defectum
1742 1415 1932 1464 pertinent
1950 1416 2035 1453 Deo
2059 1415 2313 1455 attribuantur
2330 1415 2344 1439 ⁰
2371 1414 2588 1456 secunduin

1523 1467 1695 1505 divinam
1724 1476 1915 1515 naturam,
1943 1477 2041 1506 esset
2068 1469 2318 1519 blasphemia,
2339 1470 2449 1520 quasi
2476 1470 2588 1520 perti·

1522 1532 1618 1558 nens
1646 1521 1695 1558 ad
1724 1521 2021 1559 diminutionem
2050 1522 2208 1560 honoris
2236 1522 2375 1572 ipsius:
2411 1535 2491 1561 non
2519 1536 2587 1563 au-

1522 1581 1601 1611 tem
1628 1573 1791 1622 pertinet
1818 1573 1867 1611 ad
1895 1574 1968 1612 Dei
2003 1573 2183 1612 iniuriam
2209 1574 2240 1612 si
2267 1575 2522 1614 attribuantur
2553 1576 2588 1615 ei

1523 1626 1739 1664 secundum
1777 1635 1956 1664 naturam
1990 1635 2239 1677 assumptam.
2276 1628 2388 1666 Unde
2416 1628 2455 1666 in
2491 1641 2588 1679 quo—

1522 1679 1614 1716 dam
1642 1691 1822 1717 sermone
1850 1679 2035 1729 Ephesini
2065 1680 2224 1718 Concilii
2243 1681 2263 1703 *
2291 1680 2448 1718 dicitur:
2482 1682 2590 1720 Nihil

1516 1738 1623 1782 putat
1650 1733 1752 1770 Deus
1779 1734 1955 1770 iniuriam
1989 1734 2088 1782 quod
2113 1739 2163 1770 est
2190 1735 2335 1771 occasio
2366 1735 2492 1772 salutis
2523 1736 2588 1774 ho->

1521 1787 1702 1822 minibus.-
1725 1786 1816 1823 nihil
1834 1787 1932 1823 enim
1951 1787 2177 1824 abiectorum
2198 1799 2292 1836 quae
2310 1787 2420 1838 elegit
2431 1794 2590 1839 propter

1522 1851 1600 1884 nos,
1621 1839 1797 1876 iniuriam
1805 1839 1906 1886 facit
1924 1839 1979 1876 illi
1996 1845 2153 1877 naturae
2171 1852 2266 1889 quae
2285 1852 2359 1878 non
2375 1846 2495 1890 potest
2511 1853 2589 1881 esse

1520 1893 1681 1928 subiecta
1715 1892 1880 1938 iniuriis,
1903 1894 2062 1942 propria
2089 1905 2179 1930 vero
2205 1894 2304 1941 facit
2341 1894 2522 1941 inferiora
2549 1901 2588 1932 ut

1520 1944 1634 1982 salvet
1662 1950 1836 1982 naturam
1859 1950 2035 1982 nostram.
2071 1945 2230 1988 Quando
2251 1957 2345 1996 ergo
2374 1958 2469 1996 quae
2486 1952 2494 1968 ²
2521 1947 2586 1985 ab·

1521 1999 1614 2034 iecta
1642 2003 1675 2034 et
1702 1997 1789 2035 vilia
1815 2003 1900 2034 sunt
1931 1998 2005 2035 Dei
2031 2003 2205 2036 naturam
2238 2011 2312 2036 non
2341 2000 2584 2048 iniuriantur,

1519 2050 1585 2087 sed
1609 2050 1763 2087 salutem
1791 2051 2000 2088 hominihus
2031 2057 2252 2101 operantur,
2282 2052 2466 2101 quomodo
2497 2052 2588 2091 dicis

1521 2116 1566 2141 ea
1595 2115 1689 2152 quae
1711 2115 1825 2140 causa
1853 2110 2000 2141 nostrae
2026 2104 2152 2142 salutis
2177 2110 2272 2151 sunt,
2293 2105 2452 2142 iniuriae
2467 2117 2587 2144 -occa-

1520 2158 1662 2193 sionem
1690 2157 1772 2193 Deo
1790 2157 1943 2204 fuisse?

1575 2211 1633 2246 AD
1665 2220 1824 2246 TERTmM
1860 2221 2042 2247 monimum
2080 2210 2187 2259 quod
2225 2210 2368 2248 assumi
2406 2210 2588 2248 convenit

1522 2263 1718 2299 humanae
1747 2270 1906 2299 naturae
1933 2275 2012 2300 non
2039 2263 2185 2300 ratione
2213 2263 2412 2313 suppositi,
2433 2263 2502 2301 sed
2529 2274 2587 2303 ra*

1521 2314 1625 2352 tione
1654 2315 1714 2352 sui
1741 2314 1871 2365 ipsiu-s.
1903 2316 1950 2352 Et
1978 2315 2066 2353 ideo
2085 2328 2165 2353 non
2193 2315 2372 2355 convenit
2398 2317 2495 2355 Deo.

1574 2515 1596 2549 ε)
1616 2519 1745 2549 quantum
1764 2517 1809 2542 ad.
1827 2530 1846 2534 —
1863 2516 2008 2541 secundum
2027 2516 2070 2542 Pc.

1573 2551 1599 2585 ζ)
1618 2551 1690 2584 quod
1711 2552 1737 2576 in
1758 2551 1906 2584 Scripturis
1924 2554 2030 2577 sonat...
2043 2556 2070 2577 et
2086 2552 2166 2584 quod.
2178 2566 2198 2571 —
2209 2554 2276 2585 quid
2295 2554 2321 2579 in
2342 2554 2493 2587 scripturis
2510 2559 2588 2582 sonet

1522 2586 1611 2620 (sonat
1629 2587 1687 2620 F)...
1707 2591 1734 2612 et
1752 2587 1817 2619 quid
1834 2587 1854 2611 F
1873 2591 1898 2611 et
1916 2587 1998 2612 tertia.

1575 2621 1602 2656 η)
1622 2622 1757 2655 intelligit.
1774 2636 1793 2640 —
1811 2622 1941 2655 intelliget
1959 2623 1987 2647 P.

1575 2656 1600 2685 Θ)
1619 2658 1812 2683 attribuantur.
1830 2672 1849 2676 -
1867 2658 2049 2683 attribuentur
2067 2658 2084 2687 Ι,
2103 2659 2316 2684 attribuerentur
2334 2666 2419 2686 cetera
2437 2661 2519 2688 tertia.

1576 2693 1595 2727 ι)
1615 2700 1680 2726 ergo
1699 2700 1774 2725 quae.
1791 2707 1810 2712 --
1829 2694 1880 2722 sH;
1899 2700 1964 2726 ergo
1982 2694 2063 2724 tertia,
2082 2701 2145 2719 vero
2164 2695 2248 2721 ceteri.
2267 2710 2286 2714 -
2305 2695 2330 2720 ln
2351 2695 2402 2722 fine
2421 2697 2585 2724 occasionem

406 2730 446 2754 EF
460 2736 484 2755 et
498 2730 585 2758 tex-tien
605 2730 696 2754 eodem
711 2730 790 2754 modo
804 2736 863 2753 mox
877 2735 935 2761 post
948 2729 1080 2754 humanae
1093 2732 1207 2754 naturae
1225 2729 1322 2753 addunt
1341 2731 1467 2761 tanquam
1523 2728 1581 2754 Deo
1600 2729 1620 2753 F
1640 2733 1665 2753 et
1683 2729 1755 2754 tertia
1761 2737 1768 2760 3
1786 2729 1951 2754 occasionem
1973 2729 2033 2755 Dei.

406 2766 438 2790 de
456 2765 595 2798 hypostasi
612 2765 745 2790 humanae
764 2768 878 2789 naturae
896 2765 915 2788 F
936 2770 960 2789 et
980 2765 1061 2790 tertia.

1079 2861 1412 2894 Commentaria
1436 2860 1686 2893 Cardinalis
1709 2860 1910 2894 Caietam

410 2968 572 3030 Trrucus
589 2965 624 2989 ut
638 2960 718 2990 iacet
741 2958 964 2998 intelligendus
989 2964 1044 2994 est,
1062 2958 1101 2988 de
1126 2957 1391 3001 convenientibus
1407 2958 1466 2987 hu-

467 3012 578 3032 manae
601 3009 730 3034 naturae
755 3003 897 3033 existenti
921 3003 954 3033 in
978 3002 1122 3033 Christo:
1147 3007 1224 3042 puta
1253 3001 1465 3042 passibilitate,

408 3052 528 3082 morte,
560 3052 590 3076 et
613 3047 679 3078 aliis
703 3047 886 3078 huiusmodi
917 3056 1000 3087 quae
1023 3046 1062 3077 de
1087 3046 1214 3077 Christo
1238 3046 1360 3076 ratione
1383 3045 1467 3076 illius

408 3095 536 3120 naturae
559 3091 716 3121 humanae
741 3090 898 3127 dicuntur,
924 3091 1001 3122 dum
1018 3090 1154 3122 dicimus
1178 3090 1342 3122 Christum
1366 3090 1467 3121 cruci-

410 3132 517 3167 fixum.
542 3139 715 3169 mortuum,
739 3135 910 3174 sepultum,
928 3141 986 3165 etc.

464 3177 498 3206 In
523 3187 657 3217 corpore
673 3178 794 3208 articuli
818 3179 874 3208 tria
890 3178 986 3209 fiunt:
1012 3179 1127 3219 primo,
1144 3178 1276 3210 refertur
1293 3179 1467 3211 differentia

410 3220 490 3250 inter
505 3220 687 3251 Nestorium
705 3227 735 3251 et
751 3221 936 3252 Catholicos
959 3223 991 3252 in
1007 3224 1066 3253 hac
1083 3224 1288 3263 quaestione;
1312 3222 1467 3259 secund0‚

411 3263 549 3294 redditur
572 3265 651 3294 ratio
680 3264 863 3295 Catholicae
888 3265 1049 3297 doctrinae
1068 3269 1099 3303 ’ς
1130 3268 1241 3303 tertio,
1266 3268 1468 3308 subiungitur

412 3313 630 3346 opportunum
656 3307 886 3338 documentum
919 3309 999 3340 circa
1022 3311 1103 3341 hanc
1127 3311 1327 3343 Catholicam
1351 3312 1468 3343 doctri-

412 3359 485 3380 nam
501 3353 526 3381 ’ἢ

468 3394 504 3423 ll.
528 3394 645 3432 Quoad
676 3395 832 3434 primum,
863 3394 1041 3426 Nestoriani
1068 3397 1189 3428 duabus
1213 3398 1468 3431 distinctionibus

414 3437 580 3467 utebantur
602 3439 634 3468 in
659 3438 835 3478 proposito.
867 3438 982 3473 Altera,
1006 3439 1182 3475 bimembri,
1207 3452 1244 3472 ex
1267 3450 1355 3483 parte
1378 3454 1467 3484 prae·

414 3479 599 3510 dicatorum.
624 3481 788 3519 Quaedam
806 3482 891 3511 enirn
908 3487 980 3512 sunt
1003 3482 1178 3521 praedicata
1197 3487 1324 3526 propria
1343 3487 1467 3518 divinae

415 3529 553 3559 naturae,
570 3531 604 3554 ut
621 3535 686 3554 esse
703 3526 968 3564 omnipotentem,
986 3531 1158 3562 aeternum.
1177 3534 1206 3558 et
1222 3530 1349 3560 similia:
1371 3539 1467 3571 quae-

415 3566 487 3596 dam
503 3573 575 3597 sunt
591 3568 766 3606 praedicata
783 3569 909 3608 propria
925 3569 1081 3599 humanae
1098 3576 1236 3607 naturae,
1249 3579 1284 3602 ut
1301 3583 1367 3604 esse
1382 3582 1467 3605 mor-

1520 2958 1626 2993 talem,
1648 2967 1851 2998 corporeum,
1868 2958 1972 2989 filium
1992 2960 2142 2995 hominis,
2160 2965 2191 2990 et
2214 2960 2410 2992 huiusmodi.
2433 2979 2455 2985 —
2477 2961 2585 2993 Altera

1521 3012 1558 3032 ex
1582 3008 1670 3042 parte
1693 3003 1922 3039 subiectorum,
1946 3003 2131 3034 trimembri.
2155 3004 2264 3035 Potest
2287 3006 2373 3036 enim
2389 3004 2479 3036 dictis
2493 3015 2584 3046 prae-

1521 3046 1631 3077 dicatis
1654 3047 1767 3077 subiici
1796 3047 1829 3076 in
1853 3048 2073 3078 enuntiatione
2102 3048 2154 3078 vel
2177 3057 2298 3079 nomen
2320 3049 2489 3090 proprium
2511 3049 2583 3087 Der,

1521 3096 1557 3120 ut
1583 3090 1694 3127 Deus;
1727 3091 1777 3121 vel
1804 3101 1926 3122 nornen
1953 3092 2121 3132 proprium
2147 3092 2305 3129 hominis,
2334 3098 2372 3124 ut
2397 3092 2511 3132 homo,·
2531 3094 2583 3125 vel

1520 3143 1642 3165 nomen
1666 3144 1840 3166 commune
1863 3136 1991 3177 utrique
2014 3141 2156 3172 naturae,
2180 3136 2305 3168 divinae
2327 3136 2448 3169 scilieet
2465 3142 2502 3172 ,et
2523 3138 2583 3169 hu-

1521 3188 1644 3215 manae,
1669 3184 1704 3209 ut
1729 3179 1885 3210 Christus.

1576 3223 1617 3254 Et
1639 3224 1874 3263 subiungebant
1897 3223 1974 3255 duas
2002 3224 2237 3256 conclusiones.
2267 3224 2421 3261 Primam,
2446 3224 2485 3256 de
2509 3226 2583 3257 sub-

1521 3267 1609 3298 iectis
1632 3268 1783 3308 propriis:
1809 3268 1946 3299 dicendo
1970 3268 2059 3309 quod
2081 3277 2143 3300 nec
2165 3267 2205 3300 de
2227 3269 2359 3300 nomine
2374 3271 2506 3310 proprio
2523 3270 2583 3301 Dei

1522 3311 1671 3343 dicuntur
1694 3312 1873 3352 praedicata
1894 3313 2024 3353 propria
2045 3313 2187 3349 homini3
2210 3321 2271 3344 nec
2293 3311 2333 3343 de
2356 3314 2488 3344 nomine
2507 3323 2582 3354 pro-

1521 3357 1592 3397 prio
1608 3356 1749 3387 hominis
1765 3356 1914 3388 dicuntur
1928 3356 2107 3398 praedicata
2122 3357 2250 3397 propria
2265 3356 2336 3388 Dei.
2355 3356 2397 3389 Et
2414 3363 2583 3398 propterea

1521 3400 1678 3441 negabant
1701 3400 1808 3432 Deum
1832 3410 1899 3432 esse
1922 3406 2034 3432 natum
2049 3410 2087 3432 ex
2102 3400 2243 3442 Virgine,
2267 3406 2323 3431 aut
2335 3407 2512 3439 mortuum,
2528 3408 2583 3433 aut

1522 3444 1641 3485 aliquid
1659 3454 1807 3485 passum:
1833 3451 1864 3475 et
1879 3445 2022 3476 similiter
2036 3444 2202 3476 hominem
2218 3453 2286 3476 esse
2302 3444 2488 3477 Creatorem
2504 3446 2583 3478 caeli

1522 3494 1553 3519 et
1570 3494 1680 3525 terrae,
1698 3494 1729 3519 et
1743 3489 1939 3520 huiusmodi.
1963 3506 1984 3512 -
2008 3487 2164 3525 Secunda,
2181 3486 2221 3520 de
2236 3488 2381 3520 subiecto
2397 3491 2580 3521 communi:

1522 3532 1659 3563 dicendo
1688 3533 1727 3563 de
1754 3534 1887 3564 nomine
1916 3533 2081 3564 communi
2105 3533 2175 3563 Deo
2200 3538 2231 3563 et
2258 3532 2382 3564 homini
2409 3534 2582 3574 praedicari

1523 3585 1594 3606 vere
1618 3582 1683 3606 tam
1707 3586 1744 3607 ea
1767 3586 1850 3617 quae
1873 3583 1947 3608 sunt
1969 3577 2097 3618 propria
2120 3576 2201 3613 Deo,
2226 3586 2323 3617 quam
2348 3587 2384 3608 ea
2407 3587 2489 3618 quae
2508 3585 2583 3610 sunt

2626 1683 2692 1706 Ἀη.
2708 1687 2766 1713 μη.
2781 1684 2845 1734 1πί,
