2872 3970
59 653 71 664 ⁸
82 651 108 673 In
123 657 228 679 corpore.

2 713 3 716 „
0 354 9 695 mmwe--w-‚mw
6 306 11 326 A„

8 1388 14 1394 ¹
60 1395 72 1406 ⁸
84 1393 110 1416 In
125 1400 185 1420 resp.
203 1394 232 1415 ad
246 1399 270 1422 3:

11 1422 13 1426 '
58 1420 90 1442 cf.
105 1427 168 1442 num.
183 1426 205 1442 v.

994 250 1256 297 QUAESTIO
1285 250 1334 296 Π,
1363 248 1655 286 ARTICULUS
1683 249 1764 284 vm

296 330 392 368 citur
419 328 549 367 divina
574 336 708 366 natura
735 335 931 376 assumpta
958 327 1006 364 ab
1035 328 1218 373 humana,
1239 326 1305 363 sed
1334 339 1355 363 e

296 395 504 420 converso:
535 381 625 432 quia
643 382 815 418 humana
833 387 968 417 natura
996 379 1173 416 adiuncta
1190 385 1206 407 Υ
1235 387 1288 416 est
1307 379 1355 415 ad

295 435 604 485 personalitatem
623 433 806 479 divinam,
827 441 868 469 ut
888 431 1025 469 scilicet
1043 443 1208 481 persona
1226 431 1356 468 divina

297 487 336 525 in
365 489 537 524 humana
564 494 699 524 natura
726 485 912 522 subsistat.

350 542 407 577 An
436 551 570 577 ptumum
594 550 692 576 saco
719 549 900 574 mOENDUM
919 537 1026 585 quod
1045 537 1138 574 unio
1158 544 1194 574 et
1213 548 1356 573 assum-

297 592 376 642 ptio
405 604 486 629 non
513 591 654 628 eodem
681 590 801 627 modo
831 602 871 626 se
898 589 1041 626 habent
1059 590 1108 626 ad
1137 589 1355 635 terminum,

297 645 364 681 sed
392 643 662 690 diversimode,
683 642 779 679 sicut
807 642 949 679 dictum
981 649 1036 678 est
1053 641 1083 678 ²¹⁶.

350 697 408 733 AD
436 707 624 734 SECUNDUM
660 706 841 732 DICENDUM
879 694 985 743 quod
1022 693 1159 731 uniens
1188 700 1224 731 et
1256 706 1358 730 assu-

297 755 408 786 mens
435 761 516 785 non
545 747 705 785 omnino
734 754 822 784 sunt
850 746 964 783 idem.
994 747 1100 783 Nam
1121 746 1248 783 omnis
1276 758 1358 794 per-

298 813 394 839 sona
430 812 629 838 assumens
667 807 722 837 est
749 799 907 836 uniens:
946 811 1026 836 non
1064 806 1193 836 autem
1221 811 1242 835 e
1271 810 1359 835 con-

296 865 421 891 verso.
460 853 564 889 Nam
592 864 757 901 persona
784 851 904 888 Patris
931 850 1054 888 univit
1085 858 1262 887 naturam
1290 851 1359 887 hu-

349 984 378 1020 γ)
395 985 533 1011 adiuncta.
545 998 565 1004 -
582 985 701 1010 adducta
721 984 794 1009 tertia
813 989 914 1016 praeter
933 983 961 1009 P.

350 1020 376 1056 ὃ)
393 1027 539 1046 assumens.
556 1024 576 1039 -’
593 1020 670 1052 quasi
694 1020 731 1045 ad
754 1027 782 1045 se
804 1026 918 1049 sumens,
940 1025 1058 1051 persona
1082 1021 1172 1043 autem
1197 1017 1268 1047 Filii,
1293 1024 1361 1049 quae

1409 338 1567 363 manam
1595 326 1711 372 Filio,
1742 338 1822 362 non
1860 334 1988 363 autem
2027 325 2116 362 sibi:
2147 334 2182 362 et
2210 326 2296 363 ideo
2334 325 2470 363 dicitur

1410 379 1568 425 uniens,
1599 391 1680 415 non
1708 391 1908 415 assumens
1927 377 1951 414 ὃ.
1973 401 1997 404 -
2026 380 2073 415 Et
2105 378 2272 415 similiter
2308 391 2388 415 non
2416 387 2470 416 est

1410 431 1514 468 idem
1533 432 1686 468 unitum
1715 439 1751 467 et
1770 439 2023 480 assumptum.
2054 432 2158 467 Nam
2180 431 2308 468 divina
2336 440 2471 469 natura

1411 483 1548 521 dicitur
1574 483 1691 530 unita,
1712 496 1792 520 non
1821 491 2027 532 assumpta.

1465 538 1521 573 Ao
1549 548 1708 574 TERTIUM
1727 549 1907 574 DICENDUM
1936 536 2041 585 quod
2062 536 2272 584 assumptio
2298 536 2470 573 determi-

1412 596 1477 625 nat
1503 588 1566 625 cui
1594 589 1689 625 facta
1717 596 1771 625 est
1798 589 1990 638 copulatio
2020 601 2066 625 ex
2093 596 2199 637 parte
2232 589 2470 634 assumentis,

1412 641 1644 690 inquantum
1663 641 1874 690 assumptio
1894 641 2029 678 dicitur
2048 641 2156 690 quasi
2175 641 2226 678 ad
2241 654 2280 678 se
2301 643 2470 690 sumptio.

1414 693 1490 731 Sed
1518 693 1725 730 incarnatio
1755 701 1790 731 et
1818 693 2042 730 humanatio
2071 705 2118 730 ex
2143 701 2248 742 parte
2276 693 2471 742 assumpti,

1413 746 1520 794 quod
1549 753 1604 783 est
1630 758 1731 791 caro,
1756 747 1817 783 vel
1845 754 1980 783 natura
2007 747 2190 783 humana.
2228 747 2276 783 Et
2303 745 2389 783 ideo
2419 758 2472 782 as-

1414 798 1582 847 sumptio
1602 798 1727 835 differt
1754 798 1898 836 ratione
1923 806 1958 836 et
1981 799 2029 835 ab
2053 799 2209 846 unione,
2230 806 2266 835 et
2289 799 2337 835 ab
2357 798 2473 835 incar-

1414 851 1567 887 natione
1596 863 1664 888 seu
1693 851 1981 888 humanatione.

1414 982 1557 1041 ὴέἑηαηανη
1577 986 1702 1007 naturam
1722 983 1772 1008 sibi
1791 983 1884 1012 univit,
1903 986 1942 1008 est
1961 982 2076 1016 (dicitur
2095 983 2158 1017 EG)
2180 983 2273 1008 uniens
2291 987 2317 1008 et
2339 990 2476 1008 assumens

1415 1024 1431 1041 a
1467 1022 1512 1041 unt
1531 1018 1552 1042 E
1572 1023 1598 1042 et
1616 1019 1697 1043 tertia.

974 1115 1309 1147 commentaria
1330 1112 1582 1144 cardinalis
1603 1113 1803 1145 Caietam

329 1223 349 1243 N
372 1214 466 1244 titulo
489 1213 612 1243 articuli
636 1213 740 1243 octavi
764 1216 838 1242 sunt
859 1216 921 1241 tres
945 1211 1088 1241 termini:
1119 1211 1213 1246 unio,
1238 1219 1360 1240 assum-

301 1225 395 1297 Iptio
419 1262 450 1287 et
473 1257 565 1287 idem.
589 1256 630 1286 Et
650 1256 772 1295 primus
793 1255 924 1295 quidem
946 1255 1100 1285 terminus
1124 1254 1298 1284 declaratus
1315 1259 1362 1283 est

296 1302 331 1332 in
353 1300 555 1341 praecedenti
578 1299 727 1335 articulo;
751 1298 910 1329 secundus
933 1299 967 1328 in
983 1307 1120 1337 corpore
1135 1297 1361 1334 declarabitur:

296 1345 407 1375 tertius
431 1349 537 1374 autern
561 1343 706 1373 absolute
729 1341 904 1373 sumendus
923 1347 978 1377 est,
1003 1343 1085 1372 sicut
1107 1342 1198 1372 iacet.
1223 1341 1258 1371 In
1275 1341 1361 1371 calce

297 1394 406 1419 autem
429 1387 560 1423 articuli,
585 1386 741 1417 solvendo
757 1387 784 1422 *,
809 1387 1002 1426 exprimetur
1025 1395 1088 1425 qua
1111 1385 1289 1416 diversitate
1305 1394 1362 1415 seu

298 1432 474 1463 differentia
502 1435 577 1462 sunt
604 1440 673 1461 non
701 1430 804 1461 idern:
837 1435 916 1470 puta
945 1429 1037 1465 reali,
1061 1429 1111 1460 vel
1138 1430 1287 1465 rationis,
1311 1429 1362 1459 vel

297 1482 443 1516 utraque.

352 1519 388 1550 ln
412 1527 548 1559 corpore
571 1518 694 1549 articuli
716 1517 928 1558 respondetur
951 1518 1096 1558 quaesito
1120 1518 1215 1547 unica
1231 1517 1363 1547 conclu-

296 1564 406 1594 sione:
437 1563 528 1593 Inter
551 1562 701 1592 unionem
724 1567 755 1592 et
777 1562 1024 1602 assumptionem
1055 1561 1174 1601 triplex
1203 1565 1250 1591 est
1272 1561 1363 1601 diffe-

298 1608 414 1638 rentia.
434 1606 618 1637 Declaratur
633 1605 865 1636 manifestando
884 1606 1008 1645 singula
1023 1605 1166 1635 membra
1181 1605 1363 1644 singillatim

299 1657 330 1682 et
353 1651 506 1686 ordinate,
530 1651 574 1680 ita
596 1655 632 1680 ut
654 1659 823 1689 processus
846 1649 948 1679 clarus
971 1650 1010 1679 sit
1032 1650 1066 1679 in
1090 1649 1200 1679 littera.

353 1695 396 1725 Et
424 1695 527 1734 prima
556 1693 688 1734 quidem
718 1703 754 1723 ac
784 1693 968 1733 principalis
998 1692 1173 1723 differentia
1204 1698 1250 1722 est
1273 1693 1306 1722 in
1330 1702 1363 1722 re

298 1738 473 1769 formaliter
495 1737 679 1777 significata.
703 1737 786 1767 Nam
810 1737 886 1767 unio
911 1737 1067 1776 significat
1084 1737 1287 1766 relationem:
1313 1746 1364 1766 as-

298 1782 436 1822 sumptio
459 1782 619 1812 actionem
641 1781 692 1811 vel
715 1781 907 1820 passionem.
943 1781 984 1810 Et
1006 1781 1051 1810 sic
1079 1785 1153 1810 sunt
1181 1781 1215 1809 in
1239 1779 1363 1810 diverso

299 1834 431 1866 genere:
462 1826 544 1855 sicut
574 1825 684 1854 relatio
715 1824 875 1854 diversum
907 1829 953 1854 est
982 1832 1082 1863 genus
1114 1824 1152 1853 ab
1180 1824 1306 1853 actione
1334 1829 1365 1853 et

298 1870 457 1909 passione.
481 1869 522 1899 Et
545 1868 635 1908 quod
650 1868 729 1898 unio
745 1866 901 1908 significet
916 1867 1114 1903 relationem,
1130 1868 1163 1896 in
1179 1867 1282 1897 littera
1297 1877 1363 1897 non

297 1914 460 1954 probatur,
485 1912 541 1943 sed
564 1913 734 1942 assumitur
757 1921 795 1942 ex
817 1911 1021 1951 praecedenti
1045 1910 1189 1941 articu10.
1214 1911 1262 1940 Ex
1286 1920 1363 1950 quo,

298 1957 339 1988 ad
361 1955 625 1987 manifestandam
648 1955 766 1986 dictam
782 1955 1002 1991 differentiam,
1026 1956 1131 1994 primo
1155 1955 1309 1994 probatur
1330 1956 1364 1985 in

299 2002 363 2031 hoc
385 2001 536 2041 mysterio
560 2000 695 2030 inveniri
718 1999 896 2030 secundum
920 2009 987 2029 rem
1011 1999 1095 2034 duo,
1120 1999 1240 2029 scilicet
1262 2000 1365 2038 ipsam

298 2045 487 2075 relationem
510 2044 650 2080 unionis,
668 2049 699 2074 et
714 2044 875 2073 actionem
891 2049 923 2073 et
941 2044 1141 2083 passionem:
1168 2043 1243 2082 quia
1259 2044 1364 2073 omnis

299 2089 410 2119 relau'o
433 2089 589 2129 recipiens
613 2097 681 2118 esse
704 2088 787 2118 reale
810 2097 848 2117 ex
863 2093 1019 2127 ternpore,
1045 2091 1190 2117 causatur
1206 2096 1244 2117 ex
1259 2087 1366 2127 aliqua

299 2133 495 2168 mutatione3
519 2132 655 2162 mutatio
679 2137 786 2161 autem
809 2132 843 2161 in
859 2132 985 2161 actione
1001 2136 1032 2161 et
1047 2131 1196 2170 passione
1212 2131 1364 2161 consistit.

299 2177 426 2207 Relatio
448 2177 545 2215 igitur
566 2175 696 2205 unionis
719 2176 802 2205 inter
822 2180 969 2205 naturam
988 2175 1163 2205 humanam
1180 2180 1211 2204 et
1226 2174 1366 2205 divinam

300 2221 335 2251 in
358 2219 498 2255 Christo,
523 2228 598 2249 cum
620 2220 799 2259 incoeperit
822 2228 890 2249 esse
914 2219 1092 2249 secundum
1116 2228 1183 2248 rem
1206 2219 1239 2248 in
1254 2223 1366 2249 natura

300 2265 442 2294 humana
465 2273 503 2293 ex
526 2268 688 2303 tempore,
713 2268 842 2302 oportet
864 2262 954 2302 quod
977 2272 1015 2293 ex
1039 2262 1145 2303 aliqua
1172 2267 1298 2292 causata
1328 2263 1367 2293 sit

301 2309 496 2343 mutatione,
521 2316 604 2347 quae
626 2307 660 2337 in
684 2306 792 2346 aliquo
816 2307 956 2346 patiente
979 2316 1017 2336 ex
1041 2306 1146 2346 aliqua
1169 2307 1295 2336 actione
1318 2307 1366 2337 sit.

302 2352 440 2382 Duobus
461 2351 557 2391 igitur
579 2351 715 2381 inventis
738 2351 772 2380 in
794 2350 858 2380 hoc
881 2351 1048 2391 mysterio,
1072 2350 1192 2380 scilicet
1214 2350 1367 2381 relatione

301 2396 431 2426 unionis
455 2400 486 2425 et
508 2395 635 2425 actione
659 2400 690 2424 et
712 2395 877 2434 passione,
910 2404 984 2424 curn
1007 2395 1086 2424 unio
1111 2393 1266 2434 significet
1288 2394 1367 2424 rela-

300 2440 435 2475 tionem,
459 2447 661 2479 consequens
677 2443 724 2468 est
739 2437 829 2478 quod
844 2439 1020 2478 assumptio
1037 2437 1192 2477 significat
1207 2439 1367 2469 actionem

300 2483 353 2514 vel
375 2483 568 2523 passionem.
592 2482 634 2512 Et
650 2481 869 2512 manifestatur
885 2482 1130 2522 consequentia:
1156 2482 1231 2522 quia
1247 2492 1368 2512 assum-

303 2527 416 2567 ptione
439 2526 553 2566 aliquis
568 2525 683 2556 dicitur
697 2535 871 2562 assumens,
888 2531 1041 2565 tanquam
1057 2535 1170 2566 agens;
1195 2531 1226 2556 et
1248 2526 1368 2566 aliquid

305 2570 420 2601 dicitur
443 2575 651 2609 assumptum,
674 2575 828 2610 tanquam
850 2570 984 2610 patiens.

360 2613 508 2644 Secunda
530 2619 638 2644 autem
661 2613 837 2644 differentia
860 2619 922 2650 est,
954 2615 1030 2654 quia
1053 2615 1228 2654 assumptio
1254 2613 1369 2644 dicitur

305 2659 388 2688 sicut
409 2658 444 2688 in
466 2656 551 2687 fieri:
582 2658 661 2687 unio
685 2663 793 2688 autem
823 2658 905 2688 sicut
934 2658 968 2688 in
991 2657 1076 2688 facto
1101 2667 1178 2688 esse.
1213 2658 1369 2688 Probatur

307 2711 345 2732 ex
369 2702 477 2741 signo,
501 2710 559 2731 seu
582 2700 714 2731 effectu:
746 2702 821 2741 quia
849 2702 964 2732 uniens
995 2701 1109 2731 dicitur
1132 2711 1200 2732 esse
1223 2703 1367 2738 unitum,

307 2754 471 2776 assumens
487 2750 594 2775 autem
608 2754 677 2775 non
692 2744 807 2775 dicitur
821 2755 889 2775 esse
905 2751 1120 2785 assumptum:
1144 2746 1208 2776 hoc
1224 2752 1280 2782 est,
1298 2746 1369 2776 uni-

307 2795 374 2820 tum
396 2788 596 2829 praedicatur
618 2788 658 2818 de
681 2789 827 2824 uniente,
851 2789 1006 2825 dicendo,
1033 2790 1095 2820 hoc
1117 2795 1164 2820 est
1186 2790 1268 2820 illud
1274 2797 1287 2827 ;
1318 2799 1369 2820 as—

307 2838 467 2873 sumptum
497 2837 604 2862 autem
634 2841 702 2862 non
732 2833 776 2862 sic
806 2832 1005 2872 praedicatur
1034 2833 1074 2864 de
1103 2839 1294 2864 assumente.
1330 2834 1371 2864 Et

309 2876 398 2918 quod
420 2877 484 2907 hoc
503 2875 661 2906 derivetur
676 2885 713 2906 ex
734 2875 816 2906 dicta
839 2876 1023 2912 differentia,
1047 2877 1266 2908 manifestatur
1296 2879 1371 2917 quia

307 2923 390 2952 inter
412 2921 445 2961 ly
467 2921 562 2950 homo
587 2925 618 2950 et
640 2919 673 2960 ly
696 2924 815 2950 natura
837 2920 979 2951 humana
1006 2921 1085 2951 haec
1108 2926 1155 2951 est
1178 2921 1370 2958 differentia,

307 2966 342 2996 in
365 2965 516 3005 mysterio
540 2964 782 2999 incarnationis,
813 2964 903 3003 quod
924 2965 1019 2994 homo
1047 2964 1203 3004 significat
1225 2971 1371 2996 naturam

308 3010 483 3040 humanam
506 3013 542 3038 ut
564 3009 597 3037 in
621 3008 758 3037 termino
774 3008 1016 3047 assumptionis:
1042 3014 1165 3038 constat
1180 3014 1287 3039 autem
1310 3015 1372 3039 ter—

309 3053 435 3083 minum
458 3052 683 3092 assumptionis
706 3056 847 3090 spectare
862 3051 903 3081 ad
917 3052 1168 3082 incarnationem
1186 3058 1223 3083 ut
1237 3053 1270 3083 in
1287 3052 1371 3083 facto

303 3105 390 3128 esse.
423 3096 554 3127 Natura
577 3105 653 3125 vero
677 3095 818 3125 humana
848 3094 1004 3134 significat
1030 3101 1176 3126 naturam
1198 3097 1372 3127 humanam

310 3146 347 3171 ut
362 3149 445 3180 quae
461 3140 646 3171 assumitur:
668 3138 757 3179 quod
773 3144 896 3169 constat
911 3143 1052 3178 spectare
1068 3139 1108 3169 ad
1121 3140 1372 3171 incarnationem

310 3190 347 3215 ut
361 3185 396 3215 in
411 3183 490 3214 fieri.
514 3184 659 3214 Dicimus
675 3188 782 3213 autem
799 3182 888 3222 quod
903 3183 1027 3218 uniens,
1052 3183 1172 3213 scilicet
1186 3183 1284 3214 Filius
1301 3185 1371 3220 Dei,

313 3234 360 3259 est
381 3228 499 3259 homo:
525 3233 555 3259 et
577 3237 646 3258 non
662 3227 796 3257 dicimus
815 3226 905 3266 quod
919 3225 1006 3256 idem
1022 3235 1185 3256 assumens
1202 3233 1247 3257 est
1261 3233 1374 3258 natura

313 3277 484 3312 assumpta.

310 3330 314 3332 -
368 3316 476 3346 Tertia
498 3325 575 3346 vero
599 3314 774 3346 differentia
801 3320 847 3345 est
870 3313 959 3354 quod
989 3314 1163 3354 assumptio
1187 3313 1375 3344 determinat

313 3360 486 3390 terminum
509 3370 528 3390 a
551 3369 618 3399 quo
649 3365 679 3389 et
701 3359 741 3389 ad
765 3368 878 3399 quem:
910 3359 988 3388 unio
1016 3363 1123 3388 autem
1152 3358 1231 3387 nihil
1257 3359 1374 3388 horum

314 3402 511 3434 determinat.
535 3404 641 3434 Huius
665 3402 858 3433 differentiae
881 3403 985 3442 primo
1009 3401 1148 3432 redditur
1163 3402 1242 3431 ratio
1259 3412 1296 3432 ex
1312 3403 1375 3442 pri-

314 3457 384 3478 ma:
416 3448 491 3487 quia
517 3447 627 3478 relatio
651 3447 907 3487 aequiparandae
937 3455 1003 3476 non
1026 3446 1126 3485 magis
1156 3455 1190 3476 se
1212 3446 1307 3476 habet
1337 3446 1376 3476 ad

315 3501 418 3522 unum
449 3496 625 3522 extremum
655 3501 752 3531 quam
783 3491 822 3521 ad
845 3489 946 3526 aliud;
977 3491 1059 3520 actio
1083 3494 1190 3520 autem
1217 3495 1248 3520 et
1270 3490 1374 3530 passio

314 3534 528 3566 diversimode
551 3545 584 3566 se
607 3535 725 3565 habent
747 3535 787 3565 ad
810 3543 905 3574 agens
922 3539 952 3564 et
971 3534 1103 3574 patiens,
1129 3539 1159 3563 et
1182 3533 1221 3563 ad
1237 3533 1376 3564 diversos

1414 1210 1578 1240 terminos.
1610 1210 1658 1239 Ex
1680 1210 1743 1240 hoc
1767 1211 1853 1240 enim
1876 1212 2019 1251 sequitur
2043 1211 2141 1251 quod,
2170 1221 2244 1241 cum
2266 1212 2345 1241 unio
2369 1212 2408 1241 sit
2430 1222 2478 1242 re-

1415 1253 1491 1283 latio
1515 1254 1785 1293 aequiparantiae,
1810 1254 1935 1284 nullum
1959 1260 2174 1285 extremorum
2198 1254 2400 1285 determinet:
2433 1265 2479 1285 as-

1415 1297 1557 1336 sumptio
1574 1303 1691 1333 autem,
1708 1298 1783 1337 quia
1799 1303 1846 1328 est
1861 1299 1943 1328 actio
1960 1298 2010 1328 vel
2022 1299 2137 1338 passio,
2151 1298 2359 1329 determinare
2375 1304 2480 1338 potest

1416 1341 1475 1370 sibi
1497 1341 1652 1371 terminos
1676 1351 1693 1371 a
1717 1351 1783 1381 quo
1807 1348 1838 1372 et
1862 1341 1901 1372 ad
1921 1351 2028 1382 quem.
2043 1361 2067 1364 —
2085 1342 2246 1378 Secundo,
2262 1342 2480 1373 manifestatur

1417 1384 1455 1414 de
1480 1386 1698 1424 assumptione
1722 1395 1760 1415 ex
1784 1386 1979 1426 etymologia
1995 1387 2144 1416 nominis.
2161 1405 2184 1408 —
2206 1387 2328 1422 Tertio,
2347 1386 2480 1417 manife-

1415 1434 1515 1458 statur
1530 1438 1568 1458 ex
1584 1430 1691 1468 signo:
1715 1429 1835 1459 scilicet
1851 1430 1940 1469 quod
1955 1429 2169 1460 indifferenter
2184 1440 2286 1460 unum
2304 1436 2480 1461 extremum

1417 1472 1532 1502 dicitur
1546 1474 1673 1503 unitum
1690 1473 1787 1509 alteri,
1804 1483 1871 1503 non
1887 1479 1994 1504 autem
2010 1480 2226 1514 assumptum:
2243 1492 2264 1496 -
2287 1480 2323 1504 ut
2338 1480 2424 1515 patet
2447 1475 2478 1505 in

1416 1517 1518 1546 littera
1542 1516 1634 1546 clare.

1472 1561 1508 1590 11.
1534 1560 1627 1590 Circa
1650 1561 1729 1590 haec
1758 1560 1893 1591 dubium
1916 1561 2019 1601 primo
2045 1562 2182 1591 occurrit
2206 1561 2244 1592 de
2268 1563 2370 1601 prima
2393 1561 2481 1592 diffe-

1417 1605 1517 1634 rentia
1536 1605 1563 1634 ἢ
1598 1605 1681 1634 Nam
1704 1614 1772 1634 non
1795 1605 1901 1634 solum
1925 1606 2116 1645 assumptio,
2141 1605 2197 1635 sed
2220 1606 2314 1635 etiam
2338 1606 2417 1636 unio
2441 1607 2481 1636 si-

1417 1648 1546 1687 gnificat
1569 1649 1740 1678 actionem.
1776 1648 1875 1686 Quod
1899 1650 1993 1678 etiam
2022 1659 2059 1679 ex
2082 1649 2183 1679 littera
2206 1650 2375 1689 probatur,
2404 1649 2482 1680 dum

1418 1691 1532 1722 dicitur
1562 1688 1653 1731 quod
1682 1692 1795 1722 uniens
1824 1692 1944 1722 dicitur
1973 1702 2040 1722 esse
2066 1693 2210 1729 unitum;
2241 1699 2287 1728 et,
2311 1694 2414 1723 Filius
2437 1699 2484 1724 est

1418 1736 1532 1765 uniens
1554 1735 1613 1765 sibi
1637 1741 1788 1765 naturam
1811 1736 2005 1772 humanam;
2032 1741 2062 1766 et
2084 1737 2118 1766 in
2142 1737 2350 1775 responsione
2374 1737 2412 1767 ad
2435 1747 2483 1768 se-

1418 1779 1576 1814 cundum,
1606 1779 1695 1818 quod
1712 1788 1856 1818 persona
1879 1780 1986 1809 Patris
2010 1780 2113 1810 univit
2136 1785 2286 1810 naturam
2310 1781 2483 1811 humanam

1417 1823 1514 1852 Filio.
1539 1822 1672 1853 Certum
1689 1827 1735 1852 est
1751 1823 1837 1852 enim
1862 1823 1951 1862 quod
1969 1824 2060 1853 unire
2077 1829 2123 1853 est
2139 1833 2240 1863 agere,
2259 1830 2289 1854 et
2304 1824 2378 1854 ideo
2396 1834 2484 1855 com-

1418 1876 1517 1896 mune
1535 1872 1581 1896 est
1595 1867 1679 1896 Patri
1696 1871 1726 1896 et
1742 1866 1824 1896 Filio
1842 1872 1872 1896 et
1888 1867 2019 1906 Spiritui
2036 1867 2170 1897 Sancto:
2191 1873 2221 1898 et
2237 1869 2379 1898 similiter
2395 1869 2485 1908 quod

1418 1911 1533 1940 uniens
1558 1916 1604 1940 est
1628 1920 1733 1950 agens.
1758 1911 1834 1940 Ruit
1856 1911 1951 1950 igitur
1975 1910 2150 1941 differentia
2173 1913 2284 1951 prima.

1475 1954 1526 1984 III.
1552 1955 1696 1984 Dubium
1719 1954 1862 1984 secundo
1886 1955 2024 1985 occurrit
2047 1955 2086 1985 de
2110 1955 2250 1986 secunda
2273 1955 2447 1986 differentia
2458 1958 2484 1986 *.
2514 1962 2523 1970 ·

1419 1998 1506 2036 Quia
1530 2003 1583 2028 aut
1605 1998 1791 2038 intelligitur
1819 1998 1927 2037 quoad
1949 2008 2017 2028 rem
2040 1999 2264 2039 significatam:
2297 2005 2352 2030 aut
2379 2001 2487 2040 quoad

1419 2042 1556 2073 modum
1575 2041 1783 2082 significandi.
1808 2042 1883 2072 Non
1900 2042 2008 2082 quoad
2023 2043 2159 2073 modum
2175 2043 2388 2084 significandi:
2412 2045 2487 2084 quia

1419 2092 1486 2117 tam
1515 2087 1607 2116 unire
1637 2096 1735 2126 quam
1766 2096 1926 2116 assumere
1957 2086 2111 2126 significat
2140 2097 2197 2127 per
2223 2087 2357 2118 modum
2381 2089 2485 2124 verbi;

1421 2140 1519 2160 omne
1535 2136 1642 2160 autern
1658 2131 1792 2160 verbum
1809 2130 1965 2170 significat
1984 2140 2041 2170 per
2056 2131 2191 2161 modum
2208 2131 2312 2162 fluxus
2330 2137 2360 2162 et
2375 2131 2453 2162 fieri.
2467 2150 2487 2155 —

1420 2175 1488 2205 Nec
1513 2174 1621 2214 quoad
1644 2184 1711 2204 rem
1734 2173 1958 2214 significatam:
1984 2175 2059 2215 quia
2075 2180 2187 2205 natura
2201 2176 2350 2211 humana,
2369 2175 2407 2206 de
2424 2186 2487 2216 qua

1420 2218 1600 2249 verificatur
1624 2217 1713 2258 quod
1729 2224 1775 2248 est
1790 2219 1888 2254 unita,
1913 2228 1981 2248 non
1996 2219 2195 2259 praedicatur
2218 2219 2257 2250 de
2278 2229 2487 2260 quocumque

1420 2263 1568 2302 uniente:
1600 2263 1676 2302 quia
1698 2272 1758 2292 nec
1782 2263 1886 2298 Deus,
1918 2272 1979 2292 nec
2002 2263 2101 2293 Filius
2133 2269 2179 2293 est
2201 2269 2313 2293 natura
2336 2264 2485 2294 humana.

1476 2307 1528 2336 IV.
1553 2307 1698 2336 Dubium
1720 2307 1813 2336 tertio
1838 2307 1976 2336 occurrit
2000 2306 2039 2336 de
2055 2317 2094 2337 eo
2119 2307 2208 2347 quod
2231 2308 2264 2337 in
2285 2308 2375 2337 tertia
2398 2307 2487 2338 diffe-

1420 2351 1521 2381 rentia
1545 2350 1659 2380 dicitur
1681 2351 1837 2380 unionem
1867 2350 1948 2380 hanc
1973 2360 2041 2380 esse
2063 2351 2251 2381 relationem
2279 2352 2483 2391 aequiparan-

1420 2396 1483 2425 tiae
1498 2395 1525 2424 ἦ
1550 2394 1635 2432 Quia
1654 2399 1778 2424 constat
1794 2404 1831 2424 ex
1846 2393 2049 2434 praecedenti
2065 2395 2198 2424 articulo
2215 2404 2282 2424 esse
2298 2395 2486 2425 relationem
2515 2405 2524 2414 ·

1421 2440 1455 2469 in
1480 2443 1510 2468 et
1534 2448 1571 2468 ex
1595 2438 1693 2468 altero
1717 2443 1842 2468 tantum
1866 2443 2024 2468 extremo:
2051 2439 2205 2478 quoniam
2227 2439 2261 2468 in
2285 2439 2352 2469 sola
2374 2444 2486 2469 natura

1420 2484 1562 2513 humana
1577 2483 1673 2512 habet
1686 2491 1763 2512 esse.
1780 2482 1904 2512 Relatio
1922 2488 2029 2512 autem
2045 2483 2311 2522 aequiparantiae,
2328 2488 2364 2512 ut
2378 2484 2486 2522 ipsum

1422 2536 1544 2557 nomen
1567 2532 1669 2562 sonat,
1694 2535 1795 2566 aeque
1819 2536 1852 2556 se
1875 2526 1969 2556 habet
1992 2526 2031 2556 ad
2053 2532 2227 2566 utrumque
2250 2532 2436 2557 extremum.

1476 2571 1515 2600 V.
1541 2571 1685 2600 Dubium
1709 2575 1822 2610 quarto
1848 2571 1995 2605 occurrit,
2021 2571 2122 2610 qualis
2146 2571 2185 2600 sit
2208 2570 2383 2600 differentia
2405 2571 2486 2602 inter

1421 2615 1579 2645 unionem
1603 2619 1634 2644 et
1657 2615 1925 2654 assumptionem:
1955 2624 1995 2644 an
2017 2615 2147 2644 rationis
2169 2620 2303 2650 tantum,
2328 2624 2367 2644 an
2392 2616 2486 2645 etiam

1422 2659 1513 2689 realis
1529 2660 1556 2688 ὓ.
1580 2658 1621 2688 Et
1644 2664 1690 2688 est
1713 2659 1792 2688 ratio
1809 2657 1897 2688 dubii
1921 2659 1996 2698 quia
2018 2659 2051 2688 in
2067 2659 2178 2694 littera,
2199 2660 2233 2688 in
2254 2658 2339 2688 calce
2355 2668 2487 2699 respon·
2515 2663 2523 2672 ⁸

1423 2703 1522 2733 sionis
1546 2702 1585 2732 ad
1607 2703 1746 2737 tertium,
1771 2701 1973 2732 concluditur
1996 2701 2085 2741 quod
2108 2702 2280 2742 assumptio
2302 2702 2411 2743 differt
2433 2712 2486 2733 ra-

1424 2747 1511 2777 tione
1534 2746 1573 2776 ab
1597 2747 1717 2776 unione
1739 2751 1770 2775 et
1792 2746 2036 2776 incarnatione:
2059 2746 2243 2785 clarumque
2259 2745 2383 2776 videtur
2399 2747 2488 2786 quod

1424 2791 1600 2830 assumptio
1624 2799 1692 2820 non
1716 2789 1818 2819 differt
1841 2789 1973 2825 realiter,
1998 2789 2053 2819 sed
2076 2790 2197 2819 ratione
2220 2795 2354 2826 tantum,
2380 2791 2418 2820 ab
2438 2791 2487 2821 in-

1425 2835 1617 2865 carnatione.
1643 2833 1729 2864 Cum
1753 2842 1827 2872 ergo
1852 2833 1946 2863 simul
1971 2839 2243 2872 contraponantur
2265 2835 2486 2874 assumptioni,

1424 2879 1492 2909 sola
1515 2878 1646 2908 rationis
1670 2877 1845 2907 differentia
1869 2882 2007 2916 apparet.

1481 2922 1516 2952 In
1547 2922 1735 2962 oppositum
1765 2925 1872 2950 autem
1903 2926 1967 2956 est,
1992 2921 2066 2960 quia
2090 2921 2172 2950 actio
2197 2926 2227 2951 et
2249 2922 2354 2961 passio
2378 2922 2487 2952 distin-

1425 2971 1568 3006 guuntur
1589 2965 1712 2995 realiter
1735 2974 1752 2994 a
1770 2964 1922 2993 relatione
1939 2970 2156 3003 consequente
2173 2963 2382 2996 coniunctum
2399 2966 2488 3006 quod

1425 3019 1483 3050 per
1506 3010 1665 3039 actionem
1690 3013 1720 3038 et
1742 3008 1924 3047 passionem
1947 3007 1992 3038 fit.
2017 3007 2079 3038 Sed
2102 3009 2276 3048 assumptio
2294 3015 2325 3039 et
2339 3010 2418 3040 unio
2443 3010 2487 3040 sic

1426 3063 1459 3084 se
1482 3054 1609 3083 habent.
1633 3053 1729 3091 Ergo.

1481 3097 1534 3127 VI.
1559 3096 1702 3126 Dubium
1726 3096 1839 3134 quinto
1863 3100 1910 3125 est
1933 3095 1971 3126 de
1994 3097 2131 3126 termino
2155 3097 2423 3136 assumptionis*:
2449 3097 2488 3128 ad
2521 3103 2527 3111 ·

1428 3140 1506 3181 quid
1529 3140 1648 3170 scilicet
1670 3140 1866 3175 terminatur,
1890 3149 1927 3169 ac
1951 3140 2022 3179 quis
2039 3146 2086 3170 est
2107 3141 2255 3180 proprius
2271 3141 2424 3171 terminus
2441 3151 2487 3171 as-

1427 3184 1637 3224 sumptionis;
1661 3193 1701 3213 an
1724 3183 1907 3213 absolutum
1931 3183 2071 3224 aliquod,
2095 3184 2145 3214 vel
2168 3184 2343 3215 relativum.
2378 3185 2419 3215 Et
2443 3191 2489 3215 est

1427 3228 1506 3258 ratio
1532 3227 1619 3257 dubii
1643 3236 1680 3256 ex
1703 3232 1791 3266 parte
1814 3227 1869 3263 rei,
1894 3228 1969 3267 quia
1990 3237 2047 3268 per
2065 3228 2157 3258 istam
2181 3229 2339 3259 actionem
2362 3229 2488 3260 nullum

1429 3271 1612 3301 absolutum
1634 3270 1670 3300 fit
1691 3271 1725 3301 in
1748 3280 1884 3311 persona
1907 3271 2028 3302 divina:
2054 3277 2084 3302 et
2100 3272 2241 3302 similiter
2255 3273 2380 3302 nullum
2396 3273 2488 3303 abso-

1428 3315 1533 3345 lutum
1555 3315 1686 3354 ponitur
1709 3315 1742 3345 in
1765 3320 1876 3345 natura
1898 3316 2047 3345 humana.
2076 3315 2138 3346 Sed
2160 3325 2220 3346 nec
2244 3317 2338 3347 etiam
2361 3317 2394 3346 in
2417 3326 2488 3357 per-

1429 3368 1508 3388 sona
1532 3358 1637 3389 divina
1666 3358 1756 3389 realis
1787 3359 1897 3389 relatio
1926 3360 2113 3399 acquiritur:
2144 3359 2199 3390 sed
2224 3361 2257 3390 in
2281 3361 2348 3390 sola
2377 3366 2488 3391 natura

1429 3403 1569 3433 humana
1590 3402 1627 3432 fit
1649 3402 1688 3432 de
1711 3412 1798 3433 novo
1822 3403 2028 3433 solummodo
2052 3404 2161 3434 relatio
2185 3404 2274 3434 realis
2298 3404 2426 3435 unionis
2449 3405 2489 3435 ad

1430 3456 1600 3486 personam
1615 3447 1696 3476 Filii.
1721 3446 1856 3477 Constat
1871 3453 1977 3477 autern
1994 3447 2083 3487 quod
2098 3449 2250 3478 terminus
2267 3449 2398 3478 actionis
2414 3458 2488 3489 pro-

1430 3491 1517 3530 prius
1541 3496 1587 3521 est
1609 3490 1687 3521 illud
1704 3501 1759 3521 ens
1783 3490 1871 3531 quod
1887 3490 1922 3521 fit
1938 3501 1994 3531 per
2010 3492 2168 3521 actionem
2184 3492 2280 3522 illam.
2305 3492 2379 3522 Sola
2394 3493 2490 3532 igitur

1430 3534 1539 3565 relatio
1563 3534 1653 3565 realis
1672 3535 1802 3565 unionis
1824 3535 1918 3565 huius
1933 3540 2062 3565 naturae
2078 3536 2235 3566 humanae
2259 3535 2297 3566 ad
2319 3546 2487 3576 personam

2510 1613 2519 1623 '⁴
2534 1613 2568 1634 Cf.
2585 1619 2648 1634 num.
2664 1619 2703 1634 vn.

2539 1960 2573 1981 Cf:
2595 1966 2656 1981 num.
2672 1966 2723 1981 viu.

2539 2403 2574 2425 Cf.
2589 2409 2654 2425 num.
2670 2410 2701 2425 rx.

2539 2662 2574 2684 Cf.
2590 2668 2654 2684 num.
2668 2669 2691 2683 x.

2541 3102 2576 3124 Cf.
2589 3109 2652 3124 num.
2663 3109 2692 3124 xl.
