2872 3970
20 3530 29 3576 „m

51 3573 59 3582 ».
51 3518 57 3554 Q<
56 3474 58 3477 .

82 3695 106 3874 xu-

950 291 1212 337 QUAESTIO
1241 293 1349 340 xlx,
1376 293 1666 331 ARTICULUS
1695 294 1709 330 I

297 370 354 405 AD
374 380 562 406 SECUNDUM
589 380 770 406 memnon
799 368 905 417 quod
933 367 1230 406 instrumentum
1249 370 1304 406 di—

245 419 343 463 citur
369 420 512 470 aliquid
540 432 586 457 ex
614 433 661 458 eo
681 427 701 442 ⁸
725 421 832 470 quod
860 428 1040 457 movetur
1067 434 1089 458 a
1106 421 1303 471 principali

245 480 397 523 agente:
427 473 534 522 quod
561 481 702 518 tamen,
731 481 882 522 praeter
908 473 995 519 hoc,
1015 481 1139 523 potest
1162 474 1303 511 habere

244 525 441 576 propriam
469 525 734 574 operationem
753 524 969 563 secundum
997 538 1108 563 suam
1125 527 1304 573 formam,

245 586 287 616 ut
313 578 362 615 de
389 578 476 626 igne
504 577 650 616 dictum
677 585 733 615 est
750 578 781 615 ²¹⁴.
812 578 875 615 Sic
902 578 1014 627 igitur
1041 579 1138 615 actio
1167 579 1303 616 instru-

244 630 364 669 menti
389 630 621 679 inquantum
645 638 700 667 est
719 630 1030 676 instrumentum,
1051 643 1131 668 non
1159 640 1214 668 est
1233 632 1304 669 alia

244 683 293 720 ab
321 682 469 720 actione
495 683 714 732 principalis
742 683 906 732 agentis:
935 691 1059 732 potest
1085 691 1214 721 tamen
1238 685 1303 721 ha-

243 735 334 773 bere
361 735 475 772 aliam
503 736 768 784 operationem
793 744 909 786 prout
937 743 992 773 est
1019 748 1079 773 res
1098 737 1301 785 quaedam.

245 787 307 829 Sic
333 787 446 836 igitur
470 788 641 837 operatio
671 801 771 838 quae
790 797 846 826 est
864 790 1059 826 humanae
1088 797 1244 826 naturae
1264 789 1304 826 in

245 839 408 885 Christo,
428 840 660 889 inquantum
688 849 744 878 est
762 841 1060 878 instrumentum
1087 841 1303 889 divinitatis,

242 905 323 930 non
351 900 407 929 est
430 893 502 930 alia
521 893 569 930 ab
590 893 814 942 operatione
840 894 1061 931 divinitatis:
1091 906 1171 931 non
1199 894 1304 931 enim

243 952 299 983 est
316 945 388 982 alia
415 945 574 983 salvatio
601 959 679 995 qua
707 948 826 984 salvat
853 947 1071 984 humanitas
1097 947 1247 993 Christi,
1269 955 1305 984 et

242 996 419 1036 divinitas
447 998 540 1035 eius.
575 999 702 1036 Habet
732 1007 862 1037 tamen
897 1001 1069 1037 humana
1101 1007 1237 1037 natura
1265 1000 1304 1037 in

244 1050 410 1097 Christo,
435 1050 667 1100 inquantum
700 1060 756 1089 est
782 1060 918 1089 natura
950 1053 1154 1101 quaedam,
1184 1065 1304 1101 quan-

244 1104 337 1141 dam
361 1103 560 1153 propriam
587 1105 854 1154 operationem
880 1113 1031 1154 praeter
1057 1105 1242 1151 divinam,
1263 1113 1306 1142 ut

243 1156 389 1194 dictum
417 1164 473 1193 est
491 1156 521 1193 *.

296 1210 354 1246 Αι)
380 1221 540 1247 τεκτιυινι
566 1222 748 1248 nicENDUM
777 1211 883 1260 quod
912 1210 1062 1261 operari
1095 1219 1150 1248 est
1181 1212 1304 1260 hypo-

243 1262 350 1299 stasis
378 1262 635 1309 subsistentis,
665 1263 732 1300 sed
751 1263 967 1301 secundum
995 1264 1159 1301 formam
1184 1272 1220 1301 et
1239 1276 1304 1300 na—

243 1322 382 1360 turam,
403 1328 425 1352 a
444 1328 522 1364 qua
550 1316 721 1365 operatio
741 1316 909 1365 speciem
932 1316 1064 1365 recipit
1081 1317 1111 1354 ²¹⁶.
1141 1318 1190 1353 Et
1216 1316 1304 1353 ideo

243 1379 266 1404 a
293 1367 507 1406 diversitate
545 1369 758 1406 formarum
795 1382 863 1406 seu
900 1377 1126 1407 naturarum
1160 1377 1216 1406 est
1249 1369 1304 1406 di-

242 1433 354 1458 versa
381 1421 527 1471 species
556 1422 846 1471 operationum:
884 1423 951 1459 sed
986 1423 1034 1459 ab
1062 1422 1206 1459 unitate
1235 1422 1303 1470 hy-

242 1474 404 1523 postasis
437 1483 492 1511 est
526 1474 651 1512 unitas
688 1475 904 1512 secundum
939 1483 1161 1512 numerum'
1184 1486 1304 1523 quan-

242 1533 328 1564 tum
355 1528 404 1564 ad
436 1528 701 1576 operationem
738 1528 888 1577 speciei.
927 1529 1032 1566 Sicut
1060 1528 1155 1576 ignis
1190 1528 1304 1564 habet

243 1579 340 1617 duas
367 1580 609 1630 operationes
638 1580 763 1630 specie
791 1581 1021 1627 differentes,
1051 1581 1190 1618 scilicet
1221 1580 1303 1617 illu-

294 1711 321 1746 σ)
340 1719 378 1737 ex
396 1719 438 1738 εο.
452 1726 474 1731 -
489 1719 572 1746 agere
590 1719 628 1737 ex
646 1720 676 1738 eo
695 1713 725 1738 Ρ.

2338 307 2409 344 24¹

1358 370 1504 407 minare
1524 378 1560 407 et
1579 372 1793 417 calefacere,
1815 368 2030 411 secuflum
2049 372 2301 412 differentiam
2320 376 2416 418 lucis

1359 431 1395 459 et
1422 424 1574 460 caloris:
1604 431 1640 460 et
1666 432 1796 466 tamen
1818 432 1873 460 est
1891 436 1969 461 una
1997 437 2159 462 numero
2189 426 2415 465 illuminatio

1358 475 1453 523 ignis
1481 477 1600 513 semel
1627 476 1884 513 illuminantis.
1921 477 1969 513 Et
1996 477 2164 514 similiter
2190 479 2229 515 in
2263 480 2414 518 Christo

1359 536 1508 577 oportet
1536 529 1643 577 quod
1671 529 1744 566 sint
1771 530 1870 566 duae
1899 530 2139 577 operationes
2163 532 2286 580 specie
2307 533 2415 570 diffe-

1359 589 1496 625 rentes,
1525 581 1746 618 secundum
1774 581 1856 618 eius
1891 582 1986 618 duas
2021 590 2191 620 naturas:
2225 585 2416 632 quaelibet

1358 640 1487 670 tamen
1516 634 1784 682 operationum
1813 642 1868 670 est
1895 646 1973 670 una
2001 647 2164 673 numero
2190 636 2230 672 in
2250 637 2412 683 Christo,

1359 687 1478 722 semel
1504 686 1611 731 facta,
1632 686 1728 723 sicut
1755 699 1833 723 una
1861 687 2068 724 ambulatio
2097 695 2133 724 et
2159 700 2237 725 una
2256 690 2412 727 sanatio.

1411 739 1468 775 AD
1498 751 1669 780 QUARTUM
1695 751 1876 777 DICENDUM
1896 740 2002 788 quod
2030 752 2111 777 esse
2131 748 2166 777 et
2185 742 2335 790 operari
2361 751 2416 779 est

1359 803 1546 839 personae
1575 804 1597 828 a
1624 799 1759 828 natura
1778 798 1805 835 τ,
1833 791 1938 828 aliter
1964 800 2093 829 tamen
2113 801 2148 829 et
2166 793 2280 830 aliter.
2311 795 2414 833 Nam

1359 855 1440 880 esse
1469 843 1630 892 pertinet
1657 844 1706 881 ad
1725 844 1848 893 ipsam
1876 845 2186 882 constitutionem
2205 859 2412 894 personae:

1359 903 1395 932 et
1423 896 1477 932 sic
1504 904 1693 945 quantum
1721 897 1771 933 ad
1798 898 1873 934 hoc
1901 910 1942 934 se
1969 898 2083 934 habet
2110 898 2148 934 in
2171 899 2317 936 ratione
2342 907 2414 937 ter-

1359 948 1464 985 mini.
1494 950 1543 985 Et
1569 949 1656 986 ideo
1684 949 1808 986 unitas
1835 962 2022 999 personae
2050 951 2206 999 requirit
2230 952 2414 990 unitatem

1359 1001 1478 1049 ipsius
1506 1014 1587 1038 esse
1615 1002 1794 1051 completi
1822 1010 1859 1039 et
1885 1003 2104 1051 personalis
2140 1004 2217 1041 Sed
2245 1005 2414 1054 operatio

1359 1061 1414 1089 est
1434 1053 1593 1102 quidam
1621 1055 1779 1091 effectus
1806 1067 1992 1103 personae
2013 1057 2227 1094 secundum
2247 1057 2414 1106 aliquam

1358 1106 1525 1142 formam
1552 1108 1614 1142 vel
1641 1114 1828 1143 naturam.
1863 1109 1972 1144 Unde
2001 1109 2192 1156 pluralitas
2228 1111 2415 1158 operatio-

1360 1171 1456 1195 num
1484 1171 1564 1195 non
1591 1159 1824 1207 praeiudicat
1851 1160 1984 1197 unitati
2011 1162 2211 1209 personali.

1412 1211 1469 1247 AD
1499 1223 1659 1253 QUINTUM
1686 1224 1866 1249 mcENDUM
1887 1213 1992 1262 quod
2020 1213 2122 1250 aliud
2143 1222 2197 1250 est
2215 1215 2415 1263 proprium

1360 1271 1563 1312 operatum
1591 1264 1821 1312 operationis
1849 1265 2013 1311 divinae,
2034 1274 2069 1302 et
2097 1267 2325 1314 operationis
2345 1269 2415 1304 hu-

1359 1328 1497 1352 manae
1526 1316 1566 1352 in
1595 1317 1764 1353 Christo:
1795 1317 1891 1354 sicut
1910 1326 2111 1366 operatum
2132 1320 2333 1368 proprium
2362 1320 2415 1356 di-

1358 1369 1471 1406 vinae
1501 1369 1731 1417 operationis
1769 1378 1824 1406 est
1852 1371 1996 1407 sanatio
2028 1372 2186 1420 leprosi,
2215 1380 2416 1421 operatum

1360 1429 1489 1458 autem
1517 1421 1719 1470 proprium
1747 1423 1940 1460 humanae
1969 1431 2125 1460 naturae
2145 1432 2200 1460 est
2219 1425 2300 1461 eius
2328 1437 2416 1461 con-

1358 1482 1490 1511 tactus,
1521 1475 1765 1520 Concurrunt
1791 1483 1921 1512 tamen
1945 1477 2080 1513 ambae
2101 1477 2340 1526 operationes
2367 1478 2416 1514 ad

1358 1539 1483 1564 unum
1522 1535 1724 1576 operatum
1762 1529 1976 1566 secundum
2019 1530 2125 1578 quod
2165 1542 2244 1567 una
2282 1538 2416 1567 natura

1358 1580 1432 1628 agit
1459 1591 1549 1616 cum
1578 1580 1853 1619 communione
1882 1582 2044 1628 alterius,
2069 1590 2111 1619 ut
2138 1582 2283 1619 dictum
2311 1590 2366 1619 est
2383 1583 2413 1619 ²⁸.
2444 1586 2452 1596 ⁸
2467 1585 2492 1606 ¹¹¹
2507 1592 2611 1614 0⁰r90‘0—

1411 1711 1438 1746 τ)
1455 1719 1475 1736 a
1493 1716 1601 1738 natura.
1618 1726 1638 1732 -
1655 1716 1680 1737 et
1699 1716 1816 1738 naturae
1832 1713 1867 1739 G.

916 1790 1251 1823 commentaria
1272 1789 1523 1822 Car-<linaiis
1545 1790 1745 1822 Caietam

303 1879 410 1900 minus
440 1869 563 1899 articuli
592 1870 765 1909 praesentis
796 1875 829 1899 et
857 1870 1020 1909 sequentis
1057 1874 1204 1899 accurata
1233 1873 1305 1908 eget

244 1881 511 1944 Tannotatione
537 1913 587 1943 sui
615 1922 737 1943 sensus⁷
760 1913 856 1949 Nam,
874 1923 949 1944 cum
973 1923 1071 1943 unum
1086 1912 1304 1952 multipliciter

241 1956 377 1993 dicatur,
407 1966 608 1997 consequens
632 1962 679 1986 est
700 1962 737 1987 ut
760 1957 905 1997 operatio
930 1966 996 1988 una
1018 1957 1235 1996 multipliciter
1258 1955 1304 1986 di-

241 2006 339 2032 eatur.
364 2001 399 2031 In
422 2001 590 2041 proposito
614 2006 731 2037 autem,
748 2006 784 2031 ut
806 2001 930 2031 Auctor
951 2002 1020 2041 ipse
1039 2001 1072 2031 in
1092 2001 1155 2031 hoc
1170 2000 1303 2030 articulo

189 2066 191 2068 -
240 2045 380 2076 insinuat
402 2050 434 2076 et
455 2045 489 2075 in
512 2045 659 2084 sequenti
682 2050 788 2086 aperte
811 2050 951 2081 testatur,
976 2054 1081 2075 sermo
1101 2050 1148 2075 est
1171 2044 1210 2074 de
1226 2053 1304 2084 ope—

117 3340 118 3344 ,
140 3318 194 3355 ‚jd
210 3328 220 3344 ι

241 2089 371 2121 rationis
394 2089 514 2120 unitate
536 2088 716 2119 secundum
733 2090 928 2129 principium
943 2090 1092 2125 activum,
1116 2098 1184 2119 non
1201 2088 1304 2128 quod-

242 2142 392 2174 cumque,
416 2133 472 2164 sed
494 2133 673 2173 proprium,
694 2133 758 2164 hoc
779 2139 835 2170 est,
856 2134 970 2164 vinute
985 2134 1114 2173 propria
1129 2142 1237 2173 agens.
1259 2132 1304 2162 Ita

243 2177 333 2218 quod
358 2178 501 2218 operatio
532 2187 597 2207 una
627 2177 804 2217 appeUatur
834 2187 916 2218 quae
943 2183 989 2208 est
1016 2178 1054 2207 ab
1082 2187 1148 2207 uno
1178 2182 1303 2207 tantum

243 2222 347 2252 activo
369 2221 527 2262 principio
550 2221 667 2251 virtute
688 2222 827 2261 propria.
861 2221 903 2252 Et
925 2222 951 2252 si
981 2231 999 2252 a
1024 2221 1169 2261 pluribus
1195 2221 1304 2251 activis

241 2265 405 2306 principiis
423 2264 601 2296 secundum
616 2274 688 2295 suas
702 2266 846 2305 proprias
861 2266 991 2296 virtutes
1008 2270 1065 2302 est,
1080 2275 1148 2295 non
1164 2269 1211 2295 est
1226 2274 1304 2304 ope-

242 2310 326 2340 ratio>
345 2319 419 2340 una.
443 2308 579 2339 Perinde
601 2318 676 2349 ergo
700 2315 747 2339 est
770 2319 920 2350 quaerere
944 2319 984 2340 an
1007 2309 1177 2339 divinitatis
1199 2314 1230 2338 et
1244 2309 1304 2338 hu-

242 2353 400 2385 manitatis
422 2353 457 2384 in
480 2353 607 2384 Christo
630 2354 670 2383 sit
691 2363 757 2383 una
778 2359 903 2384 tanturn
927 2354 1081 2394 operatio,
1106 2362 1144 2383 ac
1158 2353 1184 2383 si
1207 2362 1306 2392 quae-

242 2402 363 2428 raemr
392 2407 432 2428 an
454 2398 488 2427 in
512 2396 639 2428 Christo
668 2397 708 2427 sit
730 2407 833 2428 unum
855 2403 980 2428 tantum
1002 2398 1197 2438 principium
1227 2406 1305 2437 ope-

242 2440 334 2473 randi
357 2442 472 2472 virtute
501 2442 648 2482 propria:
679 2442 745 2472 sive
774 2441 854 2472 illud
883 2442 922 2472 sit
952 2442 1020 2472 sola
1046 2441 1208 2477 divinitas;
1239 2442 1304 2472 sive

245 2485 463 2526 compositum
495 2485 573 2526 quid
603 2495 641 2516 ex
666 2485 863 2516 humanitate
887 2491 918 2516 et
941 2485 1118 2521 divinitate3
1151 2486 1215 2515 sive
1239 2485 1306 2516 sola

243 2529 438 2566 humanitas,
463 2528 682 2569 quodiamen
704 2530 811 2560 nullus
834 2539 979 2570 unquam
1002 2530 1150 2569 opinatus
1171 2535 1217 2559 est
1240 2539 1306 2560 cre-

244 2572 322 2603 dens
343 2573 496 2604 incarnati
517 2573 615 2604 Verbi
636 2575 833 2614 mysterium.

299 2616 357 2648 Est
381 2621 491 2648 autem
514 2616 667 2648 movendi
695 2618 783 2648 hunc
809 2618 979 2648 articulum
1007 2618 1086 2648 ratio
1118 2623 1149 2647 et
1170 2618 1307 2648 haeresis

243 2661 438 2702 ponentium
458 2661 493 2692 in
516 2660 646 2692 Christo
667 2671 766 2692 unam
788 2667 934 2692 naturam
959 2662 1172 2702 compositam
1188 2671 1227 2692 ex
1242 2661 1307 2692 dei—

243 2709 307 2736 tate
331 2710 364 2735 et
383 2705 591 2741 humanitate,
615 2706 771 2745 quoniam
795 2711 1029 2746 consequenter
1051 2711 1224 2746 poneretur
1242 2715 1307 2736 una

244 2754 369 2780 tantum
392 2748 526 2780 confusa
548 2750 691 2790 operatio
715 2750 749 2780 in
773 2749 911 2786 Christo,
936 2751 1011 2790 quia
1028 2756 1201 2790 poneretur
1216 2750 1250 2780 in
1266 2759 1305 2779 eo

244 2801 348 2823 utrum
370 2798 494 2823 tanturn
517 2793 710 2833 principium
733 2794 848 2824 virtute
863 2794 992 2834 propria
1015 2794 1164 2830 activum,
1189 2794 1307 2824 scilicet

244 2841 356 2868 natura
370 2836 424 2867 illa
446 2837 536 2867 tertia
559 2836 702 2867 confusa:
720 2843 761 2874 et,
777 2838 881 2868 multo
897 2839 1007 2878 magis,
1023 2838 1159 2868 haeresis
1182 2847 1306 2878 ponen-

244 2881 376 2912 t'mmin
398 2880 525 2912 Christo
549 2881 652 2911 solam.
674 2881 824 2912 deitatem
849 2891 916 2912 esse
937 2882 1072 2912 activam
1094 2883 1210 2912 virtute
1231 2891 1306 2921 pro-

244 2925 322 2965 pria,
334 2924 565 2956 humanitatem
576 2935 652 2955 vero
670 2935 738 2955 ease
752 2935 871 2965 purum
885 2926 1134 2956 instrumentum
1149 2926 1217 2956 sine
1231 2935 1306 2965 pro-

245 2969 314 3009 pria
327 2969 452 3005 vitane,
465 2969 575 3009 quales
589 2968 720 2999 fuerunt
734 2970 952 3000 subtrahentes
965 2969 1091 3000 Christo
1107 2970 1306 3000 voluntatem

245 3012 433 3049 humanam,
456 3012 508 3043 vel
531 3013 598 3043 eius
621 3018 746 3049 actum;
772 3013 943 3053 quoniam,
968 3012 1146 3043 secundum
1167 3014 1248 3049 hoc,
1272 3014 1306 3043 in

247 3054 374 3087 Christo
384 3061 630 3096 (consequenter
643 3062 817 3096 poneretur
839 3055 961 3087 deitatis
977 3062 1008 3087 et
1023 3057 1226 3087 humanitatis
1242 3067 1306 3087 una

245 3104 371 3131 tanturn
399 3100 560 3141 operatio,
589 3100 676 3130 iuxta
705 3100 859 3130 unitatem
889 3101 982 3131 activi
1003 3101 1153 3140 principii
1174 3101 1304 3141 proprii.

246 3143 293 3174 At
311 3144 338 3175 si
357 3145 395 3175 in
416 3144 543 3175 Christo
569 3143 666 3174 deitas
690 3145 754 3184 agit
774 3144 891 3174 virtute
911 3145 1049 3184 propria,
1074 3149 1105 3174 et
1127 3144 1305 3174 humanitas

247 3187 310 3227 agit
332 3188 428 3219 etiam
450 3189 566 3218 virtute
587 3188 726 3227 propria,
751 3188 896 3227 quamvis
919 3193 1046 3227 co-agat
1068 3188 1164 3218 simul
1187 3188 1307 3223 deitati,

246 3240 317 3263 non
343 3237 391 3262 est
420 3231 543 3262 deitatis
574 3237 606 3262 et
633 3231 838 3261 humanitatis
859 3231 893 3261 in
913 3231 1039 3261 Christo
1070 3232 1216 3270 operatio
1241 3241 1306 3261 una

247 3279 381 3312 tantum,
397 3275 454 3306 sed
476 3281 523 3306 est
545 3285 610 3306 una
625 3280 656 3305 et
670 3275 799 3305 multae.
823 3275 921 3305 Verbi
943 3275 1050 3314 gratia,
1067 3274 1146 3304 dum
1162 3274 1305 3305 Christus

248 3319 368 3349 sanavit
388 3318 552 3350 infirmum
575 3318 734 3359 tangendo
750 3319 781 3354 Ἢ
806 3319 832 3348 si
855 3318 915 3348 fuit
936 3319 970 3348 in
992 3318 1049 3348 ino
1072 3327 1171 3358 opere
1193 3318 1305 3358 aliquis

249 3367 338 3393 aetus
366 3368 511 3394 causatus
539 3363 578 3393 ab
600 3363 796 3393 humanitate
817 3362 933 3392 virtute
957 3362 1101 3402 propria,
1133 3367 1164 3392 et
1193 3361 1305 3401 aliquis

250 3411 394 3437 emonis
418 3416 438 3437 ι
458 3406 620 3438 divinitate
642 3407 758 3437 virtute
780 3406 917 3446 propria,
942 3406 1085 3445 operatio
1102 3405 1154 3435 illa
1176 3415 1244 3435 non
1259 3410 1307 3435 est

249 3458 314 3480 una
335 3455 469 3487 tantum,
485 3451 541 3481 sed
565 3456 611 3481 est
625 3461 690 3481 una
709 3456 739 3480 et
762 3450 897 3480 multae:
922 3459 986 3480 una
1006 3448 1147 3489 quidem,
1163 3454 1241 3488 puta
1259 3459 1306 3479 sa-

249 3493 348 3530 natio,
371 3495 446 3534 quia
466 3495 581 3526 virtute
612 3494 740 3535 propria
763 3493 901 3530 deitatis,
926 3499 957 3524 et
979 3493 1017 3523 ab
1040 3493 1235 3523 humanitate
1258 3493 1306 3523 in-

251 3538 493 3568 strumentaliter
509 3544 571 3575 est;
596 3538 677 3569 duae
697 3547 783 3574 vero,
804 3538 879 3577 quia
902 3537 1082 3577 adiungitur
1105 3536 1205 3567 dictae
1228 3546 1306 3577 ope-

250 3580 366 3611 rationi
394 3582 536 3621 operatio
557 3592 639 3622 quae
664 3587 710 3612 est
732 3582 770 3612 ab
797 3582 993 3611 humanitate
1023 3581 1137 3611 virtute
1159 3581 1304 3620 propria,

391 3642 500 3667 Summi
518 3642 619 3668 Tutor..
639 3643 671 3667 D.
690 3643 804 3667 Tnorur.
823 3643 854 3667 T.
873 3642 938 3667 VIII.

1359 1867 1437 1898 dum
1463 1869 1620 1899 smationi
1651 1870 1855 1909 coniungitur
1881 1871 2058 1901 voluntaria
2085 1873 2254 1903 contactio.
2289 1873 2419 1905 sanatio

1359 1913 1446 1942 enim
1468 1922 1532 1942 una
1556 1914 1699 1953 operatio
1724 1919 1770 1944 est
1792 1924 1810 1944 a
1832 1914 1946 1945 deitate
1968 1925 2025 1955 per
2040 1916 2284 1948 humanitatem:
2309 1924 2418 1948 conta—

1359 1961 1428 1986 ctus
1452 1962 1559 1987 autem
1574 1957 1771 1988 voluntarius
1794 1964 1968 1998 poneretur
1982 1960 2121 1990 humana
2138 1962 2293 2000 operatio,
2311 1972 2331 1992 a
2342 1971 2418 2002 pro-

1358 2001 1426 2039 pria
1448 2001 1652 2031 humanitatis
1675 2002 1800 2032 virtute.
1825 2002 1858 2033 Si
1874 2009 1980 2033 autem
2003 2003 2071 2034 sola
2094 2003 2191 2034 deitas
2214 2005 2342 2045 propria
2356 2007 2418 2036 vir-

1358 2049 1426 2074 tute
1450 2045 1573 2085 operari
1595 2051 1749 2084 ponatur,
1783 2051 1814 2076 et
1844 2047 2022 2077 humanitas
2051 2048 2156 2078 solum
2179 2054 2214 2078 ut
2235 2059 2315 2089 pure
2347 2059 2418 2080 exe-

1359 2097 1462 2127 quens
1491 2089 1673 2129 principalis
1704 2091 1824 2130 agentis
1854 2091 2002 2121 virtutem
2032 2098 2222 2131 poneretur,
2257 2102 2321 2123 una
2350 2099 2418 2124 tan-

1358 2138 1435 2169 tum,
1451 2133 1594 2172 operatio
1617 2133 1812 2164 inveniretur
1832 2135 1866 2164 in
1881 2135 2067 2166 huiusmodi
2090 2137 2265 2166 curatione.
2284 2155 2308 2159 -
2329 2137 2421 2168 Haec

1358 2176 1397 2206 de
1419 2177 1523 2207 titulo.
2316 2191 2320 2194 ’

1414 2221 1450 2251 ΙΙ.
1475 2221 1510 2251 In
1534 2231 1668 2260 corpore
1691 2222 1823 2258 articuli,
1847 2223 1951 2262 primo
1974 2224 2121 2254 recitatur
2143 2224 2238 2255 simul
2261 2230 2292 2254 et
2314 2224 2418 2255 decla-
2473 2233 2476 2236 ⁴

1359 2270 1443 2294 ratur
1473 2265 1704 2295 haereticorum
1733 2267 1869 2305 positio,
1898 2277 1972 2297 cum
1999 2266 2226 2304 fundamento;
2257 2268 2416 2304 secundo,

1359 2308 1536 2339 ostenditur
1558 2309 1643 2339 radix
1667 2311 1779 2340 erroris
1803 2319 1932 2347 eorum;
1956 2311 2063 2347 tertio,
2088 2311 2297 2352 respondetur
2320 2322 2417 2352 quae-

1358 2353 1429 2389 sito,
1454 2354 1507 2389 ibi,
1530 2353 1575 2383 Et
1596 2353 1669 2383 ideo
1692 2353 1878 2394 ubicumque
1899 2363 2028 2384 movens
2051 2359 2082 2384 et
2103 2359 2232 2385 motum.

1414 2397 1532 2435 Quoad
1554 2398 1703 2437 primum,
1728 2407 1858 2428 erronea
1881 2398 2045 2428 conclusio
2069 2404 2131 2428 est:
2154 2399 2194 2428 In
2221 2399 2352 2429 Christo
2371 2403 2421 2430 est

1359 2451 1425 2472 una
1448 2446 1572 2472 tantum
1596 2442 1750 2481 operatio,
1775 2442 1848 2472 licet
1869 2442 1933 2472 sint
1955 2443 2055 2472 multa
2079 2447 2220 2482 operata.
2251 2443 2421 2479 Probatur„

1360 2486 1436 2526 quia
1458 2495 1561 2516 unum
1584 2491 1709 2516 tantum
1724 2491 1770 2516 est
1792 2487 1825 2516 in
1842 2486 1968 2516 Christo
1984 2487 2176 2526 principium
2192 2487 2339 2522 activum,
2355 2487 2416 2517 sei—

1359 2530 1434 2560 licet
1458 2529 1572 2559 deitas:
1607 2530 1786 2559 humanitas
1817 2536 1923 2560 autem
1953 2530 2229 2560 instrumentaliter
2255 2539 2288 2560 se
2310 2531 2414 2561 habet.

1361 2574 1545 2604 Declaratur
1571 2574 1648 2603 haec
1672 2579 1703 2603 et
1724 2574 1758 2604 in
1781 2574 1886 2604 anima
1914 2579 2060 2614 respectu
2084 2583 2276 2613 organorum
2300 2583 2415 2614 corpo-

1360 2627 1506 2653 reorum;
1531 2623 1562 2647 et
1584 2622 1730 2657 respectu
1752 2618 1867 2648 virium
1891 2619 2117 2648 serisiu'varum.

1416 2661 1533 2699 Quoad
1556 2661 1745 2697 secundum,
1766 2661 1852 2692 radix
1875 2662 1997 2692 errandi
2019 2662 2158 2701 ponitur,
2183 2661 2259 2701 quia
2272 2671 2339 2691 non
2355 2661 2419 2691 dis-

1360 2706 1520 2736 tinxerunt
1543 2706 1763 2745 operationem
1785 2706 1985 2736 instrumenti
2007 2715 2064 2745 per
2086 2706 2246 2745 propriam
2269 2704 2418 2741 formam,

1360 2749 1411 2779 vel
1433 2759 1490 2789 per
1512 2750 1787 2789 participationem
1810 2750 1940 2789 agentis.
1963 2749 2167 2779 Declarantur
2189 2749 2267 2778 haec
2288 2749 2322 2778 in
2344 2749 2418 2779 arti-

1361 2792 1526 2829 ficialibus,
1550 2792 1669 2823 artifice
1692 2798 1723 2823 et
1746 2803 1843 2830 serra;
1869 2799 1899 2823 et
1922 2794 1954 2823 in
1976 2792 2178 2827 naturalibus,
2203 2792 2320 2822 scilicet
2342 2793 2415 2832 igne

1360 2843 1507 2877 respectu
1530 2837 1612 2867 artis.
1646 2836 1744 2874 Quod
1767 2842 1858 2876 potes
1881 2836 2037 2866 declarare
2060 2842 2095 2866 tu
2124 2840 2269 2875 respectu
2292 2836 2415 2866 animae

1359 2882 1562 2921 vegetativae‚
1581 2882 1672 2910 cuius
1686 2881 1931 2910 instrumentum
1946 2881 2076 2919 ponitur
2087 2880 2167 2919 ignis
2179 2879 2212 2909 in
2224 2885 2415 2919 augmento:

1359 2930 1396 2955 ut
1418 2930 1504 2965 patet
1525 2925 1561 2954 in
1582 2924 1608 2954 ΙΙ
1631 2924 1670 2954 de
1684 2924 1800 2953 Anima
1816 2925 1843 2959 *,
1866 2929 1975 2953 contra
1998 2923 2241 2962 Empedoclem,
2270 2923 2415 2954 Indistin—
2442 2928 2458 2976 ‘S

1361 2970 1424 2999 ctio
1442 2969 1537 3008 igitur
1552 2968 1785 3008 operationum,
1803 2973 1833 2997 et
1849 2967 2036 2997 communio
2051 2967 2222 3006 agentium,
2240 2967 2314 3007 quia
2329 2968 2415 3007 prin-
2461 2971 2465 2976 ”

1361 3012 1460 3052 cipale
1483 3013 1581 3042 utitur
1602 3011 1731 3050 propria
1749 3012 1935 3050 operatione
1949 3011 2149 3040 instrumenti
2171 3016 2202 3040 et
2224 3011 2417 3042 instrumen-

1359 3062 1428 3086 tum
1451 3056 1616 3096 participat
1638 3055 1856 3094 operationem
1878 3055 2040 3094 propriam
2070 3053 2268 3094 principalis,
2293 3054 2415 3086 errandi

1360 3100 1485 3130 occasio
1509 3098 1578 3128 fuit.

1415 3142 1532 3180 Quoad
1554 3142 1697 3177 tertium,
1722 3141 1888 3172 conclusio
1911 3146 1973 3171 est:
2004 3141 2046 3172 In
2070 3141 2197 3172 Chr-isto
2227 3147 2303 3172 sunt
2331 3141 2418 3173 duae

1360 3186 1571 3227 operationes.
1595 3185 1748 3215 Probatur
1770 3185 1887 3225 primo,
1908 3186 2030 3216 ratione
2054 3186 2220 3215 ostensiva.
2248 3185 2413 3222 Secundo,

1359 3230 1544 3260 auctoritate
1559 3230 1687 3259 Leonis.
1707 3229 1827 3265 Tertio,
1845 3228 1992 3260 ducendo
2005 3229 2044 3260 ad
2054 3229 2260 3269 irnpossibile.
2280 3229 2415 3268 Quartus

1360 3273 1544 3304 definitione
1568 3272 1698 3313 Synodi.
1723 3272 1840 3303 Omnia
1863 3273 1944 3303 clara
1967 3279 2040 3304 sunt
2062 3274 2096 3303 in
2118 3273 2228 3304 littera.

1414 3317 1465 3347 111.
1489 3317 1524 3347 In
1554 3316 1762 3356 responsione
1792 3316 1831 3347 ad
1858 3323 2024 3357 quartum,
2057 3317 2181 3347 adverte
2213 3322 2243 3347 et
2270 3318 2413 3357 perspice

1359 3370 1487 3391 sensum
1510 3360 1629 3390 litterae
1651 3361 1806 3400 ponentis,
1824 3360 2030 3391 differentiam
2052 3361 2133 3391 inter
2155 3370 2221 3391 esse
2245 3366 2275 3391 et
2291 3362 2415 3400 operari

1358 3410 1504 3446 respectu
1533 3410 1664 3434 naturae
1698 3410 1730 3434 et
1759 3413 1923 3444 personae.
1957 3404 2090 3435 Ponitur
2121 3403 2278 3444 siquidem
2308 3405 2413 3444 primo

1359 3449 1524 3488 utriusque
1547 3449 1784 3483 convenientia,
1808 3449 1842 3478 in
1864 3449 1927 3478 hoc
1951 3448 2039 3488 quod
2061 3454 2251 3488 utrumque,
2281 3449 2344 3479 hoc
2367 3455 2415 3479 est

1359 3498 1424 3523 tam
1448 3501 1515 3522 esse
1538 3501 1635 3532 quam
1659 3493 1793 3532 operari,
1817 3498 1862 3522 est
1884 3502 2038 3532 personae
2061 3502 2079 3522 a
2101 3497 2227 3522 natura:
2259 3493 2303 3523 ita
2325 3492 2414 3532 quod

1359 3542 1531 3576 utrumque
1554 3536 1648 3566 habet
1670 3542 1814 3566 naturam
1836 3546 1895 3576 pro
1918 3536 2085 3576 principio,
2110 3541 2141 3566 et
2162 3545 2331 3576 personam
2353 3545 2412 3576 pro

1359 3580 1502 3611 subiecto
1527 3579 1616 3620 quod
1639 3586 1694 3616 est,
1715 3579 1804 3620 quod
1827 3586 1983 3620 operatur.
2013 3579 2135 3610 Deinde
2158 3579 2302 3610 subditur
2325 3579 2413 3610 diffe-

2239 3640 2267 3664 31
