2872 3970
19 2927 26 3143 ..-—-.-..=-.—.›.-....,...‹
19 2845 25 2916 «.-⁴..„
21 2824 25 2837 ,-
19 2764 25 2798 .,,.
20 2725 23 2736 ..
20 2708 24 2713 ,
21 2683 23 2691 -

895 284 1157 330 QUAESTIO
1187 285 1343 332 XXVII,
1372 285 1663 323 ARTICULUS
1692 286 1737 321 III

229 366 383 426 peccati.
413 365 560 402 Dicitur
586 373 714 402 autem
743 364 1049 413 concupiscentia
1073 364 1288 401 sensualita-

229 420 275 457 tis
303 430 384 456 esse
412 418 636 461 inordinata,
658 417 890 466 inquantum
918 426 1104 466 repugnat
1132 417 1285 454 rationi:

229 472 336 522 quod
364 470 522 521 quidem
549 471 592 507 fit
619 470 849 519 inquantum
877 469 1030 506 inclinat
1058 471 1106 506 ad
1128 471 1286 516 malum,

229 525 292 563 vel
318 523 578 561 difficultatem
612 523 697 560 facit
724 523 773 560 ad
808 523 958 559 bonurn
977 528 1003 559 Υ.
1035 524 1082 560 Et
1114 522 1201 559 ideo
1238 523 1287 559 ad

229 577 352 628 ipsam
371 575 559 613 rationem
577 575 716 612 fomitis
734 575 896 625 pertinet
924 576 1030 624 quod
1059 575 1211 612 inclinet
1238 576 1286 612 ad

229 629 388 675 malum,
403 629 465 666 vel
483 628 743 666 difficultatem
761 628 847 665 facit
861 626 874 650 ὅ
893 628 932 665 in
952 628 1069 665 bono.
1090 629 1202 666 Unde
1221 640 1286 677 po-

229 693 319 720 nere
338 681 444 730 quod
464 681 686 718 remanserit
703 681 826 718 fomes
845 681 884 725 in
904 682 1020 718 Beata
1035 681 1187 728 Virgine
1206 693 1287 718 non

229 734 412 772 inclinans
431 733 479 770 ad
507 735 665 780 malum,
687 741 742 770 est
767 746 912 783 ponere
940 734 1019 770 duo
1046 734 1232 783 opposita.

281 786 460 824 Similiter
474 786 588 824 etiam
602 792 614 808 ⁶
628 786 780 824 videtur
794 786 1078 836 oppositionem
1093 786 1286 835 implicare

229 839 335 890 quod
349 838 571 876 remanserit
584 839 707 876 fomes
721 839 951 888 inquantum
966 839 1127 888 pertinet
1141 840 1190 876 ad
1205 851 1286 876 cor-

228 891 446 942 ruptionem
474 899 642 939 naturae,
662 904 743 929 non
768 899 897 929 autem
925 892 1156 941 inquantum
1174 892 1286 940 perti—

228 952 292 982 net
318 945 367 982 ad
393 944 680 993 corruptionem
708 957 906 994 personae.
937 946 1040 982 Nam
1071 945 1285 981 secundum

228 997 496 1046 Augustinum,
517 997 556 1034 in
584 997 680 1035 libro
709 998 754 1035 de
779 999 929 1047 Nuptiis
956 1003 989 1034 et
1020 999 1286 1047 Concupiscen-

226 1052 278 1088 tia
302 1049 337 1096 *,
367 1049 484 1087 libido
513 1058 568 1087 est
596 1063 695 1099 quae
731 1058 930 1100 peccatum
962 1049 1140 1098 originale
1167 1057 1286 1087 trans-

227 1102 337 1141 mittit
355 1102 395 1140 in
413 1104 574 1152 prolem.
594 1103 735 1140 Libido
754 1111 883 1140 autem
898 1103 1078 1152 importat
1097 1102 1286 1140 inordina-

225 1163 305 1193 tam
323 1155 688 1205 concupiscentiam,
709 1168 809 1205 quae
828 1168 908 1193 non
933 1155 1094 1193 totaliter
1113 1155 1288 1193 subditur

227 1207 373 1246 rationi.
403 1209 451 1246 Et
478 1208 577 1255 ideo,
607 1208 637 1245 si
665 1208 826 1246 totaliter
851 1209 974 1245 fornes
1003 1208 1288 1246 subtraheretur

226 1260 455 1311 inquantum
489 1261 651 1311 pertinet
685 1262 733 1298 ad
766 1261 1052 1310 corruptionem
1086 1273 1284 1310 personae,

226 1325 306 1352 non
333 1322 462 1364 posset
480 1326 678 1351 remanere
706 1314 938 1363 inquantum
956 1313 1118 1363 pertinet
1135 1314 1184 1351 ad
1204 1326 1285 1351 cor-

226 1366 446 1416 ruptionem
473 1374 642 1405 naturae.

278 1421 408 1458 Restat
434 1419 545 1468 igitur
570 1428 612 1457 ut
630 1419 803 1457 dicamus
831 1420 937 1469 quod
965 1421 1027 1456 vel
1054 1420 1215 1457 totaliter
1233 1420 1284 1456 fo-

226 1484 308 1510 mes
335 1472 446 1510 fuerit
472 1473 520 1509 ab
549 1485 594 1509 ea
629 1473 800 1510 sublatus
827 1485 896 1522 per
922 1473 1089 1522 primam
1122 1472 1285 1510 sanctifi-

225 1524 430 1563 cationem:
450 1527 513 1562 vel
532 1526 639 1575 quod
657 1525 791 1563 fuerit<
810 1525 954 1574 ligatus.
975 1527 1108 1562 Posset
1126 1532 1284 1562 tamen7¹

225 1577 376 1626 intelligi
413 1578 519 1628 quod
555 1578 717 1616 totaliter
749 1578 818 1616 suit
845 1579 1015 1615 sublatus
1050 1579 1173 1616 fomes
1210 1579 1286 1615 hoc

225 1631 356 1676 modo,
385 1631 492 1680 quod
519 1631 739 1691 praestitum
769 1631 879 1668 fuerit
906 1632 1044 1668 Beatae
1063 1631 1218 1679 Virgini,
1239 1643 1285 1668 ex

223 1682 487 1722 abundantia⁰
515 1684 653 1732 gratiae
672 1684 962 1721 descendentis
954 1696 992 1721 1n
1003 1684 1145 1744 ipsam,
1166 1692 1208 1721 ut
1232 1691 1285 1721 ta-

224 1737 268 1774 lis
295 1744 392 1774 esset
419 1736 615 1797 dispositio
652 1737 794 1774 virium
822 1737 972 1774 animae
1002 1737 1041 1774 in
1069 1737 1150 1797 ipsa
1179 1738 1285 1786 quod

224 1789 420 1827 inferiores
446 1790 547 1827 vires
574 1802 776 1839 nunquam
804 1798 1053 1827 moverentur
1078 1790 1159 1826 sine
1187 1789 1284 1826 arbi-

223 1842 296 1880 trio
315 1842 487 1880 rationis:
518 1843 614 1880 sicut
632 1843 777 1880 dictum
803 1850 859 1880 est
876 1842 896 1864 ³¹²
921 1842 1034 1879 fuisse
1060 1843 1100 1879 in
1121 1842 1282 1889 Christo,

225 1907 344 1945 quem
371 1902 516 1932 constat
543 1895 687 1944 peccati
713 1896 887 1933 fomitem
914 1907 994 1932 non
1022 1895 1218 1940 habui'sse;
1248 1903 1284 1932 et

224 1947 321 1986 sicut
338 1948 407 1985 fuit
424 1948 464 1984 in
482 1948 609 1985 Adam
636 1956 723 1985 ante
750 1956 951 1998 peccatum
970 1960 1039 1997 per
1061 1947 1283 1996 originalem

224 2000 423 2047 iustitiam;
453 2000 503 2038 ita
530 2001 648 2050 quod,
669 2009 859 2050 quantum
887 2001 935 2038 ad
955 2002 1040 2048 hoc,
1061 2001 1178 2049 gratia
1197 2013 1282 2038 san-

225 2053 460 2091 ctificationis
487 2053 527 2090 in
554 2053 707 2102 Virgine
739 2054 873 2091 habuit
899 2053 980 2091 vim
1013 2054 1201 2102 originalis
1230 2054 1284 2091 iu-

225 2106 354 2144 stitiae.
391 2107 439 2144 Et
471 2107 648 2155 quamvis
683 2108 778 2144 haec
809 2106 948 2156 positio
981 2107 1029 2143 ad
1064 2107 1283 2154 dignitatem

224 2159 386 2208 Virginis
413 2159 545 2196 Matris
564 2159 751 2208 pertinere
769 2159 954 2206 videatur,
974 2159 1130 2208 derogat
1154 2167 1284 2196 tamen

224 2212 264 2250 in
291 2211 420 2262 aliquo
448 2212 616 2260 dignitati
645 2212 803 2260 Christi,
832 2213 977 2261 absque
1010 2212 1119 2249 cuius
1146 2212 1283 2250 virtute

225 2266 352 2303 nullus
386 2277 409 2302 a
435 2265 561 2314 prima
597 2265 843 2302 damnatione
881 2265 1059 2302 liberatus
1096 2273 1151 2302 est
1178 2272 1197 2302 ‘.
1237 2267 1285 2303 Et

225 2318 403 2368 quamvis
430 2330 500 2367 per
526 2317 647 2355 fidem
665 2324 682 2340 ²
711 2317 849 2356 Christi
877 2317 993 2367 aliqui
1029 2325 1115 2355 ante
1145 2318 1284 2356 Christi

225 2370 526 2409 incarnationem
562 2371 636 2408 sint
672 2371 887 2408 secundum
928 2370 1103 2420 spiritum
1140 2371 1188 2408 ab
1223 2371 1284 2409 illa

225 2423 470 2462 damnatione
498 2423 653 2471 liberati,
673 2431 802 2461 tamen
830 2424 937 2473 quod
963 2424 1179 2461 secundum
1207 2436 1283 2462 car-

225 2489 316 2514 nem
344 2477 479 2526 aliquis
498 2476 546 2514 ab
565 2476 628 2514 illa
645 2476 892 2514 damnatione
921 2476 1109 2522 liberetur,
1130 2489 1210 2514 non
1229 2477 1283 2514 vi—

225 2530 336 2567 detur
362 2529 445 2567 fieri
464 2529 641 2567 debuisse
666 2530 740 2567 nisi
762 2537 849 2579 post
867 2529 1169 2567 incarnationem
1190 2530 1282 2578 eius,

225 2581 264 2620 in
292 2595 369 2632 qua
395 2582 522 2632 primo
542 2582 672 2620 debuit
698 2582 920 2620 immunitas
939 2583 1194 2620 damnationis
1218 2595 1283 2633 ap-

225 2646 370 2695 parere.
413 2635 462 2673 Et
487 2635 587 2682 ideo,
617 2635 713 2673 sicut
740 2643 826 2672 ante
854 2635 1174 2673 immortalitatem
1205 2649 1283 2673 car-

226 2687 284 2725 nis
311 2687 450 2726 Christi
475 2688 703 2737 resurgentis
729 2690 857 2726 nullus
885 2689 1046 2738 adeptus
1064 2689 1134 2727 fuit
1161 2689 1285 2726 carnis

226 2740 559 2788 immortalitatem,
584 2741 635 2779 ita
660 2741 935 2779 inconveniens
961 2742 1075 2779 etiam
1094 2740 1106 2764 λ
1135 2741 1286 2779 videtur

226 2793 351 2831 dicere
385 2794 493 2843 quod
521 2802 607 2831 ante
642 2806 798 2832 carnem
827 2794 985 2842 Christi,
1015 2795 1054 2831 in
1089 2807 1167 2844 qua
1201 2797 1284 2832 nul-

225 2847 307 2884 lum
325 2846 393 2884 fuit
414 2854 626 2896 peccatum,
647 2859 735 2885 caro
764 2846 926 2895 Virginis
953 2847 1084 2884 matris
1112 2847 1204 2896 eius,
1224 2850 1286 2885 vel

225 2899 504 2950 cuiuscumque
532 2899 702 2947 alterius,
728 2899 839 2937 fuerit
866 2900 1011 2950 absque
1038 2900 1189 2948 fomite,
1219 2901 1285 2950 qui

278 3027 305 3062 γ)
323 3028 361 3053 ad
379 3028 484 3054 bonum.
503 3042 522 3047 -
540 3029 566 3053 in
587 3029 654 3054 bono
673 3030 754 3055 tertia.

315 3063 396 3097 facit.
412 3064 533 3097 -faciat
551 3065 624 3089 tertia
643 3070 668 3089 et
685 3072 711 3090 a.

277 3063 303 3134 <²¹33
321 3099 451 3125 Similiter
469 3099 558 3125 etiam.
574 3113 594 3118 ·-
611 3101 658 3130 bc,·
676 3100 764 3125 Simul
780 3101 860 3127 etiam
879 3101 1001 3134 BDpCsE
1019 3106 1045 3126 et
1056 3109 1074 3126 α
1089 3100 1146 3135 (sed
1165 3109 1182 3127 a
1197 3102 1286 3127 dividit

227 3140 287 3167 post
308 3134 407 3168 simul),
432 3134 467 3159 Et
489 3134 568 3159 simul
591 3136 671 3160 etiam
690 3137 721 3165 Α,
741 3136 827 3162 Simul
850 3136 896 3169 pE.
916 3136 1047 3162 Similiter
1070 3137 1113 3168 sC,
1137 3138 1284 3170 (opposita)

226 3169 314 3195 simul.
333 3170 466 3195 Similiter
482 3170 563 3195 etiam
582 3170 668 3196 PFGI.

278 3204 293 3233 ζ
316 3205 411 3239 suerit.
429 3219 449 3224 -
466 3206 625 3231 remanserit
641 3206 722 3237 tertia,
741 3206 795 3238 (vel
811 3206 836 3231 si
854 3206 1013 3231 remanserit
1030 3195 1112 3239 quod)
1124 3207 1183 3240 fuit
1201 3208 1230 3233 E.

277 3248 294 3272 η
325 3243 422 3266 tamen.
439 3255 459 3260 —
476 3241 545 3266 enim
565 3241 603 3266 Pl.

228 3273 340 3337 Aug
322 3276 527 3302 abundantia.-
537 3276 784 3308 superabundantia
797 3276 961 3302 BDEFsC.-
974 3277 1022 3301 Pro
1036 3277 1062 3301 in
1078 3277 1171 3309 ipsam
1187 3278 1212 3302 in
1227 3277 1284 3309 ipsa

281 3345 301 3381 ι)
320 3346 447 3372 liberatus
464 3349 512 3372 est.
529 3360 548 3365 -
565 3347 696 3372 liberatur
713 3347 793 3371 tertia.

281 3380 308 3416 κ)
318 3381 411 3415 fldem.
427 3396 447 3401 -—
464 3382 630 3414 spiritualem
649 3381 759 3416 (spblem
778 3381 798 3416 1)
810 3381 895 3414 fidem
914 3381 996 3407 tertia.

2325 285 2398 333 293

1341 365 1478 402 dicitur
1511 366 1575 402 lex
1608 366 1750 410 carnis,
1780 365 1859 401 sixe
1889 367 2141 401 membrorum
2161 365 2190 401 ⁵³⁴.
2230 367 2277 402 Et
2312 365 2399 403 ideo

1341 418 1477 454 melius
1504 418 1655 454 videtur
1682 417 1890 454 dicendum
1915 418 2021 466 quod
2040 430 2108 466 per
2137 418 2399 455 sanctificatio-

1341 483 1431 507 nem
1460 470 1498 506 in
1527 478 1635 507 utero
1664 482 1744 506 non
1774 470 1842 506 fuit
1870 470 2039 506 sublatus
2065 470 2208 529 Virgini
2233 477 2249 499 μ
2277 471 2399 508 fomes

1341 523 1555 560 secundum
1584 522 1796 569 essentiam,
1827 523 1893 559 sed
1922 522 2102 559 remansit
2131 523 2279 571 ligatus:
2319 536 2399 560 non

1341 575 1497 625 quidem
1526 588 1596 624 per
1622 583 1751 612 actum
1787 575 1941 612 rationis
1977 588 2087 620 suae,
2117 575 2211 612 sicut
2243 576 2282 612 in
2310 576 2399 613 viris

1341 628 1487 675 sanctis,
1514 628 1604 677 quia
1631 640 1711 664 non
1741 628 1864 665 statim
1883 634 1895 648 V
1923 628 2056 664 habuit
2074 641 2190 665 usum
2210 628 2315 666 liberi
2344 642 2398 666 ar-

1340 681 1438 717 bitrii
1467 681 1595 718 adhuc
1622 681 1660 717 in
1688 689 1820 717 ventre
1840 681 1969 717 matris
1997 680 2171 727 existens,
2192 682 2267 718 hoc
2295 681 2398 718 enim

1340 734 1501 783 speciale
1529 733 1770 783 privilegium
1791 734 1929 771 Christi
1954 733 2037 778 fuit;
2068 734 2134 770 sed
2153 746 2222 783 per
2239 734 2398 782 gratiam

1340 786 1602 823 abundantem
1630 785 1642 811 t
1677 799 1796 836 quam
1824 786 1863 823 in
1898 786 2193 823 sanctificatione
2235 787 2396 836 recepit;

1340 847 1376 876 et
1415 839 1527 876 etiam
1565 839 1765 888 perfectius
1805 851 1874 888 per
1910 839 2080 876 divinam
2117 839 2399 888 providentiam

1339 892 1620 929 sensualitatem
1648 892 1729 929 eius
1748 892 1796 929 ab
1816 892 1924 929 omni
1947 892 2163 929 inordinato
2182 900 2292 930 motu
2311 905 2398 942 pro-

1339 945 1545 982 hibentem.
1575 946 1831 982 Postmodum
1854 957 1959 991 vem,
1980 945 2019 981 in
2047 945 2128 994 ipsa
2148 945 2398 994 conceptione

1339 998 1461 1034 carnis
1482 997 1631 1044 Christi,
1652 997 1691 1034 in
1711 1010 1788 1047 qua
1807 998 1933 1046 primo
1953 998 2285 1046 debuit‘refulgere
2311 1011 2398 1047 pec-

1338 1050 1411 1087 cati
1438 1050 1672 1097 immunitas,
1694 1051 1930 1087 credendum
1951 1059 2005 1087 est
2024 1051 2130 1100 quod
2151 1063 2195 1087 ex
2215 1052 2321 1100 prole
2342 1064 2397 1088 re-

1339 1103 1567 1140 dundaverit
1595 1103 1634 1140 in
1662 1110 1824 1139 matrem
1852 1103 2013 1140 totaliter
2040 1116 2063 1140 a
2090 1104 2219 1141 fomite
2252 1105 2398 1141 subtra-

1339 1156 1412 1193 ctio
1432 1161 1456 1192 ⁰.
1487 1157 1535 1192 Et
1562 1156 1638 1192 hoc
1666 1155 1898 1203 significatur
1925 1157 2063 1193 Ezech.
2084 1157 2214 1203 XL111²⁵‘,
2244 1157 2310 1194 ubi
2343 1157 2397 1194 di-

1339 1209 1452 1245 citur:
1486 1210 1602 1254 Ecce,
1631 1209 1756 1258 gloria
1783 1210 1856 1245 Dei
1881 1210 2002 1245 Israel
2028 1210 2306 1258 ingrediebatur
2327 1223 2400 1259 per

1338 1263 1438 1299 viam
1467 1261 1696 1307 orientalem,
1726 1260 1821 1297 idest
1848 1273 1918 1310 per
1945 1262 2102 1298 Beatam
2130 1262 2336 1310 Virginem,
2366 1269 2399 1299 et

1337 1321 1459 1360 terra,
1489 1314 1584 1351 idest
1621 1326 1709 1351 caro
1747 1313 1885 1363 ipsius,
1914 1314 2125 1364 splendebat
2161 1328 2185 1352 a
2212 1317 2400 1353 maiestate

1338 1369 1426 1413 eius,
1455 1367 1594 1404 scilicet
1623 1366 1773 1404 Christi.

1391 1422 1448 1457 AD
1477 1417 1612 1457 PRIMUM
1632 1432 1729 1457 ERGO
1751 1432 1933 1457 DICENDUM
1953 1420 2059 1469 quod
2088 1433 2193 1457 mors
2212 1429 2248 1458 et
2267 1421 2398 1458 huius—

1338 1473 1446 1511 modi
1480 1473 1727 1522 poenalitates
1762 1473 1810 1509 de
1839 1485 1878 1510 se
1906 1485 1986 1509 non
2015 1473 2195 1510 inclinant
2229 1474 2278 1510 ad
2312 1486 2398 1523 pec-

1338 1534 1478 1564 catum.
1516 1526 1628 1563 Unde
1666 1525 1780 1562 etiam
1816 1525 2005 1573 Christus,
2035 1526 2119 1563 licet
2153 1527 2401 1576 assumpserit,

1338 1578 1563 1617 huiusmodi
1590 1578 1846 1628 poenalitates,
1875 1579 2047 1615 fomitem
2075 1587 2205 1616 tamen
2232 1592 2312 1617 non
2341 1593 2397 1617 as-

1339 1632 1511 1682 sumpsit.
1542 1632 1652 1669 Unde
1681 1631 1795 1668 etiam
1823 1631 1863 1668 in
1895 1633 2011 1668 Beata
2029 1632 2202 1680 Virgine,
2232 1641 2274 1670 ut
2302 1633 2397 1670 Filio

1339 1686 1642 1723 conformaretur
1661 1690 1690 1731 ⁷²,
1719 1685 1764 1721 de
1781 1686 1885 1721 cuius
1900 1685 2129 1734 plenitudine
2146 1688 2310 1735 gratiam
2339 1699 2398 1723 ac-

1338 1740 1493 1788 cipiebat
1511 1738 1550 1784 ³⁸,
1579 1737 1705 1786 primo
1734 1737 1892 1786 quidem
1924 1737 1993 1774 fuit
2021 1737 2153 1785 ligatus
2189 1739 2332 1784 fomes,
2363 1747 2398 1775 et

1338 1799 1471 1840 postea
1499 1790 1686 1827 sublatus:
1717 1802 1797 1826 non
1825 1798 1954 1826 autem
1973 1790 2042 1827 fuit
2060 1790 2215 1828 liberata
2233 1804 2256 1828 a
2274 1799 2397 1829 morte

1339 1852 1375 1881 et
1403 1843 1482 1880 aliis
1510 1842 1735 1880 huiusmodi
1763 1842 2067 1891 poenalitatibus.

1392 1898 1449 1933 AD
1477 1908 1666 1933 SECUNDUM
1694 1908 1875 1932 DICENDUM
1910 1896 2016 1944 quod
2044 1895 2244 1933 infirmitas
2276 1896 2398 1934 carnis

1338 1950 1387 1987 ad
1415 1948 1588 1986 fomitem
1607 1948 1800 1998 pertinens
1828 1956 1883 1985 est
1910 1949 2069 1997 quidem
2095 1948 2134 1986 in
2153 1949 2290 1986 sanctis
2308 1949 2398 1986 viris

1338 2003 1524 2052 perfectae
1542 2001 1690 2038 virtutis
1719 2001 1887 2038 occasio:
1918 2014 1998 2038 non
2017 2009 2147 2039 tamen
2175 2015 2290 2039 causa
2318 2003 2397 2039 sine

1338 2068 1416 2105 qua
1442 2054 1621 2104 perfectio
1659 2054 1791 2091 haberi
1819 2066 1899 2091 non
1926 2054 2056 2103 possit.
2094 2055 2242 2092 Sufficit
2269 2063 2398 2093 autem

1338 2108 1378 2145 in
1405 2109 1522 2145 Beata
1548 2107 1702 2155 Virgine
1729 2119 1874 2156 ponere
1911 2108 2117 2156 perfectam
2144 2107 2325 2145 virtutem
2363 2116 2398 2145 et

1338 2159 1612 2198 abundantiam
1632 2165 1645 2189 Ρ
1673 2160 1829 2207 gratiae:
1859 2160 1988 2197 necin
2008 2172 2053 2197 ea
2076 2168 2226 2210 oportet
2253 2173 2397 2211 ponere

1338 2226 1498 2251 ornnem
1527 2212 1770 2250 occasionem
1797 2212 2048 2262 perfectionis.

1390 2268 1447 2303 Αι)
1479 2278 1638 2303 TERTIUM
1674 2278 1855 2303 DICENDUM
1892 2266 1999 2314 quod
2037 2265 2198 2315 Spiritus
2236 2267 2397 2304 Sanctus

1338 2319 1378 2357 in
1406 2320 1523 2357 Beata
1549 2318 1702 2367 Virgine
1731 2318 1924 2367 duplicem
1959 2318 2227 2367 purgationem
2254 2319 2340 2356 fecit
2368 2326 2395 2356 ⁶.

1337 2373 1466 2410 Unam
1494 2371 1651 2421 quidem
1680 2371 1789 2420 quasi
1825 2370 2149 2420 praeparatoriam
2181 2371 2229 2408 ad
2259 2371 2398 2409 Christi

1338 2424 1648 2474 conceptionem:
1679 2436 1778 2473 quae
1807 2436 1887 2461 non
1914 2424 1982 2461 fuit
2009 2424 2057 2461 ab
2086 2423 2213 2473 aliqua
2240 2424 2396 2474 impuri-

1337 2486 1411 2516 tate
1430 2479 1565 2527 culpae
1592 2479 1654 2514 vel
1682 2477 1837 2524 fomitis,
1867 2477 1933 2514 sed
1962 2484 2132 2514 mentem
2168 2476 2249 2513 eius
2277 2477 2396 2525 magis

1337 2531 1377 2568 in
1405 2543 1531 2568 unum
1559 2530 1737 2578 colligens
1766 2537 1801 2567 et
1829 2543 1851 2567 a
1878 2529 2120 2567 multitudine
2149 2531 2349 2566 sustollens
2363 2530 2393 2566 ’¹‘.

1337 2585 1442 2621 Nam
1470 2591 1506 2621 et
1533 2583 1655 2632 angeli
1674 2583 1826 2632 purgari
1854 2582 2042 2629 dicuntur,
2063 2582 2102 2619 in
2127 2582 2267 2632 quibus
2293 2584 2446 2620 nulla

1337 2636 1536 2686 impuritas
1564 2636 1756 2673 invenitur
1774 2642 1805 2673 ³:
1835 2643 1877 2672 ut
1905 2635 2112 2685 Dionysius
2140 2635 2239 2681 dicit,
2259 2648 2293 2672 vi
2312 2647 2394 2685 cap.

1337 2691 1477 2728 Eccles.
1496 2691 1606 2727 Ηίεν.
1628 2711 1653 2716 -
1675 2689 1800 2726 Aliam
1819 2701 1912 2725 vero
1932 2688 2199 2737 purgationem
2218 2695 2396 2737 operatus

1339 2751 1394 2779 est
1421 2743 1460 2779 in
1489 2755 1534 2779 ea
1562 2741 1722 2791 Spiritus
1751 2742 1912 2779 Sanctus
1931 2739 2122 2778 mediante
2145 2741 2396 2789 conceptione

1340 2795 1488 2842 Christi,
1509 2807 1609 2844 quae
1628 2794 1697 2832 fuit
1716 2807 1814 2843 opus
1835 2794 1994 2843 Spiritus
2019 2793 2156 2831 Sancti.
2186 2795 2235 2831 Et
2262 2805 2395 2831 secun-

1339 2849 1435 2886 dum
1463 2849 1539 2885 hoc
1566 2855 1690 2897 potest
1709 2847 1781 2884 dici
1801 2847 1906 2896 quod
1930 2846 2105 2896 purgavit
2124 2858 2210 2883 eam
2237 2846 2398 2883 totaliter

1339 2914 1362 2938 a
1388 2900 1530 2938 fomite.

1390 3029 1418 3063 λ)
1438 3030 1622 3056 inconveniens
1645 3030 1734 3054 etiam.
1753 3043 1772 3047 —
1794 3029 1873 3054 etiam
1900 3029 2082 3058 inconveniens
2106 3029 2188 3060 BGIa,
2213 3029 2398 3055 inconveniens

1337 3073 1393 3092 esse
1411 3066 1440 3096 F,
1459 3065 1645 3090 inconveniens
1663 3065 1797 3090 editiones.

1392 3100 1420 3135 μ)
1445 3101 1555 3134 Virgini.
1573 3115 1593 3119 -
1611 3101 1711 3125 Beatae
1734 3100 1837 3133 Virgini
1854 3101 1936 3125 tertia.

1390 3135 1413 3170 ν)
1433 3136 1532 3160 statim.
1551 3150 1570 3154 —
1588 3136 1650 3160 Om.
1669 3135 1741 3160 tertia
1764 3140 1866 3168 praeter
1885 3136 1902 3162 Ι.

1391 3171 1414 3203 ξ)
1433 3171 1551 3204 gratiam
1570 3171 1758 3196 abundantem.
1776 3185 1795 3189 -
1812 3170 2004 3195 abundantiam
2023 3171 2130 3204 gratiae
2147 3171 2228 3195 tertia.

1391 3206 1417 3241 ο)
1435 3214 1453 3230 a
1458 3206 1557 3239 fomite
1574 3206 1729 3231 subtractio,
1741 3220 1760 3224 —
1772 3213 1789 3230 a
1794 3206 1893 3239 fomite
1911 3207 2045 3231 subtracto
2059 3206 2076 3236 I,
2087 3206 2186 3240 fomite
2203 3205 2340 3231 subtracto
2353 3206 2397 3232 Pc.

1390 3242 1420 3274 π)
1438 3241 1661 3275 conformaretur.
1679 3256 1698 3260 -
1715 3241 1802 3266 Tertia
1820 3246 1845 3266 et
1862 3249 1896 3270 a,·
1913 3242 2102 3275 conformetur.

1391 3285 1404 3311 ρ
1435 3280 1462 3302 et
1479 3277 1680 3302 abundantiam.
1697 3291 1716 3296 —
1734 3284 1771 3301 ex
1789 3277 1955 3302 abundantia
1974 3277 2055 3302 tertia.

1391 3277 1417 3346 αἰ
1433 3312 1622 3345 purgationem
1635 3313 1712 3345 fecit.
1724 3326 1743 3331 —
1755 3312 1855 3343 'renisu
1870 3313 1940 3346 fecit
1954 3312 2144 3345 purgationem
2163 3312 2192 3342 F,
2206 3312 2397 3345 perfectionem

1331 3348 1401 3381 fecit
1419 3346 1496 3381 (fecit
1510 3347 1700 3381 perfectionem
1719 3347 1775 3381 BD)
1795 3349 1834 3373 vel
1848 3348 2039 3381 purgationem
2059 3347 2144 3372 ceteri.

1391 3382 1416 3416 τ)
1436 3382 1579 3408 invenitur.
1596 3397 1615 3401 —-
1634 3383 1767 3415 reperitur
1786 3383 1860 3408 BDF.

2429 375 2485 397 ·Ad
2494 375 2572 399 Rom
2588 382 2640 403 cap.

2427 408 2640 455 cf.¹¹’ila.{.⁵11²1³s.3‚⁵n.j

2427 454 2480 476 dist.
2497 461 2519 476 ιιι

2426 1197 2435 1207 ·
2451 1195 2509 1218 Vers
2531 1202 2551 1218 2.

2521 1703 2539 1718 π

2425 1739 2517 1761 ⁸I.oan
2535 1746 2585 1767 cap
2600 1746 2622 1766 ι,

2425 1772 2483 1788 vei-5.
2500 1766 2533 1788 16.

2421 2531 2478 2554 ·Cf.
2494 2532 2590 2560 Dionys.
2606 2532 2636 2553 de

2422 2558 2475 2580 Dia
2493 2558 2568 2585 Nom.
2584 2564 2609 2580 ca
2611 2565 2634 2611 p3

2424 2643 2474 2665 cap.
2490 2644 2521 2659 vi.

2521 2674 2535 2690 τ
