2872 3970
75 1451 95 1491 ἓν
107 1474 118 1481 1·
137 1463 267 1486 Secundum

973 288 1235 334 QUAESTIO
1265 289 1369 336 XVI,
1398 288 1689 326 ARTICULUS
1717 289 1766 326 IV

287 368 458 418 positum
487 367 594 416 quod
622 375 677 404 est
705 367 857 404 divinae
886 374 922 402 et
949 367 1143 403 humanae
1170 375 1345 413 naturae,

286 421 414 471 primo
451 420 610 469 quidem
643 419 711 456 fuit
743 419 894 456 divinae
929 426 1104 465 naturae,
1134 419 1271 456 scilicet
1298 419 1346 456 ab

288 481 463 511 aeterno:
493 480 627 522 postea
653 479 784 509 autem
809 483 855 508 ex
880 479 1053 520 tempore
1080 483 1148 520 per
1176 471 1346 508 incarna-

287 525 434 564 tionem
452 525 595 562 factum
613 532 668 561 est
687 524 931 573 suppositum
959 524 1152 560 humanae
1176 532 1345 561 naturae.

289 578 338 616 Et
371 579 444 614 hac
479 577 624 614 ratione
661 576 798 614 dicitur
837 578 1101 613 humanatum.-
1141 588 1221 613 non
1257 576 1348 625 quia

289 629 536 679 assumpserit
571 629 792 674 hominem;
828 629 896 666 sed
923 628 1015 678 quia
1046 628 1250 678 assumpsit
1277 630 1347 668 hu·

289 694 448 721 menam
474 689 662 719 naturam.
692 682 785 718 Non
812 689 942 718 autem
970 681 1023 717 sic
1046 689 1102 718 est
1120 693 1140 717 e
1160 693 1347 718 converso

289 734 398 784 quod
425 734 668 783 suppositum
695 735 889 771 humanae
918 741 1075 770 naturae
1103 734 1349 783 assumpserit

289 786 463 825 divinam
494 794 683 824 naturam.
719 786 830 824 Unde
862 799 942 823 non
974 794 1098 835 potest
1125 786 1199 823 dici
1227 787 1347 823 homo

288 840 488 888 deificatus,
517 841 579 876 vel
606 840 821 876 dominicus.

292 927 295 931 ,
340 893 400 930 AD
418 904 576 930 TER'HUM
601 904 781 929 DICENDUM
801 891 908 940 quod
927 893 1002 928 hoc
1021 903 1166 929 nomen
1185 892 1349 929 divinum

291 944 490 983 consuevit
507 944 718 994 praedicari
737 944 852 981 etiam
872 945 919 980 de
939 944 998 981 his
1017 945 1065 981 de
1085 944 1226 993 quibus
1244 956 1349 993 prae-

291 997 438 1035 dicatur
471 997 715 1034 essentialiter
748 998 823 1034 hoc
855 1009 1000 1034 nomen
1031 998 1154 1033 Deus.-
1187 996 1350 1033 dicimus

291 1050 395 1087 enim
415 1050 523 1099 quod
540 1050 666 1088 divina
685 1051 837 1087 essentia
857 1055 907 1086 est
924 1051 1036 1096 Deus,
1053 1049 1198 1086 ratione
1218 1049 1350 1086 identi-

345 1189 368 1224 ε)
386 1190 431 1215 sit.
448 1204 467 1208 —
485 1189 587 1221 Tertia;
607 1189 724 1214 dicatur.

2382 290 2455 327 203

1402 367 1506 413 tatis;
1536 375 1572 403 et
1591 367 1698 416 quod
1717 369 1870 404 essentia
1889 373 1939 404 est
1958 369 2030 404 Dei
2050 367 2128 404 sive
2152 368 2288 415 divina,
2303 377 2460 418 propter

1403 419 1598 456 diversum
1631 420 1795 456 modum
1827 419 2083 467 significandi3
2113 428 2149 457 et
2184 422 2342 458 Verbum
2370 422 2458 459 divi-

1403 485 1504 518 num,
1525 484 1616 509 cum
1643 480 1772 509 tamen
1799 473 1973 509 Verbum
2001 473 2045 509 sit
2071 473 2186 509 Deus.
2217 474 2264 509 Et
2292 473 2460 510 similiter

1403 524 1567 561 dicimus
1602 537 1805 574 personam
1846 525 2027 571 divinam,
2063 525 2159 562 sicut
2193 533 2228 561 et
2256 538 2458 575 personam

1402 578 1586 614 Platonis:
1612 585 1768 626 propter
1795 577 1991 614 diversum
2019 578 2182 614 modum
2211 578 2458 626 significandi.

1405 629 1480 666 Sed
1508 630 1711 666 dominicus
1739 641 1818 666 non
1847 629 1981 666 dicitur
2008 630 2056 666 de
2084 630 2143 666 his
2171 630 2218 667 de
2238 630 2378 679 quibus
2396 631 2459 668 do-

1403 683 1524 718 minus
1542 681 1800 731 praedicatur:
1822 694 1902 719 non
1922 682 2025 719 enim
2045 683 2242 719 consuevit
2261 683 2334 720 dici
2354 684 2459 732 quod

1404 734 1539 783 aliquis
1567 736 1688 771 homo
1726 734 1792 784 qui
1825 743 1880 771 est
1908 735 2110 782 dominus,
2141 735 2186 772 sit
2204 741 2216 756 ²
2244 736 2458 773 dominicus.

1405 787 1481 824 Sed
1500 787 1592 824 illud
1611 787 1718 836 quod
1746 787 2074 836 qualitercumque
2093 796 2148 824 est
2167 788 2325 835 domini,
2346 789 2460 825 domi-

1404 841 1528 876 nicum
1556 839 1711 876 dicitur:
1742 840 1837 876 sicut
1865 841 2050 877 dominica
2067 842 2246 887 voluntas,
2266 843 2327 878 vel
2346 842 2461 878 domi—

1405 893 1488 929 nica
1507 905 1651 938 manus,
1671 894 1731 928 vel
1751 893 1936 930 dominica
1959 895 2138 942 possessio
2159 893 2181 929 ζ.
2208 895 2256 930 Et
2275 893 2361 930 ideo
2381 893 2461 943 ipse

1406 945 1526 981 homo
1547 945 1731 989 Christus,
1753 945 1819 994 qui
1843 953 1898 981 est
1917 945 2120 990 Dominus,
2141 958 2220 982 non
2248 954 2370 995 potest
2389 946 2463 984 dici

1404 997 1629 1034 dominicus.-
1668 998 1734 1034 sed
1769 1006 1892 1046 potest
1931 1010 2019 1034 caro
2055 998 2136 1035 eius
2168 998 2241 1035 dici
2279 1000 2463 1037 dominica

1404 1061 1506 1095 caro,
1527 1058 1563 1086 et
1587 1050 1713 1099 passio
1746 1050 1827 1087 eius
1858 1058 1981 1099 potest
2013 1051 2086 1088 dici
2115 1052 2299 1088 dominica
2326 1054 2462 1101 passio.

1461 1188 1487 1222 ζ)
1502 1189 1644 1220 possessio.
1662 1203 1680 1207 —
1699 1190 1830 1220 EFGIsl-l;
1845 1190 1946 1222 passio.

966 1284 1300 1317 Commentaria.
1323 1283 1575 1318 cardinalis
1596 1285 1797 1318 Caietam

353 1384 462 1407 nunus
485 1375 586 1405 clarus
616 1379 679 1410 est,
703 1374 859 1414 originem
881 1374 1002 1404 habens
1025 1373 1063 1403 ab
1085 1373 1256 1412 Augustini
1271 1373 1356 1403 varia

295 1386 483 1450 Tdiversis
505 1418 704 1458 temporibus
726 1418 891 1453 sententia,
912 1423 943 1448 et
959 1417 1100 1457 Magistri
1120 1417 1356 1447 Sententiarum

294 1463 496 1494 distinctione
519 1463 654 1503 septima
668 1463 685 1478 ⁴*
708 1461 808 1492 Tertii
831 1462 928 1492 Libri.

348 1507 384 1538 In
408 1516 544 1547 corpore
567 1506 690 1536 articuli
705 1507 800 1536 unica
816 1511 863 1536 est
878 1505 1044 1536 conclusio
1060 1505 1244 1545 responsiva
1260 1514 1356 1545 quae-

293 1550 372 1582 sito:
400 1551 476 1582 Non
494 1555 603 1591 potest
625 1559 699 1581 vere
721 1555 752 1580 et
767 1550 904 1591 proprie
926 1549 990 1580 dici
1013 1549 1099 1590 quod
1120 1549 1215 1579 homo
1240 1549 1294 1579 ille
1316 1549 1359 1579 sit

297 1608 312 1622 ‹
331 1594 511 1626 dominicus
530 1607 544 1622 »
556 1618 564 1631 ‚
587 1594 644 1625 sed
658 1593 744 1634 quod
767 1599 815 1624 est
831 1593 1002 1624 Dominus.
1019 1593 1174 1623 Probatur
1188 1593 1293 1633 primo
1310 1592 1356 1623 di-

293 1645 389 1670 recte.
410 1640 522 1670 Homo
537 1639 601 1674 ille,
618 1638 738 1669 scilicet
756 1637 900 1668 Christus
917 1638 1013 1673 Iesus,
1030 1637 1172 1677 designat
1186 1646 1356 1677 personam

295 1683 368 1714 Filii
389 1683 461 1714 Dei.
485 1683 570 1723 Ergo
594 1682 634 1713 de
652 1682 708 1712 illo
731 1682 930 1722 praedicatur
953 1681 1113 1711 Dominus
1143 1681 1356 1711 essentialiter.

295 1727 380 1767 Ergo
396 1737 464 1759 non
481 1727 575 1757 debet
595 1726 634 1757 de
660 1725 716 1756 illo
734 1725 907 1766 praedicari
927 1725 1087 1756 Dominus
1110 1724 1355 1755 denominative.

350 1770 552 1802 Antecedens
576 1771 738 1810 probatur.
774 1770 859 1808 Quia
884 1779 987 1800 unum
1014 1775 1061 1799 est
1084 1770 1287 1809 suppositum
1311 1768 1357 1798 di-

294 1815 387 1846 vinae
410 1821 441 1846 et
459 1816 618 1845 humanae
633 1819 763 1844 naturae
779 1814 813 1844 in
829 1813 968 1844 Christo.
991 1831 1014 1835 -
1036 1813 1141 1843 Prima
1157 1821 1358 1851 consequen-

294 1858 339 1889 tia
368 1865 414 1890 est
442 1859 533 1889 clara.
561 1877 584 1881 —
606 1857 753 1894 Secunda
781 1867 858 1888 vero
888 1857 1050 1897 probatur.
1085 1855 1171 1894 Quia
1194 1855 1358 1896 derogaret

294 1903 417 1934 veritati
440 1903 570 1933 unionis
593 1903 619 1932 si
641 1901 874 1942 praedicaretur
897 1901 1143 1931 denominative.

351 1947 388 1978 11.
412 1947 570 1978 Firmatur
594 1945 709 1976 deinde
733 1945 899 1976 conclusio
919 1954 955 1975 ac
978 1945 1058 1974 ratio
1082 1944 1175 1974 allata
1198 1953 1235 1974 ex
1253 1952 1357 1983 oppo-

297 1991 376 2022 sito:
402 1992 478 2032 quia
495 1991 615 2021 scilicet
633 1990 712 2020 haec
728 1989 921 2030 praedicatio
938 1988 1067 2029 propria
1083 1993 1130 2018 est
1144 1987 1358 2023 Nestorianis;

297 2041 329 2066 et
351 2035 427 2076 quia
449 2035 559 2065 similis
581 2033 775 2074 praedicatio
799 2033 929 2073 propria
951 2038 998 2063 est
1021 2037 1152 2062 naturae
1168 2037 1358 2071 assumptae.

295 2079 478 2110 Nestoriani
499 2078 672 2119 siquidem,
697 2077 851 2118 ponendo
876 2077 941 2107 duo
965 2077 999 2106 in
1023 2076 1150 2106 Christo
1174 2076 1358 2116 supposita,

297 2124 427 2164 proprie
450 2123 560 2154 dicunt
583 2122 746 2153 Christum
766 2122 934 2152 hominem
952 2120 1170 2151 dominicum:
1195 2120 1271 2159 quia
1286 2129 1359 2150 vere

298 2173 380 2198 esset
401 2168 446 2198 ibi
469 2167 673 2208 suppositum
695 2166 913 2206 participative
937 2163 1148 2195 dominicum.

352 2211 422 2242 Nos
445 2220 578 2252 quoque
600 2210 729 2250 proprie
753 2209 888 2240 dicimus
910 2214 1056 2239 naturam
1077 2213 1272 2248 assumptam
1292 2217 1360 2238 esse

298 2255 490 2297 deificatam,
513 2264 581 2285 non
595 2254 698 2285 deam.
723 2253 809 2292 Quia
824 2254 911 2284 enim
929 2252 1051 2283 diversa
1066 2258 1112 2282 est
1128 2257 1290 2292 assumpta
1304 2262 1360 2282 na—

298 2305 369 2330 tura
392 2309 410 2329 a
432 2299 557 2335 deitate,
581 2307 649 2328 non
672 2298 764 2329 deam
788 2297 933 2328 dicimus.
957 2297 999 2327 Et
1018 2297 1095 2336 quia
1108 2297 1217 2326 iuncta
1233 2301 1279 2326 est
1295 2295 1360 2326 dei-

298 2344 355 2374 tati
372 2343 406 2374 in
425 2343 544 2373 unitate
560 2351 725 2383 personae,
742 2341 816 2372 ideo
833 2341 990 2383 deificata.
1014 2339 1226 2380 Suppositum
1242 2346 1359 2376 autem,

300 2388 375 2428 quia
397 2388 532 2418 unicum
554 2392 601 2417 est
623 2386 695 2416 Filii
718 2386 788 2421 Dei,
812 2385 886 2416 ideo
910 2386 1017 2415 Deum
1033 2390 1064 2415 et
1080 2384 1268 2420 Dominum,
1292 2394 1360 2415 non

299 2431 495 2462 dominicum
519 2436 573 2461 aut
596 2430 777 2471 deificatum
802 2429 946 2460 dicimus.

355 2475 407 2505 111.
432 2475 525 2506 Circa
542 2475 699 2505 rationem
715 2474 932 2504 conclusionis
955 2473 1090 2504 dubium
1114 2473 1261 2507 occurrit,
1287 2473 1361 2512 quia

299 2519 425 2550 videtur
447 2518 532 2549 falsa.
557 2519 644 2549 Tum
668 2519 743 2559 quia
766 2528 804 2548 ex
823 2517 1031 2548 affirmatione
1054 2517 1296 2557 praedicationis
1314 2527 1361 2547 es-

300 2563 439 2594 sentialis
468 2562 563 2593 infert
589 2563 794 2602 negationem
817 2562 1082 2593 denominativae.
1118 2561 1253 2591 Constat
1276 2561 1361 2591 enim

1408 1374 1584 1405 illationem
1614 1376 1696 1406 hanc
1725 1385 1792 1406 non
1815 1381 1923 1406 tenere
1947 1386 1985 1406 ex
2008 1376 2125 1407 forma:
2158 1383 2193 1408 ut
2219 1378 2397 1409 manifestat
2419 1380 2467 1410 in-

1409 1420 1522 1450 stantia
1545 1418 1584 1449 de
1607 1420 1677 1449 Deo
1702 1425 1733 1449 et
1755 1419 1864 1450 divino
1883 1420 1909 1450 *.
1944 1420 2058 1460 Neque
2083 1431 2120 1451 ex
2142 1423 2288 1452 maten'a:
2314 1424 2388 1462 quia
2411 1423 2467 1454 do-

1410 1464 1545 1494 minicus
1567 1473 1688 1493 nomen
1705 1469 1751 1493 est
1774 1473 1947 1494 commune
1963 1466 2129 1505 supposito
2148 1472 2178 1496 et
2192 1472 2338 1503 naturae3
2363 1473 2468 1507 potest

1410 1509 1496 1538 enim
1519 1506 1582 1537 dici
1604 1513 1715 1537 natura
1738 1514 1898 1548 assumpta
1921 1514 2032 1538 natura
2055 1509 2225 1546 dominica,
2250 1511 2331 1541 sicut
2348 1517 2378 1541 et
2395 1521 2467 1542 caro

1411 1553 1478 1582 eius
1502 1551 1616 1581 dicitur
1640 1561 1712 1581 caro
1737 1551 1907 1582 dominica.

1466 1595 1552 1625 Tum
1572 1596 1647 1635 quia
1662 1596 1739 1625 haec
1755 1596 1947 1635 praedicatio
1963 1606 2031 1626 non
2047 1596 2177 1637 derogat
2191 1599 2313 1628 veritati
2329 1600 2467 1629 unionis.

1410 1640 1575 1677 Quoniam
1605 1639 1758 1669 affirmare
1786 1639 1948 1670 Christum
1976 1641 2140 1671 hominem
2168 1641 2366 1672 dominicum
2402 1652 2469 1673 non

1411 1690 1458 1714 est
1484 1693 1598 1722 negare
1629 1682 1791 1713 Christum
1819 1693 1886 1714 esse
1909 1694 2021 1714 verum
2051 1685 2245 1715 Dominum:
2277 1687 2357 1716 sicut
2389 1686 2470 1716 affir-

1410 1737 1496 1757 mare
1520 1727 1663 1757 Verbum
1694 1737 1761 1757 esse
1786 1727 1930 1758 divinum
1961 1738 2029 1758 non
2060 1734 2106 1758 est
2132 1739 2247 1769 negare
2273 1731 2378 1769 ipsum
2403 1740 2470 1760 esse

1410 1781 1522 1802 verum
1546 1771 1662 1800 Deum.

1466 1815 1519 1844 IV.
1543 1813 1594 1844 Ad
1617 1815 1680 1844 hoc
1704 1814 1818 1844 dicitur
1841 1815 1930 1854 quod
1953 1816 2032 1845 ratio
2055 1816 2177 1846 veritati
2200 1817 2354 1853 innititur,
2379 1823 2409 1848 et
2426 1824 2472 1848 est

1412 1858 1531 1889 efficax.
1564 1858 1647 1887 Nam
1671 1859 1814 1898 quaestio
1839 1859 1896 1888 ista
1920 1858 1958 1889 de
1982 1860 2167 1889 nominibus
2191 1866 2246 1890 est.
2281 1861 2472 1892 Nominibus

1411 1908 1519 1932 autern
1543 1901 1695 1932 utendum
1719 1907 1766 1932 est
1796 1907 1831 1932 ut
1847 1903 1960 1942 plures
1984 1908 2138 1933 utuntur:
2165 1904 2342 1935 secundum
2365 1906 2472 1936 Philo-

1412 1946 1552 1986 sophum
1568 1947 1594 1975 ’ἃ
1620 1946 1813 1976 Communis
1837 1952 1944 1977 autem
1967 1957 2043 1977 usus
2066 1947 2145 1978 illud
2167 1948 2362 1979 dominicum
2380 1956 2473 1980 vocat

1413 1989 1502 2030 quod
1526 1995 1572 2020 est
1596 1989 1733 2026 domini,
1757 1999 1824 2020 non
1849 1990 1937 2030 quod
1961 1990 2111 2021 dominus
2135 1997 2197 2022 est:
2229 1999 2264 2023 ut
2286 1994 2319 2023 in
2343 2003 2473 2034 respon-

1412 2035 1502 2064 sione
1527 2033 1566 2063 ad
1588 2034 1717 2064 tertium
1740 2034 1842 2064 littera
1865 2035 2009 2074 explicat.
2033 2035 2074 2065 Et
2096 2042 2263 2076 propterea
2287 2047 2324 2067 ex
2340 2037 2473 2068 affirma-

1412 2079 1501 2108 tione
1516 2077 1760 2117 praedicationis
1777 2079 1948 2108 essentialis
1963 2079 2052 2109 istius
2068 2080 2194 2110 termini
2210 2081 2378 2117 Dominus,
2393 2083 2473 2112 bene

1412 2122 1497 2152 illata
1521 2127 1567 2151 est
1589 2122 1717 2161 negatio
1741 2121 1980 2153 denominativi.

1432 2167 1436 2170 ’
1469 2166 1510 2196 Et
1528 2166 1680 2201 similiter,
1698 2165 1834 2196 dicendo
1858 2166 1953 2196 homo
1976 2167 2165 2203 dominicus,
2190 2168 2368 2199 secundum
2385 2179 2474 2200 com-

1413 2219 1546 2240 munem
1571 2219 1666 2240 usum
1689 2210 1874 2249 intelligitur
1896 2211 1991 2240 homo
2007 2211 2161 2241 Domini:
2183 2221 2219 2242 ac
2242 2222 2298 2252 per
2320 2213 2393 2249 hoc,
2413 2214 2473 2243 ali-

1414 2254 1484 2295 quis
1507 2254 1601 2284 homo
1625 2254 1767 2284 Domini.
1793 2254 1833 2284 Et
1856 2255 1900 2284 sic
1916 2255 2135 2294 intelliguntur
2150 2256 2193 2285 ibi
2210 2255 2275 2286 duo
2292 2259 2472 2297 supposita:

1414 2307 1517 2328 unum
1539 2299 1572 2328 in
1596 2298 1628 2338 ly
1651 2298 1768 2338 aliquis
1789 2298 1896 2334 homo,
1921 2304 1952 2328 et
1970 2308 2072 2328 unum
2088 2299 2121 2329 in
2137 2299 2169 2340 ly
2184 2300 2326 2330 Domini.
2351 2301 2399 2331 Ac
2418 2311 2474 2341 per

1414 2342 1486 2378 hoc,
1499 2342 1562 2372 ruit
1579 2342 1692 2372 veritas
1708 2342 1836 2372 unionis
1853 2342 1976 2372 divinae
1993 2348 2023 2372 et
2038 2343 2196 2373 humanae
2211 2349 2342 2374 naturae
2356 2345 2390 2374 in
2405 2355 2472 2375 uno

1415 2385 1597 2426 eodemque
1621 2386 1797 2426 supposito.
1829 2386 1869 2416 Et
1892 2392 2060 2426 propterea
2081 2387 2205 2417 Auctor
2232 2388 2313 2417 hanc
2336 2388 2473 2419 locutio-

1414 2439 1490 2460 nem
1513 2430 1734 2460 Nestorianam
1759 2430 1844 2459 dixit.

1469 2473 1544 2504 Non
1569 2480 1615 2504 est
1638 2479 1744 2504 autem
1768 2474 1869 2504 simile
1893 2473 1931 2503 de
1947 2474 2017 2504 Deo
2042 2480 2072 2504 et
2088 2474 2206 2510 divino,
2231 2480 2266 2504 ut
2288 2475 2321 2505 in
2344 2476 2473 2506 littera*

1416 2517 1547 2548 dicitur:
1581 2518 1655 2558 quia
1678 2518 1819 2548 divinam
1849 2517 1985 2548 identice
2014 2519 2179 2548 consuevit
2201 2519 2284 2548 sumi
2314 2518 2472 2559 frequenti

1416 2571 1493 2598 usu;
1518 2571 1585 2592 non
1610 2563 1653 2592 sie
1674 2568 1780 2592 autem
1804 2562 2007 2592 dominicum.

1074 2724 1392 2766 ARTICULUS
1433 2723 1705 2775 QUARTUS

640 2826 796 2858 UTRUM
819 2827 876 2857 EA
900 2827 1021 2865 QUAE
1044 2826 1158 2857 SUNT
1181 2826 1399 2857 HUMANAE
1422 2826 1630 2857 NATURAE
1654 2826 1711 2855 DE
1735 2825 1823 2855 DEO
1849 2825 1935 2855 DICI
1959 2825 2135 2856 POSSINT

497 2914 588 2946 Supra,
609 2921 652 2946 qu.
673 2921 696 2942 x.
715 2919 761 2938 art.
782 2919 805 2942 1,
825 2914 856 2938 ad
877 2913 905 2944 3³
925 2913 956 2937 111
975 2913 1059 2942 Sent„
1079 2913 1137 2937 dist.
1157 2921 1181 2942 v,
1200 2920 1244 2945 qu.
1264 2920 1281 2941 1,
1301 2917 1346 2936 art.
1368 2919 1391 2941 2,
1410 2912 1441 2936 ad
1460 2918 1490 2942 43
1510 2911 1568 2936 dist.
1587 2919 1619 2941 x1‚
1640 2916 1685 2935 art.
1704 2919 1733 2942 4;
1755 2911 1830 2936 Cont.
1853 2912 1947 2936 Graec.
1966 2912 2074 2936 Armen.
2093 2916 2149 2940 etc„
2169 2919 2224 2944 cap.
2243 2919 2283 2942 v1;

1192 2948 1201 2972 l
1219 2948 1256 2972 ad
1277 2948 1346 2977 Cor.¹
1369 2954 1423 2979 cap.
1442 2954 1468 2975 11,
1488 2947 1545 2971 lect.
1565 2954 1593 2971 11.

340 3048 402 3084 >ab
420 3050 434 3084 t
457 3077 467 3084 ,

335 3068 490 3146 ’ῗέᾼῖμ
517 3101 562 3125 ea
581 3100 680 3138 quae
701 3096 788 3125 sunt
807 3089 1001 3126 humanae
1021 3096 1190 3132 naturae,
1211 3089 1258 3125 de
1278 3089 1362 3125 Deo

324 3143 445 3186 >5³⁷⁴
461 3144 487 3180 ‘6
517 3141 591 3178 dici
619 3153 698 3178 non
726 3141 882 3190 possint.
911 3141 1148 3190 Impossibile
1177 3149 1231 3178 est
1259 3141 1363 3178 enim

328 3187 339 3195 f*
365 3167 461 3222 ἑῷ)
477 3184 507 3226 *s
517 3194 693 3244 opposita
721 3194 768 3230 de
797 3194 936 3231 eodem
962 3193 1183 3243 praedicari.
1214 3195 1290 3231 Sed
1318 3206 1363 3230 ea

305 3259 404 3298 quae
433 3255 520 3284 sunt
547 3249 741 3284 humanae
769 3254 944 3293 naturae,
974 3254 1062 3283 sunt
1089 3247 1276 3284 contraria
1305 3246 1362 3283 his

305 3312 405 3350 quae
433 3309 521 3338 sunt
543 3300 699 3350 propria
717 3299 808 3337 Dei:
838 3300 944 3337 Deus
964 3299 1068 3336 enirn
1087 3307 1142 3336 est
1160 3299 1361 3346 increatus,

305 3353 552 3390 immutabilis
589 3361 624 3390 et
659 3361 854 3398 aeternus;
897 3353 946 3389 ad
983 3353 1195 3389 humanam
1233 3359 1362 3388 autem

305 3413 482 3443 naturam
509 3405 671 3456 pertinet
697 3414 739 3442 ut
767 3405 812 3442 sit
831 3413 965 3451 creata,
986 3404 1206 3454 temporalis
1225 3412 1260 3441 et
1279 3417 1361 3441 mu-

305 3457 438 3496 tabilis.
468 3459 560 3496 Non
580 3470 669 3507 ergo
689 3471 734 3496 ea
754 3471 852 3508 quae
873 3465 960 3495 sunt
978 3466 1135 3495 naturae
1154 3458 1360 3505 humanae,

306 3518 468 3560 possunt
495 3511 569 3549 dici
597 3512 644 3548 de
672 3512 769 3548 Deo.

361 3574 396 3600 2.
425 3564 655 3613 PRAETEREA‚
676 3564 877 3601 attribuere
909 3564 994 3600 Deo
1022 3576 1066 3600 ea
1094 3575 1192 3613 quae
1221 3563 1270 3600 ad
1298 3564 1361 3601 de-

441 3054 494 3098 ³⁴5(
515 3049 538 3073 D
558 3047 729 3078 QUARTUM
748 3048 799 3072 stc
819 3048 1052 3074 PROCEDITUR.
1077 3036 1238 3073 Videtur
1256 3035 1363 3084 quod
1388 3052 1391 3089 Ι
1417 3035 1558 3071 fectum
1577 3033 1776 3082 pertinent,
1798 3032 1948 3069 videtur
1966 3033 2146 3081 derogare
2169 3033 2299 3071 divino
2319 3036 2470 3082 honori,

1418 3094 1453 3123 et
1480 3087 1529 3123 ad
1557 3085 1834 3135 blasphemiam
1854 3085 2052 3133 pertinere.
2083 3086 2159 3124 Sed
2187 3099 2231 3123 ea
2257 3099 2355 3136 quae
2384 3097 2472 3125 sunt

1417 3140 1610 3175 humanae
1638 3145 1805 3185 naturae,
1827 3137 2015 3175 defectum
2035 3139 2230 3188 quendam
2258 3140 2469 3178 continent:

1417 3191 1512 3228 sicut
1541 3190 1651 3236 mori,
1671 3190 1759 3239 pati,
1780 3197 1816 3226 et
1839 3190 1910 3227 alia
1929 3190 2163 3228 huiusmodi.
2194 3193 2294 3240 Ergo
2322 3193 2472 3230 videtur

1417 3243 1523 3292 quod
1550 3244 1656 3279 nullo
1684 3243 1804 3279 modo
1833 3255 1877 3280 ea
1905 3255 2004 3292 quae
2030 3252 2117 3281 sunt
2145 3246 2337 3282 humanae
2363 3254 2471 3283 natu-

1417 3308 1492 3340 rae,
1512 3295 1658 3344 possint
1685 3295 1759 3332 dici
1787 3295 1835 3332 de
1864 3296 1958 3333 Deo.

1472 3348 1505 3384 3.
1535 3349 1772 3394 PRAETEREA‚
1801 3349 1943 3385 assumi
1972 3350 2151 3387 convenit
2185 3351 2377 3388 humanae
2406 3363 2471 3389 na-

1416 3408 1533 3437 turae.
1563 3401 1656 3437 Non
1684 3409 1813 3438 autem
1839 3402 1914 3438 hoc
1941 3403 2119 3439 convenit
2146 3404 2241 3440 Deo.
2272 3404 2363 3440 Non
2382 3416 2471 3452 ergo

1417 3465 1462 3490 ea
1499 3465 1598 3502 quae
1636 3461 1723 3490 sunt
1754 3454 1947 3492 humanae
1984 3463 2162 3502 naturae,
2192 3456 2240 3492 de
2277 3456 2361 3493 Deo
2399 3457 2472 3494 dici

1416 3514 1588 3555 possunt.

1471 3559 1544 3596 SED
1564 3570 1706 3596 CONTRA
1735 3571 1799 3596 EST
1825 3561 1932 3609 quod
1960 3561 2221 3598 Damascenus
2250 3561 2348 3610 dicit,
2369 3562 2407 3599 in
2427 3564 2471 3599 III

2495 1429 2505 1438 ⁸
2518 1429 2575 1455 Arg.
2589 1433 2609 1456 3.

2500 1953 2510 1963 ⁸
2527 1952 2605 1979 Τομέα.
2625 1951 2665 1972 lib.
2679 1951 2710 1977 11,

2500 1984 2550 2005 cap.
2566 1984 2590 2004 n,
2606 1983 2628 1999 n.
2644 1984 2662 2005 5.

2500 2474 2561 2496 ·Ad
2575 2480 2595 2503 3.
