2872 3970
225 347 339 397 seph,
366 345 594 383 Matth.1*:
623 344 716 382 Noli
744 345 876 380 timere
904 344 1075 392 accipere
1108 344 1280 379 lllariam

59 412 66 441 ᾳ
121 425 138 435 .,
223 400 422 449 conncgem
449 404 562 435 tuam
591 396 710 444 Quod
737 406 935 444 exponens
962 394 1212 442 Augustinus,
1241 394 1281 430 in

6 445 10 447 ’
59 453 66 464 ”
167 462 200 480 ¹¹·
211 450 320 491 libro
339 450 384 488 de
401 451 549 500 Nuptiis
569 455 602 486 et
623 449 973 497 Concupiscentia,
942 446 963 468 '¹‘
995 446 1100 483 dicit:
1134 448 1283 484 Coniux

212 495 376 564 meatur
401 515 452 540 ex
472 503 600 552 prima
624 501 913 550 desponsationis
924 499 1029 548 fide,
1055 511 1170 549 quam
1197 511 1281 536 con-

178 548 349 602 „nabitu
371 567 441 592 nec
466 559 704 604 cognoverat,
734 564 801 590 nec
817 553 950 600 suerat
976 553 1202 601 cogniturus.

228 607 480 654 Quantum
514 617 609 642 vero
649 605 700 642 ad
734 604 948 641 secundam
988 603 1280 653 perfectionem,

250 659 325 698 nae
346 666 408 696 est
432 670 504 708 per
521 665 650 695 acuam
676 656 921 703 matrimonii,
941 655 972 692 si
1000 657 1076 693 hoc
1101 656 1283 692 referatur

277 712 493 749 carnalem
521 709 788 756 concubitum,
815 721 887 768 per
914 720 1033 758 quem
1058 709 1186 757 proles
1219 720 1282 756 ge-

214 756 391 812 ueram,
408 774 489 801 non
516 762 585 800 fuit
611 762 706 799 illud
722 761 1016 799 matrimonium
1035 772 1282 798 consumma-

140 825 200 858 11,
214 814 323 866 ξιιμ),
347 814 459 854 Unde
486 813 715 852 Ambrosius
740 813 841 860 dicit,
869 825 980 863 super
1007 815 1097 850 Luc.
1117 812 1155 850 ²¹⁶:
1191 814 1281 850 Non

182 871 421 922 ξεαονεαί
436 867 538 917 quod
553 872 569 896 ‘f
595 868 768 904 Mariam
787 868 977 915 Scriptura
1001 867 1200 915 coniugem
1219 877 1282 903 νο-

191 926 295 960 cot.-
330 920 422 959 Non
449 921 547 957 enim
583 920 803 970 virginitatis
835 920 991 968 ereptio,
1019 918 1085 955 sed
1118 919 1286 967 coniugii

216 962 423 1067 testificatio
452 974 664 1022 nuptiarum
689 971 884 1008 celebratio
903 971 1122 1008 declaratur.
1153 992 1177 996 —
1205 970 1283 1006 Ha-

216 1020 308 1067 butt
333 1031 463 1063 tamen
490 1024 582 1062 illud
610 1022 901 1062 matrimonium
929 1022 1043 1060 etiam
1071 1022 1283 1060 secundam

264 1077 498 1117 rfectionem
535 1084 725 1126 quantum
761 1076 811 1114 ad
846 1074 963 1125 prolis
999 1074 1281 1112 educationem.

143 1089 338 1168 {lende
355 1129 591 1178 Augustinus
611 1128 738 1175 dicit,
729 1140 769 1165 1n
788 1128 885 1165 libro
905 1128 950 1164 de
967 1129 1117 1177 Nuptiis
1136 1133 1169 1164 et
1187 1129 1283 1165 Con-

138 1179 202 1235 ξι,
225 1181 492 1234 cupiscentia*:
513 1183 632 1219 Omne
650 1183 861 1230 nuptiarum
876 1182 1014 1217 bonum
1030 1181 1217 1229 impletum
1234 1186 1284 1216 est

136 1251 159 1285 ;
174 1279 175 1282 ¹
226 1237 264 1273 in
278 1235 348 1272 illis
359 1236 576 1285 parentibus
593 1235 746 1271 Christi.-
757 1234 896 1283 proles,
900 1233 1001 1281 fides
1019 1239 1052 1269 et
1069 1245 1282 1270 sacramen-

145 1278 151 1290 ’
225 1293 312 1325 tum.
331 1287 481 1324 Prolem
500 1287 758 1336 cognoscimus
776 1287 895 1335 ipsum
914 1286 1120 1322 Dominum
1140 1287 1285 1329 Iesum;

126 1366 164 1391 Q
214 1339 347 1389 fidem,
367 1341 453 1389 quia
472 1340 613 1376 nullum
632 1339 873 1382 adulterium;
889 1343 1175 1383 sacramentum,
1197 1339 1284 1386 quia

226 1392 367 1430 nultum
403 1391 610 1429 divortium.
649 1391 755 1428 Solus
782 1392 834 1428 ibi
866 1390 1036 1439 nuptialis
1073 1392 1284 1427 concubitus

227 1457 302 1485 non
326 1445 409 1491 fuit.

277 1497 335 1534 An
363 1508 498 1534 Palmum
532 1508 630 1533 ERGO
667 1507 847 1533 DICENDUM
883 1495 990 1544 quod
1021 1494 1283 1544 Hieronymus

225 1548 360 1599 accipit
395 1549 448 1586 ibi
483 1548 666 1586 maritum
703 1549 751 1585 ab
789 1555 875 1585 actu
916 1547 1151 1585 matrimonii
1192 1560 1282 1584 con-

226 1601 419 1641 summati.

277 1655 335 1691 An
363 1666 552 1691 SECUNDUM
578 1665 759 1691 meramnum
787 1653 894 1702 quod
922 1652 1074 1702 nuptias
1094 1651 1282 1702 Hierony-

225 1718 314 1744 mus
340 1714 452 1743 vocat
479 1705 690 1755 nuptialem
717 1705 978 1754 concubitum.

277 1853 305 1887 γ)
323 1835 404 1894 quod.
419 1867 442 1895 ⁶.
450 1853 610 1887 frequenter
628 1853 696 1894 addit
716 1853 795 1894 tertia.

277 1888 303 1958 3
319 1889 499 1957 ιῖιιῗᾶἶῖἕὲῗιὶξ
510 1889 751 1956 ffcffireitligoefneaeii'ss
769 1923 804 1948 sn
821 1923 911 1948 offic.

286 2109 392 2130 mnus
416 2099 527 2130 clarus.
547 2117 570 2122 —
600 2099 635 2129 In
659 2108 793 2139 corpore
822 2098 888 2129 duo
916 2098 1013 2129 fiunt:
1038 2099 1158 2139 primo,
1182 2098 1285 2129 decla-

229 2109 371 2174 Tratur
393 2143 427 2173 in
450 2144 617 2174 communi
639 2142 726 2173 unde
749 2148 780 2172 et
803 2142 1031 2182 quotupliciter
1045 2143 1287 2172 matrimonium

227 2187 348 2219 dicatur
377 2196 506 2223 verum;
538 2186 696 2223 secundo,
731 2186 943 2226 respondetur
974 2187 1008 2216 in
1037 2186 1218 2226 particulari
1247 2185 1287 2216 de

225 2231 289 2263 hoc
312 2231 476 2271 coniugio.

280 2274 399 2314 Quoad
420 2275 572 2314 primum,
597 2273 711 2304 dicitur
734 2274 923 2314 coniugium
946 2283 1058 2304 verum
1077 2283 1115 2304 ex
1137 2283 1195 2304 sua
1216 2282 1289 2314 per-

226 2317 374 2357 fectione.
398 2319 440 2349 Et
463 2319 539 2359 quia
560 2317 714 2358 perfectio
739 2323 785 2348 est
808 2317 936 2358 duplex,
959 2318 1061 2358 prima
1085 2323 1116 2348 et
1139 2317 1288 2353 secunda,

226 2361 300 2394 ideo
324 2362 492 2403 dupliciter
521 2361 636 2392 dicitur
659 2362 847 2402 coniugium
869 2371 1000 2392 verum:
1031 2362 1082 2392 vel
1111 2361 1289 2392 secundum

125 2433 168 2445 ,h
226 2407 372 2458 primam,
394 2406 446 2436 vel
467 2407 555 2437 iuxta
577 2405 752 2436 secundam
774 2405 1015 2456 perfectionem.
1051 2405 1092 2435 Et
1114 2405 1290 2436 declaratur

131 2451 143 2470 ᾗ
167 2452 169 2455 ’
223 2450 262 2483 'in
282 2450 385 2481 littera
407 2449 486 2490 quid
505 2450 544 2480 sit
566 2450 668 2490 prima
682 2449 837 2490 perfectio
857 2450 1009 2489 coniugii,
1033 2449 1154 2479 scilicet
1175 2448 1288 2485 forma,

228 2499 260 2525 et
281 2502 364 2535 quae
386 2494 427 2524 sit
447 2493 551 2524 forma
574 2494 657 2524 eius:
690 2499 722 2524 et
744 2493 823 2533 quid
849 2494 888 2523 sit
911 2492 1067 2529 secunda,
1099 2499 1130 2523 et
1158 2493 1290 2533 ponitur

227 2537 355 2579 duplex,
377 2538 540 2578 generatio
564 2542 595 2568 et
615 2536 773 2568 educatio.
797 2537 838 2568 Et
854 2536 960 2568 media
975 2537 1015 2567 ad
1029 2537 1109 2568 haec
1124 2543 1290 2577 ponuntur

227 2581 321 2613 clare.

281 2624 400 2664 Quoad
421 2625 610 2661 secundum,
633 2624 844 2665 respondetur
867 2625 1012 2665 quaesito
1035 2625 1135 2655 tribus
1158 2625 1290 2655 conclu—

227 2669 379 2706 sionibus,
402 2669 454 2699 vel
475 2669 571 2700 unica
592 2669 784 2699 trimembri:
812 2669 1010 2710 Coniugium
1038 2669 1123 2699 inter
1148 2669 1288 2699 Matrem

227 2712 290 2744 Dei
311 2718 343 2744 et
363 2713 478 2753 Ioseph
491 2713 566 2754 fuit
585 2722 696 2743 verum
718 2712 826 2753 quoad
834 2713 977 2753 primam
986 2713 1238 2754 perfectionem,·
1260 2718 1292 2743 et

227 2756 335 2798 quoad
355 2756 528 2788 secundam
545 2757 789 2798 perfectionem,
810 2757 839 2787 si
862 2757 1029 2798 referatur
1057 2756 1101 2787 ad
1127 2756 1290 2787 educatio—

228 2807 316 2838 πως
334 2810 399 2831 non
415 2805 521 2831 autem
536 2801 565 2831 si
581 2801 746 2842 referatur
764 2801 807 2831 ad
821 2801 1074 2842 generationem.
1098 2801 1204 2831 Prima
1218 2811 1290 2841 pars

228 2844 380 2885 probatur
401 2845 541 2875 ratione:
566 2845 642 2884 quia
663 2849 799 2884 uterque
820 2845 981 2875 consensit
995 2845 1029 2874 in
1045 2845 1196 2884 copulam
1213 2854 1290 2875 con-

139 2917 151 2927 „
228 2888 377 2928 iugalem.
407 2887 507 2926 Quod
529 2888 682 2928 probatur
704 2889 890 2919 auctoritate
911 2889 1027 2928 Angeli
1048 2889 1082 2918 in
1105 2889 1290 2928 Evangelio,

132 2927 136 2935 ’
172 2936 173 2939 ’
230 2932 372 2972 exposita
394 2932 432 2962 ab
456 2931 649 2972 Augustino.
673 2931 792 2969 Quoad
812 2932 947 2963 tertiam.
971 2932 1098 2962 affertur
1121 2933 1291 2962 auctoritas

160 2988 167 3005 .·
230 2975 401 3007 Ambrosii.
431 2975 550 3014 Quoad
572 2975 746 3006 secundam
770 2982 801 3006 et
824 2985 937 3006 omnes
960 2976 1056 3006 simul
1079 2975 1219 3016 denique
1245 2975 1290 3006 af-

230 3018 328 3050 fertur
351 3020 520 3050 auctoritas
543 3018 725 3058 Augustini.

285 3063 323 3093 11.
347 3063 383 3093 In
405 3063 614 3102 responsione
644 3062 684 3092 ad
711 3063 850 3098 tertium,
870 3062 1099 3093 advertendum
1126 3068 1172 3093 est
1203 3063 1292 3103 quod

232 3115 271 3138 ex
292 3106 466 3146 Evangelio
490 3107 571 3137 bene
594 3111 762 3146 perspecto
786 3107 919 3137 habetur
943 3106 1033 3146 quod
1055 3106 1202 3136 nondum
1226 3112 1291 3137 erat

229 3150 415 3190 nupn‘arum
439 3150 621 3181 solemnitas
644 3150 809 3185 celebrata,
833 3159 908 3180 cum
931 3150 1028 3180 Beata
1042 3150 1140 3189 Virgo
1163 3151 1293 3180 inventa

234 3199 280 3225 est
301 3194 422 3225 habens
452 3194 485 3224 in
509 3199 612 3224 utero.
646 3193 810 3230 Quoniam
840 3194 884 3223 ibi
913 3194 1046 3224 habetur
1077 3193 1166 3233 quod
1196 3194 1293 3224 Beata

233 3237 350 3282 Virgo
353 3247 421 3268 non
443 3238 549 3268 solum
571 3246 639 3268 non
655 3243 721 3267 erat
737 3237 864 3276 cognita
880 3246 897 3266 a
912 3238 990 3273 viro,
1015 3236 1071 3267 sed
1086 3238 1181 3267 etiam
1203 3237 1292 3276 quod

234 3290 302 3312 non
319 3287 384 3312 erat
399 3280 503 3312 adhuc
519 3286 649 3321 accepta
665 3291 682 3311 a
698 3281 823 3320 Ioseph,
841 3281 977 3320 coniuge
992 3290 1062 3310 suo.
1086 3280 1134 3310 Ex
1151 3290 1190 3310 eo
1207 3281 1293 3311 enim

236 3324 324 3365 quod
341 3324 512 3356 affirmatur
527 3325 655 3360 coniux,
680 3330 711 3355 et
726 3330 859 3364 negatur
873 3334 941 3354 non
956 3324 1061 3354 solum
1078 3325 1214 3363 cognita,
1238 3324 1292 3355 sed

235 3373 380 3409 acceptam
404 3374 435 3400 et
456 3374 530 3410 post
552 3369 766 3399 monitionem
788 3368 912 3408 Angeli,
929 3367 1100 3398 affirmatur
1117 3373 1247 3407 accepta
1263 3373 1294 3398 et

236 3417 412 3452 perseverat
434 3413 612 3453 incognita:
637 3421 837 3452 consequens
853 3417 900 3441 est
921 3411 1010 3452 quod
1025 3412 1168 3451 acceptio
1184 3412 1293 3442 huius-

236 3455 325 3486 modi
339 3455 434 3486 fuerit
448 3457 591 3496 acceptio
607 3456 814 3486 solemnitatis
829 3455 988 3495 nuptialis,
1002 3464 1065 3495 qua
1080 3455 1199 3485 scilicet
1215 3465 1292 3486 con-

237 3498 326 3539 iuges
341 3498 520 3530 efficiuntur
535 3500 718 3540 simpliciter
734 3505 765 3530 et
776 3499 920 3529 absolute
937 3498 1103 3529 domestici
1119 3505 1291 3530 consortes.

237 3541 280 3573 Et
301 3542 341 3574 de
362 3543 426 3573 hoc
447 3544 534 3575 nulla
558 3550 604 3574 est
627 3543 772 3574 habenda
795 3544 950 3583 quaestio.

376 3604 486 3629 Sunium
502 3604 604 3630 Tanos..
623 3605 654 3629 D.
668 3605 781 3629 Tnomn
795 3604 827 3628 T.
845 3603 909 3628 vm.

892 265 1154 312 QUAESTIO
1184 265 1326 311 XXIX,
1360 265 1651 302 ARTICULUS
1680 265 1710 301 II

2313 263 2389 300 313

1387 343 1444 378 Ao
1480 354 1637 379 TERTIUM
1665 354 1845 379 mcENDUM
1878 343 2004 390 quod,
2034 342 2129 379 sicut
2166 343 2393 392 Chrysosto·

1334 406 1423 431 mus
1459 394 1564 441 dicit,
1593 393 1704 444 super
1730 396 1863 431 Matth.
1883 394 1914 441 '¹‘,
1944 395 2060 431 Beata
2087 394 2202 442 Virgo
2238 395 2290 431 sic
2324 394 2393 431 fuit

1335 447 1565 496 desponsata
1592 447 1730 496 Ioseph
1767 447 1875 495 quod
1903 446 2017 484 etiam
2055 455 2151 484 esset
2187 447 2295 485 domi
2329 448 2392 484 ha-

1334 499 1423 536 bita.
1453 500 1558 536 Nam
1575 501 1666 536 sicut
1693 501 1731 536 in
1751 511 1795 536 ea
1815 511 1909 548 quae
1931 501 1968 536 in
1988 499 2098 536 domo
2126 501 2199 537 viri
2223 501 2392 549 concipit,

1336 552 1550 601 intelligitur
1586 553 1775 601 conceptio
1811 552 1993 588 maritalis
2011 550 2041 598 δ,
2069 554 2122 588 sic
2153 554 2190 588 in
2219 565 2264 589 ea
2301 565 2394 601 quae

1336 610 1443 640 extra
1471 604 1622 641 domum
1648 606 1819 653 concipit,
1840 610 1890 640 est
1907 610 2072 653 suspecta
2100 606 2317 641 coniunctio.
2348 605 2395 641 Et

1336 655 1387 693 ita
1414 668 1495 692 non
1514 663 1611 692 esset
1630 655 1862 693 sufficienter
1879 656 2080 705 provisum
2106 657 2230 693 famae
2257 657 2394 693 Beatae

1335 707 1500 756 Virginis
1518 720 1588 757 per
1606 709 1682 745 hoc
1700 709 1807 757 quod
1826 708 1894 745 fuit
1922 709 2162 758 desponsata,
2182 709 2253 746 nisi
2281 708 2395 746 etiarn

1333 760 1465 797 fuisset
1494 760 1601 797 domi
1629 760 1769 798 habita.
1812 761 1923 798 Unde
1952 762 2059 810 quod
2088 762 2193 808 dicit,
2222 768 2255 798 et
2288 762 2396 799 nollet

1336 825 1420 850 eam
1439 814 1644 859 traducere,
1665 813 1802 850 melius
1821 813 2047 862 intelligitur,
2063 815 2163 860 idest,
2185 815 2294 851 nollet
2312 826 2395 851 eam

1336 865 1536 914 diffamare
1564 867 1600 914 in
1623 866 1831 915 publicum,
1861 878 1980 915 quam
2008 867 2115 915 quod
2142 866 2366 915 intelligatur
2384 872 2396 888 ⁵

1337 918 1385 954 de
1413 918 1651 955 traductione
1680 918 1719 954 in
1747 918 1923 955 domum.
1952 919 2064 956 Unde
2094 927 2130 955 et
2157 919 2397 967 Evangelista

1338 970 1467 1007 subdit
1494 971 1601 1019 quod
1619 972 1732 1008 voluit
1759 972 1898 1008 occulte
1919 971 2097 1008 dimittere
2124 984 2219 1009 eam.
2249 973 2396 1018 Quam-

1338 1022 1396 1059 vis
1415 1030 1545 1059 tamen
1564 1031 1662 1059 esset
1689 1023 1796 1061 domi
1816 1023 1945 1060 habita
1962 1032 2120 1073 propter
2138 1024 2303 1074 primam
2332 1025 2396 1061 de-

1339 1075 1594 1124 sponsationis
1621 1075 1752 1122 fidem,
1782 1076 1959 1113 nondum
1987 1084 2116 1113 tamen
2145 1077 2398 1114 intervenerat

1339 1127 1521 1164 solemnis
1563 1128 1763 1164 celebratio
1806 1128 2052 1177 nuptiarum:
2095 1137 2251 1178 propter
2291 1130 2397 1178 quod

1339 1179 1454 1216 etiam
1471 1180 1648 1216 nondum
1663 1179 1861 1216 carnaliter
1875 1189 2143 1218 convenerant.
2165 1182 2286 1228 Unde,
2304 1182 2397 1218 sicut

1340 1233 1640 1281 Chrysostomus
1660 1232 1749 1268 dicit
1762 1232 1793 1279 ²¹³,
1815 1245 1888 1269 non
1909 1234 1993 1270 dicit
2010 1234 2260 1283 Evangelista,
2294 1249 2312 1268 ‹<
2335 1247 2398 1271 an-

1338 1291 1484 1334 tequam
1513 1285 1708 1321 duceretur
1735 1287 1772 1321 in
1801 1285 1953 1322 domum
1971 1289 2098 1334 sponsi
2117 1300 2159 1322 ».·
2186 1289 2317 1323 etenim
2347 1290 2398 1323 in-

1339 1344 1394 1374 tus
1422 1343 1502 1374 erat
1529 1339 1566 1374 in
1595 1338 1705 1374 domo
1726 1336 1748 1374 ζ.
1781 1339 2013 1375 Consuetudo
2042 1340 2139 1375 enim
2168 1345 2247 1376 erat
2274 1343 2399 1377 veteri-

1339 1392 1405 1427 bus
1432 1390 1611 1427 multoties
1630 1392 1666 1426 in
1687 1390 1797 1428 domo
1816 1391 2051 1440 desponsatas
2070 1393 2215 1428 hahere.
2245 1392 2293 1428 Et
2312 1391 2398 1428 ideo

1338 1442 1453 1479 etiam
1473 1443 1640 1490 Angelus
1668 1442 1756 1479 dicit
1775 1444 1913 1492 Ioseph
1932 1443 1966 1480 *z
1995 1445 2058 1480 Ne
2084 1446 2213 1481 timeas
2233 1446 2401 1494 accipere

1336 1497 1508 1532 Mariam
1543 1497 1742 1544 coniugem
1770 1501 1891 1532 tuam:
1929 1495 2043 1543 idest,
2073 1498 2135 1533 Ne
2170 1499 2299 1534 timeas
2335 1510 2399 1534 nu-

1332 1549 1429 1597 ptias
1457 1549 1533 1584 eius
1550 1548 1762 1584 solemniter
1779 1548 1978 1585 celebrare.
2009 1571 2034 1575 -
2061 1549 2168 1586 Licet
2193 1549 2254 1586 alii
2273 1549 2400 1587 dicant

1337 1600 1444 1649 quod
1473 1600 1651 1637 nondum
1688 1608 1767 1637 erat
1799 1600 1838 1636 in
1867 1601 2030 1638 domum
2069 1601 2303 1649 introducta,
2334 1603 2399 1639 sed

1338 1654 1465 1689 solum
1493 1653 1723 1701 desponsata
1741 1652 1772 1689 ³⁸.
1803 1652 1979 1690 Primum
2006 1661 2136 1691 tamen
2165 1655 2284 1703 magis
2313 1667 2400 1692 con-

1339 1713 1450 1742 sonat
1478 1705 1700 1752 Evangelio.

1391 1851 1417 1885 ζ)
1436 1852 1508 1876 intus
1525 1856 1586 1877 erat
1604 1852 1630 1876 in
1651 1853 1738 1878 domo.
1751 1853 1808 1877 -in
1828 1853 1884 1877 eius
1904 1856 1963 1878 erat
1982 1854 2060 1878 domo
2080 1854 2111 1885 G,
2126 1854 2152 1878 in
2173 1854 2228 1880 eius
2247 1855 2325 1879 domo
2344 1858 2403 1880 erat

1339 1888 1371 1918 Η,
1391 1887 1417 1912 in
1437 1887 1512 1912 cuius
1531 1890 1590 1912 erat
1609 1888 1687 1912 domo
1706 1888 1729 1917 b,
1750 1888 1822 1912 intus
1840 1892 1899 1913 erat
1918 1889 1956 1913 ΡΙ.

899 2009 1232 2042 Commentario.
1254 2010 1506 2043 Cardinalis
1527 2010 1729 2042 Caietam

1394 2097 1457 2128 Sed
1472 2108 1522 2134 an,
1539 2098 1627 2138 prius
1643 2108 1741 2138 quam
1757 2099 1816 2129 ista
1831 2100 1975 2139 acceptio
1992 2098 2091 2135 fieret,
2111 2100 2208 2130 Beata
2221 2100 2319 2140 Virgo
2336 2100 2405 2131 fue-

1339 2142 1379 2172 rit
1393 2147 1515 2176 retenta
1537 2142 1715 2172 secundum
1738 2142 1816 2182 quid
1831 2143 1866 2172 in
1888 2143 1987 2172 domo
2012 2143 2137 2182 Ioseph,
2156 2143 2290 2174 dubium
2313 2151 2359 2175 est
2378 2146 2404 2175 θ’.

1395 2185 1484 2216 Sicut
1506 2187 1565 2216 sub
1582 2185 1681 2216 dubio
1706 2195 1838 2226 quoque
1854 2186 2044 2226 relinquitur
2068 2186 2108 2217 de
2124 2197 2187 2227 qua
2203 2188 2407 2219 traductione

1339 2229 1541 2269 Evangelista
1562 2229 1723 2270 loquitur:
1748 2240 1789 2260 an
1812 2230 1851 2260 de
1874 2229 2074 2260 traductione
2094 2231 2278 2271 simpliciter
2294 2232 2333 2262 ad
2349 2232 2406 2263 do-

1339 2273 1510 2304 mesticum
1534 2274 1742 2309 consortium,
1768 2283 1850 2314 quae
1874 2283 1950 2304 cum
1973 2274 2173 2305 solemnitate
2188 2276 2324 2315 nuptiali
2339 2276 2407 2306 fieri

1341 2317 1438 2353 solen
1463 2327 1503 2347 an
1527 2317 1566 2347 de
1589 2317 1789 2348 traductione
1812 2318 1846 2347 in
1868 2317 2033 2348 infamiam
2055 2318 2175 2348 iudicii.
2206 2319 2407 2359 Evangelista

1341 2361 1428 2391 enim
1451 2360 1517 2391 duo
1542 2360 1632 2391 dicit:
1659 2367 1690 2391 et
1713 2360 1802 2401 quod
1826 2361 1955 2392 nolebat
1972 2371 2042 2391 eam
2059 2361 2229 2392 traducere
2235 2369 2248 2399 ,·
2271 2369 2302 2393 et
2318 2363 2407 2403 quod

1341 2405 1445 2435 voluit
1467 2405 1591 2435 occulte
1613 2405 1773 2435 dimittere
1795 2414 1875 2435 eam.
1912 2405 2046 2435 Constat
2069 2411 2176 2436 autem
2204 2406 2293 2446 quod
2320 2408 2407 2447 cogi-

1340 2454 1443 2479 tatum
1466 2449 1644 2479 remedium
1669 2448 1847 2479 dimittendi
1877 2449 1964 2479 illam
1995 2449 2121 2479 occulte
2153 2450 2278 2489 utrique
2301 2451 2407 2481 tradu-

1341 2493 1441 2523 ctioni
1464 2493 1626 2523 obviabat:
1652 2499 1683 2523 et
1706 2493 1796 2533 quod
1818 2493 1946 2532 negatio
1962 2493 2129 2532 utriusque
2145 2492 2352 2524 traductionis
2369 2504 2407 2525 ex

1340 2537 1423 2567 iusta
1445 2537 1586 2567 hominis
1609 2542 1717 2567 mente
1739 2537 1914 2576 procedere
1937 2542 2053 2576 potest.
2078 2537 2162 2574 Quia
2178 2542 2285 2567 tamen
2303 2537 2343 2568 ad
2358 2539 2407 2568 iu-

1341 2581 1458 2611 stitiam
1473 2581 1531 2611 viri
1554 2587 1674 2621 spectat
1689 2581 1789 2620 magis
1805 2590 1872 2611 non
1889 2581 2126 2611 communicare
2142 2581 2247 2611 alieno
2264 2582 2406 2618 crimini;

1342 2630 1373 2655 et
1395 2625 1548 2665 Angelus,
1573 2624 1612 2654 ad
1635 2625 1752 2665 Ioseph
1775 2625 1922 2664 loquens,
1942 2634 1980 2654 ex
2002 2625 2117 2655 timore
2141 2625 2316 2665 accipiendi
2339 2626 2406 2656 Ma-

1341 2669 1420 2699 riam
1443 2678 1535 2699 suam
1559 2669 1731 2708 coniugem
1762 2669 1878 2708 Ioseph
1902 2674 2029 2699 motum
2052 2674 2226 2705 monstrat;
2261 2674 2291 2699 et
2317 2669 2407 2700 iubet

1341 2713 1429 2743 illam
1455 2713 1598 2752 accipere
1630 2713 1705 2752 quia
1735 2712 1774 2742 de
1802 2712 1921 2752 Spiritu
1948 2712 2065 2743 Sancto
2097 2713 2263 2752 concepit:
2299 2719 2406 2752 aperte

1342 2762 1472 2796 apparet
1488 2756 1577 2796 quod
1594 2757 1709 2796 Ioseph
1725 2757 1831 2786 timuit
1847 2756 2085 2786 communicare
2102 2755 2246 2786 adulterii
2262 2762 2405 2796 peccato,

1343 2806 1374 2831 et
1396 2799 1470 2830 ideo
1494 2800 1596 2830 voluit
1620 2801 1746 2830 occulte
1770 2800 1927 2830 dimittere
1952 2809 2031 2830 eam.
2067 2800 2107 2830 Et
2131 2800 2206 2839 quia
2232 2799 2341 2830 didicit
2367 2802 2405 2831 ab

1342 2844 1468 2884 Angelo
1493 2843 1583 2884 quod
1605 2854 1673 2874 non
1697 2854 1734 2874 ex
1754 2843 1908 2878 adultero,
1925 2843 1981 2873 sed
2000 2852 2037 2873 ex
2061 2843 2178 2883 Spiritu
2195 2843 2311 2874 Sancto
2328 2854 2406 2875 con-

1343 2889 1437 2928 cepit,
1454 2888 1575 2928 accepit
1597 2897 1676 2923 eam,
1693 2893 1729 2917 ut
1744 2887 1944 2927 Evangelista
1968 2886 2074 2916 subdit
2089 2888 2115 2916 θ’.
2131 2905 2154 2908 -
2176 2887 2216 2917 Et
2231 2888 2310 2918 haec
2332 2888 2407 2919 licet

1343 2932 1405 2962 sint
1428 2937 1523 2967 certa,
1547 2932 1605 2961 sub
1630 2931 1728 2961 dubio
1752 2936 1859 2961 tamen
1882 2930 2072 2970 relinquitur
2095 2940 2145 2965 an,
2170 2940 2244 2961 cum
2268 2931 2326 2962 hac
2349 2941 2406 2962 vo-

1342 2976 1464 3006 luntate
1487 2975 1614 3005 occulte
1638 2974 1817 3004 dimittendi
1840 2983 1920 3009 eam,
1945 2974 2112 3013 cogitasset
2128 2975 2274 3014 explicite
2298 2985 2334 3005 ac
2353 2975 2407 3006 de-

1343 3019 1504 3049 liberasset
1526 3019 1613 3048 nolle
1636 3018 1723 3048 illam
1746 3019 1779 3048 in
1802 3017 1965 3048 infamiam
1988 3017 2166 3054 traducere,
2189 3019 2232 3048 ita
2255 3019 2345 3058 quod
2367 3019 2407 3050 de

1343 3063 1402 3092 hac
1426 3062 1652 3092 deliberatione
1676 3063 1826 3102 loquatur
1841 3061 2040 3102 Evangelista
2063 3061 2186 3092 dicens:
2211 3062 2322 3093 Nollet
2337 3073 2406 3094 eam

1345 3106 1526 3136 traducere.

1399 3150 1451 3179 111.
1475 3149 1524 3179 De
1547 3150 1651 3189 primo
1676 3155 1783 3179 autem
1807 3149 1905 3179 dubio
1922 3150 1948 3185 ἕ,
1973 3148 2084 3179 suadet
2107 3150 2186 3180 ratio
2210 3155 2260 3186 ut,
2285 3151 2350 3181 sive
2373 3152 2406 3182 in

1344 3198 1475 3233 paterna
1497 3194 1561 3223 sive
1585 3194 1618 3222 in
1642 3194 1788 3233 coniugis
1812 3192 1911 3223 domo
1942 3194 2007 3223 sive
2030 3193 2064 3223 in
2087 3198 2221 3233 utraque
2245 3195 2310 3225 sive
2333 3195 2407 3226 alibi

1344 3237 1539 3272 habitaverit,
1563 3237 1632 3266 talis
1655 3242 1806 3277 tantaque
1825 3236 1929 3272 fuerit,
1953 3236 2131 3267 secundum
2154 3238 2237 3268 illius
2253 3240 2407 3279 temporis

1345 3290 1480 3316 morem,
1505 3281 1586 3310 inter
1609 3280 1741 3311 Mariam
1757 3286 1789 3311 et
1806 3281 1922 3320 Ioseph
1941 3281 2138 3311 conversatio
2162 3287 2199 3311 ut
2218 3282 2312 3318 licita,
2338 3284 2406 3313 abs-

1346 3333 1409 3363 que
1434 3325 1524 3354 omni
1546 3330 1640 3359 nota,
1665 3325 1805 3364 potuerit
1827 3325 1908 3355 inter
1931 3334 1987 3355 eos
2009 3325 2215 3361 intervenire,
2239 3327 2265 3355 si
2287 3327 2406 3357 voluis-

1346 3372 1425 3403 sent,
1450 3369 1685 3398 consummatio
1709 3369 1918 3398 matrimonii:
1943 3369 2096 3408 alioquin,
2121 3378 2188 3399 non
2211 3369 2321 3400 fuisset
2341 3371 2406 3402 suf-

1346 3410 1488 3441 ficienter
1511 3412 1675 3451 provisum
1698 3411 1800 3442 famae
1823 3412 1938 3443 Beatae
1956 3413 2103 3452 Virginis,
2128 3422 2202 3443 cum
2218 3414 2345 3445 inventa
2361 3422 2407 3446 est

1347 3455 1379 3484 in
1403 3460 1495 3485 utero
1518 3456 1648 3486 habens.
1673 3456 1745 3486 Dixi
1768 3462 1886 3492 autem,
1909 3457 1976 3487 sive
1991 3456 2088 3486 alibi:
2111 3458 2264 3496 quoniam
2283 3468 2350 3489 non
2366 3460 2406 3489 ir-

1346 3499 1572 3530 rationabiliter
1594 3506 1724 3540 apparet
1747 3500 1851 3540 quod,
1883 3506 1956 3540 post
1988 3501 2278 3538 annuntiationem,
2310 3503 2406 3533 Beata

1346 3543 1455 3583 Virgo,
1481 3552 1555 3573 cum
1579 3544 1716 3584 coniuge
1740 3554 1799 3574 suo
1824 3544 1949 3584 Ioseph,
1973 3545 2063 3575 iverit
2086 3553 2124 3574 ex
2141 3545 2296 3576 Nazareth
2321 3546 2406 3577 Gali-

2231 3613 2265 3636 40

2421 397 2594 445 i1⁰ti¹tm²i
2604 397 2635 444 1²³²

2420 430 2482 499 ζιέἶῗι·
2487 429 2635 477 &ppongiffrys

2519 565 2533 589 δ

2425 1240 2541 1288 itssfflfl'
2562 1240 2594 1262 lv
2613 1240 2638 1262 ¹³¹

2522 1349 2537 1378 ζ

2428 1452 2437 1460 ’
2456 1450 2535 1472 Mmh.
2555 1456 2605 1478 cap.
2622 1457 2640 1478 1,

2427 1483 2486 1498 vers.
2501 1483 2537 1498 20.

2428 1647 2482 1669 ‘cil
2494 1647 2573 1669 Gloss.
2582 1647 2639 1669 Ord.

2430 1674 2494 1701 orig.
2516 1674 2538 1695 in
2559 1673 2639 1695 Matth.

2429 1706 2479 1727 cap.
2495 1706 2510 1727 ι,
2530 1706 2587 1721 vers.
2607 1700 2640 1722 18.

2434 2145 2445 2156 ⁴
2458 2144 2493 2166 Cf.
2509 2150 2572 2166 num.
2588 2151 2624 2166 ιιι.

2435 2891 2444 2901 ’
2458 2889 2524 2912 Vers.
2539 2896 2576 2918 24.

2435 3151 2532 3173 ’Num.
2549 3152 2648 3180 11‚Sed

2434 3184 2465 3199 an
2477 3178 2555 3206 prius.
