2872 3970
186 553 196 563 ·
210 549 279 571 Num⁴
295 556 327 571 ιι.

186 900 196 910 ’
210 899 268 921 Ibid.

187 1341 195 1351 ⁸
210 1340 244 1362 Cf.
257 1340 315 1361 Part.
327 1339 344 1365 1,
356 1344 394 1367 qu.

186 1373 226 1393 xn,
241 1370 281 1388 art.
298 1372 318 1392 2,
333 1367 361 1387 ad
375 1371 395 1393 3.

188 2307 197 2318 ⁸
210 2306 279 2327 Num.
295 2311 318 2326 ιι
330 2322 335 2331 ,
350 2306 396 2328 Iste

185 2335 268 2355 autem,

196 3226 207 3237 ⁴
221 3226 289 3248 Num.
305 3233 344 3249 ιιι.

426 293 501 329 228

423 373 619 409 subsistente,
644 373 807 404 concludit
829 373 970 413 Angelos
993 371 1257 411 incorruptibiles.
1282 371 1323 400 Et
1345 378 1418 400 vere
1442 369 1486 399 sic

425 423 484 448 est:
518 419 592 458 quia
615 418 757 458 implicat
780 417 915 447 formam
942 425 999 456 per
1022 425 1055 446 se
1078 416 1245 445 subsistere
1269 415 1388 453 absque
1411 422 1486 452 pro-

424 462 494 502 prio
519 471 603 498 esse:
632 471 699 492 non
722 462 828 492 minus
851 470 949 500 quam
973 459 1127 490 circulum
1151 459 1270 498 absque
1293 456 1486 488 rotunditate

424 506 569 536 inveniri.

479 550 590 580 XVIII.
614 549 666 580 Ad
681 548 869 579 Durandum
885 549 901 565 ⁴*
925 547 1038 578 dicitur
1057 546 1155 587 quod,
1172 546 1246 576 licet
1264 554 1332 575 esse
1348 550 1379 575 et
1394 553 1486 584 agere

425 594 617 623 conveniant
639 594 671 623 in
695 594 759 623 hoc
782 592 871 632 quod
893 598 1066 631 utrumque
1090 595 1136 620 est
1158 589 1325 629 suppositi,
1351 589 1425 628 quia
1441 593 1486 617 ta-

424 646 498 668 men
523 637 735 668 diversimode
758 641 832 666 sunt
855 635 1028 675 suppositi,
1056 634 1130 664 ideo
1153 643 1220 663 non
1243 638 1290 663 est
1313 632 1423 662 similis
1447 630 1486 661 de

424 681 485 711 illis
507 682 587 711 ratio
611 681 718 721 quoad
741 681 895 710 unitatem
918 679 968 709 vel
991 678 1212 718 pluralitatem.
1237 677 1314 706 Esse
1338 677 1423 706 enim
1440 680 1487 705 est

425 726 582 765 suppositi
604 724 786 755 immediate
809 729 845 753 ut
867 723 1019 753 subiecti:
1051 731 1143 761 agere
1167 726 1274 750 autem
1297 729 1364 750 non
1388 719 1486 749 susci-

424 769 510 808 pitur
531 770 565 799 in
588 769 754 808 supposito
786 767 847 797 nisi
869 766 1028 796 mediante
1052 771 1163 795 natura
1186 770 1218 794 et
1240 763 1383 804 potentia
1407 763 1485 793 eius.

425 813 465 842 Et
481 812 598 843 idcirco
614 821 706 852 agere
721 811 948 850 multiplicatur
964 819 1038 840 cum
1054 808 1231 849 pluralitate
1247 813 1393 837 naturae:
1418 815 1486 837 esse

424 866 500 886 vero
524 866 626 886 unum
649 861 695 886 est
719 864 793 885 cum
817 863 953 894 persona
976 863 1049 883 una.

478 900 528 930 Ad
544 900 721 930 Aureolum
737 900 754 915 *
778 898 892 928 dicitur
907 897 996 937 quod
1013 906 1080 927 esse
1100 896 1282 926 existentiae
1297 904 1365 924 non
1381 899 1487 925 actuat

425 944 591 973 essentiam
614 943 674 973 nisi
697 943 907 977 terminatam,
924 942 986 971 hoc
1003 946 1049 971 est
1072 945 1284 980 personatam,
1308 948 1365 969 seu
1381 948 1438 979 per
1453 947 1486 969 se

424 987 655 1017 subsistentem.
679 987 720 1016 Et
736 987 811 1026 quia
826 986 1004 1015 humanitas
1029 984 1145 1014 Christi
1161 993 1228 1013 non
1253 988 1299 1013 est
1319 983 1487 1013 terminata

423 1032 551 1071 propria
577 1030 817 1070 personalitate,
849 1029 904 1059 sed
930 1028 1152 1068 personalitate
1176 1027 1282 1062 Verbi,
1314 1026 1388 1057 ideo
1418 1036 1486 1057 non

424 1076 573 1105 convenit
597 1075 655 1104 sibi
678 1074 796 1104 actuari
819 1083 876 1113 per
899 1073 1106 1103 existentiam.
1124 1089 1144 1095 -
1167 1071 1208 1101 Et
1231 1071 1309 1101 haec
1333 1071 1484 1111 intellige,

423 1118 587 1158 loquendo
615 1118 653 1148 de
680 1124 806 1148 actuare
833 1123 864 1148 et
887 1117 1005 1147 actuari
1035 1125 1092 1156 per
1118 1114 1254 1146 modum
1280 1115 1484 1146 inhaesionis.

423 1163 505 1193 Nam
529 1163 554 1192 si
578 1162 616 1193 de
640 1168 765 1192 actuare
789 1167 820 1192 et
839 1161 957 1191 actuari
981 1159 1061 1190 infra
1076 1165 1177 1190 totam
1193 1159 1393 1190 latitudinem
1410 1169 1486 1190 suo-

423 1216 494 1237 rum
518 1206 691 1237 modorum
714 1215 818 1236 sermo
836 1206 883 1241 sit,
900 1214 967 1235 non
991 1210 1037 1235 est
1059 1209 1221 1234 remotum
1245 1213 1263 1233 a
1281 1203 1486 1244 philosophia

424 1250 529 1281 divina
552 1251 657 1281 Deum
673 1260 767 1290 posse
783 1255 908 1280 actuare
929 1258 996 1279 rem
1013 1253 1160 1279 creatam.
1186 1247 1220 1278 In
1240 1248 1331 1278 cuius
1347 1248 1485 1288 signum,

424 1295 562 1325 divinam
587 1295 753 1325 essentiam
777 1303 843 1324 esse
859 1298 966 1323 actum
983 1293 1139 1332 cuiusque
1155 1292 1335 1322 intellectus
1350 1291 1485 1323 videntis

423 1340 535 1379 ipsam,
553 1344 583 1369 et
598 1339 739 1378 theologi
764 1344 794 1368 et
809 1337 993 1378 philosophi
1017 1336 1154 1366 fatentur
1169 1337 1195 1366 *.
1221 1335 1307 1367 Cum
1331 1346 1407 1377 ergo
1429 1347 1486 1367 na-

423 1389 526 1413 turam
549 1384 722 1413 humanam
746 1383 779 1412 in
803 1382 930 1412 Christo
954 1391 991 1411 ex
1008 1380 1114 1411 divina
1130 1380 1355 1420 personalitate
1371 1386 1402 1411 et
1418 1390 1486 1412 esse

423 1427 531 1457 divino
555 1427 663 1467 perfici
680 1426 842 1462 fateamur,
859 1435 926 1456 non
943 1431 989 1455 est
1004 1426 1163 1455 absonum
1179 1424 1268 1455 fateri
1285 1426 1380 1455 etiam
1396 1425 1486 1465 quod

423 1477 566 1502 actuatur
588 1471 696 1511 aliquo
721 1471 814 1500 etiam
833 1469 932 1500 modo
952 1479 1008 1510 per
1027 1469 1284 1509 personalitatem
1308 1475 1339 1499 et
1355 1478 1422 1500 esse
1439 1469 1485 1500 di-

422 1517 542 1545 vinum.
576 1515 754 1552 Quocirca,
779 1524 853 1544 cum
878 1513 1007 1550 dicitur,
1036 1515 1101 1543 Aut
1123 1518 1170 1544 est
1192 1518 1323 1544 actuata
1345 1514 1484 1554 proprio

422 1569 497 1595 esse,
521 1564 579 1590 aut
596 1564 783 1599 perseverat
799 1558 988 1598 potentialis
1011 1557 1054 1588 ad
1071 1558 1244 1599 proprium
1268 1567 1348 1594 esse,
1373 1557 1487 1588 dicitur

422 1603 520 1644 quod,
534 1604 660 1643 proprie
677 1602 853 1642 loquendo,
867 1608 1001 1642 utraque
1017 1611 1088 1642 pars
1105 1602 1313 1632 disiunctivae
1330 1608 1376 1632 est
1391 1601 1484 1633 falsa:

422 1648 575 1688 quoniam
599 1657 635 1677 ex
652 1648 869 1687 assumptione
886 1646 925 1677 ad
942 1646 1085 1677 divinum
1103 1656 1170 1677 esse
1194 1645 1334 1686 perfecta
1357 1652 1403 1676 est
1426 1656 1486 1687 po—

420 1693 587 1722 tentialitas
610 1691 649 1721 ad
673 1692 869 1721 existentiam
899 1691 994 1731 longe
1018 1691 1222 1721 excellentius
1254 1700 1352 1731 quam
1376 1690 1487 1722 fuisset

421 1735 560 1776 perfecta
582 1745 639 1775 per
662 1736 824 1775 propriam
849 1736 1063 1771 existentiam;
1095 1735 1177 1765 sicut
1204 1744 1299 1775 posse
1323 1736 1487 1775 personari

421 1781 454 1810 in
478 1781 604 1820 propria
628 1790 764 1820 persona
796 1780 891 1820 longe
919 1780 1124 1810 excellentius
1155 1779 1333 1819 perfectum
1358 1785 1404 1810 est
1430 1789 1487 1820 per

421 1834 590 1865 personam
621 1825 717 1854 Verbi
750 1833 847 1864 quam
882 1823 993 1854 fuisset
1026 1823 1205 1864 perfectum
1235 1833 1293 1864 per
1322 1824 1486 1864 propriam

421 1869 686 1909 personalitatem.
714 1868 755 1898 Et
782 1869 856 1908 quia
882 1869 1044 1908 potentiae
1075 1867 1230 1908 perfectio
1261 1868 1403 1898 actuatio
1427 1878 1485 1898 vo-

422 1918 518 1948 catur,
542 1912 615 1943 ideo
643 1912 746 1942 dicere
777 1918 869 1952 potes
893 1912 983 1953 quod
1005 1913 1149 1953 potentia
1172 1911 1212 1942 ad
1235 1913 1398 1952 propriam
1422 1913 1486 1942 exi-

422 1958 567 1987 stentiam
591 1962 637 1987 est
660 1962 783 1987 actuata
806 1967 873 1987 non
896 1966 954 1997 per
981 1957 1158 1997 proprium,
1183 1956 1238 1987 sed
1262 1966 1319 1997 per
1342 1956 1486 1987 divinum

422 2011 499 2037 esse,
523 2001 618 2041 longe
642 2001 846 2031 excellentius
865 2006 896 2031 et
911 2000 1083 2041 perfectius
1107 2010 1205 2041 quam
1229 2000 1340 2031 fuisset
1362 2006 1487 2031 actuata

421 2055 478 2086 per
500 2046 666 2085 proprium
682 2055 759 2075 esse.
784 2046 825 2075 Et
840 2045 914 2075 ideo
930 2055 997 2076 non
1014 2051 1156 2076 remanet
1171 2045 1352 2075 humanitas
1369 2044 1486 2076 Christi

421 2090 620 2130 potentialis,
644 2090 707 2119 hoc
731 2095 786 2126 est,
811 2091 844 2120 in
868 2095 951 2120 statu
973 2090 1141 2130 potentiali
1171 2089 1211 2119 ad
1234 2090 1398 2130 propriam
1423 2089 1487 2119 exi—

423 2134 583 2164 stentiam:
609 2133 647 2164 ad
671 2143 769 2174 quern
792 2139 908 2164 statum
931 2134 1046 2164 rediret
1066 2134 1092 2164 si
1108 2133 1318 2164 dimitteretur
1333 2143 1351 2163 a
1366 2133 1484 2170 Verbo,

423 2183 563 2208 cessante
586 2183 650 2208 tam
670 2178 835 2208 excellenti
859 2179 1040 2208 actuatione
1063 2178 1254 2218 prohibente
1277 2183 1423 2208 naturam
1447 2178 1485 2207 ab

422 2221 707 2262 imperfectioribus
731 2223 789 2252 sibi
812 2223 949 2263 propriis
973 2227 1004 2253 et
1027 2222 1306 2259 connaturalibus,
1333 2231 1486 2262 persona-

423 2266 508 2296 litate
532 2266 649 2296 scilicet
672 2272 703 2296 et
727 2267 890 2297 existentia
912 2267 1051 2307 propria.

478 2310 529 2340 Ad
553 2311 704 2340 loannem
728 2311 766 2341 de
789 2311 958 2351 Neapoli*
982 2311 1096 2341 dicitur
1119 2310 1209 2351 quod
1224 2316 1359 2351 utraque
1376 2315 1487 2340 aucto-

423 2355 506 2390 ritas,
531 2364 605 2384 cum
628 2355 686 2384 sibi
710 2355 873 2391 similibus,
898 2355 1041 2395 loquitur
1057 2354 1096 2385 de
1111 2355 1307 2386 naturalibus
1326 2359 1362 2384 ut
1378 2354 1486 2384 distin-

423 2404 564 2439 guuntur
583 2404 692 2429 contra
707 2400 900 2439 personalia:
925 2400 968 2430 ita
985 2399 1074 2440 quod
1091 2398 1235 2430 Christus
1251 2399 1362 2429 habuit
1377 2399 1487 2429 omnia

423 2444 547 2473 homini
569 2444 721 2474 naturalia
743 2453 810 2473 non
833 2444 1021 2484 personalia.
1052 2444 1093 2474 Et
1117 2443 1206 2484 quod
1230 2443 1268 2474 de
1292 2443 1486 2473 naturalibus

424 2493 470 2518 est
492 2488 752 2527 inassumptibile,
777 2493 823 2518 est
845 2488 1034 2518 incurabile:
1066 2497 1157 2518 secus
1181 2493 1227 2518 est
1250 2487 1289 2518 de
1312 2487 1487 2527 personali-

423 2532 492 2561 bus.
516 2532 670 2562 Probatur
693 2533 771 2562 haec
789 2532 893 2572 glossa
916 2542 954 2562 ex
977 2531 1052 2562 fidei
1069 2531 1254 2562 Catholicae
1270 2532 1425 2562 sententia
1441 2531 1487 2561 di-

425 2576 523 2606 centis
549 2577 582 2605 in
606 2575 733 2606 Christo
760 2586 827 2606 non
851 2586 918 2606 esse
946 2586 1116 2616 personam
1142 2577 1204 2606 nisi
1227 2575 1376 2606 divinam.
1411 2576 1487 2606 Non

425 2625 471 2649 est
487 2629 561 2659 ergo
578 2620 610 2649 in
628 2619 755 2650 Christo
771 2621 977 2660 personalitas
993 2621 1148 2651 humana:
1172 2630 1270 2660 quam
1285 2625 1393 2650 tamen
1409 2629 1487 2650 con-

425 2669 484 2693 stat
506 2664 539 2693 in
562 2664 691 2703 reliquis
714 2665 898 2694 hominibus
921 2665 1064 2695 inveniri.
1093 2664 1181 2695 Idem
1205 2670 1252 2695 est
1275 2670 1382 2694 autem
1405 2664 1486 2694 iudi-

426 2708 511 2738 cium
535 2707 574 2738 de
598 2708 829 2747 personalitate,
855 2714 885 2738 et
900 2710 1036 2748 propriis
1051 2718 1207 2748 personae
1230 2714 1267 2739 ut
1285 2708 1488 2748 distinguitur

426 2757 535 2782 eontra
558 2757 712 2782 naturam.
736 2752 802 2782 Aut
817 2753 911 2792 igitur
927 2752 1032 2783 dicant
1047 2754 1097 2783 isti
1113 2762 1265 2793 personas
1280 2757 1403 2783 nostras
1419 2762 1487 2783 esse

426 2796 630 2832 incurabiles,
655 2797 730 2836 quia
752 2805 888 2836 persona
912 2802 958 2826 est
980 2797 1255 2837 inassumptibilis;
1289 2802 1320 2827 et
1346 2796 1487 2827 similiter

428 2839 589 2871 Christum
611 2850 679 2870 non
702 2839 879 2880 perfectum
903 2841 1083 2877 hominem,
1108 2842 1183 2881 quia
1207 2846 1292 2871 caret
1313 2841 1487 2881 personali-

426 2888 489 2913 tate
512 2884 665 2919 humana;
700 2894 839 2923 quorum
862 2890 1035 2924 utrumque
1059 2885 1198 2915 alienum
1223 2895 1290 2916 esse
1317 2895 1335 2915 a
1357 2886 1487 2915 veritate

428 2932 565 2957 constat:
590 2933 644 2958 aut
666 2928 882 2958 universaliter
904 2930 948 2959 sic
973 2928 1138 2965 fateantur,
1163 2929 1251 2970 quod
1274 2939 1342 2959 non
1362 2928 1401 2959 de
1417 2938 1487 2969 per-

428 2971 587 3001 sonalibus
602 2972 751 3007 hominis,
768 2971 822 3002 sed
842 2971 880 3002 de
896 2973 1091 3003 naturalibus
1108 2979 1154 3003 est
1170 2983 1286 3010 sermo,
1304 2983 1378 3004 cum
1395 2972 1487 3003 Chri-

427 3019 492 3044 stus
511 3016 674 3056 persectus
688 3016 782 3046 homo
799 3016 922 3053 dicitur,
943 3022 973 3046 et
989 3018 1194 3057 assumpsisse
1210 3017 1318 3048 omnia
1334 3018 1486 3054 humana,

429 3063 459 3088 et
482 3059 610 3095 similia3
642 3064 806 3090 attestante
835 3060 898 3090 hoc
925 3061 1079 3101 Symbolo
1108 3062 1285 3098 Athanasii,
1311 3062 1487 3102 explicante

428 3103 579 3132 naturalia
595 3102 737 3133 sufficere
753 3103 791 3133 ad
807 3104 869 3133 hoc
886 3104 974 3144 quod
987 3104 1130 3135 Christus
1146 3106 1185 3135 sit
1200 3105 1359 3145 perfectus
1375 3106 1486 3142 homo,

430 3145 505 3175 dum
530 3146 604 3176 dicit
627 3146 666 3176 de
689 3145 833 3176 Christo:
863 3148 1028 3189 Perfectus
1050 3149 1164 3185 homo,
1189 3159 1230 3180 ex
1253 3150 1362 3180 anima
1386 3150 1487 3181 ratio-

431 3189 498 3219 nali
521 3195 551 3219 et
572 3190 713 3219 humana
736 3199 835 3220 carne
856 3191 1036 3222 subsistens.

485 3233 567 3263 XIX.
591 3232 642 3263 Ad
658 3233 780 3263 obiecta
797 3233 926 3264 demum
942 3235 1028 3265 Scoti
1053 3245 1111 3275 pro
1129 3238 1284 3267 contraria
1299 3238 1460 3278 positione
1471 3239 1489 3255 θ

431 3275 665 3316 respondendo,
690 3276 803 3306 dicitur
825 3276 864 3306 ad
882 3278 1020 3316 primum
1045 3279 1133 3318 quod
1158 3283 1386 3321 consequentia
1410 3282 1488 3312 nihil

432 3320 523 3349 valet.
547 3320 631 3357 Quia
647 3329 714 3350 esse
738 3320 866 3349 actualis
890 3318 1070 3352 existentiae
1094 3323 1215 3353 realiter
1234 3324 1435 3365 distinguitur
1450 3327 1488 3356 ab

434 3372 501 3392 esse
531 3364 701 3398 essentiae,
733 3372 789 3393 seu
815 3363 1034 3403 quidditativo.
1069 3365 1109 3395 Et
1136 3366 1240 3397 divina
1262 3369 1488 3407 praeventione

435 3406 551 3436 factum
577 3412 622 3436 est
645 3413 680 3437 ut
702 3407 881 3436 humanitas
905 3406 1020 3437 Christi
1045 3414 1129 3438 extra
1153 3419 1279 3440 causam
1303 3421 1393 3443 suam
1417 3418 1489 3443 actu

435 3449 473 3478 sit
497 3458 551 3488 per
574 3450 769 3480 existentiam
792 3450 898 3485 Verbi,
923 3456 954 3480 et
976 3460 1041 3480 non
1066 3460 1122 3490 per
1145 3454 1315 3492 propriam.

490 3492 551 3522 Ubi
575 3493 710 3529 adverte,
733 3503 792 3533 pro
817 3494 939 3524 clariori
958 3494 1129 3530 intellectu,
1155 3496 1243 3534 quod
1266 3507 1331 3527 non
1349 3504 1396 3528 est
1412 3499 1489 3528 ima-

435 3535 618 3575 ginandum,
642 3543 676 3566 ut
699 3538 747 3566 isti
764 3542 886 3576 putant,
911 3536 998 3577 quod
1022 3537 1139 3567 additio
1156 3540 1250 3577 partis
1267 3540 1304 3570 ad
1321 3550 1488 3580 personam

435 3579 474 3609 sit
500 3579 585 3608 velut
616 3579 733 3610 additio
765 3581 873 3620 quanti
905 3580 943 3610 ad
972 3586 1143 3620 quantum:
1176 3582 1239 3612 sive
1270 3592 1326 3622 per
1355 3583 1489 3615 modum

435 3623 692 3658 continuationis,
717 3630 793 3662 puta
817 3633 890 3654 cum
914 3633 995 3663 aqua
1020 3633 1120 3663 aquae
1144 3625 1357 3662 continuatur,
1374 3628 1429 3657 ubi
1452 3637 1489 3657 ex

1062 291 1325 338 QUAESTIO
1354 289 1473 336 XVII,
1503 288 1796 326 ARTICULUS
1824 291 1854 327 Π

1541 367 1664 399 duabus
1695 370 1922 409 quantitatibus
1952 370 2134 410 partialibus
2164 369 2200 400 fit
2223 379 2288 400 una
2313 371 2419 401 totalis
2445 371 2604 412 quantitas

1539 413 1710 452 partialiter
1724 413 1890 443 inhaerens
1906 414 2048 454 partibus
2063 414 2161 444 totius
2172 415 2296 454 'aquae3
2315 414 2380 444 sive
2395 423 2453 455 per
2467 415 2604 447 modum

1541 457 1801 495 aggenerationis,
1825 463 1903 497 puta
1926 467 2001 488 cum
2024 458 2211 488 alimentum
2234 463 2330 498 auget
2350 458 2517 489 hominem
2547 461 2605 500 qui

1540 499 1633 530 alitur
1655 509 1694 530 ex
1716 500 1790 536 illo,
1821 501 1877 531 ubi
1902 510 1970 532 non
1993 507 2136 532 remanet
2164 502 2323 542 quantitas
2350 502 2412 532 cibi
2441 508 2604 544 potusque

1540 543 1667 579 alentis,
1692 543 1750 582 sed,
1770 545 1815 574 sic
1838 544 2020 585 adiungitur
2042 545 2118 575 alito
2141 550 2178 575 ut
2200 545 2373 576 subinduat
2394 547 2604 586 quantitatem

1540 587 1639 626 ipsius
1655 588 1709 628 qui
1727 587 1829 624 alitur,
1843 588 2032 619 extendente
2046 589 2135 619 illam
2147 589 2262 626 anima,
2278 595 2315 620 ut
2326 589 2359 619 in
2372 589 2398 619 11
2410 588 2450 620 de
2459 591 2604 622 Anima*

1540 629 1663 661 dicitur.
1688 631 1781 667 Nam,
1805 632 1831 662 si
1854 632 1969 663 oculus
1992 633 2154 663 adveniret
2175 632 2215 663 de
2229 641 2318 663 novo
2341 633 2473 670 Socrati,
2496 642 2604 675 neque

1540 675 1739 705 existentiam
1762 676 1924 716 propriam
1947 677 2111 717 partialem
2134 676 2320 717 adiungeret
2342 677 2526 709 existentiae
2543 678 2604 710 So-

1541 718 1648 748 cratis:
1674 728 1750 749 cum
1766 720 1931 750 existentia
1946 720 2084 751 Socratis
2103 721 2143 751 sit
2160 721 2369 757 indivisibilis,
2393 730 2461 751 non
2476 727 2606 753 extensa

1540 771 1597 801 per
1619 771 1653 792 se
1675 768 1731 793 aut
1753 772 1810 803 per
1832 763 1994 800 accidens,
2019 765 2094 805 quia
2117 764 2158 795 de
2179 774 2296 805 genere
2319 770 2367 795 est
2388 765 2604 802 immateriali,

1540 811 1654 845 utpote
1683 807 1813 847 propria
1842 808 1967 839 animae
1997 809 2224 844 intellectivae‚
2256 818 2339 849 quae
2369 809 2532 840 inextensa
2558 815 2606 841 est

1541 850 1675 880 omnino
1698 850 1732 881 in
1755 859 1908 891 corpore;
1930 869 1955 875 -
1976 862 2038 883 nec
2061 852 2232 884 adveniens
2255 852 2370 883 oculus
2399 853 2606 885 subindueret

1541 894 1739 925 existentiam
1758 894 1896 926 Socratis
1918 901 2073 936 tanquam
2096 896 2233 927 formam
2257 896 2296 927 ad
2314 905 2348 927 se
2364 901 2527 928 extensam
2549 907 2606 939 per

1540 938 1760 969 inhaesionem
1783 939 1853 976 sibi,
1877 940 1920 970 ita
1943 939 2033 980 quod
2055 941 2219 971 existentia
2235 940 2372 971 Socratis
2387 940 2542 981 inciperet
2556 943 2606 974 in-

1540 982 1668 1013 haerere
1700 983 1797 1013 oculo
1825 993 1931 1014 novo:
1965 985 2120 1024 quoniam
2149 984 2335 1015 huiusmodi
2364 984 2508 1016 inhaesio
2537 996 2606 1018 non

1540 1026 1673 1057 debetur
1695 1028 1792 1067 parti,
1821 1028 1878 1058 sed
1901 1027 2093 1059 sufficienter
2115 1029 2281 1069 provisum
2305 1032 2352 1059 est
2374 1029 2455 1068 parti
2478 1028 2518 1060 de
2540 1032 2606 1062 exi-

1540 1071 1653 1101 stentia
1675 1071 1708 1101 in
1732 1071 1795 1102 hoc
1810 1073 1882 1113 ipso
1907 1072 1996 1113 quod
2015 1078 2062 1103 est
2084 1082 2156 1113 pars
2171 1082 2327 1113 personae
2344 1072 2513 1104 existentis.
2537 1074 2607 1107 Nec

1539 1114 1664 1145 videtur
1680 1116 1775 1146 etiam
1791 1116 1988 1157 intelligibile
2004 1117 2093 1157 quod
2108 1126 2200 1148 secus
2215 1117 2317 1158 possit
2331 1124 2411 1147 esse.
2426 1116 2606 1155 Quomodo

1539 1168 1680 1199 namque
1711 1161 1874 1191 existentia
1905 1160 2102 1191 indivisibilis
2132 1162 2262 1202 propria
2291 1160 2385 1192 alicui
2413 1161 2607 1204 intelligetur

1540 1209 1666 1234 actuare
1689 1210 1846 1244 quantum
1865 1205 2007 1246 aliquod,
2026 1214 2083 1236 seu
2106 1206 2201 1236 etiarn
2223 1209 2475 1246 non-quantum,
2494 1207 2606 1239 adiun-

1540 1253 1646 1284 ctum,
1670 1249 1731 1278 nisi
1760 1248 1922 1280 mediante
1945 1249 2001 1280 illo
2033 1250 2085 1280 cui
2113 1255 2160 1280 est
2182 1247 2333 1290 propria?
2358 1254 2400 1284 Et
2422 1252 2498 1293 quia
2519 1251 2606 1283 idem

1540 1297 1588 1322 est
1609 1291 1765 1323 iudicium
1789 1292 1830 1323 de
1853 1293 1950 1324 oculo
1973 1293 2162 1325 adveniente
2185 1294 2225 1325 de
2247 1303 2336 1324 novo
2359 1303 2391 1328 et
2413 1296 2512 1328 oculo
2526 1304 2606 1328 oon-

1539 1337 1666 1376 genito,
1699 1342 1730 1367 et
1756 1336 1796 1368 de
1822 1337 1882 1368 hac
1914 1343 1945 1368 et
1971 1337 2102 1379 reliquis
2132 1338 2290 1379 partibus,
2321 1338 2396 1373 ideo
2426 1340 2606 1372 humanius

1541 1379 1668 1417 Christi,
1693 1390 1775 1421 quae
1799 1382 1889 1422 quasi
1905 1391 1976 1422 pars
1993 1382 2150 1422 quaedam
2167 1387 2214 1413 est
2236 1392 2392 1423 personae
2406 1385 2514 1422 Verbi,
2530 1384 2607 1426 quia

1539 1424 1579 1455 ad
1602 1425 1860 1465 personalitatem
1883 1427 2046 1467 propriam
2062 1427 2158 1458 Verbi
2181 1433 2343 1468 assumpta
2366 1435 2423 1466 est,
2445 1428 2607 1460 invenitur

1540 1468 1733 1500 sufficienter
1754 1470 1859 1510 posita
1881 1475 1967 1501 extra
1985 1480 2114 1502 causam
2129 1480 2220 1502 suam
2237 1471 2373 1504 existens
2395 1474 2516 1514 absque
2529 1481 2606 1514 pro-

1539 1514 1607 1553 pria
1631 1514 1805 1550 existentia,
1830 1519 1862 1545 et
1884 1515 2005 1555 absque
2027 1515 2091 1545 hoc
2114 1515 2204 1556 quod
2221 1521 2367 1548 actuetur
2381 1527 2439 1558 per
2452 1516 2606 1548 informa-

1539 1558 1662 1588 tionem
1685 1558 1880 1588 inhaesivam
1904 1559 1942 1589 ab
1967 1559 2132 1590 existentia
2153 1559 2266 1591 Verbi':
2291 1561 2351 1592 sibi
2366 1562 2453 1592 enim
2467 1570 2536 1592 non
2551 1559 2607 1602 de—

1540 1602 1632 1632 betur
1655 1602 1820 1632 existentia
1841 1603 1903 1633 nisi
1925 1612 1983 1643 per
2004 1612 2175 1643 personam
2199 1605 2290 1635 cuius
2313 1610 2370 1636 est.

1594 1646 1664 1676 XX.
1688 1645 1740 1676 Ad
1755 1646 1934 1677 secundum
1949 1647 1966 1664 ⁶
1989 1646 2104 1677 dicitur
2119 1647 2208 1688 quod
2225 1658 2263 1678 ex
2278 1648 2342 1680 hoc
2358 1648 2448 1690 quod
2462 1649 2606 1680 Verbum
2632 1650 2644 1662 ⁸

1540 1690 1681 1720 subsistit
1702 1691 1736 1721 in
1752 1696 1864 1721 natura
1878 1691 2019 1721 humana
2034 1691 2116 1722 sicut
2131 1693 2335 1732 suppositum
2350 1694 2384 1724 in
2399 1699 2522 1731 natura,
2536 1702 2607 1725 non

1541 1734 1685 1774 sequitur
1697 1734 1786 1775 quod
1798 1736 1909 1766 existat
1919 1744 1977 1775 per
1989 1736 2186 1766 existentiam
2198 1737 2282 1768 illius
2293 1743 2440 1768 naturae:
2457 1737 2514 1768 sed
2522 1737 2608 1769 bene

1541 1779 1685 1818 sequitur
1709 1789 1726 1810 e
1750 1785 1861 1810 contra
1884 1779 1974 1819 quod
2003 1785 2116 1810 natura
2137 1780 2191 1811 illa
2218 1781 2366 1812 subsistat
2388 1791 2447 1822 per
2472 1781 2608 1813 existen-

1541 1822 1618 1853 tiam
1634 1823 1741 1854 Verbi.
1756 1841 1780 1846 -
1795 1823 1846 1854 Ad
1861 1824 2087 1864 probationem
2103 1829 2211 1855 autem
2227 1835 2265 1855 ex
2281 1826 2445 1866 opposito,
2462 1825 2503 1857 de
2516 1825 2609 1867 pedis

1543 1867 1724 1903 existentia,
1749 1867 1864 1899 dicitur
1886 1867 1977 1908 quod
1999 1874 2111 1908 peccat
2134 1868 2313 1900 secundum
2335 1878 2550 1901 non-causam
2571 1875 2608 1901 ut

1543 1920 1681 1942 causam.
1698 1911 1814 1952 Neque
1830 1912 1916 1942 enim
1929 1912 2005 1952 quia
2017 1911 2163 1943 Christus
2175 1918 2222 1943 est
2232 1913 2344 1950 horno,
2353 1923 2449 1944 causa
2459 1919 2508 1945 est
2517 1912 2609 1955 quod

1542 1956 1654 1986 existat
1665 1956 1806 1986 humana
1821 1956 2002 1992 existentia;
2017 1965 2125 1997 neque
2141 1957 2217 1997 quia
2231 1967 2299 1988 non
2312 1963 2360 1988 est
2373 1967 2441 1998 pes,
2454 1967 2550 1989 caum
2560 1962 2609 1989 eet

1542 1999 1632 2040 quod
1645 2009 1714 2030 non
1730 2001 1841 2030 existat
1856 2000 2020 2031 existentia
2034 2000 2142 2040 pedis:
2159 2000 2216 2032 sed
2230 2002 2310 2032 ratio
2326 2003 2455 2043 propria
2470 2007 2518 2033 est
2532 2002 2608 2044 quia

1541 2053 1698 2084 personae
1715 2044 1775 2075 soli
1792 2044 1925 2075 debetur
1940 2054 2008 2075 esse
2024 2049 2060 2075 ut
2075 2045 2220 2076 subiecto
2237 2045 2327 2086 quod
2342 2052 2398 2077 est.

1597 2087 1649 2118 Ad
1671 2088 1704 2119 id
1726 2098 1804 2119 vero
1828 2087 1918 2128 quod
1941 2089 2086 2119 subditur
2104 2089 2148 2120 de
2166 2089 2318 2130 qualitate
2341 2090 2525 2121 existentiae
2546 2090 2607 2121 hu·

1542 2142 1655 2162 manae
1678 2133 1713 2163 in
1737 2132 1884 2169 Christo,
1907 2133 2028 2164 scilicet
2054 2132 2143 2173 quod
2167 2139 2214 2164 est
2237 2133 2401 2165 existentia
2423 2134 2608 2175 simpliciter

1543 2181 1574 2207 et
1597 2177 1630 2207 in
1654 2186 1688 2207 se
1711 2181 1743 2207 et
1765 2176 1910 2208 Christo:
1934 2187 2002 2216 non
2026 2182 2154 2217 oportet
2177 2177 2266 2208 aliter
2287 2177 2491 2219 respondere.
2514 2177 2607 2217 Quo-

1541 2221 1639 2257 niam,
1662 2226 1776 2261 negata
1797 2221 1831 2251 in
1855 2220 1982 2251 Christo
2007 2222 2170 2251 existentia
2192 2221 2347 2259 humana,
2370 2232 2452 2253 vana
2474 2227 2522 2253 est
2544 2221 2608 2253 dis-

1542 2265 1666 2305 putatio
1691 2265 1730 2295 de
1754 2265 1905 2306 qualitate
1929 2266 2112 2296 existentiae
2134 2266 2295 2296 humanae
2316 2266 2351 2296 in
2373 2267 2455 2307 ipso.

1597 2309 1680 2339 XXI.
1704 2308 1756 2339 Ad
1777 2310 1906 2340 tertium
1922 2310 1939 2326 ⁴*
1962 2309 2077 2340 dicitur
2097 2309 2246 2350 negando
2265 2310 2442 2351 sequelam:
2465 2310 2547 2342 Esse
2561 2315 2609 2342 est

1543 2353 1686 2384 intimius
1707 2363 1764 2384 seu
1788 2353 2011 2384 immediatius.
2034 2353 2129 2395 Ergo
2153 2354 2259 2395 magis
2280 2355 2525 2396 multiplicatur.

1598 2398 1714 2428 Melius
1745 2403 1853 2428 tamen
1881 2397 1996 2428 dicitur
2025 2397 2115 2438 quod
2141 2398 2286 2429 intimius
2313 2407 2370 2429 seu
2393 2397 2607 2430 immediati-ns

1543 2442 1644 2472 alicui
1674 2441 1860 2482 dupliciter:
1893 2442 1944 2472 vel
1974 2447 2011 2472 ut
2036 2442 2213 2482 principio,
2237 2442 2289 2472 vel
2317 2447 2354 2473 ut
2376 2442 2532 2473 subiecto.
2565 2441 2608 2473 Et

1543 2486 1688 2516 subditur
1711 2486 1801 2526 quod
1816 2495 1884 2517 esse
1900 2492 1947 2516 est
1960 2486 2104 2516 intimius
2118 2491 2250 2516 naturae
2271 2491 2309 2517 ut
2325 2486 2484 2527 principio
2508 2494 2607 2527 quam

1542 2530 1624 2560 velle
1654 2531 1827 2566 voluntati,
1859 2530 1915 2561 sed
1943 2530 2026 2560 velle
2060 2535 2107 2560 est
2135 2529 2350 2561 immediatius
2383 2531 2541 2561 voluntati
2570 2535 2608 2561 ut

1543 2575 1688 2604 subiecto
1718 2584 1816 2615 quam
1846 2583 1914 2604 esse
1942 2579 2074 2604 naturae
2096 2579 2133 2604 ut
2155 2574 2317 2605 subiecto:
2349 2575 2425 2615 quia
2448 2584 2516 2606 esse
2537 2583 2607 2606 non

1542 2624 1683 2655 naturae,
1700 2618 1756 2649 sed
1770 2627 1926 2658 personae
1945 2623 1992 2648 est
2014 2623 2050 2648 ut
2072 2616 2206 2648 subiecti
2229 2619 2370 2659 proprii;
2393 2619 2476 2650 velle
2498 2623 2607 2650 autem

1544 2668 1591 2693 est
1605 2663 1777 2693 voluntatis
1793 2668 1828 2693 ut
1843 2662 1964 2702 proprii
1980 2662 2123 2693 subiecti.
2141 2662 2182 2693 Et
2196 2668 2366 2704 propterea
2380 2672 2448 2694 non
2464 2662 2607 2704 sequitur

1544 2706 1643 2747 quod,
1656 2708 1681 2737 si
1696 2707 1778 2737 velle
1793 2705 1990 2747 plurificatur
2005 2706 2044 2736 ad
2059 2706 2271 2747 pluralitatem
2286 2707 2500 2744 voluntatum,
2516 2706 2607 2748 quod

1544 2760 1612 2781 esse
1635 2751 1832 2791 plurificetur
1855 2750 1894 2781 ad
1916 2750 2129 2791 pluralitatem
2152 2757 2347 2782 naturarum.

1598 2795 1649 2825 Ad
1679 2795 1825 2825 ultimam
1856 2794 2082 2825 formationem
2113 2796 2307 2835 argumenti,
2340 2795 2475 2826 concedi
2499 2800 2607 2836 potest

1542 2844 1665 2870 totum:
1691 2844 1722 2869 et
1745 2838 1807 2870 dici
1838 2838 1927 2879 quod
1953 2848 2023 2869 non
2055 2848 2093 2869 ex
2116 2838 2243 2870 defectu
2265 2845 2396 2870 naturae
2422 2838 2605 2871 immediate

1542 2883 1760 2924 principiantis
1785 2893 1866 2919 esse,
1890 2883 1945 2913 sed
1969 2893 2007 2913 ex
2031 2882 2159 2914 defectu
2181 2884 2368 2924 susceptivi,
2393 2883 2513 2914 scilicet
2534 2892 2606 2924 per-

1543 2937 1640 2958 sonae
1652 2928 1810 2968 propriae,
1826 2926 1862 2957 fit
1877 2933 1913 2957 ut
1927 2933 2039 2958 natura
2054 2937 2121 2958 non
2136 2928 2306 2968 principiet
2321 2927 2484 2958 actualiter
2497 2931 2604 2959 actum

1543 2971 1683 3008 essendi;
1708 2978 1739 3002 et
1761 2972 1929 3012 principiat
1952 2972 2115 3002 actualiter
2138 2977 2245 3002 actum
2260 2971 2424 3012 operandi,
2447 2972 2523 3012 quia
2537 2976 2605 3003 non

1543 3016 1631 3046 deest
1656 3017 1839 3056 proximum
1865 3016 2082 3056 susceptivum
2109 3017 2312 3056 operationis.
2348 3015 2502 3047 Concede
2528 3024 2604 3056 ergo

1543 3059 1633 3101 quod
1655 3066 1777 3096 natura,
1801 3065 1837 3090 ut
1861 3059 2063 3100 distinguitur
2086 3065 2196 3090 contra
2211 3060 2426 3101 suppositum,
2450 3065 2497 3090 est
2518 3059 2605 3100 ptin-

1544 3105 1664 3145 cipium
1688 3110 1719 3135 et
1742 3103 1895 3144 operandi
1919 3109 1950 3135 et
1973 3103 2142 3134 existendi:
2167 3104 2223 3135 sed
2245 3109 2379 3144 negetur
2400 3103 2530 3144 sequela
2544 3104 2605 3134 im-

1542 3149 1660 3190 plicita,
1679 3149 1773 3190 Ergo
1789 3148 1962 3179 actualiter
1970 3148 2150 3189 principiat
2164 3148 2302 3179 existere
2317 3148 2349 3179 in
2368 3147 2506 3184 Uiriato,
2522 3147 2607 3178 sicut

1542 3193 1714 3224 actualiter
1731 3193 1909 3234 principiat
1931 3193 2071 3233 operari.
2095 3192 2180 3230 Quia
2202 3197 2322 3229 natura,
2345 3196 2383 3223 ut
2404 3190 2606 3232 distinguitur

1543 3242 1653 3268 contra
1676 3237 1889 3277 suppositum,
1915 3242 1962 3267 est
1983 3246 2051 3267 non
2074 3236 2180 3267 solum
2203 3236 2406 3277 principium,
2430 3235 2486 3266 sed
2509 3236 2605 3266 etiam

1542 3281 1758 3321 susceptivum
1775 3281 1958 3321 proximum
1974 3280 2146 3321 operandi:
2166 3279 2222 3312 sed
2237 3280 2419 3311 existentiae
2435 3284 2482 3310 est
2498 3279 2604 3311 solum

1542 3325 1745 3365 principium,
1764 3331 1795 3355 et
1810 3334 1877 3355 non
1893 3330 1940 3355 est
1955 3326 2171 3365 susceptivum
2187 3325 2363 3365 proprium.
2382 3323 2501 3354 Natura
2517 3324 2603 3354 enim

1542 3370 1682 3399 humana
1698 3374 1744 3400 est
1760 3369 1953 3409 principium
1969 3368 2123 3399 existendi
2138 3377 2293 3409 personae
2309 3368 2455 3409 propriae
2479 3373 2514 3398 ut
2529 3377 2604 3412 pro-

1542 3414 1613 3453 prio
1637 3414 1800 3443 subiecto:
1826 3422 1908 3453 quae
1931 3413 1964 3443 in
1981 3412 2108 3443 Christo
2124 3421 2191 3443 non
2208 3417 2264 3443 est.
2289 3412 2329 3443 Et
2345 3412 2419 3443 ideo
2433 3420 2501 3442 non
2517 3412 2603 3452 prin-

1543 3457 1638 3496 cipiat
1657 3457 1853 3487 existentiam
1869 3457 1901 3487 in
1919 3456 2056 3487 Christo.
2081 3456 2143 3487 Sed
2167 3455 2320 3497 operandi
2342 3461 2388 3487 est
2410 3455 2603 3496 principium

1543 3500 1600 3529 sibi
1625 3501 1684 3539 ipsi
1707 3506 1743 3530 ut
1766 3501 1897 3541 proprio
1913 3501 2068 3537 subiecto,
2092 3500 2316 3540 distinguendo
2331 3505 2477 3530 naturam
2493 3504 2603 3530 contra

1543 3544 1756 3582 suppositum,
1781 3549 1817 3574 ut
1839 3543 1960 3574 dictum
1985 3549 2040 3574 est.
2067 3544 2109 3574 Et
2131 3544 2204 3574 ideo
2228 3545 2261 3574 in
2285 3543 2412 3575 Christo
2435 3543 2604 3584 principiat

1544 3586 1709 3625 proprium
1733 3587 1866 3626 operari.
1902 3587 1942 3617 Et
1965 3592 2133 3627 propterea
2157 3588 2281 3627 operari
2304 3587 2532 3628 multiplicatur
2554 3595 2604 3618 se-

1545 3628 1687 3659 cundum
1710 3635 1850 3660 naturas:
1876 3639 1943 3660 esse
1967 3635 2074 3660 autem
2097 3639 2174 3661 non.

2631 588 2762 612 vocem:
2787 602 2793 608 ι
2821 605 2824 607 -

2630 615 2672 638 lib.
2686 615 2711 665 1fi
2719 621 2771 658 ⁶2⁹⁸
2781 622 2804 645 v,
2817 641 2823 645 ι,

2629 648 2727 696 Zeia,
2751 642 2796 692 ulii:

2631 697 2803 744 iffffi'f'usstf’
2819 709 2821 712 ’

2631 753 2682 770 vm.
