2872 3970
74 617 84 627 ·
97 615 155 643 cap.
170 620 226 636 xvn.

91 2546 300 2575 ·AdPn1l1·pp.cap.

90 2580 116 2602 n,
130 2579 191 2595 vers.
206 2579 227 2601 7.

0 2602 13 2617 ι,
0 2382 12 2588 -eoe-‹v-„v-r-mna-
4 2359 8 2369 ,.
0 2289 5 2305 ν-
0 2245 9 2268 -μ,
0 2225 3 2228 v

92 2811 102 2820 ”
123 2809 187 2831 lom.
214 2815 264 2836 cup.
287 2815 302 2833 ι,

91 2842 152 2858 vers.
169 2842 203 2862 ¹4.

1058 261 1322 306 QUAESTIO
1351 261 1383 307 Ι,
1414 259 1706 297 ARTICULUS
1734 260 1747 295 Ι
1966 293 1968 295 .
2465 268 2487 303 7

312 405 376 435 net
404 397 510 447 quod
539 407 694 438 summo
718 394 839 432 modo
867 405 907 430 se
939 400 1132 429 creaturae
1161 392 1376 429 communi-

313 459 383 487 cet.
413 450 534 497 Quod
552 448 711 498 quidem
730 446 898 484 maxime
917 445 960 482 fit
987 457 1057 494 per
1075 446 1151 482 hoc
1178 446 1285 494 quod
1315 458 1377 482 na-

312 509 435 540 turam
463 507 628 539 creatam
655 502 708 538 sic
733 501 804 536 sibi
828 500 1026 548 coniungit
1051 504 1088 535 ut
1116 511 1191 535 una
1213 510 1377 547 persona

312 558 379 599 fiat
406 568 455 592 ex
481 556 606 600 tribus,
634 554 766 598 Verbo,
786 553 914 589 anima
942 557 975 588 et
1003 563 1138 588 carne:
1165 551 1261 588 sicut
1289 550 1378 587 dicit

314 607 569 656 Augustinus,
598 606 681 642 XIII
713 605 759 641 de
790 607 826 642 T
823 606 894 641 rin.
923 604 944 626 '¹‘
985 605 1095 641 Unde
1133 603 1378 640 manifestum

315 668 370 698 est
398 659 505 709 quod
533 657 768 695 conveniens
796 657 864 694 fuit
892 658 1022 694 Deum
1050 656 1248 693 incarnari.

369 714 426 749 An
455 723 589 749 PR1MUM
622 722 721 748 ERGO
750 722 932 747 DICENDUM
969 710 1076 758 quod
1111 708 1379 746 incarnationis

315 764 542 815 mysterium
561 775 642 801 non
661 770 717 799 est
736 762 938 812 impletum
957 774 1026 812 per
1045 763 1120 798 hoc
1147 762 1253 810 quod
1273 762 1379 798 Deus

316 818 362 854 sit
389 817 518 866 aliquo
547 816 667 853 modo
696 828 719 852 a
747 827 818 852 suo
847 823 946 852 statu
979 815 1203 852 immutatus
1232 814 1271 850 in
1299 826 1379 862 quo

316 871 364 907 ab
393 877 548 907 aeterno
577 881 657 906 non
682 875 690 890 ²
718 868 806 905 suit:
837 869 904 905 sed
938 880 1008 917 per
1035 868 1110 904 hoc
1139 867 1246 915 quod
1274 879 1379 903 novo

315 923 436 960 modo
465 929 660 959 creaturae
689 933 729 958 se
758 921 900 968 univit,
930 922 992 957 vel
1019 920 1148 969 potius
1181 931 1267 956 eam
1296 919 1378 955 sibi.

316 976 384 1013 Est
411 982 543 1012 autem
570 973 806 1011 conveniens
834 982 877 1011 ut
904 981 1086 1018 creatura,
1117 984 1216 1021 quae
1245 983 1380 1008 secun-

316 1028 413 1065 dum
441 1027 630 1065 rationem
649 1027 708 1064 sui
736 1026 930 1064 mutabilis
949 1033 1015 1072 est,
1036 1037 1116 1062 non
1145 1036 1298 1073 semper
1316 1036 1380 1060 eo-

316 1081 408 1118 dem
436 1080 557 1117 modo
593 1092 632 1116 se
669 1080 818 1116 habeat.
849 1080 897 1115 Et
925 1078 1033 1124 ideo,
1063 1078 1159 1114 sicut
1187 1084 1380 1123 creatura,

317 1145 409 1170 cum
436 1133 543 1182 prius
571 1145 651 1169 non
680 1140 788 1178 esset,
810 1132 849 1169 in
877 1144 959 1168 esse
987 1131 1175 1179 producta
1203 1137 1269 1175 est,
1290 1141 1381 1166 con-

317 1186 527 1229 venienter,
548 1197 638 1222 curn
667 1185 774 1233 prius
802 1196 883 1221 non
911 1191 1009 1220 esset
1027 1183 1134 1220 unita
1161 1183 1258 1228 Deo,
1279 1189 1382 1231 post·
1408 1199 1410 1204 ·

318 1238 484 1275 modum
511 1238 580 1274 suit
608 1237 642 1273 ei
670 1237 777 1274 unita
796 1243 823 1273 ².

371 1291 428 1327 An
457 1302 646 1327 SECUNDUM
669 1301 851 1326 DICENDUM
880 1287 988 1337 quod
1007 1287 1107 1324 uniri
1135 1288 1220 1324 Deo
1240 1287 1279 1323 in
1298 1286 1383 1323 uni-

317 1350 392 1380 tate
411 1354 600 1392 personae
622 1354 703 1378 non
721 1341 791 1378 fuit
813 1340 1050 1378 conveniens
1069 1340 1174 1377 carni
1188 1341 1383 1376 humanae

319 1395 535 1432 secundum
563 1394 826 1432 conditionem
861 1405 952 1430 suae
981 1401 1159 1430 naturae:
1190 1392 1281 1441 quia
1310 1393 1385 1428 hoc

319 1455 399 1485 erat
427 1459 544 1497 supra
571 1447 794 1495 dignitatem
813 1446 944 1496 ipsius.
980 1445 1227 1483 Conveniens
1255 1453 1384 1481 tamen

318 1501 387 1538 suit
414 1501 511 1547 Deo,
540 1501 757 1537 secundum
785 1499 974 1536 infinitam
994 1498 1257 1535 excellentiam
1276 1497 1385 1534 boni-

319 1553 404 1591 tatis
432 1553 525 1600 eius,
546 1561 588 1591 ut
607 1553 679 1590 sibi
698 1565 785 1590 eam
809 1552 935 1589 uniret
962 1563 1033 1600 pro
1054 1553 1173 1588 salute
1200 1552 1384 1587 humana.

373 1607 430 1643 AD
445 1618 604 1643 TERTIUM
623 1617 806 1643 DICENDUM
826 1605 934 1653 quod
953 1604 1145 1653 quaelibet
1165 1603 1236 1640 alia
1255 1602 1387 1640 condi-

320 1659 373 1696 tio
394 1659 610 1695 secundum
631 1670 750 1707 quam
770 1669 1041 1706 quaecumque
1066 1664 1238 1693 creatura
1262 1655 1388 1692 differt

71 354 81 364 ·
97 352 121 376 S·
135 350 180 374 '¹⁵¹¹-
197 351 249 374 ¹=0¹·
265 357 283 374 ¹-
311 347 396 383 Diu.
412 346 528 382 Nom.
543 344 564 366 ’¹‘
582 343 694 381 Unde
714 342 763 379 ad
784 340 971 378 rationem
991 340 1134 377 summi
1153 339 1246 376 boni
1265 339 1376 388 perti-
1402 337 1405 356 ¹
1433 351 1455 376 a
1475 340 1666 385 Creatore,
1687 351 1709 375 a
1728 337 1800 374 Dei
1820 336 2004 386 sapientia
2023 344 2078 372 est
2101 336 2278 383 instituta,
2299 343 2335 372 et
2354 335 2402 372 ad
2421 334 2493 371 Dei

1432 391 1643 428 bonitatem
1679 390 1872 428 ordinata:
1910 390 2016 426 Deus
2050 389 2153 425 enim
2190 395 2346 437 propter
2383 400 2494 424 suam

1433 444 1654 491 bonitatem,
1675 456 1767 480 cum
1787 442 1832 479 sit
1850 442 2050 489 increatus,
2078 441 2297 487 immobilis,
2318 440 2495 489 incorpo-

1434 509 1521 534 reus
1541 496 1565 543 λ,
1586 496 1766 546 produxit
1794 503 1985 532 creaturas
2018 493 2180 531 mobiles
2208 501 2245 530 et
2272 505 2494 542 corporeas;

1434 558 1469 587 et
1497 549 1667 586 similiter
1694 550 1841 586 malum
1869 559 2018 596 poenae
2047 559 2069 583 a
2096 546 2169 583 Dei
2193 546 2331 582 iustitia
2359 553 2413 582 est
2441 545 2495 581 in-

1433 603 1655 639 troductum
1674 609 1831 650 propter
1848 600 2008 648 gloriam
2027 599 2110 636 Dei.
2138 600 2287 635 Malum
2306 610 2399 634 vero
2419 599 2496 634 cul-

1434 667 1506 704 pae
1526 661 1542 683 μ
1571 653 1821 691 committitur
1848 665 1917 702 per
1945 664 2139 688 recessum
2163 652 2210 688 ab
2239 658 2316 687 arte
2346 650 2497 687 divinae

1435 707 1641 757 sapientiae
1670 714 1707 743 et
1725 706 1773 743 ab
1794 706 1928 743 ordine
1952 705 2104 742 divinae
2124 703 2313 741 bonitatis.
2343 704 2392 740 Et
2410 703 2497 740 ideo

1435 760 1670 797 conveniens
1689 766 1702 780 V
1730 771 1811 795 esse
1831 757 1955 807 potuit
1983 769 2178 794 assumere
2201 765 2378 793 naturam
2397 768 2499 792 crea-

1434 821 1524 858 tam,
1546 812 1782 858 mutabilem,
1804 823 2032 860 corpoream
2061 818 2097 846 et
2125 809 2343 858 poenalitati
2375 808 2499 845 subie-

1435 873 1557 902 ctam:
1595 877 1675 901 non
1713 872 1843 901 autem
1878 863 1946 900 fuit
1979 863 2215 899 conveniens
2243 861 2277 898 ei
2306 873 2500 898 assumere

1436 919 1584 954 malum
1613 919 1760 966 culpae.

1489 972 1546 1006 AD
1576 982 1748 1011 QUARTUM
1776 982 1958 1006 DICENDUM
1987 969 2106 1018 quod,
2141 968 2237 1011 sicut
2265 966 2502 1015 Augustinus

1437 1023 1662 1070 respondet,
1692 1022 1732 1058 in
1761 1022 1931 1070 Epistola
1966 1023 2016 1058 ad
2051 1021 2290 1058 Volusianum
2318 1017 2328 1043 Ξ
2356 1020 2395 1066 *,
2427 1032 2500 1056 non

1436 1077 1543 1112 habet
1571 1076 1640 1111 hoc
1672 1076 1882 1111 Christiana
1911 1075 2100 1119 doctrina,
2130 1073 2228 1123 quod
2254 1075 2303 1109 ita
2330 1074 2374 1109 sit
2401 1073 2503 1109 Deus

1437 1128 1580 1175 infusus
1599 1129 1708 1164 carni
1724 1129 1912 1164 humanae
1931 1133 1968 1163 ut
1987 1139 2117 1163 curam
2137 1126 2407 1176 gubernandae
2425 1127 2503 1161 uni-

1437 1181 1614 1218 versitatis
1642 1180 1700 1217 vel
1727 1180 1925 1216 deseruerit
1959 1180 2016 1216 vel
2044 1180 2226 1224 amiserit,
2254 1178 2312 1215 vel
2339 1178 2389 1214 ad
2415 1178 2506 1214 illud

1438 1233 1697 1282 corpusculum
1727 1234 1831 1281 quasi
1858 1238 2086 1268 contractam
2119 1231 2363 1267 transtulerit:
2390 1231 2505 1266 homi-

1439 1298 1528 1322 num
1564 1291 1614 1321 est
1649 1287 1712 1321 iste
1747 1297 1872 1321 sensus
1907 1285 1997 1320 nihil
2022 1285 2101 1320 ‘nisi
2135 1295 2268 1332 corpus
2305 1283 2504 1320 valentium

1439 1341 1616 1388 cogitare.
1645 1339 1746 1374 Deus
1773 1343 1895 1374 autem
1925 1350 1998 1373 non
2035 1337 2152 1382 mole,
2180 1336 2245 1372 sed
2270 1337 2401 1373 virtute
2428 1347 2505 1372 ma-

1439 1403 1537 1441 gnus
1565 1396 1636 1427 est.-
1668 1390 1765 1426 unde
1792 1391 2011 1440 magnitudo
2048 1391 2187 1427 virtutis
2215 1390 2291 1425 eius
2319 1388 2440 1425 nullas
2467 1390 2504 1424 in

1439 1449 1599 1493 angusto
1618 1445 1723 1479 sentit
1742 1445 1943 1492 angustias.
1964 1443 2054 1480 Non
2075 1447 2126 1478 est
2145 1453 2237 1491 ergo
2257 1441 2471 1477 incredibile
2479 1447 2504 1487 ⁰,

1441 1503 1479 1533 ut
1506 1498 1660 1534 verbum
1679 1497 1838 1532 hominis
1865 1497 2045 1532 transiens
2068 1495 2178 1531 simul
2205 1494 2353 1531 auditur
2371 1507 2394 1530 a
2415 1494 2506 1530 mul-

1440 1551 1483 1586 tis
1509 1555 1542 1585 et
1569 1561 1592 1585 a
1615 1549 1770 1598 singulis
1797 1554 1923 1594 totum,
1951 1549 2050 1597 quod
2074 1549 2233 1585 Verbum
2261 1548 2335 1583 Dei
2354 1559 2505 1595 perma-

1442 1614 1532 1639 nens
1550 1602 1660 1637 simul
1688 1603 1820 1650 ubique
1846 1603 1890 1637 sit
1909 1607 2034 1637 totum.
2063 1601 2175 1637 Unde
2204 1601 2353 1636 nullum
2374 1599 2506 1635 incon-

1439 1654 1600 1691 veniens
1630 1653 1812 1702 sequitur,
1834 1654 1918 1689 Deo
1947 1653 2156 1690 incarnato.

376 1797 395 1830 ι)
415 1804 478 1823 non.
490 1812 510 1816 —
528 1797 589 1822 Orn.
610 1797 732 1822 PEFGsl.

375 1832 401 1866 κ)
421 1833 457 1857 Et
476 1833 561 1858 ideo...
582 1832 664 1856 unita.
677 1845 697 1850 —-
717 1832 753 1856 Ee
771 1831 830 1856 ideo
848 1830 918 1855 sicut
939 1833 1066 1855 creatura
1085 1834 1124 1855 est
1142 1838 1160 1854 a
1181 1830 1238 1854 Deo
1253 1829 1390 1861 producta

320 1875 380 1893 cum
396 1868 475 1900 prius
494 1875 545 1892 non
566 1870 634 1892 esset
645 1874 662 1891 a
677 1867 734 1891 Deo
749 1866 894 1898 producta,
909 1866 948 1890 ita
960 1865 1148 1890 convenienter
1166 1873 1226 1890 cum
1242 1865 1321 1896 prius
1337 1872 1389 1889 non

322 1905 390 1928 esset
408 1903 484 1927 unita
504 1903 562 1927 Deo
576 1902 750 1934 postmodum
762 1901 822 1934 suit
836 1901 893 1926 Deo
915 1900 985 1933 (Deo
1004 1908 1057 1925 om.
1071 1900 1096 1934 b)
1117 1901 1192 1925 unita
1208 1901 1262 1929 Hb:
1282 1900 1317 1924 Et
1332 1900 1390 1924 ideo

321 1938 391 1964 sicut
406 1941 533 1963 creatura
553 1937 667 1969 incoepit
681 1944 736 1962 esse
750 1944 809 1962 cum
825 1936 904 1968 prius
918 1943 970 1960 non
985 1939 1060 1965 esset,
1075 1937 1113 1960 ita
1126 1936 1312 1961 convenienter
1330 1943 1390 1960 cum

318 1973 396 2006 prius
410 1980 461 1998 non
477 1976 545 1998 esset
557 1973 634 1997 unita
650 1973 707 1998 Deo
722 1973 748 1997 in
765 1978 890 2003 persona,
908 1971 1080 2003 postmodum
1093 1971 1118 1996 ei
1127 1971 1188 2004 fuit
1208 1971 1282 1995 unita
1297 1971 1330 1995 Pe
1336 1978 1344 1999 ‚·
1364 1971 1389 1995 in

322 2016 378 2034 esse
392 2009 554 2040 producta...
573 2011 641 2033 esset
653 2016 706 2033 om.
719 2007 786 2039 pGI;
807 2007 864 2032 Deo
879 2007 904 2031 in
920 2014 1039 2038 persona
1059 2007 1136 2031 etiam
1150 2007 1220 2035 FGI;
1239 2014 1286 2038 pro
1299 2013 1392 2030 conve-

321 2045 433 2070 nienter.
449 2043 637 2069 convenienter
653 2043 692 2068 sic
707 2043 734 2072 F,
748 2043 936 2067 convenienter
950 2042 988 2066 ita
1007 2042 1088 2066 etiam
1104 2042 1134 2071 D,
1148 2042 1335 2066 convenienter
1354 2041 1393 2065 ita

322 2079 511 2104 convenienter
530 2079 560 2104 E.

1496 1793 1524 1826 λ)
1545 1793 1726 1824 incorporeus.
1738 1807 1757 1811 —
1775 1796 1800 1817 et
1819 1794 1991 1824 incorporeus
2010 1793 2091 1818 tertia.

1499 1828 1527 1861 μ)
1546 1829 1646 1860 culpae.
1660 1843 1679 1847 -
1699 1829 1799 1852 EFsBC
1819 1834 1844 1852 et
1862 1828 1950 1858 tertia3
1969 1836 2022 1853 om.

1498 1864 1521 1897 ν)
1541 1865 1707 1889 conveniens.
1722 1878 1741 1882 -
1758 1864 1815 1888 Deo
1833 1864 1991 1888 conveniens
2011 1864 2074 1888 PGI.

1499 1898 1522 1933 Ε)
1541 1899 1621 1931 quod,
1634 1899 1728 1924 sicut...
1747 1899 1954 1923 Volusianum.—
1968 1899 2099 1929 PFGIsH;
2118 1899 2190 1930 quod
2204 1897 2286 1931 (quod
2303 1902 2392 1923 autem
2407 1899 2440 1930 Α)
2454 1901 2509 1924 Au-

1444 1936 1568 1968 gustinus
1588 1935 1731 1966 respondet
1745 1934 1781 1959 ad
1798 1934 1968 1959 Volusianum
1990 1935 2016 1959 in
2035 1934 2155 1966 epistola.

1500 1970 1526 2002 o)
1546 1970 1707 1995 incredibile.
1719 1984 1738 1988 —
1757 1970 1813 1994 Fsc
1832 1975 1857 1994 et
1875 1970 1948 1994 tertia
1967 1969 2043 2002 (ergo
2062 1978 2115 1995 om.
2134 1969 2284 2003 editiones);
2304 1970 2443 2000 credibile;
2463 1978 2509 2002 pro

1447 2009 1484 2035 ut,
1505 2009 1534 2030 ut
1553 2006 1577 2030 si
1596 2006 1623 2035 F,
1643 2006 1666 2030 si
1684 2005 1765 2030 tertia.

1001 2156 1334 2190 commentaria
1357 2155 1609 2187 Cardinalis
1633 2155 1834 2187 Caietam

333 2247 376 2308 [N
399 2237 493 2267 titulo
509 2237 604 2276 primi
620 2236 743 2266 articuli
766 2236 886 2276 primae
904 2236 1109 2276 quaestionis,
1133 2241 1211 2264 nota
1227 2234 1309 2265 duos
1329 2240 1390 2265 ter-

371 2281 493 2310 minos:
517 2280 637 2310 scilicet
660 2280 692 2319 ly
715 2279 893 2316 incarnari,
912 2285 942 2310 et
966 2280 998 2320 ly
1021 2280 1222 2310 conveniens.
1252 2279 1334 2308 Nam
1359 2279 1391 2319 ly

326 2324 497 2355 incarnari
511 2325 583 2364 plus
600 2322 755 2362 significat
771 2333 868 2363 quam
886 2325 1049 2363 exprimat.
1070 2323 1215 2362 Explicat
1233 2322 1391 2362 siquidem

325 2369 404 2398 nihil
428 2368 515 2398 aliud
538 2377 636 2408 quam
659 2376 789 2397 carnem
813 2377 984 2403 assumere,
1004 2367 1055 2397 vel
1079 2376 1208 2397 carnem
1222 2367 1323 2408 fieri:
1352 2367 1392 2396 si-

326 2412 456 2452 gnificat
471 2417 580 2442 autem
595 2411 754 2441 hominem
767 2412 850 2452 fieri
866 2412 961 2441 etiam
984 2411 1158 2442 secundum
1182 2420 1322 2441 carnem.
1348 2411 1392 2440 Ita

328 2456 418 2496 quod
441 2465 529 2491 cam,
554 2461 590 2486 ut
613 2454 742 2485 infimus
766 2456 930 2491 terminus,
948 2455 1106 2495 quidquid
1129 2455 1268 2485 nobilius
1291 2460 1337 2485 est
1359 2455 1393 2484 in

327 2500 461 2530 homine
479 2499 658 2529 concludit:
683 2504 723 2534 et,
737 2504 772 2528 ut
788 2500 842 2534 sic,
856 2499 1042 2529 denominat
1058 2505 1202 2529 naturam
1219 2499 1393 2529 humanam

327 2545 493 2583 integram.
509 2543 593 2573 Nam
609 2543 635 2573 si
650 2543 738 2573 Deus
754 2553 857 2583 usque
874 2543 954 2573 adeo
970 2544 1170 2583 semetipsum
1187 2543 1367 2573 exinanivit
1377 2544 1394 2559 ἥ

329 2593 366 2617 ut
388 2587 616 2617 convenienter
639 2596 712 2617 caro
736 2586 826 2617 fieret
849 2587 999 2622 humana,
1024 2588 1127 2617 multo
1151 2588 1251 2626 magis
1276 2596 1394 2617 conve-

329 2632 420 2661 niens
444 2636 491 2661 est
514 2630 604 2670 quod
626 2631 665 2660 sit
681 2630 782 2661 factus
806 2632 906 2661 homo
930 2631 1108 2661 secundum
1133 2632 1271 2660 animam
1288 2637 1319 2661 et
1334 2631 1394 2660 hu-

329 2675 515 2705 manitatem
538 2675 702 2714 integram.
728 2675 842 2705 Merito
859 2680 966 2705 autem
989 2675 1131 2714 theologi
1156 2675 1238 2704 hanc
1255 2675 1394 2705 divinam
1419 2686 1420 2698 π

331 2719 580 2749 exinanitionem
596 2718 754 2748 vocabulo
778 2719 1013 2749 incarnationis
1033 2719 1228 2758 significant:
1254 2720 1328 2758 quia
1345 2719 1395 2748 Io-

331 2772 429 2793 annes
445 2762 655 2801 Evangelista‚
680 2767 811 2801 propter
827 2763 943 2793 dictam
967 2764 1133 2798 rationem,
1152 2763 1267 2793 eodem
1284 2762 1395 2793 docuit

330 2806 500 2841 vocabulo,
521 2805 646 2835 dicens:
669 2805 714 2835 Et
739 2805 874 2836 Verbum
897 2816 974 2837 caro
989 2808 1120 2848 factum
1144 2812 1191 2837 est
1205 2808 1231 2836 ὓ.

386 2851 435 2890 Ly
458 2850 666 2884 conveniens,
691 2859 767 2879 cum
789 2859 823 2880 se
846 2851 960 2880 habeat
982 2851 1022 2881 ad
1045 2851 1198 2891 possibile
1231 2857 1266 2881 ut
1289 2851 1395 2880 minus

331 2904 506 2925 commune
531 2893 570 2923 ad
593 2894 692 2932 magis
716 2903 900 2929 commune,
925 2894 1043 2924 claudit
1065 2896 1099 2924 in
1122 2904 1155 2924 se
1181 2895 1335 2934 possibile
1366 2900 1396 2924 et

332 2938 418 2968 addit
438 2947 533 2978 super
548 2936 643 2967 illud:
669 2946 766 2967 omne
782 2937 940 2977 siquidem
961 2940 1155 2969 conveniens
1172 2945 1218 2968 est
1234 2939 1394 2978 possibile,
1420 2954 1422 2959 v

332 2982 388 3012 sed
411 2992 478 3012 non
502 2991 519 3011 e
544 2986 668 3015 contra,
694 2986 729 3010 ut
753 2986 839 3020 patet
862 2981 901 3011 de
924 2983 1090 3018 monstris;
1123 2988 1169 3012 est
1193 2983 1279 3012 enim
1302 2992 1396 3012 mon·
1420 2997 1422 3008 ι

332 3032 432 3056 strum
454 3025 615 3065 possibile,
641 3024 695 3054 sed
719 3034 786 3054 non
803 3029 849 3054 est
865 3026 1069 3055 conveniens.
1095 3025 1180 3056 Cum
1205 3026 1395 3056 conclusum
1421 3040 1422 3044 ¹

331 3070 427 3109 igitur
450 3069 544 3099 fuerit
568 3068 658 3108 quod
682 3069 786 3098 Deum
817 3069 972 3098 incarnari
996 3075 1042 3099 est
1066 3071 1277 3105 conveniens,
1302 3080 1396 3100 mon-

333 3119 465 3143 stratum
489 3114 547 3143 erit
570 3113 664 3142 simul
689 3112 777 3151 quod
802 3117 847 3141 est
870 3112 1030 3151 possibile.

398 3158 530 3193 Rursus,
555 3157 581 3186 si
604 3157 799 3195 perspexeris
816 3155 905 3195 quod
922 3156 953 3196 ly
969 3157 1160 3186 conveniens
1181 3158 1301 3197 absque
1318 3167 1396 3197 qua-

334 3210 474 3241 cumque
499 3200 761 3231 determinatione
791 3201 824 3229 in
848 3200 910 3229 hoc
939 3201 1031 3230 titulo
1056 3201 1203 3239 ponitur,
1228 3201 1305 3231 dum
1329 3211 1395 3230 non

334 3245 507 3285 apponitur
529 3244 635 3284 aliqua
658 3244 814 3279 limitatio,
838 3249 924 3282 puta,
950 3243 992 3273 ad
1014 3244 1075 3273 lzoc
1098 3245 1148 3274 vel
1170 3244 1260 3280 illud,
1284 3254 1396 3274 secun-

334 3288 410 3318 dum
432 3289 516 3318 hanc
531 3289 582 3319 vel
605 3289 694 3318 illam
718 3288 885 3323 rationem,
905 3293 958 3317 aut
981 3287 1101 3327 aliquid
1123 3288 1326 3323 huiusmodi3
1351 3289 1396 3317 vi-

336 3332 423 3362 debis
447 3331 537 3371 quod
560 3332 704 3372 quaestio
729 3341 876 3371 praesens
901 3331 939 3361 de
964 3332 1185 3361 convenientia
1208 3332 1397 3361 incarnatio-

334 3377 394 3412 nis,
418 3385 485 3406 non
506 3375 546 3406 ad
568 3376 655 3406 hunc
678 3376 727 3405 vel
751 3376 841 3405 illurn
874 3375 971 3405 finem
1003 3381 1057 3404 aut
1081 3374 1240 3411 effectum,
1265 3375 1319 3405 sed
1343 3376 1396 3404 ab-

336 3419 440 3450 solute
464 3425 519 3450 est.
555 3420 596 3450 Et
618 3424 787 3459 propterea
816 3429 853 3449 ex
876 3420 1011 3459 propriis
1035 3419 1095 3449 Dei
1119 3424 1150 3448 et
1172 3420 1396 3449 incarnationis

336 3463 482 3493 absolute
509 3463 683 3494 decidenda
714 3469 760 3492 est
792 3464 936 3503 quaestio
966 3464 1033 3492 ista.
1070 3462 1171 3493 Cuius
1194 3472 1304 3493 sensus
1329 3469 1394 3493 est:

335 3508 385 3536 An
409 3507 514 3537 Deum
526 3508 608 3548 fieri
631 3507 799 3542 hominem,
817 3508 911 3537 etiam
935 3506 1107 3537 secundum
1132 3516 1270 3543 carnem,
1286 3507 1397 3548 fuerit

336 3559 534 3581 conveniens.

1499 2235 1536 2264 11.
1562 2234 1597 2264 In
1614 2234 1730 2264 eodem
1753 2235 1846 2264 titulo
1864 2235 1957 2274 primi
1974 2236 2096 2265 articuli
2113 2235 2247 2266 dubium
2267 2238 2415 2273 occurrit,
2434 2239 2508 2278 quia

1444 2279 1568 2308 Auctor
1591 2278 1716 2308 videtur
1738 2279 1918 2318 incoepisse
1946 2279 2099 2309 saltando.
2135 2280 2217 2309 Nam
2241 2286 2313 2310 ante
2341 2282 2437 2311 istum
2461 2292 2509 2311 ar-

1445 2323 1581 2352 ticulum
1605 2322 1739 2352 debebat
1761 2323 1880 2362 inquiri
1910 2333 1950 2352 an
1979 2323 2084 2353 Deum
2107 2324 2263 2353 incarnari
2286 2325 2325 2354 sit
2347 2326 2507 2364 possibile.

1445 2367 1532 2396 Tum
1557 2367 1632 2406 quia
1648 2367 1705 2396 ista
1722 2367 1866 2406 quaestio
1890 2376 1957 2396 non
1977 2366 2070 2396 debet
2093 2367 2267 2397 indiscussa
2284 2369 2429 2408 relinqui,
2453 2369 2509 2399 sed

1445 2411 1478 2440 in
1502 2411 1633 2450 proprio
1658 2411 1731 2440 loco
1749 2411 1881 2440 tractari.
1908 2410 2042 2441 Constat
2065 2417 2171 2441 autem
2189 2411 2342 2451 possibile
2366 2423 2433 2443 esse
2453 2423 2509 2443 na-

1445 2454 1587 2484 turaliter
1609 2455 1697 2494 prius
1721 2464 1819 2494 quarn
1842 2455 2054 2485 conveniens:
2078 2464 2153 2484 cum
2177 2456 2215 2485 sit
2239 2457 2453 2492 communius,
2479 2463 2510 2487 et

1446 2499 1558 2528 innata
1582 2499 1624 2528 sit
1646 2499 1736 2528 nobis
1760 2499 1812 2528 via
1836 2508 1876 2528 ex
1900 2499 2171 2529 communioribus
2188 2500 2394 2539 procedendi,
2411 2507 2447 2530 ut
2463 2501 2508 2531 di-

1448 2544 1528 2572 citur
1543 2543 1576 2572 in
1593 2543 1605 2572 I
1622 2543 1749 2582 Physic.
1766 2543 1782 2558 ᾗ
1798 2561 1820 2564 —
1843 2543 1929 2572 Tum
1947 2544 2022 2582 quia
2037 2543 2160 2573 Auctor
2176 2544 2253 2582 ipse,
2270 2553 2337 2573 non
2362 2545 2458 2581 solus,
2475 2546 2508 2575 in

1447 2587 1604 2627 principio
1630 2587 1671 2616 III
1687 2587 1773 2616 Sent.
1790 2588 1816 2622 ff,
1833 2587 1963 2616 inchoat
1987 2597 2003 2616 a
2027 2587 2242 2626 possibilitate.
2269 2587 2334 2618 Cur
2351 2598 2425 2628 ergo
2442 2599 2509 2619 non

1447 2631 1521 2661 inde
1545 2631 1688 2670 incoepit
1711 2631 1743 2660 in
1768 2631 1831 2660 hoc
1855 2629 1973 2670 opere?

1502 2674 1553 2704 Ad
1577 2675 1639 2704 hoc
1664 2675 1778 2704 dicitur
1795 2675 1893 2714 quod,
1918 2676 1993 2714 quia
2017 2675 2103 2705 nulla
2126 2675 2255 2705 scientia
2279 2677 2392 2715 probat
2415 2687 2509 2707 suum

1447 2719 1639 2754 subiectum,
1664 2718 1719 2748 sed
1742 2719 1896 2758 supponit
1919 2718 2006 2753 illud,
2031 2725 2067 2748 ut
2090 2725 2175 2758 patet
2198 2720 2230 2749 in
2248 2720 2259 2749 I
2275 2721 2397 2750 Poster.
2415 2722 2447 2756 *3
2480 2727 2510 2751 et
2537 2724 2546 2732 ¹

1447 2763 1542 2792 huius
1572 2763 1658 2792 Libri
1688 2763 1868 2792 subiectum
1892 2764 2058 2802 proprium
2083 2769 2129 2793 est
2153 2763 2237 2793 Iesus
2263 2763 2422 2800 Christus,
2448 2765 2510 2795 hoc

1449 2812 1504 2841 est,
1522 2808 1610 2837 Deus
1634 2807 1830 2836 incarnatus:
1855 2807 1928 2837 ideo
1953 2817 2000 2836 ars
2025 2808 2092 2846 ipsa
2116 2808 2217 2846 exegit
2238 2813 2273 2836 ut
2289 2818 2354 2837 non
2379 2818 2510 2848 quaere-

1449 2856 1534 2880 retur
1558 2851 1608 2881 hic
1625 2861 1665 2880 an
1682 2851 1832 2890 possibile
1856 2851 1894 2880 sit
1911 2852 2015 2881 Deum
2040 2852 2209 2887 incarnari3
2234 2852 2297 2881 hoc
2322 2853 2406 2882 enim
2431 2859 2511 2883 esset

1449 2895 1582 2924 Librum
1603 2896 1699 2925 istum
1715 2904 1782 2924 non
1805 2904 2064 2935 praesupponere
2082 2896 2186 2925 Deum
2210 2896 2417 2926 incarnatum.
2442 2898 2510 2927 Nec

1449 2944 1555 2968 tamen
1580 2939 1714 2968 omnino
1739 2939 1913 2968 indiscussa
1938 2939 2092 2969 dubitatio
2116 2940 2193 2969 haec
2217 2940 2323 2969 relicta
2347 2947 2408 2970 est:
2444 2941 2508 2975 sed,

1449 2982 1613 3012 tractando
1631 2983 1887 3012 convenientiam
1912 2984 2135 3012 incarnationis
2160 2993 2196 3013 ex
2212 2976 2330 3013 naturis
2355 2990 2510 3015 extremo-

1449 3036 1530 3061 rum,
1556 3026 1675 3056 scilicet
1699 3027 1758 3056 Dei
1782 3032 1813 3056 et
1828 3027 1986 3056 humanae
2007 3033 2147 3063 naturae,
2172 3028 2253 3057 utin
2270 3028 2328 3058 hac
2348 3028 2448 3058 littera
2464 3029 2508 3064 fit,

1421 3091 1422 3112 l
1450 3070 1627 3100 excluditur
1650 3070 1886 3110 impossibilitas
1910 3071 2151 3106 incarnationis,
2177 3077 2207 3101 et
2230 3071 2447 3102 manifestatur
2470 3074 2510 3102 si-

1449 3114 1526 3149 mul,
1545 3119 1580 3143 ut
1596 3114 1717 3143 dictum
1742 3119 1788 3143 est
1804 3115 1829 3149 ’ἢ
1856 3115 2078 3144 convenientia
2102 3116 2260 3151 eiusdem;
2285 3116 2326 3145 ita
2343 3117 2431 3155 quod
2451 3118 2508 3147 sub

1449 3158 1542 3188 titulo
1567 3158 1808 3187 convenientiae
1833 3158 2026 3188 satisfactum
2051 3165 2097 3188 est
2127 3165 2157 3189 et
2181 3161 2328 3189 materiae
2350 3160 2388 3190 de
2408 3162 2509 3199 possi-

1449 3202 1567 3231 bilitate
1591 3202 1826 3237 incarnationis,
1851 3207 1882 3232 et
1906 3203 1962 3232 arti
1986 3202 2190 3242 procedendi.

1505 3245 1603 3282 Quod
1632 3251 1739 3276 autem
1762 3246 1794 3275 in
1819 3246 1859 3275 III
1883 3246 1969 3276 Sent.
1998 3247 2121 3276 Auctor
2150 3248 2344 3278 inchoaverit
2368 3258 2384 3277 a
2408 3250 2508 3288 possi-

1449 3289 1578 3323 bilitate,
1602 3298 1668 3318 non
1686 3290 1789 3319 obstat
1813 3291 1991 3329 proposito.
2018 3290 2101 3327 Quia
2125 3292 2157 3320 in
2174 3292 2228 3321 illo
2247 3301 2342 3331 opere
2362 3302 2427 3322 non
2445 3299 2509 3322 erat

1449 3333 1517 3372 ipse
1542 3332 1704 3362 ordinator
1720 3333 1891 3369 doctrinae,
1910 3334 1974 3369 sed,
1992 3340 2027 3364 ut
2045 3341 2286 3371 commentator,
2308 3337 2509 3375 quaestiones

1451 3382 1647 3415 emergentes
1677 3378 1844 3407 movebat:
1880 3379 1931 3408 hic
1955 3384 2062 3408 autem
2093 3379 2159 3418 ipse
2183 3385 2293 3409 auctor
2317 3385 2362 3409 est
2391 3380 2508 3410 ordinis

1451 3420 1629 3456 doctrinae,
1656 3427 1686 3450 et
1709 3421 1792 3456 ideo,
1818 3421 1985 3452 artificiose
2009 3422 2201 3461 procedens,
2227 3424 2378 3463 supponit
2403 3424 2507 3454 Deum

1451 3465 1659 3498 incarnatum,
1685 3470 1715 3494 et
1739 3466 1861 3504 quaerit
1885 3466 1923 3495 de
1947 3466 2029 3495 illius
2054 3467 2283 3496 convenientia.

1507 3508 1557 3537 III.
1583 3508 1617 3538 In
1634 3518 1769 3548 corpore
1787 3509 1928 3539 eiusdem
1945 3510 2037 3549 primi
2062 3510 2181 3540 articuli
2199 3511 2292 3541 unica
2313 3517 2358 3541 est
2378 3512 2507 3541 conclu-

1422 3576 1424 3587 ,
1453 3552 1500 3582 5ἰο
1525 3553 1707 3591 responsiva
1731 3554 1891 3592 quaesito:
1919 3554 2117 3583 Conveniens
2124 3554 2197 3595 fuit
2211 3555 2313 3592 Deum
2331 3556 2506 3585 incarnari.

2602 1019 2743 1080 cxixxvn,

2529 1055 2608 1107 ἑΙξΞΙῖΙ,
2624 1085 2675 1107 cap.
2689 1085 2714 1100 ιι.

2536 2548 2545 2558 ⁸
2561 2547 2618 2574 Cap.
2634 2553 2649 2571 1,
2666 2554 2688 2568 n.
2702 2553 2724 2568 2.
2736 2558 2746 2563 -

2536 2574 2560 2595 S.
2576 2574 2619 2595 Th.
2636 2575 2687 2595 lect.
2704 2580 2720 2595 ι.

2537 2603 2545 2611 ”
2563 2601 2621 2622 Dist.
2639 2606 2653 2627 1,
2677 2606 2714 2627 qu.
2731 2605 2748 2626 1,

2537 2630 2578 2648 art.
2596 2634 2613 2648 ι.

2568 2723 2624 2750 Cap.
2646 2729 2669 2747 x,
2691 2728 2713 2743 n.
2732 2728 2744 2748 4

2537 2749 2747 2777 sqq.-S.Tn.1ecx.

2536 2782 2600 2797 XV111.

2536 3121 2545 3131 ¹·
2562 3121 2630 3141 Num.
2641 3119 2746 3147 praeced.
