2872 3970
116 398 142 433 ⁴¹
153 429 162 434 '-
175 428 194 439 ··
220 415 434 456 grinationem
449 415 476 444 *.
491 432 515 436 —

915 293 1177 339 QUAESTIO
1206 295 1305 342 LIII,
1334 295 1626 333 ARTICULUS
1654 297 1704 333 IV

221 372 332 412 quitur
354 370 394 401 de
417 370 544 401 caelesti
566 370 667 410 patria
688 375 726 400 ut
747 369 950 410 distinguitur
968 377 1079 401 contra
1100 373 1170 402 viae
1192 382 1283 412 pere-

537 414 578 444 Et
600 419 707 454 potest
729 414 937 444 nihilominus
962 414 1024 445 dici
1043 415 1132 455 quod
1150 417 1283 446 verbum

220 457 371 501 Apostoli
397 462 444 488 est
469 457 616 498 generale
649 457 688 488 ad
719 458 826 488 Patres
849 458 962 488 veteris
985 458 1192 490 Testamenti.
1221 460 1283 490 Ve-

125 516 158 549 ⁴⁴.
221 502 305 534 rituti
328 507 436 533 autem
459 501 586 541 regulae
617 501 772 542 generalis
803 511 872 532 non
900 501 1080 533 adversatur
1106 513 1284 543 paucorum

2315 300 2388 347 507

1339 375 1484 413 exceptio
1509 383 1546 404 ex
1569 374 1697 414 speciali
1721 376 1829 414 gratia.
1852 394 1874 397 —
1897 376 2005 406 Potest
2036 381 2067 406 et
2093 378 2185 407 tertio
2218 377 2280 408 dici
2304 377 2392 417 quod

1338 417 1383 447 illi
1406 418 1462 457 qui
1485 417 1624 457 perfecte
1647 425 1848 449 surrexerunt
1875 429 1949 450 cum
1973 420 2115 455 Christo,
2139 430 2206 451 non
2229 427 2302 451 sunt
2324 422 2393 452 sine

1339 461 1430 491 nobis
1453 462 1673 498 consummati,
1691 463 1765 502 quia
1780 469 1889 493 nostro
1913 469 2057 503 tempore
2073 470 2146 494 sunt
2162 466 2390 495 consummati:

1338 504 1457 535 scilicet
1480 510 1625 546 tempore
1649 506 1802 536 revelatae
1825 508 1940 546 gratiae
1963 513 1995 537 et
2018 508 2182 538 inchoatae
2205 509 2333 548 gloriae.

1000 667 1319 710 ARTICULUS
1348 665 1622 718 QUARTUS

673 757 831 789 UTRUM
855 757 1068 789 CHRISTUS
1091 759 1250 790 FUERIT
1275 759 1417 790 CAUSA
1440 760 1550 791 SUAE
1573 761 1944 794 RESURRECTIONIS

363 837 393 863 In
414 837 508 870 Symb.
525 837 628 868 Apost..
648 840 696 862 art.
717 822 750 867 53*
767 836 797 860 In
816 836 915 861 PsaIm.
933 836 998 867 XL,·
1019 837 1048 861 ln
1069 837 1150 867 Ioan„
1166 845 1221 869 cap.
1239 845 1267 868 u,
1286 837 1344 862 lect.
1362 844 1406 867 1¹¹3
1423 838 1467 862 Aa
1485 838 1572 868 Rom„
1592 846 1646 871 cap.
1664 847 1697 868 ιν,
1717 840 1774 864 lect.
1793 847 1835 871 1115
1854 841 1862 865 l
1881 841 1917 865 ad
1938 841 2007 871 Cor„
2023 849 2076 874 cap.
2095 850 2134 872 xv,
2150 843 2206 868 lect.
2226 851 2251 868 11.

262 967 282 974 ..
307 942 323 965 ει
357 946 410 994 53<
431 937 454 962 D
474 936 647 967 QUARTUM
666 936 718 961 s1c
738 936 973 962 PROCEDlTUR.
996 924 1157 962 Videtur
1175 925 1283 974 quod

250 970 258 984 '
273 975 297 1028 'J'
353 966 403 1037 {55³⁴
434 977 609 1017 Christus
636 989 717 1014 non
744 977 855 1014 fuerit
891 989 1007 1015 causa
1034 990 1126 1014 suae
1161 990 1282 1015 resur-

244 1064 249 1068 ,
371 1014 421 1069 Υς
433 1029 623 1068 rectionis.
662 1029 912 1080 Quicumque
949 1029 1053 1067 enim
1084 1030 1284 1068 suscitatur

151 1116 173 1131 ‹—
245 1068 374 1117 2³³³&
391 1075 482 1120 Xsab
521 1082 616 1130 alio,
654 1095 735 1120 non
772 1090 828 1119 est
865 1095 956 1119 suae
998 1082 1284 1120 resurrectionis

133 1156 147 1178 g
167 1131 183 1137 '¹
222 1146 349 1173 causa.
389 1135 466 1172 Sed
496 1135 670 1173 Christus
707 1143 762 1172 est
790 1135 990 1172 suscitatus
1023 1135 1071 1172 ab
1100 1135 1191 1172 alio:
1231 1147 1284 1172 se-

143 1204 146 1211 “
223 1187 398 1225 cundum
425 1187 518 1225 illud
545 1189 626 1225 Act.
642 1201 664 1225 11
681 1188 719 1225 *t
755 1189 874 1231 Quem
893 1189 996 1225 Deus
1012 1190 1207 1235 suscitavit,
1227 1200 1284 1225 so-

223 1241 306 1278 lutis
332 1240 521 1278 doloribus
549 1242 706 1290 inferni;
733 1249 770 1278 et
796 1242 907 1278 Rom.
927 1239 1039 1277 vi11*:
1076 1241 1149 1283 Qui
1174 1242 1284 1277 susci-

223 1295 311 1332 tavit
337 1293 462 1330 Iesum
485 1294 670 1331 Christum
693 1306 717 1331 a
735 1295 901 1339 mortuis,
920 1294 1170 1341 vimficahitet
1187 1305 1286 1331 mor-

223 1345 312 1384 talia
339 1358 501 1395 corpora
530 1352 668 1392 nostra,
698 1354 766 1383 etc.
796 1347 898 1394 Ergo
928 1345 1102 1383 Christus
1122 1358 1203 1382 non
1231 1353 1287 1382 est

224 1411 341 1437 causa
367 1411 459 1436 suae
488 1398 787 1436 resurrectionis.

279 1463 317 1489 2.
344 1449 583 1512 Primam,
611 1453 740 1490 nullus
777 1451 916 1490 dicitur
951 1451 1110 1496 mereri,
1140 1452 1202 1488 vel
1238 1450 1286 1487 ab

225 1490 310 1552 alio
326 1504 430 1554 petit,
451 1504 596 1554 aliquid
622 1504 733 1542 cuius
752 1505 834 1555 ipse
853 1513 909 1542 est
927 1516 1053 1541 causa.
1083 1504 1160 1541 Sed
1181 1503 1287 1540 Chri-

225 1565 305 1610 stus
333 1569 403 1595 sua
428 1557 608 1607 passione
645 1557 786 1595 meruit
813 1556 1153 1595 resurrectionem.
1192 1556 1288 1593 sicut

225 1600 462 1672 Augustinus
489 1610 601 1656 dicit,
629 1623 740 1661 super
766 1613 874 1648 Ioan.
894 1610 915 1631 ’¹‘
922 1609 1069 1658 ,quod
1103 1609 1288 1646 humilitas

219 1665 405 1723 passionis
431 1665 602 1700 meritum
631 1670 682 1700 est
707 1664 855 1714 gloriae
882 1663 1168 1700 resurrectionis.
1205 1663 1287 1711 Ipse

226 1715 342 1754 etiam
375 1715 468 1765 petit
495 1721 512 1738 ‘²
540 1728 562 1753 a
590 1717 700 1753 Patre
735 1729 775 1753 se
804 1714 1037 1753 resuscitari:
1072 1714 1288 1751 secundum

191 1783 198 1791 ·
226 1769 320 1807 illud
348 1769 491 1806 Psalmi
509 1769 544 1806 *ε
579 1771 635 1807 Tu
663 1775 798 1815 autem,
818 1769 992 1814 Domine,
1012 1769 1189 1804 miserere
1215 1768 1291 1804 mei

227 1827 260 1871 et
279 1823 452 1860 resuscita
471 1834 541 1859 me.
562 1822 663 1870 Ergo
685 1821 858 1858 Christus
877 1833 958 1858 non
975 1819 1044 1857 fuit
1063 1832 1178 1857 causa
1197 1831 1288 1856 suae

227 1874 524 1912 resurrectionis.

231 1965 232 1968 ,
283 1927 318 1966 3.
347 1928 588 1974 PRAETEREA,
619 1926 717 1964 sicut
753 1927 1018 1963 Damascenus
1054 1925 1211 1974 probat,
1250 1923 1290 1960 in

185 1997 201 2030 ·ς
227 1971 277 2027 IV
305 1979 402 2018 libro
421 1980 459 2026 *,
474 1978 714 2016 resurrectio
743 1990 823 2015 non
851 1986 906 2015 est
925 1978 1088 2024 animae,
1113 1977 1180 2014 sed
1208 1988 1290 2013 cor-

227 2029 344 2083 porIS,
373 2009 482 2083 quo'd
508 2044 578 2082 per
596 2030 612 2062 β
638 2039 806 2069 mortem
833 2030 943 2068 eadit.
980 2030 1132 2079 Corpus
1160 2036 1290 2066 autem

228 2097 311 2130 ιιοιι-
335 2085 461 2136 potuit
488 2084 559 2122 sibi
587 2084 759 2122 animam
786 2083 908 2128 unire,
937 2095 1038 2132 quae
1064 2090 1120 2119 est
1148 2093 1195 2118 eo
1223 2093 1289 2118 no-

228 2135 352 2181 bilior.
391 2139 493 2187 Ergo
522 2137 562 2174 id
589 2137 696 2187 quod
724 2135 927 2173 resurrexit
953 2135 993 2172 in
1022 2134 1186 2180 Christo,
1211 2145 1291 2170 non

121 2199 144 2223 2<
159 2220 171 2230 s.
228 2187 353 2245 potuit
380 2203 463 2228 esse
490 2203 607 2228 causa
634 2202 726 2227 suae
759 2187 1058 2226 resurrectionis.

284 2243 359 2287 Sim
379 2249 524 2281 CONTRA
542 2255 608 2280 Ε5τ
631 2243 738 2292 quod
757 2241 952 2279 Dominus
974 2240 1074 2287 dicit,
1094 2241 1197 2277 Ioan.
1213 2238 1290 2276 x*:

229 2296 355 2351 Nemo
382 2297 472 2338 tollit
499 2297 666 2334 animam
695 2307 818 2332 meam
846 2307 870 2331 a
897 2306 978 2331 me.-
1003 2293 1068 2330 sed
1093 2304 1165 2342 ego
1188 2303 1292 2342 pono

231 2360 327 2401 eam,
347 2355 381 2387 et
398 2351 531 2388 iterum
558 2361 664 2386 sumo
693 2360 787 2385 eam.
818 2347 895 2385 Sed
914 2346 1009 2383 nihil
1035 2353 1091 2382 est
1113 2344 1217 2382 aliud
1236 2356 1292 2380 re-

231 2414 386 2452 surgere
412 2414 533 2452 quam
560 2401 692 2439 iterato
721 2400 894 2438 animam
921 2411 1086 2436 sumere.
1116 2398 1218 2445 Ergo
1238 2396 1293 2433 vi-

231 2455 344 2498 detur
369 2455 479 2505 quod
507 2454 681 2492 Christus
707 2452 864 2503 propria
882 2452 1020 2490 virtute
1049 2449 1252 2487 resurrexit
1265 2454 1292 2485 ἵ.

283 2508 509 2547 ΒΕΒΡοιιῡεο
528 2519 710 2545 monimum
729 2505 849 2555 quod,
869 2505 966 2543 sicut
984 2503 1129 2553 supra*
1147 2501 1294 2539 dictum

284 2640 322 2675 α).
331 2641 415 2669 niam
436 2640 515 2674 petit.
531 2655 551 2660 -
567 2643 657 2666 autem
673 2640 743 2672 petit
759 2639 847 2669 FHbc,
861 2638 932 2671 petit
945 2637 1062 2670 BCDpE,
1076 2636 1156 2662 etiam
1171 2635 1253 2668 petiit
1266 2634 1294 2660 Ρ.

285 2675 302 2718 β
326 2684 418 2710 pen-
397 2677 504 2708 -Psffl
517 2680 593 2709 post.
605 2676 646 2702 cf.
658 2681 706 2702 art.
721 2682 732 2700 ι
748 2683 770 2701 ε.
781 2675 862 2700 P-ro
873 2674 972 2706 potuit,
983 2675 1073 2707 potest
1085 2672 1109 2697 G
1121 2677 1147 2696 et
1160 2672 1295 2697 editiones.

256 2706 260 2719 ‘
285 2676 318 2746 ’γὲ
331 2711 494 2738 resurrexit.
509 2725 529 2731 —
547 2711 615 2743 H1a3
634 2719 686 2737 non
705 2710 828 2737 surrexit
846 2709 941 2742 ACpD,
959 2708 1082 2734 surrexit
1099 2707 1190 2738 BEsD,
1207 2714 1296 2733 resur-

233 2747 343 2775 rexerit
355 2747 414 2773 1⁷13
412 2752 447 2773 et
461 2747 600 2773 editiones.

1338 933 1404 973 est,
1426 938 1495 975 per
1522 934 1688 964 mortem
1716 939 1796 964 non
1824 928 1892 965 fuit
1920 937 2091 978 separata
2118 930 2295 968 divinitas
2323 944 2394 970 nec

1339 979 1386 1015 ab
1406 979 1535 1016 anima
1556 979 1706 1026 Christi,
1727 993 1799 1017 nec
1818 981 1865 1018 ab
1885 981 1967 1018 eius
1985 994 2109 1018 carne.
2139 983 2266 1020 Potest
2284 984 2396 1032 igitur

1338 1038 1418 1068 tam
1445 1031 1575 1068 anima
1595 1032 1733 1069 Christi
1762 1033 1914 1080 mortui,
1935 1046 2055 1083 quam
2082 1034 2164 1071 eius
2183 1048 2283 1082 caro,
2303 1049 2394 1074 con-

1339 1082 1496 1123 siderari
1524 1085 1742 1133 dupliciter:
1772 1098 1852 1122 uno
1881 1087 2021 1133 modo,
2051 1087 2196 1124 ratione
2223 1089 2395 1126 divinita-

1339 1135 1404 1179 tis;
1443 1136 1516 1173 alio
1545 1137 1686 1183 modo,
1716 1137 1860 1174 ratione
1888 1138 2006 1187 ipsius
2044 1147 2199 1176 naturae
2237 1150 2393 1179 creatae.

1341 1189 1567 1226 Secundum
1604 1189 1715 1237 igitur
1742 1190 1869 1227 unitae
1902 1191 2106 1228 divinitatis
2133 1192 2330 1240 virtutem,
2360 1203 2396 1231 et

1341 1253 1483 1290 corpus
1510 1242 1714 1290 resumpsit
1742 1243 1924 1289 animam,
1945 1256 2063 1292 quam
2083 1245 2332 1293 deposuerat;
2361 1255 2397 1283 et

1341 1292 1470 1330 anima
1490 1295 1694 1343 resumpsit
1712 1307 1864 1343 corpus,
1880 1296 1985 1344 quod
2006 1296 2235 1334 dimiser.at
2211 1297 2224 1319 ὃ
2256 1300 2303 1335 Ει
2323 1300 2397 1335 hoc

1342 1353 1396 1382 est
1424 1347 1530 1395 quod
1559 1347 1606 1383 de
1636 1347 1787 1384 Christo
1816 1348 1952 1384 dicitur
1975 1349 2004 1385 II
2027 1351 2113 1386 Cor.
2134 1350 2238 1394 ult*
2241 1380 2249 1396 ,
2279 1353 2395 1399 quod,

1342 1400 1408 1435 etsi
1432 1401 1633 1446 crucifixus
1661 1406 1711 1437 est
1738 1413 1787 1438 ex
1814 1403 2025 1448 infirmitate
2053 1408 2194 1448 nostra,
2223 1405 2288 1440 sed
2311 1406 2398 1441 vivit

1341 1463 1391 1488 ex
1416 1453 1548 1488 virtute
1574 1453 1655 1489 Dei.

1396 1503 1436 1540 Si
1477 1512 1606 1541 autem
1647 1505 1935 1543 consideremus
1976 1518 2116 1556 corpus
2154 1515 2189 1544 et
2228 1508 2397 1546 animam

1343 1555 1482 1593 Christi
1510 1557 1653 1600 mortui
1681 1559 1894 1595 secundum
1914 1558 2093 1596 virtutem
2121 1567 2282 1598 naturae
2296 1572 2397 1603 crea-

1342 1616 1414 1654 tae,
1444 1608 1496 1646 sic
1524 1621 1603 1646 non
1631 1618 1839 1659 potuerunt
1866 1611 1936 1648 sibi
1964 1611 2129 1649 invicem
2157 1610 2310 1661 reuniri,
2330 1615 2397 1651 sed

1344 1661 1512 1711 oportuit
1541 1662 1737 1700 Christum
1766 1664 1977 1701 resuscitari
2005 1677 2027 1701 a
2054 1665 2149 1702 Deo.

1396 1715 1453 1751 AD
1475 1727 1610 1752 PR1MUM
1636 1727 1733 1753 ERGO
1760 1729 1941 1754 DICENDUM
1969 1718 2075 1765 quod
2103 1718 2239 1754 eadem
2262 1727 2317 1755 est
2343 1719 2399 1756 di-

1343 1766 1434 1804 vina
1456 1766 1575 1804 virtus
1603 1776 1639 1804 et
1658 1769 1828 1817 operatio
1857 1769 1976 1806 Patris
1995 1777 2030 1806 et
2049 1769 2144 1806 Filii.
2174 1771 2284 1808 Unde
2304 1772 2399 1809 haec

1344 1819 1424 1856 duo
1453 1832 1534 1856 sese
1563 1829 1865 1869 consequuntur,
1885 1822 1991 1870 quod
2021 1822 2192 1859 Christus
2212 1823 2257 1859 sit
2284 1824 2399 1860 susci—

1343 1879 1443 1908 tatus
1471 1871 1601 1909 divina
1627 1873 1766 1909 virtute
1794 1873 1932 1919 Patris,
1961 1881 1997 1910 et
2025 1874 2083 1910 sui
2111 1875 2240 1923 ipsius.

1398 1925 1455 1960 An
1488 1936 1676 1961 SECUNDUM
1704 1937 1884 1962 DICENDUM
1922 1926 2028 1974 quod
2057 1926 2228 1964 Christus
2254 1929 2400 1965 orando

1345 1975 1450 2025 petiit
1485 1984 1522 2013 et
1553 1976 1693 2014 meruit
1729 1990 1839 2015 suam
1875 1979 2211 2026 resurrectionem,
2241 1979 2400 2029 inquan-

1346 2037 1427 2066 tum
1458 2029 1597 2065 homo:
1627 2041 1707 2066 non
1734 2038 1864 2067 autern
1893 2030 2123 2079 inquantum
2150 2032 2266 2069 Deus.

1342 2108 1344 2110 v
1399 2082 1455 2117 An
1483 2093 1640 2118 TERTmM
1672 2094 1852 2120 DICENDUM
1880 2084 1987 2131 quod
2015 2095 2154 2132 corpus
2186 2085 2401 2123 secundum

1346 2141 1523 2179 naturam
1551 2141 1717 2171 creatam
1740 2147 1820 2171 non
1846 2143 1901 2172 est
1919 2136 2111 2184 potentius
2138 2137 2267 2174 anima
2295 2137 2400 2174 Chri-

1347 2185 1407 2222 sti:
1447 2193 1502 2222 est
1528 2194 1656 2223 tamen
1685 2199 1730 2224 ea
1756 2188 1948 2236 potentius
1980 2189 2194 2225 secundum
2221 2189 2400 2227 virtutem

1347 2237 1528 2274 divinam.
1564 2239 1674 2284 Quae
1703 2239 1813 2276 etiam
1845 2252 1994 2287 rursuS,
2023 2241 2237 2278 secundum
2265 2241 2399 2278 divini—

1346 2298 1463 2327 tatem
1490 2291 1648 2337 unitam,
1669 2299 1724 2328 est
1750 2293 1941 2340 potentior
1959 2298 1971 2314 ⁸
1999 2305 2158 2342 corpore
2187 2294 2400 2332 secundum

1347 2351 1524 2380 naturam
1561 2351 1736 2381 creatam.
1776 2346 1824 2381 Et
1851 2345 1937 2382 ideo
1974 2346 2188 2383 secundum
2221 2346 2400 2384 virtutem

1348 2395 1519 2432 divinam
1551 2408 1692 2445 corpus
1726 2405 1762 2433 et
1789 2396 1916 2434 anima
1951 2405 2087 2435 mutuo
2119 2411 2158 2435 se
2187 2411 2399 2448 resumpse-

1349 2456 1456 2485 runt:
1495 2460 1576 2485 non
1612 2457 1741 2486 autern
1779 2450 1992 2487 secundum
2028 2450 2207 2488 virtutem
2243 2459 2399 2489 naturae

1349 2508 1506 2538 creatae.

1400 2633 1425 2667 δ)
1445 2634 1593 2660 dimiserat.
1601 2649 1620 2654 -
1631 2635 1667 2660 Et
1677 2635 1714 2660 sic
1727 2635 1847 2660 Christus
1854 2635 1968 2668 propria
1981 2636 2079 2660 virtute
2093 2636 2241 2661 resurrexit
2254 2637 2348 2661 addunt
2361 2637 2400 2663 Pl.

1401 2670 1424 2704 ε)
1440 2670 1585 2702 potentior.
1602 2685 1621 2689 -
1639 2671 1695 2701 PF;
1711 2670 1854 2702 potentius.

907 2833 1240 2867 Commentaria
1262 2831 1514 2865 cardinalis
1536 2830 1734 2863 Caietani

295 2933 403 2955 nunus
426 2922 466 2954 de
489 2931 584 2954 causa
607 2921 750 2953 effectiva
773 2921 904 2962 quaerit.
929 2939 950 2944 -
980 2921 1015 2952 In
1044 2930 1179 2960 corpore
1203 2921 1296 2961 poni·
1322 2919 1325 2958 Ι
1351 2930 1389 2950 ex
1412 2919 1596 2949 auctoritate
1619 2917 1777 2957 Apostoli.
1802 2916 1947 2947 Secunda
1970 2916 2134 2946 conclusio
2158 2921 2221 2946 est.
2245 2915 2313 2946 Nec
2331 2916 2400 2946 ani-

295 2973 347 2998 tur
369 2976 435 2998 una
457 2964 617 2998 distinctio
641 2966 840 3002 bimembris,
868 2975 943 2996 cum
969 2964 1092 2995 duabus
1115 2964 1296 2995 conclusio-

235 3011 332 3043 nibus
340 3010 525 3042 secundum
539 3010 692 3041 membra.
716 3009 886 3040 Distinctio
903 3014 959 3040 est.
981 3008 1063 3038 Tam
1079 3009 1185 3038 anima
1199 3017 1296 3048 quam

146 3084 151 3091 ,
170 3073 174 3082 ι
198 3062 202 3065 ’
237 3062 311 3093 mro
334 3054 453 3086 Christi
474 3054 595 3085 mortui
617 3058 724 3094 potest
747 3053 940 3084 considered
963 3052 1148 3092 dupliciter:
1177 3051 1226 3081 vel
1250 3061 1297 3081 ra-

236 3098 326 3131 tione
347 3108 424 3130 suae
445 3103 591 3134 naturae3
610 3097 662 3128 vel
683 3097 807 3128 ratione
830 3095 953 3127 deitatis
976 3096 1176 3127 coniunctae.

291 3142 398 3174 Prima
419 3141 585 3172 conclusio
616 3147 676 3172 est.
711 3141 790 3171 Tam
812 3140 922 3171 anima
948 3148 1045 3180 quam
1074 3148 1152 3169 caro
1178 3138 1298 3169 Christi

238 3186 366 3218 ratione
381 3185 508 3216 deitatis
523 3185 670 3216 causavit
684 3185 785 3225 ipsam
801 3183 1078 3214 resurrectionem.
1091 3182 1132 3213 Et
1146 3182 1299 3223 probatur

1350 2973 1403 2994 ma
1427 2972 1484 2993 nec
1506 2971 1583 2992 caro
1603 2961 1722 2991 Christi
1744 2960 1860 2991 virtute
1874 2969 1952 2991 suae
1974 2964 2111 2990 naturae
2133 2958 2277 2989 causavit
2294 2969 2401 2990 resur-

1351 3006 1536 3042 rectionem,
1559 3005 1616 3035 sed
1641 3005 1688 3035 sic
1717 3004 1859 3044 oportuit
1883 3002 2042 3034 Christum
2070 3003 2255 3034 resuscitari
2277 3011 2297 3033 a
2319 3003 2399 3033 Deo.

1350 3051 1391 3080 Et
1418 3049 1491 3080 ideo
1521 3054 1693 3088 utrumque
1725 3049 1884 3078 invenitur
1906 3048 1939 3077 in
1962 3056 2047 3077 sacra
2077 3047 2252 3087 Scriptura.
2283 3047 2401 3076 scilicet

1351 3099 1382 3124 et
1406 3092 1494 3133 quod
1518 3092 1661 3123 Christus
1683 3092 1848 3122 resurrexit
1871 3100 1908 3121 ex
1929 3091 2054 3127 virtute;
2085 3096 2117 3121 et
2143 3090 2232 3130 quod
2258 3089 2400 3120 Christus

1351 3137 1518 3168 suscitatus
1540 3141 1586 3166 est
1602 3145 1619 3165 a
1635 3135 1715 3171 Deo,
1733 3140 1764 3166 et
1778 3135 1856 3175 petit
1872 3140 1902 3165 et
1917 3135 2032 3165 meruit
2051 3134 2323 3169 resurrectionem,
2340 3139 2400 3164 etc.

1353 3180 1470 3211 Omnia
1493 3179 1576 3210 clara
1598 3184 1672 3210 sunt
1693 3179 1727 3209 in
1749 3179 1860 3209 littera.

2425 1359 2515 1381 ’Vei-s.
2530 1367 2553 1386 4.
