2872 3970
0 1113 1 1116 ’
40 1109 122 1132 ’Ax-t.
138 1116 157 1136 ι,
170 1115 191 1136 2,
205 1117 228 1137 ⁴·

1009 248 1271 294 QUAESTIO
1301 248 1363 294 ΙΙΙ,
1397 248 1688 285 ARTICULUS
1716 248 1751 284 V

279 325 464 372 filiorum.
502 325 577 362 Sed
605 325 735 361 filiatio
764 325 944 373 adoptiva
972 332 1027 361 est
1058 325 1278 374 participata
1306 325 1350 361 si-

291 376 466 413 militudo
493 377 684 414 filiationis
712 377 907 423 naturalis,
936 389 1035 425 quae
1063 389 1143 414 non
1172 377 1351 414 convenit

290 440 361 465 nec
380 429 480 466 Patri
499 441 570 466 nec
590 429 744 478 Spiritui
765 430 924 466 Sancto:
954 430 1058 466 unde
1083 429 1219 466 dicitur
1236 431 1347 466 Rom.

289 481 403 517 V111*:
439 483 539 524 Quos
561 483 758 531 praescivit
776 487 809 518 et
831 481 1116 530 praedestinavit
1139 483 1349 529 conformes

277 535 373 580 fieri
384 535 559 583 imaginis
572 535 660 570 Filii
671 535 737 570 sui.
754 534 856 581 Ergo
870 533 1021 570 videtur
1038 535 1143 582 quod
1158 535 1263 570 nulla
1277 534 1348 570 alia

287 597 453 634 persona
480 586 603 634 potuit
621 586 808 622 incarnari
842 593 989 634 praeter
1016 598 1223 634 personam
1251 586 1346 622 Filii.

343 638 377 674 3.
407 639 637 684 PRAETEREA,
658 637 776 674 Filius
803 637 940 674 dicitur
966 638 1116 684 missus,
1137 646 1173 674 et
1199 638 1348 686 genitus

286 690 478 727 nativitate
505 690 718 739 temporali,
745 690 962 726 secundum
996 691 1103 739 quod
1131 690 1347 727 incarnatus

146 746 161 780 β
287 750 352 779 est.
383 743 460 780 Sed
479 742 580 779 Patri
599 754 678 779 non
707 742 887 779 convenit
905 742 1011 788 mitti,
1033 743 1099 791 qui
1128 750 1182 779 est
1201 742 1215 772 β
1243 742 1347 779 inna-

44 798 257 853 333133‘313253
286 794 444 831 scibilis:
474 802 516 831 ut
542 794 581 831 in
610 794 738 831 Prima
765 796 875 831 Parte
893 794 914 816 '¹‘
941 794 1116 831 habitum
1144 802 1210 831 est.
1245 796 1346 842 Ergo

50 856 74 877 ⁴»
286 848 419 884 saltem
445 859 611 896 persona
638 847 757 884 Patris
785 859 865 884 non
890 847 1014 896 potuit
1040 847 1238 884 incarnari.

339 900 413 937 SED
441 911 596 946 CONTRA,
617 899 806 949 quidquid
826 907 950 948 potest
977 899 1106 945 Filius,
1127 907 1251 947 potest
1278 901 1346 936 Pa-

143 964 161 998 χ
284 958 341 988 ter
358 957 393 988 Y:
423 951 606 1001 alioquin,
626 964 707 989 non
727 959 824 989 esset
845 952 981 988 eadem
1000 951 1170 1000 potentia
1188 951 1304 988 trium
1319 950 1343 988 δ.

286 1004 362 1041 Sed
389 1004 507 1041 Filius
534 1004 658 1053 potuit
682 1004 881 1042 incarnari.
911 1005 1013 1052 Ergo
1039 1004 1209 1040 similiter
1236 1005 1347 1040 Pater

284 1063 321 1093 et
348 1056 510 1106 Spiritus
539 1057 712 1094 Sanctus.

336 1110 560 1147 RESPONDEO
587 1121 770 1147 DICENDUM
798 1109 917 1158 quod,
942 1108 1038 1145 sicut
1066 1108 1210 1145 dictum
1240 1116 1295 1145 est
1313 1109 1344 1156 ³⁸,

283 1162 494 1210 assumptio
514 1162 593 1199 duo
613 1161 810 1210 importat:
838 1161 976 1198 scilicet
994 1160 1123 1210 ipsum
1142 1168 1271 1197 actum
1290 1174 1345 1198 as-

283 1214 479 1261 sumentis,
501 1222 537 1250 et
551 1214 772 1250 terminum
790 1213 1073 1262 assumptionis,
1108 1213 1346 1262 Principium

282 1274 412 1303 autem
440 1274 546 1303 actus
578 1273 633 1303 est
659 1266 778 1303 virtus
813 1266 963 1303 divina:
1002 1265 1188 1302 terminus
1216 1273 1345 1302 autem

283 1326 338 1355 est
364 1331 540 1368 persona.
567 1319 696 1356 Virtus
722 1323 851 1356 autem
871 1318 1002 1366 divina
1025 1318 1283 1355 communiter
1310 1326 1346 1355 et

282 1370 541 1408 indifferenter
558 1384 598 1408 se
618 1371 732 1408 habet
751 1372 798 1408 ad
818 1383 955 1408 omnes
973 1383 1168 1420 personas.
1196 1371 1345 1407 Eadem

282 1423 396 1460 etiam
421 1431 476 1461 est
503 1424 723 1460 communis
750 1424 844 1461 ratio
865 1423 1139 1473 personalitatis
1158 1423 1198 1460 in
1225 1423 1345 1460 tribus

281 1476 471 1524 personis,
500 1476 584 1513 licet
614 1476 862 1525 proprietates
889 1478 1109 1525 personales
1137 1476 1210 1512 sint
1237 1476 1344 1512 diffe-

282 1536 417 1565 rentes.
455 1529 797 1578 Quandocumque
831 1537 962 1566 autem
988 1529 1108 1565 virtus
1137 1529 1264 1577 aliqua
1291 1528 1344 1565 in-

280 1580 499 1618 differenter
526 1593 566 1618 se
585 1582 700 1618 habet
727 1582 776 1618 ad
794 1583 917 1630 plura,
937 1589 1061 1630 potest
1080 1581 1128 1618 ad
1148 1581 1345 1630 quodlibet

282 1645 420 1670 eorum
448 1646 560 1671 suam
588 1633 779 1671 actionem
797 1634 1022 1671 terminare:
1053 1633 1148 1670 sicut
1175 1641 1278 1682 patet
1305 1633 1344 1670 in

281 1686 459 1735 potentiis
487 1686 752 1732 rationalibus,
782 1698 882 1735 quae
910 1699 950 1723 se
978 1687 1120 1723 habent
1148 1687 1196 1722 ad
1225 1698 1344 1734 oppo-

282 1738 361 1784 sita,
383 1751 553 1787 quorum
580 1747 791 1788 utrumque
818 1751 928 1787 agere
956 1746 1128 1787 possunt.
1165 1738 1227 1775 Sic
1255 1750 1344 1786 ergo

279 1790 411 1828 divina
429 1791 548 1828 virtus
566 1791 691 1840 potuit
718 1799 895 1828 naturam
922 1792 1136 1827 humanam
1155 1790 1264 1826 unire
1283 1791 1345 1826 vel

279 1854 468 1892 personae
496 1844 616 1880 Patris
643 1845 706 1881 vel
734 1843 896 1893 Spiritus
925 1843 1069 1890 Sancti,
1098 1843 1195 1879 sicut
1222 1842 1346 1879 univit

53 488 64 499 ⁸
78 486 144 508 Vere.
158 491 203 514 29„

333 1973 360 2007 β)
380 1978 428 2000 est.
441 1989 460 1993 -
477 1978 517 2000 est
535 1974 615 2000 etiam
636 1975 668 2005 G,
687 1974 768 1999 etiam
788 1977 827 1998 est
845 1974 884 1999 Pl.

333 2009 361 2044 γ)
379 2010 469 2035 Pater.
482 2024 502 2029 —-
518 2013 544 2035 et
563 2010 682 2042 Spiritus
701 2009 817 2035 Sanctus
835 2010 932 2034 addunt
949 2009 1050 2034 PFGIc.

2415 243 2464 280 63

1405 337 1491 362 earn
1518 338 1705 374 personae
1734 324 1828 361 Filii.
1859 325 1906 360 Et
1931 323 2017 359 ideo
2046 323 2254 360 dicendum
2283 331 2337 359 est
2356 323 2463 372 quod

1403 379 1515 414 Pater
1541 380 1603 414 vel
1631 377 1791 426 Spiritus
1829 377 1990 413 Sanctus
2018 376 2141 424 potuit
2168 387 2323 412 carnem
2361 388 2463 412 assu-

1403 442 1520 477 mere,
1541 430 1637 466 sicut
1665 438 1700 466 et
1728 429 1856 465 Filius.

1455 483 1512 518 AD
1541 494 1675 519 ramum
1703 493 1801 518 ERGO
1821 493 2002 517 DICENDUM
2030 480 2136 528 quod
2158 479 2288 516 filiatio
2317 488 2463 528 tempo-

1403 534 1508 580 ralis,
1539 547 1615 583 qua
1645 534 1818 571 Christus
1846 533 1983 570 dicitur
2017 533 2134 569 Filius
2163 532 2353 577 Hominis,
2382 544 2463 569 non

1402 587 1594 623 constituit
1620 598 1827 635 personam
1855 585 1985 634 ipsius,
2010 584 2106 621 sicut
2133 584 2263 621 filiatio
2292 592 2460 621 aeterna:

1402 639 1468 675 sed
1498 647 1552 675 est
1579 639 1765 687 quiddam
1793 649 2034 686 consequens
2055 637 2286 674 nativitatem
2317 644 2463 685 tempo-

1402 692 1531 727 ralem.
1562 692 1688 737 Unde,
1717 691 1747 727 si
1775 702 1844 738 per
1871 691 1976 727 hunc
2003 691 2165 726 modum
2196 701 2341 725 nomen
2368 688 2462 725 filia—

1401 743 1513 779 tionis
1533 744 1581 780 ad
1610 745 1762 780 Patrem
1789 743 1851 778 vel
1871 743 2055 792 Spiritum
2084 743 2269 779 Sanctum
2291 741 2462 778 transfer-

1401 803 1519 843 retur,
1549 797 1653 832 nulla
1680 802 1903 844 sequeretur
1930 794 2104 832 confusio
2133 794 2352 830 divinarum
2379 805 2462 842 per-

1401 860 1597 884 sonarum.

1453 901 1510 936 AD
1538 912 1727 937 SECUNDUM
1763 912 1943 937 DICENDUM
1972 900 2078 948 quod
2112 898 2243 935 filiatio
2282 897 2462 946 adoptiva

1400 960 1454 988 est
1482 953 1675 1000 quaedam
1703 953 1924 1001 participata
1943 952 2150 989 similitudo
2178 949 2369 987 filiationis
2398 962 2461 986 na-

1399 1005 1548 1049 turalis3
1578 1005 1645 1041 sed
1664 1005 1707 1040 fit
1731 1005 1769 1040 in
1798 1005 1908 1042 nobis
1937 1004 2177 1053 appropriate
2204 1016 2226 1039 a
2252 1004 2374 1048 Patre,
2394 1002 2461 1051 qui

1400 1064 1455 1093 est
1477 1056 1710 1105 principium
1729 1057 1909 1094 naturalis
1928 1057 2140 1102 filiationis;
2171 1063 2206 1092 et
2224 1067 2293 1104 per
2311 1055 2461 1091 donum

1401 1108 1562 1157 Spiritus
1591 1109 1731 1156 Sancti,
1752 1109 1818 1157 qui
1848 1117 1902 1145 est
1925 1121 2035 1146 amor
2062 1108 2182 1145 Patris
2211 1115 2246 1144 et
2273 1107 2376 1152 Filii;
2407 1119 2460 1143 se-

1399 1162 1574 1198 cundum
1608 1161 1700 1197 illud
1737 1162 1856 1198 Galat.
1887 1174 1922 1198 1v
1946 1161 1982 1197 *ε
2019 1163 2124 1197 Misit
2150 1162 2251 1196 Deus
2286 1161 2460 1208 Spiritum

1398 1214 1486 1250 Filii
1510 1215 1569 1250 sui
1585 1215 1623 1250 in
1652 1215 1767 1250 corda
1787 1220 1923 1259 nostra,
1945 1214 2187 1249 clamantem.-
2203 1213 2322 1256 Abba,
2338 1213 2459 1247 Pater.

1399 1267 1447 1302 Et
1474 1266 1561 1302 ideo
1590 1266 1696 1311 sicut,
1718 1265 1814 1302 Filio
1838 1266 2045 1311 incarnato,
2066 1264 2289 1313 adoptivam
2316 1262 2461 1300 filiatio-

1399 1330 1491 1355 nem
1518 1318 1728 1367 accipimus
1756 1318 1805 1354 ad
1833 1317 2120 1354 similitudinem
2155 1315 2334 1353 naturalis
2371 1315 2462 1352 filia-

1398 1371 1511 1407 tionis
1540 1370 1641 1416 eius;
1671 1370 1731 1417 ita,
1753 1372 1862 1407 Patre
1891 1371 2098 1416 incarnato,
2120 1368 2343 1417 adoptivam
2370 1367 2462 1404 filia-

1397 1423 1543 1460 tionem
1572 1423 1830 1472 reciperemus
1858 1423 1906 1459 ab
1936 1435 1981 1459 eo
2010 1430 2195 1471 tanquam
2223 1433 2246 1457 a
2273 1420 2461 1469 principio

1398 1475 1578 1512 naturalis
1597 1475 1806 1522 filiationis;
1837 1483 1872 1512 et
1900 1488 1922 1512 a
1942 1475 2083 1524 Spiritu
2104 1475 2255 1520 Sancto,
2276 1481 2462 1521 tanquam

1398 1541 1420 1565 a
1448 1540 1550 1564 nexu
1578 1528 1780 1564 communi
1808 1528 1927 1564 Patris
1956 1536 1991 1564 et
2019 1527 2113 1564 Filii.

1450 1582 1507 1617 An
1526 1593 1685 1617 TERTIUM
1712 1593 1894 1617 DICENDUM
1914 1581 2021 1629 quod
2045 1579 2145 1616 Patri
2173 1577 2353 1615 convenit
2379 1589 2460 1614 esse

1398 1633 1661 1670 innascibilem
1703 1633 1919 1670 secundum
1960 1632 2194 1668 nativitatem
2240 1639 2458 1667 aeternam:

1398 1686 1504 1734 quod
1533 1697 1613 1721 non
1641 1686 1857 1730 excluderet
1884 1684 2058 1721 nativitas
2085 1683 2315 1731 temporalis.

1451 1737 1549 1773 Mitti
1577 1745 1706 1774 autem
1734 1737 1870 1773 dicitur
1897 1737 2014 1773 Filius
2042 1736 2257 1772 secundum
2291 1735 2460 1771 incarna-

1397 1790 1555 1836 tionem,
1577 1801 1623 1826 eo
1643 1790 1750 1838 quod
1779 1797 1834 1826 est
1861 1789 1909 1825 ab
1928 1789 1991 1825 illo
2011 1794 2043 1824 ²:
2074 1788 2154 1841 sine
2183 1799 2262 1835 quo
2290 1787 2459 1823 incarna-

1397 1842 1449 1878 tio
1478 1854 1558 1878 non
1586 1842 1777 1878 sufficeret
1805 1842 1852 1878 ad
1881 1841 2068 1878 rationem
2090 1839 2299 1876 missionis.

1452 1971 1477 2005 ὃ)
1496 1972 1587 1997 trium.
1598 1985 1618 1990 —-
1632 1979 1811 2003 personarum
1831 1970 1900 1995 addit
1918 1971 1991 1995 tertia
2011 1976 2112 2003 praeter
2130 1970 2154 2001 1;
2174 1970 2215 2002 pG
2233 1970 2332 1995 abrasa.

1453 2007 1476 2041 ε)
1497 2007 1550 2033 illo.
1563 2022 1583 2026 —
1598 2008 1652 2032 alio
1671 2007 1691 2031 F
1711 2011 1737 2031 et
1754 2007 1836 2032 tertia.

953 2087 1287 2120 Commentario.
1309 2085 1562 2120 Cardinalis
1583 2085 1784 2118 Caietam

280 2177 446 2240 Tx'rurus
476 2168 577 2198 clarus
594 2173 656 2204 est,
680 2167 759 2198 nihil
782 2167 868 2198 aliud
895 2166 1088 2207 apponendo
1114 2176 1211 2206 quam
1234 2166 1343 2196 titulus

340 2217 442 2242 sonet.
478 2211 578 2249 Quod
606 2211 696 2247 dico,
720 2211 796 2251 quia
823 2221 892 2242 non
919 2211 1080 2251 quaeritur
1102 2220 1142 2240 an
1165 2210 1260 2240 simul
1282 2219 1342 2250 po-

279 2257 374 2286 tuerit
393 2255 452 2286 alia
471 2264 608 2295 persona
631 2254 765 2285 eandem
780 2261 926 2286 naturam
944 2264 1119 2295 assumere:
1144 2254 1199 2284 sed
1222 2254 1343 2294 simpli-

279 2300 372 2335 citer,
397 2309 439 2329 an
456 2300 604 2339 potuerit
626 2308 798 2329 assumere.
833 2299 885 2329 Ad
907 2298 997 2339 quod
1019 2298 1248 2328 verificandum
1274 2307 1343 2328 non

277 2343 448 2383 requiritur
474 2343 632 2373 simultas:
664 2343 719 2373 sed
745 2342 861 2373 sufficit
884 2342 989 2383 quod,
1020 2343 1102 2372 sicut
1128 2342 1216 2372 solus
1243 2341 1342 2372 Filius

279 2392 326 2417 est
347 2388 537 2423 incarnatus,
560 2387 603 2416 ita
626 2387 713 2417 solus
735 2387 827 2417 Pater
849 2386 960 2417 fuisset
974 2387 1154 2416 incarnatus
1178 2391 1232 2416 aut
1255 2386 1342 2415 solus

276 2431 414 2471 Spiritus
437 2431 581 2461 Sanctus.
626 2435 631 2440 ·

334 2475 371 2504 ΙΙ.
395 2474 432 2504 In
455 2483 590 2514 corpore
613 2475 737 2505 articuli
765 2475 860 2504 unica
887 2479 934 2504 est
956 2474 1134 2509 conclusio,
1157 2475 1342 2514 responsiva

279 2518 423 2558 quaesito
457 2518 659 2548 affirmative:
693 2519 792 2549 Pater
820 2519 871 2549 vel
900 2518 1039 2558 Spiritus
1069 2518 1206 2548 Sanctus
1233 2518 1343 2558 potuit

279 2571 409 2592 carnem
432 2571 603 2598 assumere,
627 2562 710 2593 sicut
732 2567 763 2592 et
782 2562 896 2593 Filius.
920 2563 1085 2592 Probatur.
1109 2563 1224 2592 Divina
1244 2563 1342 2592 virtus

276 2606 386 2646 potuit
407 2610 552 2636 naturam
574 2606 749 2636 humanam
775 2607 866 2636 unire
896 2616 1053 2646 personae
1075 2606 1174 2636 Patris
1197 2606 1248 2636 vel
1271 2605 1341 2646 Spi-

278 2650 356 2680 ritus
380 2649 501 2686 Sancfi,
525 2649 606 2679 sicut
628 2650 730 2680 univit
753 2659 824 2680 eam
846 2659 1001 2690 personae
1025 2650 1106 2680 Filii.
1142 2650 1227 2689 Ergo
1251 2650 1342 2680 Pater

278 2693 330 2724 vel
353 2693 487 2733 Spiritus
511 2692 644 2724 Sanctus
666 2695 773 2733 potuit
795 2703 923 2724 carnem
946 2703 1115 2724 assumere.

333 2736 535 2767 Antecedens
557 2737 710 2777 probatur
724 2737 925 2778 syllogistice.
948 2738 1056 2768 Virtus
1078 2737 1292 2768 indifferenter
1307 2747 1341 2767 se

277 2782 399 2812 habens
421 2780 461 2811 ad
483 2780 587 2820 plura,
611 2786 718 2820 potest
740 2781 780 2811 ad
802 2781 969 2821 quodlibet
992 2791 1105 2812 eorum
1128 2791 1219 2812 suam
1242 2782 1341 2812 actio-

278 2834 354 2856 nem
377 2825 556 2855 terminare.
580 2824 643 2855 Sed
664 2825 762 2855 virtus
786 2824 892 2855 divina
913 2825 1128 2856 indifferenter
1143 2835 1175 2855 se
1191 2826 1287 2855 habet
1301 2824 1341 2855 ad

279 2878 393 2900 omnes
415 2878 576 2908 personas.
605 2868 701 2908 Ergo.
724 2886 747 2890 —
769 2868 878 2899 Maior*
893 2869 1111 2900 manifestatur
1137 2879 1175 2899 ex
1197 2869 1341 2909 potentia

278 2912 434 2943 rationali.
458 2930 481 2934 —
504 2912 610 2942 Minor
632 2921 727 2947 vero,
752 2917 782 2942 et
806 2921 843 2942 ex
865 2918 954 2952 parte
976 2913 1115 2943 virtutis:
1145 2913 1220 2953 quia
1242 2913 1340 2943 virtus

276 2956 386 2987 divina
409 2956 623 2986 communiter
647 2961 678 2986 et
699 2955 913 2986 indifferenter
927 2966 961 2986 se
976 2957 1071 2986 habet
1086 2956 1126 2987 ad
1141 2966 1254 2987 omnes
1269 2966 1340 2996 per—

279 3010 383 3031 sonas.
408 3000 449 3030 Et
472 3009 510 3030 ex
524 3005 614 3040 parte
635 3008 860 3039 personarum:
886 3000 962 3040 quia
977 3001 1158 3031 communis
1173 3001 1253 3031 ratio
1270 3010 1341 3041 per-

1395 2166 1569 2195 sonalitatis
1593 2165 1740 2195 omnium
1763 2174 1973 2205 personarum
1997 2164 2108 2195 eadem
2125 2169 2181 2200 est,
2204 2165 2267 2194 hoc
2284 2170 2339 2201 est,
2364 2165 2459 2195 unius

1396 2215 1443 2239 est
1457 2210 1603 2246 rationis;
1629 2210 1783 2249 quoniam
1799 2209 1959 2249 quaelibet
1974 2209 2080 2239 divina
2094 2218 2231 2248 persona
2254 2214 2301 2238 est
2322 2218 2461 2248 persona

1396 2253 1502 2283 divina
1527 2254 1587 2283 hac
1609 2254 1748 2289 ratione,
1780 2254 1855 2293 quia
1884 2253 2024 2283 subsistit
2053 2253 2396 2283 incommunicabiliter
2425 2253 2459 2283 in

1395 2297 1501 2328 divina
1523 2303 1644 2333 natura,
1668 2298 1743 2327 licet
1764 2298 1972 2337 proprietates
2002 2297 2196 2337 personales,
2221 2297 2337 2336 quibus
2358 2297 2459 2326 subsi-

1394 2347 1496 2377 stunt,
1522 2342 1583 2371 sint
1606 2341 1787 2377 distinctae;
1820 2342 1902 2371 sicut
1925 2341 2058 2381 quilibet
2081 2341 2181 2370 homo
2205 2350 2270 2370 una
2293 2346 2324 2370 et
2347 2339 2459 2370 eadem

1393 2386 1516 2415 ratione
1541 2391 1587 2415 est
1609 2395 1763 2425 persona,
1796 2386 1871 2425 quia
1894 2385 2013 2415 scilicet
2043 2385 2182 2415 subsistit
2209 2385 2243 2414 in
2264 2390 2376 2414 natura
2398 2384 2459 2414 hu-

1394 2439 1497 2465 mana,
1523 2430 1667 2469 quamvis
1691 2429 1751 2459 alia
1773 2429 1812 2459 sit
1834 2429 2040 2468 personalitas
2063 2438 2135 2458 mea
2158 2434 2188 2458 et
2211 2428 2271 2458 alia
2293 2428 2387 2458 illius.

1450 2473 1691 2513 Consequentia
1706 2478 1813 2503 autem
1828 2474 1996 2512 probatur:
2015 2473 2099 2512 quia,
2114 2482 2188 2502 cum
2204 2473 2379 2511 assumptio
2392 2471 2458 2502 duo

1394 2518 1555 2557 importet,
1580 2517 1700 2547 scilicet
1723 2522 1830 2547 actum
1846 2522 1877 2547 et
1892 2517 2074 2552 terminum,
2098 2517 2292 2555 principium
2307 2521 2396 2546 actus
2412 2520 2460 2545 est

1394 2562 1492 2592 virtus
1515 2561 1630 2597 divina,
1655 2562 1810 2591 terminus
1832 2570 1909 2590 vero
1932 2570 2078 2600 persona.
2103 2560 2151 2590 Ex
2173 2560 2236 2590 hoc
2260 2560 2345 2589 enim
2369 2558 2459 2599 quod

1393 2611 1567 2645 utrumque
1587 2615 1777 2635 concurrere
1792 2614 1887 2644 posse
1903 2605 1936 2634 in
1953 2604 2094 2644 qualibet
2109 2613 2245 2643 persona
2268 2602 2458 2633 antecedens

1394 2649 1479 2685 dicit,
1505 2658 1707 2689 consequens
1731 2654 1777 2679 est
1800 2648 1889 2689 quod
1912 2648 2073 2688 quaelibet
2090 2657 2228 2687 persona
2250 2652 2356 2689 potest
2372 2656 2458 2677 assu-

1393 2703 1498 2723 mere:
1525 2693 1614 2733 quod
1638 2693 1803 2723 conclusio
1828 2692 1912 2722 dicit.

1448 2737 1512 2768 Ubi
1526 2743 1604 2767 nota
1627 2736 1717 2776 quod
1738 2737 1803 2766 hoc
1824 2735 1914 2776 quod
1928 2745 1987 2776 pro
2003 2735 2193 2775 probatione
2209 2735 2458 2774 consequentiae

1393 2791 1432 2812 ex
1454 2782 1613 2821 principio
1638 2781 1781 2820 corporis
1804 2780 1927 2810 articuli
1950 2780 2080 2810 allatum
2105 2784 2160 2815 est,
2184 2783 2291 2818 potest
2306 2778 2394 2808 aliter
2409 2778 2458 2808 in-

1393 2825 1535 2855 troduci:
1560 2830 1596 2855 ut
1611 2825 1731 2855 scilicet
1746 2825 1785 2854 sit
1800 2824 1887 2854 velut
1903 2823 2082 2863 suppositio
2099 2822 2256 2862 quaedam
2277 2827 2457 2852 monstrans

1393 2869 1544 2909 requisita
1566 2868 1606 2899 ad
1634 2878 1730 2908 posse
1753 2877 1931 2903 assumere,
1956 2873 1987 2897 et
2009 2866 2049 2896 ad
2072 2876 2154 2906 quae
2183 2866 2299 2896 resolvi
2329 2871 2458 2906 oportet

1393 2918 1559 2952 potentem
1583 2921 1752 2947 assumere,
1770 2911 1888 2941 scilicet
1910 2911 1944 2940 in
1966 2911 2115 2940 virtutem
2135 2910 2274 2940 divinam
2298 2915 2329 2940 et
2347 2919 2456 2950 perso-

1393 2957 1564 2987 nalitatem.
1589 2956 1630 2986 Et
1645 2956 1689 2985 sic
1705 2955 1860 2985 formatur
1875 2954 2077 2995 syllogismus
2100 2959 2136 2984 ut
2154 2963 2248 2994 supra
2264 2953 2303 2983 ad
2318 2954 2456 2993 proban-

1394 3000 1472 3031 dum
1495 2999 1695 3030 antecedens.
1719 2999 1760 3029 Et
1776 2998 2006 3038 consequentia
2020 2998 2210 3038 relinquitur
2231 3007 2289 3037 per
2311 3007 2344 3028 se
2367 3002 2454 3027 nota.

2487 1165 2499 1175 ¹⁵
2512 1164 2578 1186 Vers.
2595 1164 2617 1186 6.
