2872 3970
195 645 206 655 ⁴
222 644 249 665 D.
264 644 312 671 728.

196 850 206 860 ⁸
220 850 247 872 D.
262 855 312 877 729.

438 301 512 337 218
1120 297 1382 345 QUAESTIO
1412 297 1517 344 XVI,
1546 296 1839 335 ARTICULUS
1867 297 1934 335 ΧΠ

488 380 545 416 AD
564 391 752 416 SECUNDUM
770 391 951 417 mCENDuM
965 378 1072 427 quod
1089 378 1290 415 substantia
1309 377 1498 414 individua

437 443 536 481 quae
572 431 729 481 ponitur
755 431 795 468 in
823 430 1045 468 definitione
1074 441 1287 479 personae,
1317 428 1498 477 importat

436 484 686 521 substantiam
719 485 950 533 completam
974 495 1044 532 per
1069 494 1108 519 se
1144 481 1412 519 subsistentem
1440 493 1496 517 se-

435 535 598 586 paratim
617 537 665 574 ab
691 537 782 574 aliis.
809 535 1002 585 Alioquin,
1023 547 1163 572 manus
1181 533 1350 570 hominis
1369 540 1498 582 posset

436 589 509 626 dici
536 601 713 649 persona,
734 601 824 626 cum
849 588 894 626 sit
921 587 1129 625 substantia
1148 586 1341 635 quaedam
1360 585 1496 622 indivi-

435 642 514 679 dua
531 642 570 679 *z
601 642 691 691 quia
718 649 847 678 tamen
867 649 922 678 est
945 639 1155 677 substantia
1173 638 1372 675 individua
1401 637 1497 674 sicut

434 694 474 731 in
501 671 575 731 alio
603 694 777 740 existens,
798 706 877 730 non
905 700 1029 742 potest
1056 691 1130 728 dici
1156 702 1332 740 p.ersona
1363 691 1411 727 Et
1435 702 1495 727 ea-

435 747 525 784 dem
545 747 690 784 ratione
710 758 781 783 nec
799 753 935 783 natura
953 744 1153 782 humana·
1144 756 1183 780 in
1204 743 1373 780 Christo:
1395 755 1494 792 quae

433 807 563 836 tamen
581 806 705 848 potest
724 798 797 835 dici
816 797 1062 835 individuum
1080 798 1142 833 vel
1162 796 1351 844 singulare
1371 795 1495 844 quod-

434 852 525 889 dam
544 852 574 888 ²⁸⁸.

484 984 509 1018 δ)
527 991 654 1010 seorsum.
672 998 692 1003 -
705 991 823 1016 persona
841 990 960 1008 seorsum
979 983 999 1007 F
1018 987 1044 1007 et
1061 982 1142 1007 tertia.

1607 377 1664 413 An
1691 387 1850 414 TERTIUM
1876 389 2058 415 meantium
2095 377 2224 428 quod,
2253 377 2350 415 sicut
2379 390 2540 428 persona
2567 378 2615 417 si-

1552 427 1707 476 gnificat
1733 429 1827 478 quid
1855 432 2092 490 completum
2119 437 2156 467 et
2182 442 2252 479 per
2279 442 2320 468 se
2347 431 2583 469 subsistens
2573 443 2614 470 m

1552 488 1689 518 natura
1716 481 1900 528 rationali,
1928 482 1979 519 ita
2006 484 2223 532 hypostasis,
2251 485 2476 533 suppositum
2500 491 2537 521 et
2555 496 2616 522 res

1552 539 1709 571 naturae
1726 533 1766 570 in
1784 545 1922 582 genere
1945 534 2176 572 substantiae
2196 534 2408 584 significant
2427 535 2614 586 quiddam

1550 597 1622 634 per
1648 597 1688 623 se
1716 586 1935 624 subsistens.
1974 587 2108 635 Unde,
2137 587 2233 625 sicut
2269 589 2442 626 humana
2477 595 2614 627 natura

1551 650 1632 675 non
1669 646 1724 675 est
1759 650 1830 688 per
1864 651 1905 676 se
1941 651 2118 677 seorsum
2136 638 2150 663 ὅ
2177 652 2200 677 a
2226 652 2393 690 persona
2429 640 2533 687 Filii,
2562 641 2614 679 ita

1551 690 1666 728 etiam
1693 702 1774 728 non
1802 699 1858 728 est
1879 703 1950 741 per
1976 704 2016 729 se
2044 693 2261 743 hypostasis
2279 695 2341 730 vel
2368 693 2613 744 suppositum

1549 744 1612 780 vel
1639 755 1699 780 res
1726 751 1896 781 naturae.
1925 745 1974 782 Et
2000 744 2088 782 ideo
2115 745 2156 782 in
2183 757 2300 783 sensu
2327 745 2367 783 in
2395 758 2475 796 quo
2498 757 2612 795 nega—

1548 802 1612 832 tur
1638 795 1719 843 ista,
1752 797 1926 844 Christus,
1953 798 2155 835 secundum
2184 799 2283 848 quod
2307 800 2430 846 homo,
2451 804 2502 836 est
2522 810 2612 849 per-

1547 860 1653 895 sona,
1683 856 1833 898 oportet
1859 849 1975 887 etiam
2002 849 2131 899 negari
2158 862 2295 888 omnes
2322 851 2414 888 alias
2431 851 2463 888 ¹⁸¹.

1104 1069 1438 1102 Commentarius
1459 1069 1712 1103 Cardinalis
1732 1070 1936 1104 Caietam

432 1171 595 1234 Trruws
618 1161 719 1191 clarus
736 1166 772 1190 ut
787 1165 887 1190 sonat.
906 1178 927 1183 —
951 1160 987 1190 In
1003 1168 1139 1199 corpore
1155 1158 1277 1189 articuli
1293 1167 1368 1189 cum
1384 1157 1494 1189 distin·
1517 1155 1522 1209 Ι

1603 1158 1780 1190 Conclusio
1811 1159 1968 1197 secunda,
1999 1161 2087 1191 iuxta
2115 1160 2294 1192 secundum
2323 1161 2521 1199 membrum,
2545 1167 2610 1194 est:

490 1206 596 1235 ctione
626 1204 836 1245 respondetur
861 1204 976 1244 triplici
1000 1203 1218 1234 conclusione.
1250 1202 1420 1232 Distinctio
1447 1207 1495 1232 est
1549 1203 1705 1240 Christus,
1721 1203 1896 1235 secundum
1910 1204 1998 1245 quod
2011 1204 2118 1241 homo,
2135 1209 2182 1236 est
2189 1214 2344 1245 persona.
2369 1204 2455 1243 Quia
2469 1205 2612 1238 humana

430 1249 519 1290 quod
540 1249 573 1290 ly
588 1249 682 1280 homo
706 1248 894 1288 reduplicari
909 1253 1015 1288 potest
1038 1247 1160 1278 ratione
1182 1246 1350 1287 suppositi,
1366 1246 1418 1277 vel
1437 1256 1493 1277 na-

428 1299 527 1324 turae.
563 1293 604 1323 Et
625 1293 688 1323 hoc
711 1292 894 1333 dupliciter:
919 1292 970 1322 vel
1001 1290 1091 1332 quod
1119 1296 1232 1321 natura
1254 1290 1358 1331 exigat
1381 1299 1492 1330 perso·

429 1347 523 1374 nam;
546 1337 597 1368 vel
621 1336 711 1377 quod
732 1342 844 1367 natura
867 1336 969 1376 exigat
991 1344 1163 1376 personam
1185 1335 1358 1375 propriam.

484 1381 660 1412 Conclusio
683 1381 794 1421 prima,
818 1381 905 1410 iuxta
926 1380 1068 1420 primum
1090 1379 1283 1416 membrum,
1308 1384 1370 1410 est:
1398 1378 1491 1410 Chri-

427 1430 504 1460 stus,
527 1425 701 1456 secundum
724 1424 810 1465 quod
832 1424 938 1460 homo,
962 1429 1009 1455 est
1026 1432 1180 1464 persona.
1205 1423 1293 1454 Tum
1316 1423 1392 1464 quia
1414 1433 1491 1464 sup-

428 1470 570 1510 positum
593 1469 710 1500 Christi
733 1474 780 1499 est
801 1478 946 1508 persona.
969 1486 993 1490 —
1016 1467 1103 1498 Tum
1119 1467 1195 1508 quia
1210 1468 1415 1507 suppositum
1430 1468 1491 1499 hu-

428 1523 539 1543 manae
562 1518 692 1543 naturae
715 1513 748 1543 in
772 1512 899 1543 Christo
923 1517 970 1542 est
991 1521 1130 1552 persona
1152 1511 1224 1542 Filii
1247 1511 1317 1542 Dei.

1545 1252 1657 1278 natura
1681 1248 1777 1288 exigit
1798 1249 1972 1288 personari.
1995 1248 2053 1279 Est
2071 1249 2158 1279 enim
2173 1249 2348 1280 substantia
2361 1249 2522 1280 rationalis
2536 1259 2613 1291 pet-

1545 1290 1646 1323 fecta:
1680 1293 1786 1323 omnis
1815 1297 1924 1323 autem
1953 1292 2128 1324 substantia
2155 1292 2343 1324 huiusmodi
2372 1293 2610 1328 subsistentiam

1545 1336 1650 1376 exigit,
1675 1345 1740 1376 qua
1761 1345 1899 1376 persona
1922 1341 1978 1367 est.

1600 1379 1777 1411 Conclusio
1793 1381 1893 1417 tertia,
1909 1380 1997 1411 iuxta
2011 1380 2140 1412 tertium
2154 1380 2347 1418 membrum,
2363 1385 2423 1412 est:
2451 1381 2609 1420 Chr-ism,

1542 1424 1718 1456 secundum
1729 1424 1816 1466 quod
1825 1424 1933 1461 homo,
1946 1434 2011 1455 non
2024 1430 2071 1456 est
2075 1433 2230 1466 persona
2248 1424 2334 1463 Quia
2344 1425 2486 1457 humana
2495 1430 2610 1458 natura

1542 1469 1576 1499 in
1600 1467 1728 1500 Christo
1744 1473 1829 1499 caret
1850 1469 1980 1509 propria
2003 1469 2205 1500 subsistentia
2227 1478 2286 1500 seu
2306 1469 2540 1509 personalitate,
2555 1474 2608 1501 ut·

1541 1518 1620 1553 pote
1642 1522 1711 1543 non
1725 1522 1783 1553 per
1804 1522 1838 1543 se
1861 1522 2016 1549 seorsum,
2040 1512 2096 1544 sed
2117 1513 2152 1543 in
2174 1522 2312 1553 persona
2331 1511 2438 1544 divina
2459 1513 2607 1546 existens.

2639 852 2691 875 ⁸1).
2707 857 2768 876 nn.
