2872 3970
241 578 251 588 ⁸
291 582 312 597 u.
322 581 360 601 xv,
374 577 415 596 art.
426 579 451 599 ²3

240 603 264 624 1·
292 603 332 628 1¹⁴³,
352 607 389 628 qu.
404 605 451 626 xci,

242 633 283 651 art.
296 629 321 653 ,6.

242 662 296 684 'Ad
303 662 390 687 Ga!at.,
402 666 451 688 cap.

242 697 264 717 v,
279 695 338 710 vers.
354 694 385 715 17-

244 748 292 770 ⁸Cf.
300 752 363 769 num.
373 752 390 768 n
401 752 453 774 sqq.

243 793 253 803 ·
266 792 302 814 Cf.
318 797 381 813 num.
396 796 426 812 vi.

245 880 254 889 ⁸
269 878 305 900 Cf.
319 883 383 899 num.
398 883 419 898 v.

244 967 254 977 ⁸
268 965 304 987 ef.
319 970 382 986 num.
397 969 444 991 seq.

245 1010 254 1020 ⁸
268 1008 304 1030 Cf.
320 1013 383 1030 num.
398 1013 427 1028 iv.

245 1054 254 1063 ⁸
270 1052 304 1074 Cf.
320 1057 382 1073 num.
397 1057 426 1072 vi.

245 1225 255 1235 ·
262 1223 331 1244 Num.
341 1221 454 1249 praeced„

245 1250 270 1271 ln
285 1254 392 1276 corpore.

475 307 550 343 294

1146 428 1478 462 Commentaria
1501 425 1752 460 Cardinalis
1773 425 1975 458 Caietam

538 533 644 554 nurus
667 523 769 553 clarus
798 521 1011 552 recolentibus
1038 519 1156 550 fomitis
1186 518 1342 548 rationem
1374 525 1412 546 ex
1443 514 1534 545 dictis

480 535 570 598 Tin
586 566 846 608 praecedentibus
861 566 888 595 ⁹.
912 564 968 594 Est
988 564 1072 594 enim
1089 562 1191 593 fornes
1213 561 1371 602 appetitus
1394 558 1534 589 sensitivi

478 611 693 646 deordinatio,
725 620 762 640 ex
786 609 998 640 subtractione
1022 607 1180 647 originalis
1209 605 1346 636 iustitiae
1377 602 1533 638 destituti,

479 665 542 696 qua
566 654 805 686 deordinatione
835 662 914 683 caro
944 650 1139 691 concupiscit
1164 649 1318 680 adversus
1344 646 1492 688 spiritum
1507 646 1534 676 *.

535 699 570 729 In
586 707 720 738 corpore
737 697 859 727 articuli
874 695 939 726 duo
958 695 1056 726 fiunt:
1080 695 1194 734 primo,
1211 693 1382 723 recitantur
1398 695 1536 730 quatuor

479 743 649 784 opiniones
668 742 750 772 circa
768 741 965 780 quaesitum;
982 738 1096 769 deinde
1112 737 1253 777 singulae
1269 736 1488 766 examinantur
1499 735 1535 770 *;

481 793 511 818 et
534 786 602 817 sola
625 791 734 826 quarta
757 784 959 824 approbatur,
982 783 1091 822 sicque
1121 779 1331 821 respondetur
1347 778 1491 819 quaesito
1507 779 1534 808 ⁹.

535 829 652 868 Quoad
674 829 824 869 primum,
849 827 1018 867 opiniones
1041 830 1165 866 patent:
1198 825 1317 864 prima,
1342 821 1432 863 quod
1454 827 1536 852 tota-

480 874 550 904 liter
573 873 693 903 ablatus
709 873 742 908 *3
766 870 915 906 secunda,
940 869 1028 910 quod
1051 869 1171 899 ablatus
1195 873 1352 908 quantum
1371 865 1410 897 ad
1428 866 1537 906 proni-

480 923 577 948 tatem
599 917 632 947 in
655 916 786 951 malum,
810 924 878 944 non
901 920 1008 944 autem
1031 918 1188 953 quantum
1211 911 1251 942 ad
1267 910 1485 942 difficultatem
1503 911 1537 940 in

481 962 603 991 bonum
619 961 650 996 ἢ
673 960 773 995 tertia,
797 957 886 998 quod
902 958 1022 989 ablatus
1046 962 1202 997 quantum
1218 955 1258 986 ad
1272 964 1454 996 personam,
1469 964 1537 985 non

481 1010 636 1045 quantum
659 1003 699 1033 ad
720 1008 865 1033 naturam
881 1003 913 1038 ἢ
939 1006 1058 1042 quarta,
1083 999 1172 1040 quod
1195 1005 1337 1030 remanet
1360 998 1538 1030 secundum

481 1049 657 1083 essentiam,
682 1047 794 1086 ligatus
818 1045 925 1086 quoad
948 1050 1055 1076 actum
1073 1046 1100 1075 *.
1124 1044 1165 1075 Et
1187 1044 1266 1075 haec
1288 1049 1400 1084 quarta
1414 1042 1540 1073 videtur

481 1091 660 1123 coincidere
685 1099 759 1121 cum
783 1089 922 1120 secunda
945 1089 1099 1130 opinione
1122 1089 1227 1129 posita
1249 1098 1267 1118 a
1290 1087 1441 1128 Magistro
1461 1087 1539 1118 Sen-

480 1136 659 1171 tentiarum,
676 1135 708 1165 in
732 1144 765 1164 111
781 1133 983 1164 distinctione
1002 1132 1043 1163 111
1059 1132 1146 1163 Sent.
1169 1132 1258 1163 Duas
1273 1137 1398 1162 tantum
1417 1131 1462 1162 ibi
1480 1140 1540 1171 po-

479 1181 536 1216 nit,
554 1179 671 1210 scilicet
693 1179 828 1219 primam
853 1183 883 1208 et
907 1182 1061 1217 quartam,
1078 1177 1137 1207 sub
1161 1176 1228 1207 aliis
1251 1176 1364 1207 verbis.
1380 1174 1462 1206 Vide
1485 1175 1539 1206 ibi.

536 1224 572 1254 ΙΙ.
597 1222 714 1261 Quoad
729 1221 906 1252 secundum
921 1222 948 1258 ἢ
973 1221 1170 1252 examinatur
1191 1221 1297 1261 primo
1313 1218 1454 1250 secunda
1469 1220 1540 1259 opi-

481 1269 555 1304 nio,
580 1267 687 1298 dicens
711 1266 799 1306 quod
822 1264 925 1296 fomes
947 1265 1098 1296 remansit
1121 1264 1229 1305 quoad
1252 1263 1470 1295 difficultatem
1501 1262 1541 1294 ad

481 1313 624 1348 bonum,
655 1311 711 1341 sed
735 1320 802 1341 non
834 1309 942 1350 quoad
968 1310 1161 1350 pronitatem
1190 1308 1230 1339 ad
1251 1308 1383 1339 malum.
1419 1307 1540 1338 Contra

483 1365 579 1396 quam
603 1355 750 1386 obiicitur
772 1355 826 1384 sic.
861 1354 980 1384 Fomes
1003 1359 1050 1384 est
1072 1352 1251 1384 inordinata
1273 1352 1440 1383 habitualis
1464 1361 1542 1382 con-

483 1400 676 1440 cupiscentia
699 1399 856 1439 appetitus
879 1397 1035 1428 sensitivi:
1068 1403 1099 1428 et
1121 1396 1315 1428 inordinatio
1337 1397 1418 1427 haec
1441 1401 1541 1427 atten-

483 1443 566 1474 ditur
588 1453 685 1484 penes
708 1442 948 1482 repugnantiam
968 1441 1007 1472 ad
1023 1442 1188 1472 rationem.
1213 1441 1298 1481 Ergo
1314 1450 1436 1481 ponere
1452 1439 1542 1481 quod

482 1488 674 1523 remanserit,
699 1493 730 1517 et
751 1496 819 1517 non
841 1487 1033 1526 inquantum
1056 1485 1187 1516 inclinat
1210 1484 1250 1515 ad
1265 1485 1397 1521 malum,
1417 1490 1464 1515 est
1481 1493 1542 1524 po-

482 1541 557 1562 nere
581 1531 646 1562 duo
670 1531 827 1571 opposita.
851 1549 874 1552 —
897 1530 937 1560 Et
959 1535 1047 1560 tenet
1070 1529 1214 1569 sequela:
1240 1529 1314 1569 quia
1333 1529 1542 1569 repugnantia

460 1574 470 1586 ¹
484 1575 522 1606 ad
545 1577 700 1606 rationem
723 1575 756 1605 in
772 1575 914 1615 appetitu
938 1579 984 1604 est
999 1574 1192 1614 inquantum
1213 1573 1344 1604 inclinat
1366 1572 1405 1603 ad
1420 1573 1542 1603 malum

254 2198 264 2207 ⁴
278 2195 334 2223 cap.
353 2201 399 2222 xiv,
415 2201 436 2216 n.
454 2201 462 2216 ι

254 2228 304 2250 sqq.
312 2232 322 2237 -
330 2221 353 2244 S.
359 2221 403 2243 Th.
412 2221 463 2242 lect.

253 2254 318 2270 xviii.

483 1620 533 1650 vel
557 1619 720 1650 difficultat
742 1619 776 1649 in
799 1620 897 1649 bono.

538 1664 589 1694 111.
614 1663 706 1694 Circa
722 1663 803 1693 hanc
818 1663 973 1693 rationem
990 1662 1056 1693 duo
1073 1667 1146 1692 sunt
1162 1661 1267 1692 dubia.
1289 1661 1436 1692 Alterum
1453 1670 1543 1691 com—

483 1718 596 1738 muue:
630 1708 763 1748 qualiter
786 1707 888 1737 fomes
912 1707 951 1737 sit
970 1706 1147 1737 inordinata
1171 1705 1431 1746 concupiscentia
1454 1705 1543 1735 habi-

484 1753 593 1788 tualis;
621 1761 696 1782 curn
718 1751 826 1782 nullus
849 1752 887 1781 sit
910 1751 1036 1781 habitus
1059 1750 1161 1781 malus
1184 1750 1218 1780 in
1240 1750 1348 1790 prole3
1384 1749 1460 1789 quia
1482 1758 1543 1780 nec

485 1797 667 1836 acquisitus,
691 1805 750 1826 nec
773 1795 906 1826 infusus.

540 1840 685 1870 Alterum
708 1840 874 1880 proprium
897 1840 972 1870 huic
995 1840 1135 1869 intento:
1164 1839 1239 1878 quia
1262 1839 1341 1868 haec
1364 1838 1444 1868 ratio
1475 1847 1543 1868 non

485 1884 608 1915 videtur
632 1883 750 1914 efficax.
775 1884 938 1922 Quoniam
954 1883 1132 1914 inordinata
1148 1882 1419 1922 concupiscentia,
1443 1887 1479 1912 ut
1494 1881 1544 1912 lit-

485 1934 552 1958 tera
574 1934 712 1964 testatur,
737 1928 831 1958 habet
854 1928 935 1958 duos
959 1927 1089 1958 effectus
1112 1928 1170 1957 sub
1191 1927 1414 1963 disiunctione,
1430 1926 1481 1956 vel
1496 1926 1544 1956 in-

488 1972 603 2003 clinare
627 1972 666 2002 ad
688 1972 824 2008 malurn,
848 1972 899 2002 vel
922 1971 1107 2002 difficultate
1136 1971 1175 2002 ad
1198 1972 1340 2001 bonum:
1372 1976 1403 2001 et
1425 1971 1544 2011 positio

489 2017 644 2047 contraria
667 2015 742 2046 dicit
765 2015 854 2056 quod
877 2015 980 2046 fornes
1003 2021 1111 2046 manet
1135 2025 1210 2046 cum
1227 2025 1295 2046 uno
1318 2020 1445 2046 tantum
1468 2015 1545 2046 isto-

488 2071 559 2091 rum
576 2060 757 2091 effectuum.
781 2061 903 2091 Auctor
919 2065 1027 2090 autem
1043 2069 1080 2090 ex
1095 2060 1256 2100 positione
1273 2069 1387 2090 causae
1402 2059 1546 2089 habentis

488 2105 594 2145 plures
618 2103 764 2141 effectus,
792 2105 910 2135 scilicet
933 2104 1129 2134 inordinatae
1152 2103 1432 2144 concupiscentiae
1454 2108 1546 2133 natae

489 2150 604 2179 habere
626 2154 799 2188 utrumque
823 2148 981 2179 dictorum
1005 2147 1195 2184 effectuum,
1226 2148 1322 2179 infert
1350 2147 1547 2188 positionem

490 2194 654 2233 utriusque
671 2192 811 2223 effectus.
835 2192 933 2230 Quod
950 2198 1074 2223 constat
1088 2202 1156 2223 non
1174 2192 1269 2223 licere
1286 2202 1324 2223 ex
1340 2192 1367 2222 ΙΙ
1383 2192 1506 2222 Poster.
1518 2193 1546 2228 *,

491 2237 545 2267 sed
569 2247 585 2268 e
609 2246 779 2267 converso:
805 2247 842 2267 ex
866 2237 1011 2277 quolibet
1034 2238 1119 2267 enim
1143 2236 1258 2267 effectu
1274 2237 1457 2267 communis
1473 2245 1547 2266 cau-

491 2291 542 2312 sae
565 2287 670 2321 potest
692 2280 799 2311 inferri
823 2291 926 2317 causa,
951 2281 1006 2311 sed
1029 2291 1067 2311 ex
1089 2282 1250 2321 positione
1273 2281 1456 2311 communis
1473 2290 1547 2311 cau-

491 2335 542 2356 sae
565 2335 632 2356 non
655 2330 760 2365 potest
781 2325 888 2356 inferri
912 2325 1117 2356 determinate
1141 2326 1199 2356 iste
1215 2325 1362 2361 effectus;
1386 2330 1423 2355 ut
1445 2325 1479 2355 in
1497 2324 1547 2355 lit-

490 2375 555 2400 tera
570 2369 615 2405 fit,
640 2369 717 2400 dum
736 2379 774 2400 ex
789 2369 966 2400 inordinata
983 2370 1243 2410 concupiscentia
1258 2369 1391 2400 infertur
1405 2369 1548 2409 pronitas

491 2413 529 2444 ad
545 2414 675 2449 malum,
689 2419 719 2444 et
735 2423 802 2444 non
814 2414 919 2444 solum
936 2413 1102 2445 difficultas
1118 2413 1157 2444 ad
1172 2415 1307 2450 bonum,
1321 2423 1418 2454 quam
1435 2413 1547 2454 opinio

490 2458 542 2488 illa
565 2458 714 2498 ponebat.
1306 2475 1309 2477 >

544 2501 594 2532 Ad
617 2503 757 2542 primurn
780 2502 914 2532 dubium
941 2502 1054 2533 dicitur
1085 2502 1173 2542 quod
1201 2502 1462 2542 eoncupiscentia
1493 2503 1548 2532 ha-

490 2546 615 2576 bitualis
639 2546 762 2582 dicitur,
785 2556 853 2576 non
877 2547 952 2586 quia
974 2547 1013 2577 sit
1030 2547 1164 2583 habitus,
1189 2546 1245 2577 sed
1261 2548 1336 2586 quia
1352 2551 1399 2577 est
1413 2547 1547 2587 privatio

491 2590 631 2620 habitus:
655 2590 789 2630 privatio
806 2591 892 2620 enirn
913 2590 952 2620 ad
967 2600 1067 2630 genus
1083 2592 1133 2621 sui
1149 2591 1290 2631 oppositi
1305 2596 1443 2631 spectat;
1466 2600 1549 2621 non-

490 2634 591 2664 homo
615 2635 701 2664 enim
723 2634 762 2664 ad
786 2635 1002 2671 substantiam,
1027 2640 1058 2665 et
1081 2635 1274 2666 non-album
1290 2635 1329 2665 ad
1345 2635 1440 2675 quale
1455 2634 1548 2666 redu-

492 2678 582 2708 citur.
606 2678 662 2708 Est
685 2677 842 2718 siquidem
866 2679 1024 2718 appetitus
1039 2680 1206 2710 sensitivus
1227 2680 1387 2710 humanus
1409 2679 1549 2720 privatus

492 2722 588 2761 gratia
611 2722 762 2752 habituali
786 2723 946 2762 originalis
969 2723 1114 2759 iustitiae,
1139 2732 1203 2763 qua
1225 2729 1394 2764 promptus
1424 2724 1550 2755 suberat

492 2766 622 2796 rationis
646 2765 758 2796 ordini.
783 2767 960 2797 Destitutus
977 2767 1134 2807 siquidem
1150 2768 1203 2797 tali
1226 2767 1325 2804 dono,
1342 2768 1456 2798 dicitur
1472 2778 1549 2799 con-

493 2810 687 2849 cupiscentia
717 2810 895 2840 inordinata
924 2811 1108 2842 habitualis:
1141 2812 1217 2852 quia
1244 2812 1289 2842 sic
1313 2818 1375 2848 est,
1405 2813 1500 2843 etiam
1523 2813 1549 2843 si

493 2854 571 2883 nihil
595 2854 756 2884 actualiter
780 2855 994 2894 concupiscat.

548 2897 598 2927 Ad
621 2897 797 2928 secundum
821 2898 954 2929 dubium
978 2899 1092 2929 dicitur
1115 2898 1292 2939 dupliciter.
1316 2900 1435 2936 Primo,
1461 2900 1550 2941 quod

494 2940 636 2971 doctrina
659 2942 834 2973 Aristotelis
858 2943 1000 2982 loquitur
1023 2943 1062 2973 de
1086 2953 1179 2974 causa
1203 2945 1368 2974 communi
1392 2944 1431 2974 ad
1447 2944 1550 2985 dispa-

494 2991 577 3015 ratos
601 2985 746 3016 effectus:
778 2996 844 3016 non
869 2993 975 3017 autem
1006 2987 1045 3018 de
1069 2997 1162 3018 causa
1186 2989 1352 3018 communi
1377 2987 1550 3019 effectuum

494 3035 608 3059 mutuo
632 3039 664 3059 se
687 3029 901 3066 inferentium,
926 3031 1035 3071 quales
1058 3037 1131 3061 sunt
1154 3032 1214 3062 isti.
1239 3032 1322 3062 Nam
1345 3033 1487 3072 pronitas
1511 3033 1550 3063 ad

495 3073 614 3103 malum
639 3072 799 3104 difficilem
823 3074 895 3104 facit
920 3075 958 3104 ad
973 3075 1112 3105 bonurn:
1139 3081 1169 3105 et
1188 3075 1355 3106 difficultas
1371 3076 1411 3106 ad
1426 3077 1550 3107 bonum

495 3125 633 3155 pronum
657 3123 810 3147 monstrat
834 3119 976 3148 animum
1000 3118 1039 3148 ad
1062 3119 1192 3149 malum.
1224 3119 1292 3149 Nisi
1317 3120 1403 3150 enim
1426 3121 1550 3151 animus

495 3160 696 3190 inclinaretur
720 3160 759 3191 ad
782 3163 976 3192 contrarium
999 3163 1087 3192 bono
1111 3163 1250 3198 rationis,
1275 3173 1342 3194 non
1367 3169 1447 3194 esset
1471 3164 1550 3195 diffi-

497 3203 563 3233 cilis
586 3203 624 3234 ad
648 3204 787 3234 bonum:
812 3205 902 3241 sicut,
927 3206 951 3235 si
976 3215 1092 3246 corpus
1115 3216 1181 3237 non
1197 3206 1399 3238 inclinaretur
1422 3207 1461 3238 ad
1480 3217 1551 3238 mo·-

497 3252 565 3277 tum
589 3246 749 3283 deorsum,
773 3257 839 3277 non
863 3247 1100 3280 difficultaretur
1122 3250 1161 3280 ad
1185 3250 1431 3282 ascendendum.
1455 3251 1496 3282 Et
1511 3253 1551 3282 si-

497 3290 611 3320 militer
635 3300 671 3320 ex
695 3291 758 3321 hoc
789 3290 877 3330 quod
900 3292 1068 3322 inclinatur
1091 3293 1129 3323 ad
1153 3294 1276 3324 bonurn
1300 3295 1447 3325 sensibile
1474 3305 1551 3326 con-

498 3334 626 3364 trarium
650 3334 737 3364 bono
761 3334 901 3370 rationis,
917 3336 1063 3374 provenit
1086 3337 1174 3376 quod
1198 3337 1414 3369 difficultatem
1435 3340 1552 3379 patitur

499 3376 537 3406 ad
567 3383 692 3407 motum
723 3377 899 3408 secundum
928 3378 1083 3409 rationem
1114 3380 1146 3410 in
1170 3381 1302 3411 bonum.
1337 3381 1452 3413 Nullus
1476 3392 1551 3423 ergo

500 3429 594 3455 error,
618 3421 704 3451 nulla
727 3420 868 3451 debilitas
891 3421 923 3451 in
947 3430 1096 3461 processu
1120 3423 1182 3453 hoc
1206 3424 1325 3455 litterae
1349 3431 1404 3455 est.

555 3464 702 3494 Secundo
733 3464 793 3495 dici
817 3470 921 3504 potest
949 3464 1054 3504 quod,
1085 3465 1158 3496 licet
1190 3476 1227 3496 ex
1254 3469 1413 3507 positione
1441 3479 1552 3500 causae

502 3508 680 3537 communis
707 3516 772 3538 non
796 3508 894 3548 possit
919 3508 1123 3538 determinate
1154 3509 1258 3540 inferri
1282 3512 1399 3550 posin'o
1427 3513 1552 3543 alterius

502 3549 704 3580 determinate
730 3551 875 3585 effectus.
900 3552 947 3582 vel
972 3552 1089 3591 positio
1117 3553 1280 3593 utriusque
1304 3555 1417 3591 simul.
1448 3562 1552 3595 potest

502 3598 606 3623 tamen
627 3593 731 3624 inferri
749 3596 890 3634 potentia
906 3595 944 3625 ad
961 3595 1093 3625 alterum
1110 3595 1313 3627 determinate
1331 3604 1360 3628 et
1376 3598 1415 3629 ad
1431 3605 1552 3629 utrum-

1151 287 1413 336 QUAESTIO
1442 287 1599 333 XXVII,
1628 285 1921 323 ARTICULUS
1948 285 1993 322 111

1587 522 1651 554 que
1675 513 1786 544 simul:
1818 514 1894 554 quia
1917 523 1955 544 ex
1975 514 2040 547 hoc
2063 514 2134 554 ipso
2162 512 2252 554 quod
2275 521 2370 544 causa
2391 496 2647 551 eommunis'est

1587 557 1725 598 utrique,
1749 558 1782 588 in
1805 558 1949 598 potentia
1971 558 2066 588 habet
2088 562 2272 598 utrumque.
2306 557 2355 587 Ac
2377 566 2435 597 per
2455 557 2534 594 hoc,
2558 555 2648 589 licuit

1587 601 1732 636 Auctori‚
1757 611 1795 632 ex
1817 602 1881 632 hoc
1905 601 1995 642 quod
2017 601 2121 632 fornes
2145 606 2192 632 est
2214 601 2475 641 concupiscentia
2492 601 2648 633 contraria
2694 595 2707 610 ¹
2723 585 2745 639 ’ξ
2758 584 2773 610 ‘l'

1587 645 1702 676 rationi
1725 645 1935 682 habitualiter‚
1959 645 2075 676 inferre
2097 645 2188 685 quod
2203 643 2307 676 fomes
2329 645 2509 676 necessario
2531 650 2580 676 est
2598 645 2648 677 in-
2704 647 2706 650 ·
2738 640 2755 668 ³?

1581 689 1754 723 ‚clinativus
1778 689 1818 720 ad
1840 689 1962 723 malum
1985 695 2017 720 et
2039 688 2276 720 difficultativus
2289 689 2325 720 in
2339 689 2443 720 bono:
2467 694 2499 720 et
2512 697 2582 720 non
2596 689 2649 721 in'-

1588 733 1661 764 tulit
1683 733 1773 773 quod
1795 733 1959 764 actualiter
1981 733 2147 764 inclinaret
2169 732 2209 764 ad
2231 733 2362 764 malum.
2393 732 2465 774 Ipsa
2489 732 2648 774 siquidem
2683 731 2717 749 “a
2738 727 2754 751 ¹1

1587 776 1800 814 inordinatio,
1827 778 1903 818 quia
1925 777 2040 808 rationi
2063 777 2237 814 contraria,
2264 782 2357 808 sonat
2383 777 2576 818 pronitatem
2608 777 2649 809 ad

1589 821 1720 858 malum,
1744 831 1812 852 non
1834 821 2001 858 actualem,
2018 821 2074 853 sed
2095 821 2300 858 habitualem,
2323 825 2360 852 ut
2382 820 2576 852 declaratum
2591 827 2648 853 est.
2703 806 2754 875 ζ

1589 865 1631 896 Et
1652 871 1822 906 propterea
1844 870 1930 896 recte
1952 865 2075 896 illatum
2094 870 2142 896 est
2164 864 2254 906 quod
2277 865 2342 896 duo
2366 864 2461 896 simul
2483 870 2650 906 ponuntur

1590 909 1746 940 contraria
1769 909 1848 940 dum
1862 909 1994 950 ponitur
2008 909 2112 940 fomes
2133 914 2164 940 et
2179 914 2312 950 negatur
2325 909 2494 940 habitualis
2507 910 2650 951 pronitas

1590 953 1631 984 ad
1653 953 1791 984 malum:
1823 954 1899 994 quia
1920 953 1989 994 ipsa
2011 953 2191 984 inordinata
2213 953 2474 994 concupiscentia
2503 958 2550 984 est
2574 962 2650 994 pro-

1591 997 1672 1028 nitas
1695 997 1735 1028 ad
1757 997 1896 1035 malum,
1920 998 1996 1038 quia
2018 1002 2065 1029 est
2088 997 2245 1028 contraria
2266 998 2392 1028 rationi.
2426 997 2468 1028 Et
2496 997 2576 1029 haec
2598 1003 2651 1034 ,rn-

1591 1042 1724 1081 sponsio
1747 1042 1848 1082 magis
1870 1042 2007 1073 litteram
2029 1042 2218 1082 assequitur.

1648 1085 1700 1116 IV.
1725 1085 1932 1117 Examinatur
1954 1085 2069 1117 deinde
2086 1086 2178 1117 tertia
2193 1085 2305 1127 opinio
2321 1086 2348 1123 θ,
2372 1084 2481 1117 dicens
2503 1083 2652 1130 fomitem
2671 1075 2675 1079 ’

1592 1130 1779 1160 remansisse
1802 1135 1960 1171 quantum
1983 1129 2023 1161 ad
2047 1130 2288 1171 corruptionem
2302 1135 2444 1166 naturae,
2466 1139 2536 1161 non
2550 1131 2652 1171 quan·-
2695 1116 2726 1162 εἷς

1592 1179 1662 1204 tum
1692 1173 1732 1205 ad
1759 1175 2000 1215 corruptionem
2029 1183 2196 1215 personae.
2231 1173 2354 1205 Contra
2379 1174 2463 1205 hanc
2490 1174 2538 1205 in<
2551 1171 2654 1206 niwerh
2709 1169 2750 1212 ³²2⁴

1593 1218 1736 1249 similiter
1757 1217 1951 1258 proceditur,
1975 1217 2066 1259 quod
2087 1223 2188 1259 ponat
2210 1217 2276 1249 duo
2301 1218 2450 1259 opposita
2472 1213 2582 1255 simin
2603 1226 2654 1250 nn-

1592 1261 1722 1303 guendo
1746 1263 1801 1293 sic.
1825 1262 1944 1294 Fomes
1966 1268 2002 1293 ut
2025 1263 2189 1303 corruptio
2212 1267 2354 1299 naturae,
2378 1267 2426 1293 est
2439 1261 2654 1302 libidotaum'-

1593 1307 1722 1337 mittens
1744 1312 1914 1347 peccatum
1936 1307 1969 1345 in
1991 1306 2127 1347 prolem.
2151 1305 2267 1338 Libido
2290 1311 2399 1338 autem
2414 1310 2462 1338 est
2475 1301 2655 1348 supradicta

1594 1350 1855 1391 concupiscentia
1876 1351 1991 1382 rationi
2014 1350 2180 1382 contraria.
2203 1350 2289 1391 Ergo
2313 1350 2416 1382 fomes
2438 1355 2475 1382 ut
2490 1344 2654 1394 comp-fio
2698 1353 2702 1356 ,
2731 1333 2757 1354 a

1593 1400 1734 1432 naturae,
1757 1394 1852 1426 infert
1874 1396 2016 1436 seipsum
2038 1400 2075 1426 ut
2098 1395 2339 1435 corruptionem
2361 1403 2528 1436 personae.
2580 1430 2582 1432 v

1648 1438 1850 1470 Antecedens
1874 1445 1921 1470 est
1935 1439 2116 1480 Augustini.
2138 1457 2163 1461 -
2184 1439 2292 1470 Altera
2306 1439 2486 1480 propositio
2501 1438 2656 1481 accipitur

1594 1488 1631 1514 ut
1652 1492 1710 1523 per
1733 1493 1766 1514 se
1789 1489 1877 1514 nota.
1911 1482 1997 1521 Quia
2023 1488 2077 1514 aut
2100 1488 2147 1514 est
2169 1492 2275 1514 sermo
2302 1482 2342 1513 de
2368 1482 2655 1515 libidine‘actunli:
2674 1503 2678 1508 ·
2710 1488 2742 1522 ul.

1595 1533 1626 1557 et
1648 1528 1782 1558 habetur
1804 1528 1982 1564 intentum,
2013 1527 2090 1567 quia
2111 1527 2190 1558 haec
2213 1536 2281 1558 non
2305 1527 2497 1567 compatitur
2512 1526 2656 1562 ,liberam

1594 1571 1725 1602 rationis
1748 1581 1854 1602 usum.
1890 1570 1953 1602 Sed
1975 1570 2014 1602 de
2037 1571 2098 1602 hac
2120 1580 2188 1602 non
2211 1576 2259 1601 est
2280 1580 2407 1601 sermo:
2438 1571 2531 1612 quia,
2554 1578 2656 1613 quan·

1595 1620 1808 1656 tumcumque
1837 1620 1984 1655 parentes
2007 1615 2127 1655 absque
2151 1613 2362 1645 delectatione
2382 1614 2526 1652 coirent,
2549 1609 2658 1657 proles

1596 1659 1819 1699 conciperetur
1841 1660 1875 1689 in
1898 1664 2032 1700 peccato
2057 1658 2211 1699 originali.
2236 1657 2270 1690 Si
2291 1663 2400 1690 autem
2423 1662 2471 1690 est
2491 1655 2657 1697 sermo'fi'e

1596 1703 1727 1734 libidine
1750 1703 1913 1739 habituali,
1936 1709 1973 1734 ut
1995 1703 2029 1734 in
2048 1703 2179 1734 veritate
2202 1707 2249 1733 est
2264 1712 2368 1734 sermo
2383 1702 2432 1734 ‘de
2454 1702 2659 1740 meminit

1597 1747 1687 1788 quod
1708 1748 1778 1788 ipsa
1806 1757 1874 1778 non
1897 1748 1958 1779 nisi
1980 1747 2148 1778 habitualis
2172 1752 2219 1778 est
2249 1747 2510 1788 concupiscentia
2527 1744 2658 1779 inordi-

1596 1797 1670 1822 nata
1695 1801 1793 1832 quam
1813 1791 2041 1822 declaravimus
2056 1792 2083 1822 *.
2105 1809 2130 1814 -
2153 1790 2395 1832 Consequentia
2409 1797 2517 1824 autem
2528 1796 2659 1833 eotffflr
2685 1797 2705 1810 ’¹
2725 1786 2759 1823 ’

1597 1845 1630 1867 se
1654 1836 1793 1867 evidens.
1818 1835 1903 1875 Quia
1918 1835 2096 1867 inordinata
2111 1836 2371 1876 concupiscentia
2389 1835 2464 1868 ideo
2478 1834 2659 1882 inotdiqnn
2674 1855 2692 1881 ,3
2729 1836 2731 1843 ’
2748 1841 2757 1878 ‘j'

1597 1886 1644 1911 est
1667 1881 1742 1921 quia
1765 1881 1922 1911 contraria
1943 1880 2059 1911 rationi
2081 1879 2225 1910 habentis
2247 1879 2352 1910 illam:
2377 1889 2414 1910 ac
2441 1889 2499 1921 per
2517 1878 2601 1924 hoc,
2618 1879 2659 1913 ad
2729 1883 2742 1932 'y
2756 1918 2764 1931 x

1597 1925 1765 1965 personale
1787 1925 1910 1956 malum
1931 1925 2076 1955 habentis
2099 1924 2187 1955 illam
2209 1929 2340 1964 spectat.
2619 1915 2644 1958 ᾖ)

1654 1969 1740 2007 Quia
1762 1969 1857 2010 igitur
1879 1968 2058 2000 inordinata
2078 1968 2245 1999 habitualis
2269 1967 2530 2009 concupiscentia
2548 1964 2660 2000 e'dt'kx

1599 2013 1711 2044 eadem
1733 2014 1858 2044 ratione
1889 2018 1920 2044 et
1943 2013 2099 2044 contraria
2121 2012 2244 2043 rationi
2266 2012 2411 2043 habentis
2433 2012 2539 2050 illam„
2560 2015 2598 2044 et-
2619 2021 2659 2044 ex

1600 2067 1664 2098 qua
1675 2058 1896 2088 transmittitur
1911 2057 2064 2098 originale
2079 2062 2248 2098 peccatum
2259 2057 2293 2087 in
2303 2057 2444 2097 prolem
2459 2061 2659 2098 non-poma

1599 2101 1779 2133 secundum
1800 2111 1899 2133 unam
1923 2107 1954 2132 et
1977 2101 2112 2132 eandem
2135 2106 2275 2132 atomam
2292 2101 2460 2138 rationem,
2483 2101 2619 2142 separati
2640 2110 2661 2135 a

1600 2147 1712 2187 seipsa,
1736 2152 1772 2177 ut
1794 2151 1922 2177 maneat
1943 2146 1978 2176 in
2000 2145 2103 2186 seipsa
2127 2150 2158 2176 et
2180 2155 2248 2176 non
2270 2150 2416 2183 maneat;
2441 2142 2661 2194 quidquidait
2724 2128 2762 2166 ‘1⁷‘

1601 2190 1640 2222 de
1654 2190 1912 2271 Vll-eggiatuiiaec,
1943 2234 2078 2265 exclusis
2100 2233 2241 2265 secunda
2267 2240 2299 2265 et
2321 2226 2412 2264 tertia
2434 2219 2661 2282 opinifflibffl,

1600 2279 1734 2310 infertur
1756 2280 1892 2320 primam
1915 2284 1970 2310 aut
1993 2283 2138 2319 quartam
2160 2278 2371 2309 asserendam.
2401 2277 2443 2309 Et
2465 2277 2662 2311 examinum
2708 2260 2756 2315 ''3'ss

1600 2325 1703 2364 prima
1718 2325 1744 2360 *,
1769 2323 1969 2360 declarando,
1993 2323 2109 2364 primo,
2134 2322 2303 2364 quomodo
2325 2326 2434 2362 potest
2455 2321 2589 2364 intelligi
2604 2322 2612 2330 ”

1600 2369 1730 2409 positio.
1761 2368 1803 2398 Et
1825 2368 1898 2398 satis
1920 2367 2016 2408 plane
2038 2372 2125 2408 patet
2147 2367 2250 2398 littera
2277 2365 2385 2408 quoad
2407 2366 2498 2405 hoc,
2511 2373 2627 2411 exeipp

1602 2413 1719 2444 Christi
1743 2418 1774 2443 et
1796 2411 1895 2442 Adae.
1918 2430 1942 2434 —
1965 2410 2153 2448 Muniendo,
2177 2409 2331 2447 secundo,
2355 2410 2438 2441 hanc
2454 2408 2660 2453 opinitffian:

1602 2458 1678 2497 quia
1701 2462 1822 2497 spectat
1844 2455 1883 2487 ad
1906 2455 2092 2496 dignitatem
2111 2455 2227 2486 Beatae
2242 2454 2391 2495 Virginis.
2459 2451 2650 2486 obiiciendo

1601 2502 1712 2538 tertio,
1737 2506 1848 2532 contra
1870 2500 1972 2531 illam:
2006 2500 2082 2540 quia
2104 2498 2235 2539 derogat
2257 2498 2402 2539 dignitati

1601 2546 1704 2586 prima
1727 2555 1800 2576 caro
1824 2549 1931 2575 sancta
1954 2543 2063 2575 debuit
2086 2553 2154 2574 esse
2177 2552 2251 2574 caro
2275 2542 2402 2574 Christi.
2640 2568 2642 2570 ,

1657 2589 1796 2620 Affertur
1811 2594 1919 2620 autem
1934 2588 1967 2619 in
1982 2588 2084 2619 littera
2099 2588 2178 2618 ratio
2195 2587 2274 2618 talis.
2293 2587 2426 2628 Absque
2439 2587 2556 2619 virtute
2567 2585 2670 2621 Chri-s

1602 2635 1640 2665 sti
1663 2634 1771 2664 nullus
1794 2643 1812 2664 a
1834 2633 1936 2674 prima
1951 2631 2155 2663 damnatione
2178 2631 2337 2662 liberatur.
2360 2631 2447 2672 Ergo
2467 2635 2541 2664 ante
2556 2623 2669 2673 inem-'⁴

1602 2679 1766 2709 nationem
1783 2677 1900 2708 Christi
1918 2676 2026 2707 nullus
2048 2675 2227 2707 secundum
2243 2685 2371 2706 carnem
2393 2675 2504 2706 debuit
2522 2685 2544 2707 a
2559 2674 2663 2717 prima
2719 2685 2735 2706 κ’,

1602 2723 1807 2754 damnatione
1818 2721 1952 2752 liberari.
1965 2739 1988 2743 -
2000 2720 2242 2760 Consequentia
2251 2721 2415 2760 probatur.
2427 2719 2514 2758 Quia
2522 2718 2559 2751 'in
2569 2718 2663 2752 Chri·

1602 2768 1641 2798 sti
1665 2776 1758 2797 carne
1782 2766 1891 2797 debuit
1913 2765 2019 2806 primo
2043 2773 2195 2805 apparere
2210 2765 2395 2795 immunitas
2410 2773 2430 2795 a
2446 2762 2662 2796 damnatione.
2682 2795 2684 2801 Α

1658 2811 1698 2842 Et
1721 2809 1929 2841 confirmatur
1951 2819 1969 2840 a
1991 2809 2104 2840 simili:
2129 2808 2169 2839 de
2190 2809 2428 2839 immortalitate
2451 2808 2563 2840 carnis.
2627 2827 2630 2829 Δ

1657 2854 1796 2886 Adverte
1818 2855 1870 2885 hic
1894 2853 1984 2894 quod
1998 2854 2131 2890 Auctor,
2151 2853 2258 2893 posito
2278 2851 2496 2890 antecedente,
2519 2851 2663 2885 advetu-

1602 2900 1699 2930 tivam
1712 2899 1846 2940 apponit
1858 2897 2060 2929 adiuvantem
2073 2897 2347 2938 consequentiam,
2359 2896 2482 2928 dicens:
2496 2895 2543 2928 Et
2551 2904 2670 2943 quanam

1602 2944 1649 2975 vis
1666 2953 1730 2984 per
1743 2943 1944 2984 spiritualem
1949 2941 2054 2984 fidem
2072 2941 2192 2973 Christi
2207 2941 2311 2982 aliqui
2323 2941 2389 2972 sint
2409 2939 2584 2972 secundum
2598 2936 2663 2982 spi-

1603 2989 1701 3019 ritum
1724 2988 1764 3018 ab
1788 2988 1844 3018 illa
1868 2987 2076 3018 damnatione
2101 2990 2176 3016 ante
2201 2985 2322 3016 Christi
2343 2983 2602 3016 incarnationem
2623 2985 2663 3016 11·-
2719 2979 2748 3000 ““

1602 3032 1714 3068 berati,
1740 3037 1855 3068 tamen,
1869 3037 1928 3062 ete.
1953 3031 2015 3062 Ubi
2040 3040 2078 3062 ex
2102 3029 2245 3061 dissimili
2267 3029 2383 3060 effectu
2404 3028 2514 3061 salutis
2531 3028 2663 3061 camelis

1605 3082 1635 3107 et
1653 3076 1822 3117 spiritualis
1838 3086 1856 3106 a
1872 3075 2010 3111 Christo,
2035 3074 2114 3106 dum
2130 3083 2258 3105 causam
2273 3074 2383 3114 tangit,
2407 3073 2528 3105 scilicet
2548 3081 2663 3108 secun·

1604 3120 1682 3151 dum
1698 3121 1845 3161 spiritum
1861 3125 1892 3150 et
1907 3118 2086 3150 secundum
2102 3127 2239 3155 carnem,
2259 3117 2523 3159 consequentiam
2536 3117 2662 3158 probat.

1604 3164 1868 3195 Consentaneum
1892 3164 2014 3204 quippe
2036 3163 2151 3194 rationi
2175 3167 2222 3193 est
2244 3167 2294 3199 ut,
2324 3161 2407 3193 sicut
2429 3161 2512 3193 salus
2534 3161 2664 3202 spiritus

1603 3217 1660 3248 per
1683 3208 1880 3249 spiritualem
1902 3207 2038 3239 modum
2062 3207 2115 3243 fit,
2139 3215 2196 3247 per
2217 3205 2316 3238 fidem
2339 3206 2476 3242 scilicet,
2506 3214 2590 3246 quae
2616 3209 2664 3236 est

1605 3252 1699 3283 etiam
1722 3251 1922 3288 futurorum;
1950 3253 1993 3282 ita
2015 3251 2099 3282 salus
2123 3251 2224 3282 carnis
2247 3250 2412 3282 carnaliter
2434 3258 2568 3290 quoque
2589 3247 2662 3286 fiat,

1605 3305 1641 3326 ac
1664 3305 1721 3336 per
1743 3297 1823 3331 hoc,
1848 3306 1866 3326 a
1888 3297 1990 3336 prima
2013 3305 2107 3327 earne
2130 3299 2238 3326 sancta
2267 3300 2379 3335 suapte
2401 3299 2530 3331 namra3
2561 3293 2664 3335 qualis

1605 3345 1651 3370 est
1674 3340 1787 3380 procul
1811 3339 1920 3376 dubio,
1945 3339 2123 3370 secundum
2146 3348 2269 3375 omnes.
2292 3338 2361 3370 sola
2382 3337 2500 3370 Christi
2515 3346 2600 3375 caro,
2622 3335 2663 3368 de

1605 3393 1668 3423 qua
1691 3383 1758 3414 sola
1781 3384 1935 3424 scriptum
1958 3389 2004 3414 est
2025 3384 2059 3420 *,
2091 3382 2188 3420 Quod
2217 3392 2259 3414 ex
2281 3387 2312 3414 te
2335 3387 2486 3414 nascetur
2505 3386 2662 3414 sanctum.

1660 3427 1776 3457 Videre
1800 3428 1895 3458 etiam
1911 3433 2003 3468 potes
2027 3436 2124 3467 quam
2145 3436 2289 3458 consona
2304 3426 2384 3457 ratio
2400 3426 2492 3457 allata
2513 3426 2568 3457 sit:
2593 3430 2662 3456 tum

1606 3476 1641 3500 ut
1652 3471 1794 3511 primum
1811 3471 1843 3501 in
1861 3479 2053 3512 unoquoque
2066 3480 2187 3512 genere
2205 3470 2248 3502 sit
2264 3479 2364 3501 causa
2387 3470 2528 3500 aliorum
2540 3470 2574 3507 “3
2593 3474 2663 3500 mm
2690 3475 2700 3488 ·
2712 3479 2724 3492 ⁸
2823 3492 2831 3499 .-

1606 3519 1640 3543 ut
1671 3515 1865 3554 principium
1896 3520 1927 3545 et
1953 3515 2189 3545 consummatio
2220 3514 2265 3544 rei
2296 3512 2566 3553 coi-respondeant
2592 3513 2662 3544 sibi.
2687 3517 2746 3557 ap.
2824 3523 2830 3542 π

1607 3557 1697 3587 Salus
1720 3559 1820 3588 carnis
1844 3564 2085 3588 consummatur
2107 3566 2164 3598 per
2186 3557 2471 3588 immortalitatem:
2496 3557 2664 3588 inchoatur

1606 3609 1662 3639 per
1684 3602 1882 3631 sanctitatem
1904 3601 2048 3632 eiusdem
2072 3601 2183 3632 carnis.
2218 3600 2259 3631 Et
2283 3600 2358 3640 quia
2381 3606 2505 3632 constat
2528 3601 2663 3641 primam

2722 3298 2758 3335 {J}

2688 3554 2713 3578 S.

2687 3581 2740 3604 100·-
2805 3599 2820 3617 2

2739 3486 2766 3505 ὦ.
