<?xml version="1.0" encoding="UTF-8"?>
<!DOCTYPE html PUBLIC "-//W3C//DTD XHTML 1.0 Transitional//EN"
    "http://www.w3.org/TR/xhtml1/DTD/xhtml1-transitional.dtd">
<html xmlns="http://www.w3.org/1999/xhtml" xml:lang="en" lang="en">
 <head>
  <title>
</title>
<meta http-equiv="Content-Type" content="text/html;charset=utf-8" />
  <meta name='ocr-system' content='tesseract 3.04.00' />
  <meta name='ocr-capabilities' content='ocr_page ocr_carea ocr_par ocr_line ocrx_word'/>
</head>
<body>
  <div class='ocr_page' id='page_1' title='image "./operaomniaiussui11thom_0159.png"; bbox 0 0 2872 3970; ppageno 0'>
   <div class='ocr_carea' id='block_1_1' title="bbox 0 2931 41 3519">
    <p class='ocr_par' dir='ltr' id='par_1_1' title="bbox 0 2931 41 3519">
     <span class='ocr_line' id='line_1_1' title="bbox 0 2931 41 3519; baseline 0 451"><span class='ocrx_word' id='word_1_1' title='bbox 0 2931 41 3519; x_wconf 95' lang='lat' dir='ltr'> </span> 
     </span>
    </p>
   </div>
   <div class='ocr_carea' id='block_1_2' title="bbox 38 730 226 768">
    <p class='ocr_par' dir='ltr' id='par_1_2' title="bbox 38 730 226 768">
     <span class='ocr_line' id='line_1_2' title="bbox 38 730 226 768; baseline -0.006 -1"><span class='ocrx_word' id='word_1_2' title='bbox 38 730 41 735; x_wconf 31' lang='lat'>¹</span> <span class='ocrx_word' id='word_1_3' title='bbox 58 750 71 763; x_wconf 72' lang='lat'>1—</span> <span class='ocrx_word' id='word_1_4' title='bbox 81 761 87 767; x_wconf 94' lang='lat'>.</span> <span class='ocrx_word' id='word_1_5' title='bbox 105 744 226 768; x_wconf 70' lang='lat' dir='ltr'>Ari-tote..</span> 
     </span>
    </p>
   </div>
   <div class='ocr_carea' id='block_1_3' title="bbox 119 770 226 820">
    <p class='ocr_par' dir='ltr' id='par_1_3' title="bbox 119 770 226 820">
     <span class='ocr_line' id='line_1_3' title="bbox 119 770 226 798; baseline -0.01 -5"><span class='ocrx_word' id='word_1_6' title='bbox 119 770 159 794; x_wconf 77' lang='lat' dir='ltr'>nb.</span> <span class='ocrx_word' id='word_1_7' title='bbox 185 770 226 798; x_wconf 85' lang='lat'>111,</span> 
     </span>
     <span class='ocr_line' id='line_1_4' title="bbox 131 800 225 820; baseline -0.015 0"><span class='ocrx_word' id='word_1_8' title='bbox 131 802 156 820; x_wconf 64' lang='lat' dir='ltr'>no</span> <span class='ocrx_word' id='word_1_9' title='bbox 164 800 225 820; x_wconf 38' lang='lat'>&gt;022³</span> 
     </span>
    </p>
   </div>
   <div class='ocr_carea' id='block_1_4' title="bbox 93 826 226 846">
    <p class='ocr_par' dir='ltr' id='par_1_4' title="bbox 93 826 226 846">
     <span class='ocr_line' id='line_1_5' title="bbox 93 826 226 846; baseline -0.016 0"><span class='ocrx_word' id='word_1_10' title='bbox 93 839 100 846; x_wconf 90' lang='lat'>.</span> <span class='ocrx_word' id='word_1_11' title='bbox 124 826 167 846; x_wconf 75' lang='lat' dir='ltr'>eet.</span> <span class='ocrx_word' id='word_1_12' title='bbox 177 828 226 845; x_wconf 86' lang='lat' dir='ltr'>vm.</span> 
     </span>
    </p>
   </div>
   <div class='ocr_carea' id='block_1_5' title="bbox 84 1028 224 1079">
    <p class='ocr_par' dir='ltr' id='par_1_5' title="bbox 46 1028 224 1079">
     <span class='ocr_line' id='line_1_6' title="bbox 84 1028 224 1079; baseline -0.011 -5.427"><span class='ocrx_word' id='word_1_13' title='bbox 84 1063 100 1074; x_wconf 93' lang='lat'>.</span> <span class='ocrx_word' id='word_1_14' title='bbox 113 1028 164 1079; x_wconf 56' lang='lat' dir='ltr'>ap.</span> <span class='ocrx_word' id='word_1_15' title='bbox 175 1056 224 1077; x_wconf 67' lang='lat' dir='ltr'>vm,</span> 
     </span>
    </p>
   </div>
   <div class='ocr_carea' id='block_1_6' title="bbox 971 259 1719 317">
    <p class='ocr_par' dir='ltr' id='par_1_6' title="bbox 971 259 1719 317">
     <span class='ocr_line' id='line_1_7' title="bbox 971 259 1719 317; baseline -0.001 -10"><span class='ocrx_word' id='word_1_16' title='bbox 971 270 1233 316; x_wconf 85' lang='lat' dir='ltr'>QUAESTIO</span> <span class='ocrx_word' id='word_1_17' title='bbox 1262 271 1330 317; x_wconf 78' lang='lat' dir='ltr'>vl,</span> <span class='ocrx_word' id='word_1_18' title='bbox 1364 259 1656 308; x_wconf 85' lang='lat' dir='ltr'><strong>ARTICULUS</strong></span> <span class='ocrx_word' id='word_1_19' title='bbox 1677 271 1719 306; x_wconf 81' lang='lat' dir='ltr'>-v</span> 
     </span>
    </p>
   </div>
   <div class='ocr_carea' id='block_1_7' title="bbox 243 347 1316 3546">
    <p class='ocr_par' dir='ltr' id='par_1_7' title="bbox 245 347 1315 1177">
     <span class='ocr_line' id='line_1_8' title="bbox 254 347 1315 388; baseline -0.001 -9"><span class='ocrx_word' id='word_1_20' title='bbox 254 353 358 379; x_wconf 90' lang='lat' dir='ltr'>morte</span> <span class='ocrx_word' id='word_1_21' title='bbox 382 348 498 379; x_wconf 87' lang='lat' dir='ltr'><strong>Christi</strong></span> <span class='ocrx_word' id='word_1_22' title='bbox 529 357 689 378; x_wconf 85' lang='lat' dir='ltr'>assumere</span> <span class='ocrx_word' id='word_1_23' title='bbox 718 352 838 388; x_wconf 85' lang='lat' dir='ltr'>partes,</span> <span class='ocrx_word' id='word_1_24' title='bbox 872 347 927 378; x_wconf 92' lang='lat' dir='ltr'>sed</span> <span class='ocrx_word' id='word_1_25' title='bbox 955 349 1140 378; x_wconf 86' lang='lat' dir='ltr'>remanserit</span> <span class='ocrx_word' id='word_1_26' title='bbox 1169 353 1315 388; x_wconf 88' lang='lat' dir='ltr'>respectu</span> 
     </span>
     <span class='ocr_line' id='line_1_9' title="bbox 254 392 1315 432; baseline -0.002 -9"><span class='ocrx_word' id='word_1_27' title='bbox 254 393 401 432; x_wconf 88' lang='lat' dir='ltr'>partium.</span> <span class='ocrx_word' id='word_1_28' title='bbox 425 392 466 422; x_wconf 90' lang='lat' dir='ltr'>Et</span> <span class='ocrx_word' id='word_1_29' title='bbox 489 392 634 431; x_wconf 88' lang='lat' dir='ltr'>quamvis</span> <span class='ocrx_word' id='word_1_30' title='bbox 656 392 761 431; x_wconf 89' lang='lat' dir='ltr'>primo</span> <span class='ocrx_word' id='word_1_31' title='bbox 785 397 915 430; x_wconf 91' lang='lat' dir='ltr'>aspectu</span> <span class='ocrx_word' id='word_1_32' title='bbox 938 392 1016 421; x_wconf 91' lang='lat' dir='ltr'>haec</span> <span class='ocrx_word' id='word_1_33' title='bbox 1039 393 1156 431; x_wconf 86' lang='lat' dir='ltr'>positio</span> <span class='ocrx_word' id='word_1_34' title='bbox 1180 402 1248 422; x_wconf 92' lang='lat' dir='ltr'>non</span> <span class='ocrx_word' id='word_1_35' title='bbox 1264 401 1315 422; x_wconf 91' lang='lat' dir='ltr'>so-</span> 
     </span>
     <span class='ocr_line' id='line_1_10' title="bbox 254 434 1315 475; baseline 0 -9"><span class='ocrx_word' id='word_1_36' title='bbox 254 436 322 466; x_wconf 90' lang='lat' dir='ltr'>lum</span> <span class='ocrx_word' id='word_1_37' title='bbox 345 435 533 475; x_wconf 88' lang='lat' dir='ltr'>probabilis,</span> <span class='ocrx_word' id='word_1_38' title='bbox 564 434 620 465; x_wconf 88' lang='lat' dir='ltr'>sed</span> <span class='ocrx_word' id='word_1_39' title='bbox 642 435 837 475; x_wconf 91' lang='lat' dir='ltr'>probabilior</span> <span class='ocrx_word' id='word_1_40' title='bbox 862 434 1005 465; x_wconf 89' lang='lat' dir='ltr'>videatur</span> <span class='ocrx_word' id='word_1_41' title='bbox 1035 445 1133 475; x_wconf 90' lang='lat' dir='ltr'>quam</span> <span class='ocrx_word' id='word_1_42' title='bbox 1155 436 1260 475; x_wconf 89' lang='lat' dir='ltr'>posita</span> <span class='ocrx_word' id='word_1_43' title='bbox 1281 436 1315 465; x_wconf 90' lang='lat' dir='ltr'>in</span> 
     </span>
     <span class='ocr_line' id='line_1_11' title="bbox 253 479 1314 519; baseline -0.001 -9"><span class='ocrx_word' id='word_1_44' title='bbox 253 479 369 515; x_wconf 90' lang='lat' dir='ltr'>littera,</span> <span class='ocrx_word' id='word_1_45' title='bbox 394 479 470 519; x_wconf 89' lang='lat' dir='ltr'>quia</span> <span class='ocrx_word' id='word_1_46' title='bbox 491 479 666 519; x_wconf 87' lang='lat' dir='ltr'>assumptio</span> <span class='ocrx_word' id='word_1_47' title='bbox 690 488 747 518; x_wconf 91' lang='lat' dir='ltr'>per</span> <span class='ocrx_word' id='word_1_48' title='bbox 769 488 802 509; x_wconf 93' lang='lat' dir='ltr'>se</span> <span class='ocrx_word' id='word_1_49' title='bbox 825 479 929 518; x_wconf 92' lang='lat' dir='ltr'>primo</span> <span class='ocrx_word' id='word_1_50' title='bbox 953 479 1080 518; x_wconf 84' lang='lat' dir='ltr'>respicit</span> <span class='ocrx_word' id='word_1_51' title='bbox 1102 485 1224 515; x_wconf 90' lang='lat' dir='ltr'>totum;</span> <span class='ocrx_word' id='word_1_52' title='bbox 1254 488 1314 509; x_wconf 90' lang='lat' dir='ltr'>nec</span> 
     </span>
     <span class='ocr_line' id='line_1_12' title="bbox 254 522 1314 563; baseline -0.001 -10"><span class='ocrx_word' id='word_1_53' title='bbox 254 528 301 553; x_wconf 90' lang='lat' dir='ltr'>est</span> <span class='ocrx_word' id='word_1_54' title='bbox 323 528 360 553; x_wconf 91' lang='lat' dir='ltr'>ut</span> <span class='ocrx_word' id='word_1_55' title='bbox 374 522 470 553; x_wconf 87' lang='lat' dir='ltr'>factio</span> <span class='ocrx_word' id='word_1_56' title='bbox 485 523 594 558; x_wconf 84' lang='lat' dir='ltr'>totius,</span> <span class='ocrx_word' id='word_1_57' title='bbox 618 522 675 553; x_wconf 88' lang='lat' dir='ltr'>sed</span> <span class='ocrx_word' id='word_1_58' title='bbox 697 522 788 562; x_wconf 82' lang='lat' dir='ltr'>quasi</span> <span class='ocrx_word' id='word_1_59' title='bbox 809 523 1046 562; x_wconf 85' lang='lat' dir='ltr'>praeexistentis</span> <span class='ocrx_word' id='word_1_60' title='bbox 1062 522 1207 559; x_wconf 85' lang='lat' dir='ltr'>elevati0,</span> <span class='ocrx_word' id='word_1_61' title='bbox 1232 531 1314 563; x_wconf 87' lang='lat' dir='ltr'>quae</span> 
     </span>
     <span class='ocr_line' id='line_1_13' title="bbox 254 565 1313 617; baseline 0 -21"><span class='ocrx_word' id='word_1_62' title='bbox 254 567 350 596; x_wconf 89' lang='lat' dir='ltr'>etiam</span> <span class='ocrx_word' id='word_1_63' title='bbox 371 567 406 597; x_wconf 91' lang='lat' dir='ltr'>in</span> <span class='ocrx_word' id='word_1_64' title='bbox 428 565 594 615; x_wconf 83' lang='lat' dir='ltr'>operando</span> <span class='ocrx_word' id='word_1_65' title='bbox 617 566 757 606; x_wconf 88' lang='lat' dir='ltr'>incipere</span> <span class='ocrx_word' id='word_1_66' title='bbox 781 565 875 596; x_wconf 90' lang='lat' dir='ltr'>debet</span> <span class='ocrx_word' id='word_1_67' title='bbox 897 576 915 595; x_wconf 94' lang='lat' dir='ltr'>a</span> <span class='ocrx_word' id='word_1_68' title='bbox 930 575 987 606; x_wconf 90' lang='lat' dir='ltr'>per</span> <span class='ocrx_word' id='word_1_69' title='bbox 1002 575 1035 596; x_wconf 93' lang='lat' dir='ltr'>se</span> <span class='ocrx_word' id='word_1_70' title='bbox 1058 567 1163 617; x_wconf 85' lang='lat' dir='ltr'>primo</span> <span class='ocrx_word' id='word_1_71' title='bbox 1179 567 1313 602; x_wconf 89' lang='lat' dir='ltr'>intento,</span> 
     </span>
     <span class='ocr_line' id='line_1_14' title="bbox 254 609 1315 650; baseline 0 -10"><span class='ocrx_word' id='word_1_72' title='bbox 254 619 292 640; x_wconf 88' lang='lat' dir='ltr'>ex</span> <span class='ocrx_word' id='word_1_73' title='bbox 315 619 381 650; x_wconf 91' lang='lat' dir='ltr'>quo</span> <span class='ocrx_word' id='word_1_74' title='bbox 405 610 559 650; x_wconf 86' lang='lat' dir='ltr'>supponit</span> <span class='ocrx_word' id='word_1_75' title='bbox 579 609 659 640; x_wconf 88' lang='lat' dir='ltr'>illud</span> <span class='ocrx_word' id='word_1_76' title='bbox 682 619 766 640; x_wconf 89' lang='lat' dir='ltr'>esse:</span> <span class='ocrx_word' id='word_1_77' title='bbox 795 610 821 640; x_wconf 89' lang='lat' dir='ltr'>si</span> <span class='ocrx_word' id='word_1_78' title='bbox 843 615 951 640; x_wconf 88' lang='lat' dir='ltr'>tamen</span> <span class='ocrx_word' id='word_1_79' title='bbox 973 611 1186 650; x_wconf 88' lang='lat' dir='ltr'>perspicacius</span> <span class='ocrx_word' id='word_1_80' title='bbox 1209 610 1315 640; x_wconf 80' lang='lat' dir='ltr'>intuiti</span> 
     </span>
     <span class='ocr_line' id='line_1_15' title="bbox 253 652 1314 693; baseline -0.001 -9"><span class='ocrx_word' id='word_1_81' title='bbox 253 653 407 684; x_wconf 82' lang='lat' dir='ltr'>fuerimus</span> <span class='ocrx_word' id='word_1_82' title='bbox 438 652 527 693; x_wconf 88' lang='lat' dir='ltr'>quod</span> <span class='ocrx_word' id='word_1_83' title='bbox 557 652 637 683; x_wconf 90' lang='lat' dir='ltr'>ordo</span> <span class='ocrx_word' id='word_1_84' title='bbox 667 653 871 683; x_wconf 89' lang='lat' dir='ltr'>resolutionis</span> <span class='ocrx_word' id='word_1_85' title='bbox 893 663 987 683; x_wconf 85' lang='lat' dir='ltr'>verax</span> <span class='ocrx_word' id='word_1_86' title='bbox 1016 654 1103 684; x_wconf 90' lang='lat' dir='ltr'>testis</span> <span class='ocrx_word' id='word_1_87' title='bbox 1127 660 1173 684; x_wconf 91' lang='lat' dir='ltr'>est</span> <span class='ocrx_word' id='word_1_88' title='bbox 1196 653 1314 684; x_wconf 89' lang='lat' dir='ltr'>ordinis</span> 
     </span>
     <span class='ocr_line' id='line_1_16' title="bbox 253 697 1314 743; baseline -0.001 -15"><span class='ocrx_word' id='word_1_89' title='bbox 253 698 511 737; x_wconf 79' lang='lat' dir='ltr'>compositionis,</span> <span class='ocrx_word' id='word_1_90' title='bbox 537 697 612 743; x_wconf 86' lang='lat' dir='ltr'>quia</span> <span class='ocrx_word' id='word_1_91' title='bbox 628 697 771 742; x_wconf 87' lang='lat' dir='ltr'>primum</span> <span class='ocrx_word' id='word_1_92' title='bbox 796 697 828 727; x_wconf 88' lang='lat' dir='ltr'>in</span> <span class='ocrx_word' id='word_1_93' title='bbox 854 698 1049 727; x_wconf 86' lang='lat' dir='ltr'>resolutione</span> <span class='ocrx_word' id='word_1_94' title='bbox 1069 698 1142 739; x_wconf 85' lang='lat' dir='ltr'>fuit</span> <span class='ocrx_word' id='word_1_95' title='bbox 1168 698 1314 728; x_wconf 88' lang='lat' dir='ltr'>ultimum</span> 
     </span>
     <span class='ocr_line' id='line_1_17' title="bbox 253 741 1314 781; baseline -0.001 -9"><span class='ocrx_word' id='word_1_96' title='bbox 253 741 286 772; x_wconf 79' lang='lat' dir='ltr'>in</span> <span class='ocrx_word' id='word_1_97' title='bbox 309 741 540 781; x_wconf 75' lang='lat' dir='ltr'>compositione</span> <span class='ocrx_word' id='word_1_98' title='bbox 554 741 606 776; x_wconf 66' lang='lat'>*;</span> <span class='ocrx_word' id='word_1_99' title='bbox 613 746 644 771; x_wconf 88' lang='lat' dir='ltr'>et</span> <span class='ocrx_word' id='word_1_100' title='bbox 664 746 808 771; x_wconf 77' lang='lat' dir='ltr'>constare</span> <span class='ocrx_word' id='word_1_101' title='bbox 831 751 891 772; x_wconf 93' lang='lat' dir='ltr'>nos</span> <span class='ocrx_word' id='word_1_102' title='bbox 906 742 1147 772; x_wconf 86' lang='lat' dir='ltr'>meminerimus</span> <span class='ocrx_word' id='word_1_103' title='bbox 1169 741 1259 781; x_wconf 91' lang='lat' dir='ltr'>quod</span> <span class='ocrx_word' id='word_1_104' title='bbox 1281 742 1314 771; x_wconf 91' lang='lat' dir='ltr'>in</span> 
     </span>
     <span class='ocr_line' id='line_1_18' title="bbox 252 784 1315 825; baseline -0.002 -9"><span class='ocrx_word' id='word_1_105' title='bbox 252 790 356 819; x_wconf 84' lang='lat' dir='ltr'>morte</span> <span class='ocrx_word' id='word_1_106' title='bbox 372 784 489 816; x_wconf 85' lang='lat' dir='ltr'>Christi</span> <span class='ocrx_word' id='word_1_107' title='bbox 512 785 688 824; x_wconf 86' lang='lat' dir='ltr'>assumptio</span> <span class='ocrx_word' id='word_1_108' title='bbox 704 786 795 825; x_wconf 85' lang='lat' dir='ltr'>quasi</span> <span class='ocrx_word' id='word_1_109' title='bbox 810 785 926 815; x_wconf 88' lang='lat' dir='ltr'>resolvi</span> <span class='ocrx_word' id='word_1_110' title='bbox 940 785 1092 825; x_wconf 85' lang='lat' dir='ltr'>incoepit,</span> <span class='ocrx_word' id='word_1_111' title='bbox 1109 785 1188 815; x_wconf 89' lang='lat' dir='ltr'>dum</span> <span class='ocrx_word' id='word_1_112' title='bbox 1202 790 1315 815; x_wconf 89' lang='lat' dir='ltr'>natura</span> 
     </span>
     <span class='ocr_line' id='line_1_19' title="bbox 251 828 1314 869; baseline 0 -11"><span class='ocrx_word' id='word_1_113' title='bbox 251 829 320 869; x_wconf 85' lang='lat' dir='ltr'>ipsa</span> <span class='ocrx_word' id='word_1_114' title='bbox 335 829 373 859; x_wconf 90' lang='lat' dir='ltr'>ab</span> <span class='ocrx_word' id='word_1_115' title='bbox 389 829 608 868; x_wconf 86' lang='lat' dir='ltr'>assumptione</span> <span class='ocrx_word' id='word_1_116' title='bbox 624 828 724 863; x_wconf 89' lang='lat' dir='ltr'>desiit,</span> <span class='ocrx_word' id='word_1_117' title='bbox 745 834 850 868; x_wconf 90' lang='lat' dir='ltr'>partes</span> <span class='ocrx_word' id='word_1_118' title='bbox 866 834 973 859; x_wconf 90' lang='lat' dir='ltr'>autem</span> <span class='ocrx_word' id='word_1_119' title='bbox 989 835 1118 860; x_wconf 90' lang='lat' dir='ltr'>naturae</span> <span class='ocrx_word' id='word_1_120' title='bbox 1135 834 1314 868; x_wconf 89' lang='lat' dir='ltr'>assumptae</span> 
     </span>
     <span class='ocr_line' id='line_1_20' title="bbox 251 872 1314 913; baseline 0 -11"><span class='ocrx_word' id='word_1_121' title='bbox 251 878 486 908; x_wconf 89' lang='lat' dir='ltr'>remanserunt;</span> <span class='ocrx_word' id='word_1_122' title='bbox 517 872 731 912; x_wconf 89' lang='lat' dir='ltr'>percipiemus</span> <span class='ocrx_word' id='word_1_123' title='bbox 758 872 847 912; x_wconf 91' lang='lat' dir='ltr'>quod</span> <span class='ocrx_word' id='word_1_124' title='bbox 879 882 916 903; x_wconf 88' lang='lat' dir='ltr'>ex</span> <span class='ocrx_word' id='word_1_125' title='bbox 939 873 1002 903; x_wconf 97' lang='grc'>1100</span> <span class='ocrx_word' id='word_1_126' title='bbox 1025 873 1095 913; x_wconf 86' lang='grc'>1050</span> <span class='ocrx_word' id='word_1_127' title='bbox 1119 872 1203 903; x_wconf 86' lang='lat' dir='ltr'>facto</span> <span class='ocrx_word' id='word_1_128' title='bbox 1227 882 1314 902; x_wconf 88' lang='lat' dir='ltr'>reve-</span> 
     </span>
     <span class='ocr_line' id='line_1_21' title="bbox 251 914 1313 956; baseline 0 -10"><span class='ocrx_word' id='word_1_129' title='bbox 251 914 327 946; x_wconf 86' lang='lat' dir='ltr'>lavit</span> <span class='ocrx_word' id='word_1_130' title='bbox 349 916 436 946; x_wconf 91' lang='lat' dir='ltr'>Deus</span> <span class='ocrx_word' id='word_1_131' title='bbox 459 915 548 956; x_wconf 91' lang='lat' dir='ltr'>quod</span> <span class='ocrx_word' id='word_1_132' title='bbox 572 916 764 946; x_wconf 89' lang='lat' dir='ltr'>assumendo</span> <span class='ocrx_word' id='word_1_133' title='bbox 787 917 959 952; x_wconf 86' lang='lat' dir='ltr'>inchoavit,</span> <span class='ocrx_word' id='word_1_134' title='bbox 980 917 1176 947; x_wconf 87' lang='lat' dir='ltr'>executionis</span> <span class='ocrx_word' id='word_1_135' title='bbox 1192 915 1313 952; x_wconf 88' lang='lat' dir='ltr'>ordine,</span> 
     </span>
     <span class='ocr_line' id='line_1_22' title="bbox 252 959 1315 1000; baseline 0 -10"><span class='ocrx_word' id='word_1_136' title='bbox 252 969 270 990; x_wconf 89' lang='lat' dir='ltr'>a</span> <span class='ocrx_word' id='word_1_137' title='bbox 291 960 450 999; x_wconf 83' lang='lat' dir='ltr'>partibus,</span> <span class='ocrx_word' id='word_1_138' title='bbox 475 964 506 990; x_wconf 89' lang='lat' dir='ltr'>et</span> <span class='ocrx_word' id='word_1_139' title='bbox 525 959 615 999; x_wconf 92' lang='lat' dir='ltr'>quod</span> <span class='ocrx_word' id='word_1_140' title='bbox 629 961 718 990; x_wconf 85' lang='lat' dir='ltr'>velut</span> <span class='ocrx_word' id='word_1_141' title='bbox 738 960 879 1000; x_wconf 88' lang='lat' dir='ltr'>primum</span> <span class='ocrx_word' id='word_1_142' title='bbox 894 961 928 990; x_wconf 92' lang='lat' dir='ltr'>in</span> <span class='ocrx_word' id='word_1_143' title='bbox 943 961 1179 1000; x_wconf 88' lang='lat' dir='ltr'>compositione</span> <span class='ocrx_word' id='word_1_144' title='bbox 1194 968 1315 990; x_wconf 90' lang='lat' dir='ltr'>assum-</span> 
     </span>
     <span class='ocr_line' id='line_1_23' title="bbox 250 1003 1315 1054; baseline 0 -20"><span class='ocrx_word' id='word_1_145' title='bbox 250 1004 370 1043; x_wconf 87' lang='lat' dir='ltr'>ptionis</span> <span class='ocrx_word' id='word_1_146' title='bbox 392 1003 453 1035; x_wconf 90' lang='lat' dir='ltr'>fuit</span> <span class='ocrx_word' id='word_1_147' title='bbox 471 1005 647 1054; x_wconf 85' lang='lat' dir='ltr'>assumptio</span> <span class='ocrx_word' id='word_1_148' title='bbox 670 1005 827 1044; x_wconf 84' lang='lat' dir='ltr'>partium;</span> <span class='ocrx_word' id='word_1_149' title='bbox 850 1010 886 1035; x_wconf 89' lang='lat' dir='ltr'>ut</span> <span class='ocrx_word' id='word_1_150' title='bbox 901 1005 944 1035; x_wconf 92' lang='lat' dir='ltr'>sic</span> <span class='ocrx_word' id='word_1_151' title='bbox 961 1003 1067 1035; x_wconf 90' lang='lat' dir='ltr'>divina</span> <span class='ocrx_word' id='word_1_152' title='bbox 1083 1005 1236 1044; x_wconf 83' lang='lat' dir='ltr'>sapientia</span> <span class='ocrx_word' id='word_1_153' title='bbox 1251 1004 1315 1034; x_wconf 84' lang='lat' dir='ltr'>dis-</span> 
     </span>
     <span class='ocr_line' id='line_1_24' title="bbox 245 1047 1315 1088; baseline 0.001 -11"><span class='ocrx_word' id='word_1_154' title='bbox 245 1047 395 1088; x_wconf 78' lang='lat' dir='ltr'>posuerit</span> <span class='ocrx_word' id='word_1_155' title='bbox 411 1048 506 1078; x_wconf 88' lang='lat' dir='ltr'>etiam</span> <span class='ocrx_word' id='word_1_156' title='bbox 527 1048 703 1078; x_wconf 69' lang='lat' dir='ltr'>suaviter*</span> <span class='ocrx_word' id='word_1_157' title='bbox 726 1049 989 1088; x_wconf 85' lang='lat' dir='ltr'>assumptionem,</span> <span class='ocrx_word' id='word_1_158' title='bbox 1006 1048 1184 1079; x_wconf 87' lang='lat' dir='ltr'>secundum</span> <span class='ocrx_word' id='word_1_159' title='bbox 1201 1058 1315 1078; x_wconf 89' lang='lat' dir='ltr'>execu-</span> 
     </span>
     <span class='ocr_line' id='line_1_25' title="bbox 250 1091 1314 1132; baseline 0 -10"><span class='ocrx_word' id='word_1_160' title='bbox 250 1092 374 1122; x_wconf 84' lang='lat' dir='ltr'>tionem</span> <span class='ocrx_word' id='word_1_161' title='bbox 397 1097 429 1122; x_wconf 90' lang='lat' dir='ltr'>et</span> <span class='ocrx_word' id='word_1_162' title='bbox 451 1092 691 1123; x_wconf 83' lang='lat' dir='ltr'>resolutionem.</span> <span class='ocrx_word' id='word_1_163' title='bbox 715 1092 792 1130; x_wconf 93' lang='lat' dir='ltr'>Quo</span> <span class='ocrx_word' id='word_1_164' title='bbox 816 1091 852 1122; x_wconf 92' lang='lat' dir='ltr'>fit</span> <span class='ocrx_word' id='word_1_165' title='bbox 874 1097 910 1122; x_wconf 89' lang='lat' dir='ltr'>ut</span> <span class='ocrx_word' id='word_1_166' title='bbox 931 1092 1127 1132; x_wconf 87' lang='lat' dir='ltr'>probabilior</span> <span class='ocrx_word' id='word_1_167' title='bbox 1142 1093 1181 1122; x_wconf 90' lang='lat' dir='ltr'>sit</span> <span class='ocrx_word' id='word_1_168' title='bbox 1196 1092 1314 1132; x_wconf 88' lang='lat' dir='ltr'>positio</span> 
     </span>
     <span class='ocr_line' id='line_1_26' title="bbox 250 1134 985 1177; baseline 0.001 -12"><span class='ocrx_word' id='word_1_169' title='bbox 250 1135 284 1166; x_wconf 92' lang='lat' dir='ltr'>in</span> <span class='ocrx_word' id='word_1_170' title='bbox 306 1135 410 1166; x_wconf 90' lang='lat' dir='ltr'>littera</span> <span class='ocrx_word' id='word_1_171' title='bbox 431 1136 545 1177; x_wconf 89' lang='lat' dir='ltr'>posita,</span> <span class='ocrx_word' id='word_1_172' title='bbox 570 1134 650 1166; x_wconf 87' lang='lat' dir='ltr'>fulta</span> <span class='ocrx_word' id='word_1_173' title='bbox 672 1136 844 1176; x_wconf 90' lang='lat' dir='ltr'>Augustini</span> <span class='ocrx_word' id='word_1_174' title='bbox 867 1135 985 1166; x_wconf 86' lang='lat' dir='ltr'>favore.</span> 
     </span>
    </p>

    <p class='ocr_par' dir='ltr' id='par_1_8' title="bbox 246 1178 1316 1789">
     <span class='ocr_line' id='line_1_27' title="bbox 305 1178 1315 1220; baseline 0.001 -11"><span class='ocrx_word' id='word_1_175' title='bbox 305 1179 387 1209; x_wconf 83' lang='lat' dir='ltr'>VIII.</span> <span class='ocrx_word' id='word_1_176' title='bbox 410 1179 504 1210; x_wconf 89' lang='lat' dir='ltr'>Unde</span> <span class='ocrx_word' id='word_1_177' title='bbox 528 1178 568 1209; x_wconf 88' lang='lat' dir='ltr'>ad</span> <span class='ocrx_word' id='word_1_178' title='bbox 589 1180 731 1219; x_wconf 90' lang='lat' dir='ltr'>primum</span> <span class='ocrx_word' id='word_1_179' title='bbox 755 1180 842 1210; x_wconf 91' lang='lat' dir='ltr'>Scoti</span> <span class='ocrx_word' id='word_1_180' title='bbox 864 1181 880 1196; x_wconf 70' lang='lat'>¹*</span> <span class='ocrx_word' id='word_1_181' title='bbox 910 1179 1061 1220; x_wconf 84' lang='lat' dir='ltr'>distingui</span> <span class='ocrx_word' id='word_1_182' title='bbox 1087 1185 1194 1220; x_wconf 87' lang='lat' dir='ltr'>potest</span> <span class='ocrx_word' id='word_1_183' title='bbox 1226 1178 1315 1220; x_wconf 92' lang='lat' dir='ltr'>quod</span> 
     </span>
     <span class='ocr_line' id='line_1_28' title="bbox 246 1222 1314 1264; baseline 0.001 -11"><span class='ocrx_word' id='word_1_184' title='bbox 246 1223 354 1263; x_wconf 82' lang='lat' dir='ltr'>primo</span> <span class='ocrx_word' id='word_1_185' title='bbox 377 1227 575 1263; x_wconf 84' lang='lat' dir='ltr'>assumptum</span> <span class='ocrx_word' id='word_1_186' title='bbox 593 1222 775 1263; x_wconf 86' lang='lat' dir='ltr'>dupliciter:</span> <span class='ocrx_word' id='word_1_187' title='bbox 801 1229 837 1254; x_wconf 90' lang='lat' dir='ltr'>ut</span> <span class='ocrx_word' id='word_1_188' title='bbox 854 1223 941 1264; x_wconf 84' lang='lat' dir='ltr'>quod</span> <span class='ocrx_word' id='word_1_189' title='bbox 955 1224 1074 1260; x_wconf 82' lang='lat' dir='ltr'>totale;</span> <span class='ocrx_word' id='word_1_190' title='bbox 1096 1229 1127 1253; x_wconf 89' lang='lat' dir='ltr'>et</span> <span class='ocrx_word' id='word_1_191' title='bbox 1144 1224 1231 1264; x_wconf 84' lang='lat' dir='ltr'>quod</span> <span class='ocrx_word' id='word_1_192' title='bbox 1250 1233 1314 1254; x_wconf 91' lang='lat' dir='ltr'>non</span> 
     </span>
     <span class='ocr_line' id='line_1_29' title="bbox 250 1267 1316 1308; baseline 0.001 -11"><span class='ocrx_word' id='word_1_193' title='bbox 250 1267 357 1302; x_wconf 85' lang='lat' dir='ltr'>totale,</span> <span class='ocrx_word' id='word_1_194' title='bbox 377 1276 434 1297; x_wconf 90' lang='lat' dir='ltr'>seu</span> <span class='ocrx_word' id='word_1_195' title='bbox 450 1267 603 1307; x_wconf 87' lang='lat' dir='ltr'>partiale.</span> <span class='ocrx_word' id='word_1_196' title='bbox 627 1267 668 1297; x_wconf 90' lang='lat' dir='ltr'>Et</span> <span class='ocrx_word' id='word_1_197' title='bbox 691 1267 832 1298; x_wconf 88' lang='lat' dir='ltr'>similiter</span> <span class='ocrx_word' id='word_1_198' title='bbox 849 1267 993 1307; x_wconf 82' lang='lat' dir='ltr'>primum</span> <span class='ocrx_word' id='word_1_199' title='bbox 1015 1273 1233 1308; x_wconf 82' lang='lat' dir='ltr'>assumptum:</span> <span class='ocrx_word' id='word_1_200' title='bbox 1253 1274 1316 1298; x_wconf 87' lang='lat' dir='ltr'>ter-</span> 
     </span>
     <span class='ocr_line' id='line_1_30' title="bbox 249 1311 1314 1351; baseline 0 -10"><span class='ocrx_word' id='word_1_201' title='bbox 249 1311 368 1341; x_wconf 84' lang='lat' dir='ltr'>minata</span> <span class='ocrx_word' id='word_1_202' title='bbox 390 1311 529 1341; x_wconf 88' lang='lat' dir='ltr'>totaliter</span> <span class='ocrx_word' id='word_1_203' title='bbox 551 1311 787 1351; x_wconf 82' lang='lat' dir='ltr'>assumptione3</span> <span class='ocrx_word' id='word_1_204' title='bbox 810 1311 871 1345; x_wconf 92' lang='lat' dir='ltr'>vel,</span> <span class='ocrx_word' id='word_1_205' title='bbox 895 1321 963 1341; x_wconf 94' lang='lat' dir='ltr'>non</span> <span class='ocrx_word' id='word_1_206' title='bbox 982 1312 1149 1342; x_wconf 86' lang='lat' dir='ltr'>terminata</span> <span class='ocrx_word' id='word_1_207' title='bbox 1167 1312 1314 1343; x_wconf 86' lang='lat' dir='ltr'>totaliter.</span> 
     </span>
     <span class='ocr_line' id='line_1_31' title="bbox 249 1353 1316 1396; baseline 0 -10"><span class='ocrx_word' id='word_1_208' title='bbox 249 1354 291 1386; x_wconf 92' lang='lat' dir='ltr'>Et</span> <span class='ocrx_word' id='word_1_209' title='bbox 313 1353 375 1386; x_wconf 86' lang='lat' dir='ltr'>dici</span> <span class='ocrx_word' id='word_1_210' title='bbox 399 1353 488 1395; x_wconf 93' lang='lat' dir='ltr'>quod</span> <span class='ocrx_word' id='word_1_211' title='bbox 510 1359 623 1385; x_wconf 85' lang='lat' dir='ltr'>natura</span> <span class='ocrx_word' id='word_1_212' title='bbox 642 1355 784 1385; x_wconf 90' lang='lat' dir='ltr'>humana</span> <span class='ocrx_word' id='word_1_213' title='bbox 807 1360 853 1385; x_wconf 93' lang='lat' dir='ltr'>est</span> <span class='ocrx_word' id='word_1_214' title='bbox 874 1355 980 1394; x_wconf 91' lang='lat' dir='ltr'>primo</span> <span class='ocrx_word' id='word_1_215' title='bbox 997 1361 1159 1395; x_wconf 89' lang='lat' dir='ltr'>assumpta</span> <span class='ocrx_word' id='word_1_216' title='bbox 1174 1362 1211 1386; x_wconf 92' lang='lat' dir='ltr'>ut</span> <span class='ocrx_word' id='word_1_217' title='bbox 1226 1355 1316 1396; x_wconf 91' lang='lat' dir='ltr'>quod</span> 
     </span>
     <span class='ocr_line' id='line_1_32' title="bbox 248 1397 1315 1450; baseline 0.001 -21"><span class='ocrx_word' id='word_1_218' title='bbox 248 1398 356 1435; x_wconf 80' lang='lat' dir='ltr'>totale,</span> <span class='ocrx_word' id='word_1_219' title='bbox 379 1399 441 1435; x_wconf 85' lang='lat' dir='ltr'>vel,</span> <span class='ocrx_word' id='word_1_220' title='bbox 465 1399 631 1429; x_wconf 87' lang='lat' dir='ltr'>terminata</span> <span class='ocrx_word' id='word_1_221' title='bbox 653 1397 791 1429; x_wconf 88' lang='lat' dir='ltr'>totaliter</span> <span class='ocrx_word' id='word_1_222' title='bbox 815 1399 1049 1450; x_wconf 89' lang='lat' dir='ltr'>assumptione:</span> <span class='ocrx_word' id='word_1_223' title='bbox 1079 1404 1184 1440; x_wconf 90' lang='lat' dir='ltr'>partes</span> <span class='ocrx_word' id='word_1_224' title='bbox 1207 1405 1315 1430; x_wconf 91' lang='lat' dir='ltr'>autem</span> 
     </span>
     <span class='ocr_line' id='line_1_33' title="bbox 249 1441 1315 1483; baseline 0.001 -10"><span class='ocrx_word' id='word_1_225' title='bbox 249 1447 332 1478; x_wconf 88' lang='lat' dir='ltr'>sunt,</span> <span class='ocrx_word' id='word_1_226' title='bbox 356 1442 534 1473; x_wconf 87' lang='lat' dir='ltr'>secundum</span> <span class='ocrx_word' id='word_1_227' title='bbox 553 1442 747 1482; x_wconf 85' lang='lat' dir='ltr'>operationis</span> <span class='ocrx_word' id='word_1_228' title='bbox 763 1441 919 1479; x_wconf 89' lang='lat' dir='ltr'>ordinem,</span> <span class='ocrx_word' id='word_1_229' title='bbox 935 1443 1023 1482; x_wconf 89' lang='lat' dir='ltr'>prius</span> <span class='ocrx_word' id='word_1_230' title='bbox 1044 1449 1223 1483; x_wconf 89' lang='lat' dir='ltr'>assumptae</span> <span class='ocrx_word' id='word_1_231' title='bbox 1246 1453 1315 1474; x_wconf 90' lang='lat' dir='ltr'>non</span> 
     </span>
     <span class='ocr_line' id='line_1_34' title="bbox 248 1486 1315 1527; baseline 0.002 -11"><span class='ocrx_word' id='word_1_232' title='bbox 248 1487 416 1518; x_wconf 88' lang='lat' dir='ltr'>terminata</span> <span class='ocrx_word' id='word_1_233' title='bbox 437 1486 576 1517; x_wconf 89' lang='lat' dir='ltr'>totaliter</span> <span class='ocrx_word' id='word_1_234' title='bbox 598 1487 827 1526; x_wconf 88' lang='lat' dir='ltr'>assumptione,</span> <span class='ocrx_word' id='word_1_235' title='bbox 851 1496 920 1517; x_wconf 90' lang='lat' dir='ltr'>non</span> <span class='ocrx_word' id='word_1_236' title='bbox 935 1492 971 1517; x_wconf 92' lang='lat' dir='ltr'>ut</span> <span class='ocrx_word' id='word_1_237' title='bbox 992 1487 1081 1527; x_wconf 88' lang='lat' dir='ltr'>quod</span> <span class='ocrx_word' id='word_1_238' title='bbox 1097 1488 1204 1517; x_wconf 87' lang='lat' dir='ltr'>totale.</span> <span class='ocrx_word' id='word_1_239' title='bbox 1229 1487 1315 1518; x_wconf 93' lang='lat' dir='ltr'>Cum</span> 
     </span>
     <span class='ocr_line' id='line_1_35' title="bbox 249 1524 1314 1571; baseline 0.001 -10"><span class='ocrx_word' id='word_1_240' title='bbox 249 1540 325 1570; x_wconf 86' lang='lat' dir='ltr'>ergo</span> <span class='ocrx_word' id='word_1_241' title='bbox 349 1530 479 1566; x_wconf 91' lang='lat' dir='ltr'>dicitur,</span> <span class='ocrx_word' id='word_1_242' title='bbox 502 1524 612 1561; x_wconf 90' lang='lat' dir='ltr'>Primo</span> <span class='ocrx_word' id='word_1_243' title='bbox 636 1535 832 1571; x_wconf 84' lang='lat' dir='ltr'>assumptum</span> <span class='ocrx_word' id='word_1_244' title='bbox 855 1540 920 1561; x_wconf 87' lang='lat' dir='ltr'>non</span> <span class='ocrx_word' id='word_1_245' title='bbox 945 1536 992 1562; x_wconf 86' lang='lat' dir='ltr'>est</span> <span class='ocrx_word' id='word_1_246' title='bbox 1013 1536 1132 1562; x_wconf 89' lang='lat' dir='ltr'>natura</span> <span class='ocrx_word' id='word_1_247' title='bbox 1155 1532 1314 1568; x_wconf 86' lang='lat' dir='ltr'>humana,</span> 
     </span>
     <span class='ocr_line' id='line_1_36' title="bbox 248 1574 1316 1625; baseline 0.001 -20"><span class='ocrx_word' id='word_1_248' title='bbox 248 1579 396 1615; x_wconf 85' lang='lat' dir='ltr'>negatur,</span> <span class='ocrx_word' id='word_1_249' title='bbox 419 1574 585 1615; x_wconf 89' lang='lat' dir='ltr'>loquendo</span> <span class='ocrx_word' id='word_1_250' title='bbox 609 1574 649 1605; x_wconf 92' lang='lat' dir='ltr'>de</span> <span class='ocrx_word' id='word_1_251' title='bbox 672 1575 777 1614; x_wconf 86' lang='lat' dir='ltr'>primo</span> <span class='ocrx_word' id='word_1_252' title='bbox 800 1580 965 1625; x_wconf 83' lang='grc'>3550111010</span> <span class='ocrx_word' id='word_1_253' title='bbox 988 1576 1155 1606; x_wconf 86' lang='lat' dir='ltr'>terminata</span> <span class='ocrx_word' id='word_1_254' title='bbox 1177 1576 1316 1606; x_wconf 89' lang='lat' dir='ltr'>totaliter</span> 
     </span>
     <span class='ocr_line' id='line_1_37' title="bbox 249 1618 1314 1669; baseline 0.001 -20"><span class='ocrx_word' id='word_1_255' title='bbox 249 1619 485 1669; x_wconf 80' lang='lat' dir='ltr'>assumptione3</span> <span class='ocrx_word' id='word_1_256' title='bbox 518 1623 550 1648; x_wconf 87' lang='lat' dir='ltr'>et</span> <span class='ocrx_word' id='word_1_257' title='bbox 579 1618 720 1649; x_wconf 89' lang='lat' dir='ltr'>similiter</span> <span class='ocrx_word' id='word_1_258' title='bbox 751 1618 790 1649; x_wconf 93' lang='lat' dir='ltr'>de</span> <span class='ocrx_word' id='word_1_259' title='bbox 819 1619 925 1658; x_wconf 89' lang='lat' dir='ltr'>primo</span> <span class='ocrx_word' id='word_1_260' title='bbox 956 1625 1120 1658; x_wconf 87' lang='lat' dir='ltr'>assumpto</span> <span class='ocrx_word' id='word_1_261' title='bbox 1151 1625 1187 1649; x_wconf 90' lang='lat' dir='ltr'>ut</span> <span class='ocrx_word' id='word_1_262' title='bbox 1216 1620 1314 1650; x_wconf 89' lang='lat' dir='ltr'>totale</span> 
     </span>
     <span class='ocr_line' id='line_1_38' title="bbox 249 1662 1314 1703; baseline 0.002 -11"><span class='ocrx_word' id='word_1_263' title='bbox 249 1663 410 1702; x_wconf 90' lang='lat' dir='ltr'>passivum</span> <span class='ocrx_word' id='word_1_264' title='bbox 434 1662 677 1702; x_wconf 85' lang='lat' dir='ltr'>assumptionis3</span> <span class='ocrx_word' id='word_1_265' title='bbox 708 1663 741 1692; x_wconf 92' lang='lat' dir='ltr'>in</span> <span class='ocrx_word' id='word_1_266' title='bbox 765 1672 831 1702; x_wconf 92' lang='lat' dir='ltr'>quo</span> <span class='ocrx_word' id='word_1_267' title='bbox 855 1667 963 1693; x_wconf 89' lang='lat' dir='ltr'>tamen</span> <span class='ocrx_word' id='word_1_268' title='bbox 986 1673 1080 1693; x_wconf 88' lang='lat' dir='ltr'>sensu</span> <span class='ocrx_word' id='word_1_269' title='bbox 1109 1669 1238 1703; x_wconf 87' lang='lat' dir='ltr'>oportet</span> <span class='ocrx_word' id='word_1_270' title='bbox 1260 1674 1314 1694; x_wconf 87' lang='lat' dir='ltr'>ve-</span> 
     </span>
     <span class='ocr_line' id='line_1_39' title="bbox 248 1705 1314 1756; baseline 0.001 -20"><span class='ocrx_word' id='word_1_271' title='bbox 248 1705 362 1736; x_wconf 88' lang='lat' dir='ltr'>rificari</span> <span class='ocrx_word' id='word_1_272' title='bbox 384 1706 446 1736; x_wconf 88' lang='lat' dir='ltr'>tale</span> <span class='ocrx_word' id='word_1_273' title='bbox 470 1706 676 1742; x_wconf 87' lang='lat' dir='ltr'>antecedens,</span> <span class='ocrx_word' id='word_1_274' title='bbox 701 1707 727 1736; x_wconf 92' lang='lat' dir='ltr'>si</span> <span class='ocrx_word' id='word_1_275' title='bbox 749 1707 998 1756; x_wconf 84' lang='lat' dir='ltr'>consequentiae</span> <span class='ocrx_word' id='word_1_276' title='bbox 1022 1717 1097 1737; x_wconf 90' lang='lat' dir='ltr'>suae</span> <span class='ocrx_word' id='word_1_277' title='bbox 1121 1706 1238 1737; x_wconf 90' lang='lat' dir='ltr'>debent</span> <span class='ocrx_word' id='word_1_278' title='bbox 1261 1717 1314 1738; x_wconf 86' lang='lat' dir='ltr'>va-</span> 
     </span>
     <span class='ocr_line' id='line_1_40' title="bbox 248 1750 784 1789; baseline 0 -9"><span class='ocrx_word' id='word_1_279' title='bbox 248 1750 323 1785; x_wconf 89' lang='lat' dir='ltr'>lere,</span> <span class='ocrx_word' id='word_1_280' title='bbox 348 1755 379 1781; x_wconf 89' lang='lat' dir='ltr'>et</span> <span class='ocrx_word' id='word_1_281' title='bbox 401 1750 661 1780; x_wconf 87' lang='lat' dir='ltr'>inconvenientia</span> <span class='ocrx_word' id='word_1_282' title='bbox 684 1751 784 1789; x_wconf 91' lang='lat' dir='ltr'>sequi.</span> 
     </span>
    </p>

    <p class='ocr_par' dir='ltr' id='par_1_9' title="bbox 247 1793 1314 2316">
     <span class='ocr_line' id='line_1_41' title="bbox 303 1793 1313 1836; baseline 0.002 -12"><span class='ocrx_word' id='word_1_283' title='bbox 303 1794 355 1824; x_wconf 91' lang='lat' dir='ltr'>Ad</span> <span class='ocrx_word' id='word_1_284' title='bbox 378 1793 667 1830; x_wconf 90' lang='lat' dir='ltr'>confirmationem,</span> <span class='ocrx_word' id='word_1_285' title='bbox 690 1799 823 1833; x_wconf 90' lang='lat' dir='ltr'>negatur</span> <span class='ocrx_word' id='word_1_286' title='bbox 842 1794 932 1834; x_wconf 93' lang='lat' dir='ltr'>quod</span> <span class='ocrx_word' id='word_1_287' title='bbox 947 1795 1042 1825; x_wconf 88' lang='lat' dir='ltr'>simili</span> <span class='ocrx_word' id='word_1_288' title='bbox 1057 1794 1158 1824; x_wconf 90' lang='lat' dir='ltr'>modo</span> <span class='ocrx_word' id='word_1_289' title='bbox 1178 1796 1313 1836; x_wconf 88' lang='grc'>01011100</span> 
     </span>
     <span class='ocr_line' id='line_1_42' title="bbox 247 1838 1312 1879; baseline 0.001 -11"><span class='ocrx_word' id='word_1_290' title='bbox 247 1848 282 1869; x_wconf 94' lang='grc'>50</span> <span class='ocrx_word' id='word_1_291' title='bbox 304 1838 419 1868; x_wconf 89' lang='lat' dir='ltr'>habeat</span> <span class='ocrx_word' id='word_1_292' title='bbox 441 1838 584 1868; x_wconf 87' lang='lat' dir='ltr'>Verbum</span> <span class='ocrx_word' id='word_1_293' title='bbox 607 1847 771 1876; x_wconf 79' lang='lat' dir='ltr'>assumens</span> <span class='ocrx_word' id='word_1_294' title='bbox 794 1843 889 1874; x_wconf 92' lang='lat' dir='ltr'>tunc,</span> <span class='ocrx_word' id='word_1_295' title='bbox 914 1843 963 1868; x_wconf 93' lang='lat' dir='ltr'>et</span> <span class='ocrx_word' id='word_1_296' title='bbox 967 1848 1103 1878; x_wconf 86' lang='lat' dir='ltr'>semper.</span> <span class='ocrx_word' id='word_1_297' title='bbox 1139 1838 1223 1876; x_wconf 87' lang='lat' dir='ltr'>Quia</span> <span class='ocrx_word' id='word_1_298' title='bbox 1252 1849 1312 1879; x_wconf 87' lang='lat' dir='ltr'>pro</span> 
     </span>
     <span class='ocr_line' id='line_1_43' title="bbox 247 1861 1314 1931; baseline 0.001 -19"><span class='ocrx_word' id='word_1_299' title='bbox 247 1881 303 1912; x_wconf 93' lang='lat' dir='ltr'>illo</span> <span class='ocrx_word' id='word_1_300' title='bbox 326 1882 455 1912; x_wconf 88' lang='lat' dir='ltr'>instanti</span> <span class='ocrx_word' id='word_1_301' title='bbox 478 1882 654 1931; x_wconf 80' lang='lat' dir='ltr'>assumptio</span> <span class='ocrx_word' id='word_1_302' title='bbox 679 1887 744 1912; x_wconf 89' lang='lat' dir='ltr'>erat</span> <span class='ocrx_word' id='word_1_303' title='bbox 767 1861 951 1921; x_wconf 88' lang='lat' dir='ltr'>dupliciter,</span> <span class='ocrx_word' id='word_1_304' title='bbox 983 1883 1102 1912; x_wconf 89' lang='lat' dir='ltr'>scilicet</span> <span class='ocrx_word' id='word_1_305' title='bbox 1128 1883 1162 1912; x_wconf 90' lang='lat' dir='ltr'>in</span> <span class='ocrx_word' id='word_1_306' title='bbox 1184 1882 1253 1913; x_wconf 88' lang='lat' dir='ltr'>fieri</span> <span class='ocrx_word' id='word_1_307' title='bbox 1283 1888 1314 1913; x_wconf 89' lang='lat' dir='ltr'>et</span> 
     </span>
     <span class='ocr_line' id='line_1_44' title="bbox 247 1924 1314 1966; baseline 0.001 -10"><span class='ocrx_word' id='word_1_308' title='bbox 247 1926 282 1956; x_wconf 90' lang='lat' dir='ltr'>in</span> <span class='ocrx_word' id='word_1_309' title='bbox 297 1924 382 1956; x_wconf 83' lang='lat' dir='ltr'>facto</span> <span class='ocrx_word' id='word_1_310' title='bbox 399 1934 482 1956; x_wconf 90' lang='lat' dir='ltr'>esse:</span> <span class='ocrx_word' id='word_1_311' title='bbox 505 1925 581 1966; x_wconf 89' lang='lat' dir='ltr'>quia</span> <span class='ocrx_word' id='word_1_312' title='bbox 595 1930 673 1956; x_wconf 92' lang='lat' dir='ltr'>tunc</span> <span class='ocrx_word' id='word_1_313' title='bbox 689 1931 755 1956; x_wconf 90' lang='lat' dir='ltr'>erat</span> <span class='ocrx_word' id='word_1_314' title='bbox 769 1934 881 1956; x_wconf 90' lang='lat' dir='ltr'>verum</span> <span class='ocrx_word' id='word_1_315' title='bbox 897 1925 1011 1962; x_wconf 88' lang='lat' dir='ltr'>dicere,</span> <span class='ocrx_word' id='word_1_316' title='bbox 1032 1926 1128 1956; x_wconf 87' lang='lat' dir='ltr'>Nunc</span> <span class='ocrx_word' id='word_1_317' title='bbox 1144 1931 1190 1957; x_wconf 89' lang='lat' dir='ltr'>est</span> <span class='ocrx_word' id='word_1_318' title='bbox 1205 1927 1314 1957; x_wconf 87' lang='lat' dir='ltr'>unita:</span> 
     </span>
     <span class='ocr_line' id='line_1_45' title="bbox 247 1969 1313 2011; baseline 0.002 -12"><span class='ocrx_word' id='word_1_319' title='bbox 247 1974 280 2000; x_wconf 86' lang='lat' dir='ltr'>et</span> <span class='ocrx_word' id='word_1_320' title='bbox 301 1969 482 2000; x_wconf 80' lang='lat' dir='ltr'>immediate</span> <span class='ocrx_word' id='word_1_321' title='bbox 503 1973 578 2000; x_wconf 85' lang='lat' dir='ltr'>ante</span> <span class='ocrx_word' id='word_1_322' title='bbox 600 1969 676 2005; x_wconf 84' lang='lat' dir='ltr'>hoc,</span> <span class='ocrx_word' id='word_1_323' title='bbox 708 1979 773 1999; x_wconf 88' lang='lat' dir='ltr'>non</span> <span class='ocrx_word' id='word_1_324' title='bbox 797 1974 869 2000; x_wconf 87' lang='lat' dir='ltr'>erat</span> <span class='ocrx_word' id='word_1_325' title='bbox 896 1970 997 2000; x_wconf 84' lang='lat' dir='ltr'>unita.</span> <span class='ocrx_word' id='word_1_326' title='bbox 1033 1969 1133 2007; x_wconf 88' lang='lat' dir='ltr'>Quod</span> <span class='ocrx_word' id='word_1_327' title='bbox 1162 1969 1313 2011; x_wconf 89' lang='lat' dir='ltr'>deinceps</span> 
     </span>
     <span class='ocr_line' id='line_1_46' title="bbox 248 2013 1312 2053; baseline 0.002 -10"><span class='ocrx_word' id='word_1_328' title='bbox 248 2013 328 2044; x_wconf 80' lang='lat' dir='ltr'>falso</span> <span class='ocrx_word' id='word_1_329' title='bbox 351 2013 524 2044; x_wconf 85' lang='lat' dir='ltr'>diceretur:</span> <span class='ocrx_word' id='word_1_330' title='bbox 549 2014 704 2053; x_wconf 92' lang='lat' dir='ltr'>quoniam</span> <span class='ocrx_word' id='word_1_331' title='bbox 727 2014 902 2053; x_wconf 88' lang='lat' dir='ltr'>assumptio</span> <span class='ocrx_word' id='word_1_332' title='bbox 925 2019 1069 2044; x_wconf 88' lang='lat' dir='ltr'>remanet</span> <span class='ocrx_word' id='word_1_333' title='bbox 1090 2024 1158 2044; x_wconf 92' lang='lat' dir='ltr'>non</span> <span class='ocrx_word' id='word_1_334' title='bbox 1182 2015 1215 2044; x_wconf 92' lang='lat' dir='ltr'>in</span> <span class='ocrx_word' id='word_1_335' title='bbox 1233 2013 1312 2051; x_wconf 87' lang='lat' dir='ltr'>fieri,</span> 
     </span>
     <span class='ocr_line' id='line_1_47' title="bbox 247 2057 1313 2098; baseline 0 -10"><span class='ocrx_word' id='word_1_336' title='bbox 247 2057 304 2088; x_wconf 84' lang='lat' dir='ltr'>sed</span> <span class='ocrx_word' id='word_1_337' title='bbox 325 2058 360 2088; x_wconf 87' lang='lat' dir='ltr'>in</span> <span class='ocrx_word' id='word_1_338' title='bbox 382 2057 467 2088; x_wconf 87' lang='lat' dir='ltr'>facto</span> <span class='ocrx_word' id='word_1_339' title='bbox 487 2067 564 2088; x_wconf 88' lang='lat' dir='ltr'>esse.</span> <span class='ocrx_word' id='word_1_340' title='bbox 589 2057 631 2087; x_wconf 92' lang='lat' dir='ltr'>Et</span> <span class='ocrx_word' id='word_1_341' title='bbox 652 2063 821 2097; x_wconf 88' lang='lat' dir='ltr'>propterea</span> <span class='ocrx_word' id='word_1_342' title='bbox 837 2057 1024 2088; x_wconf 89' lang='lat' dir='ltr'>conceditur</span> <span class='ocrx_word' id='word_1_343' title='bbox 1040 2057 1139 2098; x_wconf 92' lang='lat' dir='ltr'>quod,</span> <span class='ocrx_word' id='word_1_344' title='bbox 1156 2064 1313 2098; x_wconf 89' lang='lat' dir='ltr'>quantum</span> 
     </span>
     <span class='ocr_line' id='line_1_48' title="bbox 248 2101 1311 2137; baseline 0 -5"><span class='ocrx_word' id='word_1_345' title='bbox 248 2101 289 2132; x_wconf 91' lang='lat' dir='ltr'>ad</span> <span class='ocrx_word' id='word_1_346' title='bbox 303 2101 423 2132; x_wconf 78' lang='lat' dir='ltr'>factum</span> <span class='ocrx_word' id='word_1_347' title='bbox 435 2111 513 2137; x_wconf 89' lang='lat' dir='ltr'>esse,</span> <span class='ocrx_word' id='word_1_348' title='bbox 527 2101 644 2132; x_wconf 86' lang='lat' dir='ltr'>eodem</span> <span class='ocrx_word' id='word_1_349' title='bbox 655 2101 755 2132; x_wconf 92' lang='lat' dir='ltr'>modo</span> <span class='ocrx_word' id='word_1_350' title='bbox 772 2111 805 2132; x_wconf 91' lang='lat' dir='ltr'>se</span> <span class='ocrx_word' id='word_1_351' title='bbox 820 2102 932 2132; x_wconf 87' lang='lat' dir='ltr'>habuit</span> <span class='ocrx_word' id='word_1_352' title='bbox 946 2107 1024 2132; x_wconf 90' lang='lat' dir='ltr'>tunc</span> <span class='ocrx_word' id='word_1_353' title='bbox 1040 2107 1071 2132; x_wconf 91' lang='lat' dir='ltr'>et</span> <span class='ocrx_word' id='word_1_354' title='bbox 1086 2102 1181 2132; x_wconf 89' lang='lat' dir='ltr'>habet</span> <span class='ocrx_word' id='word_1_355' title='bbox 1201 2102 1311 2133; x_wconf 90' lang='lat' dir='ltr'>modo.</span> 
     </span>
     <span class='ocr_line' id='line_1_49' title="bbox 247 2144 1312 2186; baseline 0 -10"><span class='ocrx_word' id='word_1_356' title='bbox 247 2144 289 2176; x_wconf 90' lang='lat' dir='ltr'>Et</span> <span class='ocrx_word' id='word_1_357' title='bbox 304 2146 348 2176; x_wconf 91' lang='lat' dir='ltr'>sic</span> <span class='ocrx_word' id='word_1_358' title='bbox 371 2150 448 2176; x_wconf 91' lang='lat' dir='ltr'>tunc</span> <span class='ocrx_word' id='word_1_359' title='bbox 463 2145 562 2176; x_wconf 89' lang='lat' dir='ltr'>Filius</span> <span class='ocrx_word' id='word_1_360' title='bbox 578 2145 639 2175; x_wconf 89' lang='lat' dir='ltr'>Dei</span> <span class='ocrx_word' id='word_1_361' title='bbox 656 2155 729 2176; x_wconf 91' lang='lat' dir='ltr'>vere</span> <span class='ocrx_word' id='word_1_362' title='bbox 745 2144 806 2176; x_wconf 87' lang='lat' dir='ltr'>fuit</span> <span class='ocrx_word' id='word_1_363' title='bbox 820 2146 925 2186; x_wconf 90' lang='lat' dir='ltr'>primo</span> <span class='ocrx_word' id='word_1_364' title='bbox 942 2146 1054 2182; x_wconf 88' lang='lat' dir='ltr'>homo,</span> <span class='ocrx_word' id='word_1_365' title='bbox 1070 2146 1152 2176; x_wconf 90' lang='lat' dir='ltr'>sicut</span> <span class='ocrx_word' id='word_1_366' title='bbox 1167 2146 1312 2177; x_wconf 89' lang='lat' dir='ltr'>Socrates</span> 
     </span>
     <span class='ocr_line' id='line_1_50' title="bbox 248 2189 1313 2229; baseline 0.001 -10"><span class='ocrx_word' id='word_1_367' title='bbox 248 2194 295 2220; x_wconf 89' lang='lat' dir='ltr'>est</span> <span class='ocrx_word' id='word_1_368' title='bbox 317 2189 422 2229; x_wconf 88' lang='lat' dir='ltr'>primo</span> <span class='ocrx_word' id='word_1_369' title='bbox 445 2189 565 2225; x_wconf 85' lang='lat' dir='ltr'>homo,</span> <span class='ocrx_word' id='word_1_370' title='bbox 595 2198 634 2219; x_wconf 90' lang='lat' dir='ltr'>ex</span> <span class='ocrx_word' id='word_1_371' title='bbox 656 2189 762 2229; x_wconf 89' lang='lat' dir='ltr'>primo</span> <span class='ocrx_word' id='word_1_372' title='bbox 786 2195 950 2229; x_wconf 86' lang='grc'>3550111010</span> <span class='ocrx_word' id='word_1_373' title='bbox 981 2190 1148 2220; x_wconf 86' lang='grc'>1011010313</span> <span class='ocrx_word' id='word_1_374' title='bbox 1174 2190 1313 2220; x_wconf 87' lang='lat' dir='ltr'>totaliter</span> 
     </span>
     <span class='ocr_line' id='line_1_51' title="bbox 248 2232 1313 2274; baseline 0.001 -11"><span class='ocrx_word' id='word_1_375' title='bbox 248 2233 477 2272; x_wconf 88' lang='lat' dir='ltr'>assumptione,</span> <span class='ocrx_word' id='word_1_376' title='bbox 502 2237 533 2263; x_wconf 91' lang='lat' dir='ltr'>et</span> <span class='ocrx_word' id='word_1_377' title='bbox 555 2232 699 2263; x_wconf 91' lang='lat' dir='ltr'>similiter</span> <span class='ocrx_word' id='word_1_378' title='bbox 722 2242 760 2263; x_wconf 91' lang='lat' dir='ltr'>ex</span> <span class='ocrx_word' id='word_1_379' title='bbox 774 2233 880 2272; x_wconf 88' lang='lat' dir='ltr'>primo</span> <span class='ocrx_word' id='word_1_380' title='bbox 897 2239 1060 2273; x_wconf 89' lang='lat' dir='ltr'>assumpto</span> <span class='ocrx_word' id='word_1_381' title='bbox 1085 2239 1121 2263; x_wconf 93' lang='lat' dir='ltr'>ut</span> <span class='ocrx_word' id='word_1_382' title='bbox 1135 2234 1226 2264; x_wconf 88' lang='grc'>101311</span> <span class='ocrx_word' id='word_1_383' title='bbox 1241 2243 1313 2274; x_wconf 84' lang='grc'>035-</span> 
     </span>
     <span class='ocr_line' id='line_1_52' title="bbox 248 2277 1141 2316; baseline 0 -9"><span class='ocrx_word' id='word_1_384' title='bbox 248 2277 317 2307; x_wconf 88' lang='grc' dir='ltr'>51νο</span> <span class='ocrx_word' id='word_1_385' title='bbox 341 2277 584 2316; x_wconf 84' lang='lat' dir='ltr'>assumptionis3</span> <span class='ocrx_word' id='word_1_386' title='bbox 609 2277 651 2306; x_wconf 89' lang='lat' dir='ltr'>ita</span> <span class='ocrx_word' id='word_1_387' title='bbox 674 2282 706 2307; x_wconf 89' lang='lat' dir='ltr'>et</span> <span class='ocrx_word' id='word_1_388' title='bbox 727 2286 831 2313; x_wconf 87' lang='lat' dir='ltr'>nunc;</span> <span class='ocrx_word' id='word_1_389' title='bbox 856 2282 888 2307; x_wconf 93' lang='lat' dir='ltr'>et</span> <span class='ocrx_word' id='word_1_390' title='bbox 909 2278 943 2307; x_wconf 90' lang='lat' dir='ltr'>in</span> <span class='ocrx_word' id='word_1_391' title='bbox 965 2283 1141 2314; x_wconf 76' lang='lat' dir='ltr'>aeternum.</span> 
     </span>
    </p>

    <p class='ocr_par' dir='ltr' id='par_1_10' title="bbox 246 2320 1313 2624">
     <span class='ocr_line' id='line_1_53' title="bbox 302 2320 1313 2360; baseline 0 -9"><span class='ocrx_word' id='word_1_392' title='bbox 302 2320 355 2351; x_wconf 86' lang='lat' dir='ltr'>Ad</span> <span class='ocrx_word' id='word_1_393' title='bbox 373 2321 432 2351; x_wconf 86' lang='lat' dir='ltr'>alia</span> <span class='ocrx_word' id='word_1_394' title='bbox 447 2320 513 2350; x_wconf 90' lang='lat' dir='ltr'>duo</span> <span class='ocrx_word' id='word_1_395' title='bbox 534 2320 630 2351; x_wconf 90' lang='lat' dir='ltr'>simul</span> <span class='ocrx_word' id='word_1_396' title='bbox 646 2320 760 2352; x_wconf 82' lang='lat' dir='ltr'>dicitur</span> <span class='ocrx_word' id='word_1_397' title='bbox 775 2320 865 2360; x_wconf 93' lang='lat' dir='ltr'>quod</span> <span class='ocrx_word' id='word_1_398' title='bbox 880 2330 941 2352; x_wconf 91' lang='lat' dir='ltr'>nec</span> <span class='ocrx_word' id='word_1_399' title='bbox 957 2322 1154 2352; x_wconf 88' lang='lat' dir='ltr'>somniamus</span> <span class='ocrx_word' id='word_1_400' title='bbox 1170 2321 1313 2352; x_wconf 90' lang='lat' dir='ltr'>Verbum</span> 
     </span>
     <span class='ocr_line' id='line_1_54' title="bbox 248 2363 1313 2404; baseline 0.002 -10"><span class='ocrx_word' id='word_1_401' title='bbox 248 2363 311 2395; x_wconf 84' lang='lat' dir='ltr'>dici</span> <span class='ocrx_word' id='word_1_402' title='bbox 333 2365 501 2395; x_wconf 88' lang='lat' dir='ltr'>hominem</span> <span class='ocrx_word' id='word_1_403' title='bbox 523 2374 541 2394; x_wconf 90' lang='lat' dir='ltr'>a</span> <span class='ocrx_word' id='word_1_404' title='bbox 563 2365 748 2404; x_wconf 88' lang='lat' dir='ltr'>partialibus</span> <span class='ocrx_word' id='word_1_405' title='bbox 771 2366 959 2404; x_wconf 88' lang='lat' dir='ltr'>assumptis,</span> <span class='ocrx_word' id='word_1_406' title='bbox 985 2370 1016 2395; x_wconf 89' lang='lat' dir='ltr'>et</span> <span class='ocrx_word' id='word_1_407' title='bbox 1038 2375 1056 2395; x_wconf 94' lang='lat' dir='ltr'>a</span> <span class='ocrx_word' id='word_1_408' title='bbox 1078 2375 1146 2395; x_wconf 93' lang='lat' dir='ltr'>non</span> <span class='ocrx_word' id='word_1_409' title='bbox 1175 2366 1313 2396; x_wconf 88' lang='lat' dir='ltr'>totaliter</span> 
     </span>
     <span class='ocr_line' id='line_1_55' title="bbox 247 2408 1312 2449; baseline 0.002 -11"><span class='ocrx_word' id='word_1_410' title='bbox 247 2408 414 2438; x_wconf 90' lang='lat' dir='ltr'>terminata</span> <span class='ocrx_word' id='word_1_411' title='bbox 447 2409 676 2448; x_wconf 90' lang='lat' dir='ltr'>assumptione.</span> <span class='ocrx_word' id='word_1_412' title='bbox 710 2409 778 2439; x_wconf 90' lang='lat' dir='ltr'>Nec</span> <span class='ocrx_word' id='word_1_413' title='bbox 809 2418 876 2439; x_wconf 91' lang='lat' dir='ltr'>esse</span> <span class='ocrx_word' id='word_1_414' title='bbox 909 2409 953 2439; x_wconf 90' lang='lat' dir='ltr'>ibi</span> <span class='ocrx_word' id='word_1_415' title='bbox 982 2414 1031 2439; x_wconf 92' lang='lat' dir='ltr'>tot</span> <span class='ocrx_word' id='word_1_416' title='bbox 1062 2410 1312 2449; x_wconf 87' lang='lat' dir='ltr'>assumptiones.</span> 
     </span>
     <span class='ocr_line' id='line_1_56' title="bbox 247 2451 1311 2493; baseline 0.002 -11"><span class='ocrx_word' id='word_1_417' title='bbox 247 2451 304 2482; x_wconf 91' lang='lat' dir='ltr'>sed</span> <span class='ocrx_word' id='word_1_418' title='bbox 322 2462 421 2482; x_wconf 90' lang='lat' dir='ltr'>unam</span> <span class='ocrx_word' id='word_1_419' title='bbox 436 2458 571 2487; x_wconf 90' lang='lat' dir='ltr'>tantum,</span> <span class='ocrx_word' id='word_1_420' title='bbox 588 2452 767 2483; x_wconf 89' lang='lat' dir='ltr'>secundum</span> <span class='ocrx_word' id='word_1_421' title='bbox 783 2458 914 2483; x_wconf 89' lang='lat' dir='ltr'>naturae</span> <span class='ocrx_word' id='word_1_422' title='bbox 931 2453 1087 2488; x_wconf 90' lang='lat' dir='ltr'>ordinem,</span> <span class='ocrx_word' id='word_1_423' title='bbox 1112 2453 1311 2493; x_wconf 86' lang='lat' dir='ltr'>exequendo,</span> 
     </span>
     <span class='ocr_line' id='line_1_57' title="bbox 246 2495 1313 2536; baseline 0.002 -10"><span class='ocrx_word' id='word_1_424' title='bbox 246 2495 506 2536; x_wconf 81' lang='lat' dir='ltr'>progredientem</span> <span class='ocrx_word' id='word_1_425' title='bbox 528 2497 616 2536; x_wconf 91' lang='lat' dir='ltr'>prius</span> <span class='ocrx_word' id='word_1_426' title='bbox 640 2496 679 2526; x_wconf 92' lang='lat' dir='ltr'>ad</span> <span class='ocrx_word' id='word_1_427' title='bbox 701 2502 806 2536; x_wconf 90' lang='lat' dir='ltr'>partes</span> <span class='ocrx_word' id='word_1_428' title='bbox 830 2506 927 2536; x_wconf 91' lang='lat' dir='ltr'>quam</span> <span class='ocrx_word' id='word_1_429' title='bbox 951 2496 990 2527; x_wconf 91' lang='lat' dir='ltr'>ad</span> <span class='ocrx_word' id='word_1_430' title='bbox 1013 2502 1128 2527; x_wconf 90' lang='lat' dir='ltr'>totum.</span> <span class='ocrx_word' id='word_1_431' title='bbox 1153 2497 1238 2535; x_wconf 81' lang='lat' dir='ltr'>Quia</span> <span class='ocrx_word' id='word_1_432' title='bbox 1261 2508 1313 2528; x_wconf 92' lang='lat' dir='ltr'>su-</span> 
     </span>
     <span class='ocr_line' id='line_1_58' title="bbox 248 2540 1313 2580; baseline 0.002 -10"><span class='ocrx_word' id='word_1_433' title='bbox 248 2549 321 2570; x_wconf 90' lang='lat' dir='ltr'>mus</span> <span class='ocrx_word' id='word_1_434' title='bbox 344 2541 421 2570; x_wconf 88' lang='lat' dir='ltr'>certi</span> <span class='ocrx_word' id='word_1_435' title='bbox 444 2540 551 2580; x_wconf 92' lang='lat' dir='ltr'>quod,</span> <span class='ocrx_word' id='word_1_436' title='bbox 576 2541 666 2580; x_wconf 89' lang='lat' dir='ltr'>quasi</span> <span class='ocrx_word' id='word_1_437' title='bbox 688 2540 896 2576; x_wconf 90' lang='lat' dir='ltr'>resolvendo,</span> <span class='ocrx_word' id='word_1_438' title='bbox 925 2540 1016 2571; x_wconf 91' lang='lat' dir='ltr'>desiit</span> <span class='ocrx_word' id='word_1_439' title='bbox 1039 2551 1057 2571; x_wconf 89' lang='lat' dir='ltr'>a</span> <span class='ocrx_word' id='word_1_440' title='bbox 1079 2546 1167 2577; x_wconf 92' lang='lat' dir='ltr'>toto,</span> <span class='ocrx_word' id='word_1_441' title='bbox 1192 2548 1223 2572; x_wconf 89' lang='lat' dir='ltr'>et</span> <span class='ocrx_word' id='word_1_442' title='bbox 1245 2552 1313 2572; x_wconf 91' lang='lat' dir='ltr'>non</span> 
     </span>
     <span class='ocr_line' id='line_1_59' title="bbox 249 2584 441 2624; baseline 0.005 -11"><span class='ocrx_word' id='word_1_443' title='bbox 249 2593 268 2614; x_wconf 89' lang='lat' dir='ltr'>a</span> <span class='ocrx_word' id='word_1_444' title='bbox 289 2584 441 2624; x_wconf 88' lang='lat' dir='ltr'>partibus.</span> 
     </span>
    </p>

    <p class='ocr_par' dir='ltr' id='par_1_11' title="bbox 243 2627 1314 3458">
     <span class='ocr_line' id='line_1_60' title="bbox 305 2627 1314 2669; baseline 0.003 -12"><span class='ocrx_word' id='word_1_445' title='bbox 305 2628 356 2657; x_wconf 94' lang='lat' dir='ltr'>1X.</span> <span class='ocrx_word' id='word_1_446' title='bbox 380 2627 432 2657; x_wconf 90' lang='lat' dir='ltr'>Ad</span> <span class='ocrx_word' id='word_1_447' title='bbox 454 2628 611 2658; x_wconf 87' lang='lat' dir='ltr'>rationem</span> <span class='ocrx_word' id='word_1_448' title='bbox 634 2633 741 2658; x_wconf 86' lang='lat' dir='ltr'>autern</span> <span class='ocrx_word' id='word_1_449' title='bbox 765 2629 990 2659; x_wconf 69' lang='lat' dir='ltr'>ostensivam*</span> <span class='ocrx_word' id='word_1_450' title='bbox 993 2638 1107 2669; x_wconf 90' lang='lat' dir='ltr'>,quae</span> <span class='ocrx_word' id='word_1_451' title='bbox 1132 2634 1178 2660; x_wconf 89' lang='lat' dir='ltr'>est</span> <span class='ocrx_word' id='word_1_452' title='bbox 1201 2629 1314 2660; x_wconf 88' lang='lat' dir='ltr'>funda-</span> 
     </span>
     <span class='ocr_line' id='line_1_61' title="bbox 248 2672 1314 2712; baseline 0.003 -11"><span class='ocrx_word' id='word_1_453' title='bbox 248 2677 395 2702; x_wconf 90' lang='lat' dir='ltr'>mentum</span> <span class='ocrx_word' id='word_1_454' title='bbox 419 2672 581 2711; x_wconf 88' lang='lat' dir='ltr'>opinionis</span> <span class='ocrx_word' id='word_1_455' title='bbox 604 2681 690 2708; x_wconf 88' lang='lat' dir='ltr'>suae,</span> <span class='ocrx_word' id='word_1_456' title='bbox 713 2672 924 2712; x_wconf 90' lang='lat' dir='ltr'>respondetur</span> <span class='ocrx_word' id='word_1_457' title='bbox 947 2683 984 2703; x_wconf 89' lang='lat' dir='ltr'>ex</span> <span class='ocrx_word' id='word_1_458' title='bbox 999 2673 1150 2704; x_wconf 88' lang='lat' dir='ltr'>Auctoris</span> <span class='ocrx_word' id='word_1_459' title='bbox 1170 2673 1314 2704; x_wconf 89' lang='lat' dir='ltr'>doctrina</span> 
     </span>
     <span class='ocr_line' id='line_1_62' title="bbox 248 2715 1314 2757; baseline 0.003 -12"><span class='ocrx_word' id='word_1_460' title='bbox 248 2720 435 2756; x_wconf 89' lang='lat' dir='ltr'>praenotata</span> <span class='ocrx_word' id='word_1_461' title='bbox 462 2715 496 2745; x_wconf 92' lang='lat' dir='ltr'>in</span> <span class='ocrx_word' id='word_1_462' title='bbox 523 2721 578 2746; x_wconf 88' lang='lat' dir='ltr'>art.</span> <span class='ocrx_word' id='word_1_463' title='bbox 599 2726 609 2745; x_wconf 90' lang='grc'>1</span> <span class='ocrx_word' id='word_1_464' title='bbox 636 2716 731 2746; x_wconf 87' lang='grc'>110105</span> <span class='ocrx_word' id='word_1_465' title='bbox 759 2722 898 2756; x_wconf 60' lang='lat' dir='ltr'>quaest„</span> <span class='ocrx_word' id='word_1_466' title='bbox 929 2717 963 2747; x_wconf 92' lang='lat' dir='ltr'>in</span> <span class='ocrx_word' id='word_1_467' title='bbox 986 2727 1067 2756; x_wconf 89' lang='lat' dir='ltr'>resp.</span> <span class='ocrx_word' id='word_1_468' title='bbox 1093 2717 1132 2747; x_wconf 93' lang='lat' dir='ltr'>ad</span> <span class='ocrx_word' id='word_1_469' title='bbox 1158 2727 1192 2747; x_wconf 90' lang='lat'>2:</span> <span class='ocrx_word' id='word_1_470' title='bbox 1224 2718 1314 2757; x_wconf 91' lang='lat' dir='ltr'>quod</span> 
     </span>
     <span class='ocr_line' id='line_1_63' title="bbox 249 2759 1313 2801; baseline 0.003 -12"><span class='ocrx_word' id='word_1_471' title='bbox 249 2759 368 2790; x_wconf 92' lang='lat' dir='ltr'>scilicet</span> <span class='ocrx_word' id='word_1_472' title='bbox 397 2768 465 2789; x_wconf 94' lang='lat' dir='ltr'>non</span> <span class='ocrx_word' id='word_1_473' title='bbox 492 2764 540 2789; x_wconf 90' lang='lat' dir='ltr'>est</span> <span class='ocrx_word' id='word_1_474' title='bbox 562 2760 671 2790; x_wconf 91' lang='lat' dir='ltr'>similis</span> <span class='ocrx_word' id='word_1_475' title='bbox 700 2759 780 2790; x_wconf 92' lang='lat' dir='ltr'>ordo</span> <span class='ocrx_word' id='word_1_476' title='bbox 809 2766 1046 2800; x_wconf 88' lang='lat' dir='ltr'>assumptorum</span> <span class='ocrx_word' id='word_1_477' title='bbox 1077 2760 1115 2791; x_wconf 92' lang='lat' dir='ltr'>ad</span> <span class='ocrx_word' id='word_1_478' title='bbox 1142 2771 1313 2801; x_wconf 87' lang='lat' dir='ltr'>personam</span> 
     </span>
     <span class='ocr_line' id='line_1_64' title="bbox 249 2803 1314 2845; baseline 0.002 -11"><span class='ocrx_word' id='word_1_479' title='bbox 249 2808 464 2834; x_wconf 85' lang='lat' dir='ltr'>assumentem</span> <span class='ocrx_word' id='word_1_480' title='bbox 494 2804 550 2843; x_wconf 90' lang='lat' dir='ltr'>qui</span> <span class='ocrx_word' id='word_1_481' title='bbox 577 2809 657 2833; x_wconf 89' lang='lat' dir='ltr'>esset</span> <span class='ocrx_word' id='word_1_482' title='bbox 680 2803 856 2834; x_wconf 90' lang='lat' dir='ltr'>eorundem</span> <span class='ocrx_word' id='word_1_483' title='bbox 887 2804 927 2834; x_wconf 91' lang='lat' dir='ltr'>ad</span> <span class='ocrx_word' id='word_1_484' title='bbox 949 2806 1112 2844; x_wconf 90' lang='lat' dir='ltr'>propriam</span> <span class='ocrx_word' id='word_1_485' title='bbox 1139 2807 1314 2845; x_wconf 92' lang='lat' dir='ltr'>personali—</span> 
     </span>
     <span class='ocr_line' id='line_1_65' title="bbox 247 2847 1312 2887; baseline 0.003 -10"><span class='ocrx_word' id='word_1_486' title='bbox 247 2852 363 2883; x_wconf 87' lang='lat' dir='ltr'>tatem;</span> <span class='ocrx_word' id='word_1_487' title='bbox 393 2847 483 2877; x_wconf 87' lang='lat' dir='ltr'>cuius</span> <span class='ocrx_word' id='word_1_488' title='bbox 503 2847 694 2886; x_wconf 75' lang='lat' dir='ltr'>oppositum</span> <span class='ocrx_word' id='word_1_489' title='bbox 716 2857 775 2887; x_wconf 92' lang='lat' dir='ltr'>pro</span> <span class='ocrx_word' id='word_1_490' title='bbox 799 2847 1008 2879; x_wconf 87' lang='lat' dir='ltr'>fundamento</span> <span class='ocrx_word' id='word_1_491' title='bbox 1033 2849 1148 2880; x_wconf 90' lang='lat' dir='ltr'>Scotus</span> <span class='ocrx_word' id='word_1_492' title='bbox 1172 2851 1312 2880; x_wconf 91' lang='lat' dir='ltr'>assumit.</span> 
     </span>
     <span class='ocr_line' id='line_1_66' title="bbox 249 2890 1313 2943; baseline 0.003 -22"><span class='ocrx_word' id='word_1_493' title='bbox 249 2891 291 2922; x_wconf 92' lang='lat' dir='ltr'>Et</span> <span class='ocrx_word' id='word_1_494' title='bbox 318 2892 398 2921; x_wconf 87' lang='lat' dir='ltr'>ratio</span> <span class='ocrx_word' id='word_1_495' title='bbox 422 2891 571 2921; x_wconf 89' lang='lat' dir='ltr'>Auctoris</span> <span class='ocrx_word' id='word_1_496' title='bbox 598 2890 717 2922; x_wconf 89' lang='lat' dir='ltr'>ibidem</span> <span class='ocrx_word' id='word_1_497' title='bbox 747 2897 794 2922; x_wconf 90' lang='lat' dir='ltr'>est</span> <span class='ocrx_word' id='word_1_498' title='bbox 821 2893 897 2931; x_wconf 87' lang='lat' dir='ltr'>quia</span> <span class='ocrx_word' id='word_1_499' title='bbox 919 2901 1056 2943; x_wconf 82' lang='lat' dir='ltr'>persona</span> <span class='ocrx_word' id='word_1_500' title='bbox 1080 2902 1243 2923; x_wconf 90' lang='lat' dir='ltr'>assumens</span> <span class='ocrx_word' id='word_1_501' title='bbox 1267 2899 1313 2924; x_wconf 90' lang='lat' dir='ltr'>est</span> 
     </span>
     <span class='ocr_line' id='line_1_67' title="bbox 249 2934 1313 2986; baseline 0.002 -20"><span class='ocrx_word' id='word_1_502' title='bbox 249 2935 367 2973; x_wconf 89' lang='lat' dir='ltr'>altioris</span> <span class='ocrx_word' id='word_1_503' title='bbox 390 2934 509 2965; x_wconf 91' lang='lat' dir='ltr'>ordinis</span> <span class='ocrx_word' id='word_1_504' title='bbox 533 2944 631 2974; x_wconf 89' lang='lat' dir='ltr'>quam</span> <span class='ocrx_word' id='word_1_505' title='bbox 654 2940 736 2965; x_wconf 89' lang='lat' dir='ltr'>esset</span> <span class='ocrx_word' id='word_1_506' title='bbox 757 2945 894 2975; x_wconf 87' lang='lat' dir='ltr'>persona</span> <span class='ocrx_word' id='word_1_507' title='bbox 916 2937 1054 2986; x_wconf 88' lang='lat' dir='ltr'>propria.</span> <span class='ocrx_word' id='word_1_508' title='bbox 1082 2937 1123 2967; x_wconf 91' lang='lat' dir='ltr'>Et</span> <span class='ocrx_word' id='word_1_509' title='bbox 1145 2946 1187 2967; x_wconf 92' lang='lat' dir='ltr'>ne</span> <span class='ocrx_word' id='word_1_510' title='bbox 1210 2938 1313 2968; x_wconf 90' lang='lat' dir='ltr'>invol-</span> 
     </span>
     <span class='ocr_line' id='line_1_68' title="bbox 247 2978 1313 3020; baseline 0.004 -12"><span class='ocrx_word' id='word_1_511' title='bbox 247 2985 339 3010; x_wconf 88' lang='lat' dir='ltr'>vatur</span> <span class='ocrx_word' id='word_1_512' title='bbox 361 2979 551 3015; x_wconf 83' lang='lat' dir='ltr'>intellectus,</span> <span class='ocrx_word' id='word_1_513' title='bbox 576 2978 786 3018; x_wconf 85' lang='lat' dir='ltr'>distinguatur</span> <span class='ocrx_word' id='word_1_514' title='bbox 809 2979 912 3019; x_wconf 93' lang='lat' dir='ltr'>quod,</span> <span class='ocrx_word' id='word_1_515' title='bbox 937 2981 1012 3019; x_wconf 91' lang='lat' dir='ltr'>quia</span> <span class='ocrx_word' id='word_1_516' title='bbox 1035 2981 1180 3020; x_wconf 89' lang='lat' dir='ltr'>quaestio</span> <span class='ocrx_word' id='word_1_517' title='bbox 1204 2987 1251 3012; x_wconf 91' lang='lat' dir='ltr'>est</span> <span class='ocrx_word' id='word_1_518' title='bbox 1273 2981 1313 3012; x_wconf 91' lang='lat' dir='ltr'>de</span> 
     </span>
     <span class='ocr_line' id='line_1_69' title="bbox 249 3022 1311 3063; baseline 0.002 -10"><span class='ocrx_word' id='word_1_519' title='bbox 249 3022 361 3054; x_wconf 91' lang='lat' dir='ltr'>ordine</span> <span class='ocrx_word' id='word_1_520' title='bbox 381 3023 616 3062; x_wconf 87' lang='lat' dir='ltr'>assumptionis,</span> <span class='ocrx_word' id='word_1_521' title='bbox 642 3028 673 3052; x_wconf 91' lang='lat' dir='ltr'>et</span> <span class='ocrx_word' id='word_1_522' title='bbox 687 3032 755 3053; x_wconf 93' lang='lat' dir='ltr'>non</span> <span class='ocrx_word' id='word_1_523' title='bbox 771 3022 810 3053; x_wconf 91' lang='lat' dir='ltr'>de</span> <span class='ocrx_word' id='word_1_524' title='bbox 827 3023 938 3053; x_wconf 89' lang='lat' dir='ltr'>ordine</span> <span class='ocrx_word' id='word_1_525' title='bbox 953 3025 1203 3063; x_wconf 83' lang='lat' dir='ltr'>personationis3</span> <span class='ocrx_word' id='word_1_526' title='bbox 1227 3025 1311 3062; x_wconf 91' lang='lat' dir='ltr'>ideo,</span> 
     </span>
     <span class='ocr_line' id='line_1_70' title="bbox 248 3066 1312 3108; baseline 0.002 -11"><span class='ocrx_word' id='word_1_527' title='bbox 248 3076 290 3098; x_wconf 92' lang='lat' dir='ltr'>ne</span> <span class='ocrx_word' id='word_1_528' title='bbox 313 3067 558 3106; x_wconf 87' lang='lat' dir='ltr'>aequivocetur‚</span> <span class='ocrx_word' id='word_1_529' title='bbox 582 3066 704 3097; x_wconf 84' lang='lat' dir='ltr'>dicatur</span> <span class='ocrx_word' id='word_1_530' title='bbox 727 3066 816 3106; x_wconf 90' lang='lat' dir='ltr'>quod</span> <span class='ocrx_word' id='word_1_531' title='bbox 839 3076 896 3106; x_wconf 93' lang='lat' dir='ltr'>per</span> <span class='ocrx_word' id='word_1_532' title='bbox 919 3077 986 3098; x_wconf 89' lang='lat' dir='ltr'>esse</span> <span class='ocrx_word' id='word_1_533' title='bbox 1002 3069 1193 3108; x_wconf 88' lang='lat' dir='ltr'>personale,</span> <span class='ocrx_word' id='word_1_534' title='bbox 1218 3074 1250 3099; x_wconf 92' lang='lat' dir='ltr'>et</span> <span class='ocrx_word' id='word_1_535' title='bbox 1272 3070 1312 3099; x_wconf 91' lang='lat' dir='ltr'>si-</span> 
     </span>
     <span class='ocr_line' id='line_1_71' title="bbox 249 3110 1313 3151; baseline 0.002 -11"><span class='ocrx_word' id='word_1_536' title='bbox 249 3111 365 3141; x_wconf 89' lang='lat' dir='ltr'>militer</span> <span class='ocrx_word' id='word_1_537' title='bbox 387 3120 446 3151; x_wconf 87' lang='lat' dir='ltr'>per</span> <span class='ocrx_word' id='word_1_538' title='bbox 461 3111 654 3151; x_wconf 84' lang='lat' dir='ltr'>personari,</span> <span class='ocrx_word' id='word_1_539' title='bbox 679 3116 787 3150; x_wconf 88' lang='lat' dir='ltr'>potest</span> <span class='ocrx_word' id='word_1_540' title='bbox 807 3110 941 3150; x_wconf 86' lang='lat' dir='ltr'>intelligi</span> <span class='ocrx_word' id='word_1_541' title='bbox 963 3120 1058 3150; x_wconf 90' lang='lat' dir='ltr'>posse</span> <span class='ocrx_word' id='word_1_542' title='bbox 1079 3111 1149 3142; x_wconf 90' lang='lat' dir='ltr'>fieri</span> <span class='ocrx_word' id='word_1_543' title='bbox 1171 3112 1222 3142; x_wconf 91' lang='lat' dir='ltr'>vel</span> <span class='ocrx_word' id='word_1_544' title='bbox 1245 3112 1313 3143; x_wconf 91' lang='lat' dir='ltr'>fieri</span> 
     </span>
     <span class='ocr_line' id='line_1_72' title="bbox 243 3155 1312 3206; baseline 0.001 -21"><span class='ocrx_word' id='word_1_545' title='bbox 243 3164 436 3195; x_wconf 76' lang='lat' dir='ltr'>personam,</span> <span class='ocrx_word' id='word_1_546' title='bbox 464 3155 515 3186; x_wconf 90' lang='lat' dir='ltr'>vel</span> <span class='ocrx_word' id='word_1_547' title='bbox 544 3155 635 3194; x_wconf 91' lang='lat' dir='ltr'>quasi</span> <span class='ocrx_word' id='word_1_548' title='bbox 663 3155 905 3185; x_wconf 88' lang='lat' dir='ltr'>constitutivum</span> <span class='ocrx_word' id='word_1_549' title='bbox 926 3163 1099 3194; x_wconf 88' lang='lat' dir='ltr'>personae;</span> <span class='ocrx_word' id='word_1_550' title='bbox 1129 3156 1180 3186; x_wconf 90' lang='lat' dir='ltr'>vel</span> <span class='ocrx_word' id='word_1_551' title='bbox 1205 3161 1312 3206; x_wconf 90' lang='lat' dir='ltr'>potest</span> 
     </span>
     <span class='ocr_line' id='line_1_73' title="bbox 249 3198 1311 3238; baseline 0.002 -10"><span class='ocrx_word' id='word_1_552' title='bbox 249 3198 382 3238; x_wconf 86' lang='lat' dir='ltr'>intelligi</span> <span class='ocrx_word' id='word_1_553' title='bbox 403 3208 498 3238; x_wconf 91' lang='lat' dir='ltr'>posse</span> <span class='ocrx_word' id='word_1_554' title='bbox 521 3198 589 3228; x_wconf 88' lang='lat' dir='ltr'>fieri</span> <span class='ocrx_word' id='word_1_555' title='bbox 612 3198 662 3228; x_wconf 92' lang='lat' dir='ltr'>vel</span> <span class='ocrx_word' id='word_1_556' title='bbox 687 3198 755 3228; x_wconf 92' lang='lat' dir='ltr'>fieri</span> <span class='ocrx_word' id='word_1_557' title='bbox 779 3198 903 3238; x_wconf 85' lang='lat' dir='ltr'>aliquid</span> <span class='ocrx_word' id='word_1_558' title='bbox 919 3207 1090 3238; x_wconf 82' lang='lat' dir='ltr'>personae.</span> <span class='ocrx_word' id='word_1_559' title='bbox 1115 3198 1148 3230; x_wconf 91' lang='lat' dir='ltr'>Si</span> <span class='ocrx_word' id='word_1_560' title='bbox 1171 3200 1311 3238; x_wconf 86' lang='lat' dir='ltr'>primum</span> 
     </span>
     <span class='ocr_line' id='line_1_74' title="bbox 248 3241 1309 3282; baseline 0.001 -10"><span class='ocrx_word' id='word_1_561' title='bbox 248 3242 450 3282; x_wconf 83' lang='lat' dir='ltr'>intelligatur,</span> <span class='ocrx_word' id='word_1_562' title='bbox 473 3242 667 3273; x_wconf 88' lang='lat' dir='ltr'>concedatur</span> <span class='ocrx_word' id='word_1_563' title='bbox 681 3248 803 3272; x_wconf 86' lang='lat' dir='ltr'>toturn:</span> <span class='ocrx_word' id='word_1_564' title='bbox 829 3243 948 3281; x_wconf 88' lang='lat' dir='ltr'>absque</span> <span class='ocrx_word' id='word_1_565' title='bbox 964 3241 1177 3274; x_wconf 82' lang='lat' dir='ltr'>declinatione</span> <span class='ocrx_word' id='word_1_566' title='bbox 1192 3248 1309 3279; x_wconf 89' lang='lat' dir='ltr'>tamen,</span> 
     </span>
     <span class='ocr_line' id='line_1_75' title="bbox 249 3285 1311 3336; baseline 0 -20"><span class='ocrx_word' id='word_1_567' title='bbox 249 3291 403 3326; x_wconf 88' lang='lat' dir='ltr'>tanquam</span> <span class='ocrx_word' id='word_1_568' title='bbox 425 3287 648 3327; x_wconf 87' lang='lat' dir='ltr'>impertinens,</span> <span class='ocrx_word' id='word_1_569' title='bbox 673 3286 748 3326; x_wconf 86' lang='lat' dir='ltr'>quia</span> <span class='ocrx_word' id='word_1_570' title='bbox 771 3296 838 3317; x_wconf 92' lang='lat' dir='ltr'>non</span> <span class='ocrx_word' id='word_1_571' title='bbox 857 3291 903 3316; x_wconf 90' lang='lat' dir='ltr'>est</span> <span class='ocrx_word' id='word_1_572' title='bbox 924 3287 1068 3326; x_wconf 90' lang='lat' dir='ltr'>quaestio</span> <span class='ocrx_word' id='word_1_573' title='bbox 1093 3285 1132 3316; x_wconf 92' lang='lat' dir='ltr'>de</span> <span class='ocrx_word' id='word_1_574' title='bbox 1150 3287 1237 3336; x_wconf 81' lang='lat' dir='ltr'>prius</span> <span class='ocrx_word' id='word_1_575' title='bbox 1255 3296 1311 3317; x_wconf 88' lang='lat' dir='ltr'>na-</span> 
     </span>
     <span class='ocr_line' id='line_1_76' title="bbox 249 3330 1310 3370; baseline 0 -10"><span class='ocrx_word' id='word_1_576' title='bbox 249 3334 320 3360; x_wconf 87' lang='lat' dir='ltr'>tura</span> <span class='ocrx_word' id='word_1_577' title='bbox 347 3331 540 3370; x_wconf 87' lang='lat' dir='ltr'>personabili</span> <span class='ocrx_word' id='word_1_578' title='bbox 562 3330 618 3361; x_wconf 90' lang='lat' dir='ltr'>illo</span> <span class='ocrx_word' id='word_1_579' title='bbox 641 3330 742 3360; x_wconf 90' lang='lat' dir='ltr'>modo</span> <span class='ocrx_word' id='word_1_580' title='bbox 770 3335 805 3360; x_wconf 92' lang='lat' dir='ltr'>ut</span> <span class='ocrx_word' id='word_1_581' title='bbox 828 3330 867 3360; x_wconf 88' lang='lat' dir='ltr'>sit</span> <span class='ocrx_word' id='word_1_582' title='bbox 888 3339 1024 3369; x_wconf 91' lang='lat' dir='ltr'>persona</span> <span class='ocrx_word' id='word_1_583' title='bbox 1047 3335 1102 3360; x_wconf 91' lang='lat' dir='ltr'>aut</span> <span class='ocrx_word' id='word_1_584' title='bbox 1125 3330 1214 3369; x_wconf 89' lang='lat' dir='ltr'>quasi</span> <span class='ocrx_word' id='word_1_585' title='bbox 1233 3340 1310 3360; x_wconf 91' lang='lat' dir='ltr'>con—</span> 
     </span>
     <span class='ocr_line' id='line_1_77' title="bbox 249 3373 1311 3414; baseline 0.001 -11"><span class='ocrx_word' id='word_1_586' title='bbox 249 3374 428 3411; x_wconf 81' lang='lat' dir='ltr'>stitutivum</span> <span class='ocrx_word' id='word_1_587' title='bbox 450 3384 623 3414; x_wconf 89' lang='lat' dir='ltr'>personae,</span> <span class='ocrx_word' id='word_1_588' title='bbox 654 3374 709 3405; x_wconf 90' lang='lat' dir='ltr'>sed</span> <span class='ocrx_word' id='word_1_589' title='bbox 732 3373 771 3404; x_wconf 91' lang='lat' dir='ltr'>de</span> <span class='ocrx_word' id='word_1_590' title='bbox 794 3375 881 3414; x_wconf 89' lang='lat' dir='ltr'>prius</span> <span class='ocrx_word' id='word_1_591' title='bbox 905 3379 1016 3404; x_wconf 86' lang='lat' dir='ltr'>natura</span> <span class='ocrx_word' id='word_1_592' title='bbox 1039 3373 1248 3413; x_wconf 90' lang='lat' dir='ltr'>assumptibili</span> <span class='ocrx_word' id='word_1_593' title='bbox 1271 3373 1311 3404; x_wconf 90' lang='lat' dir='ltr'>ad</span> 
     </span>
     <span class='ocr_line' id='line_1_78' title="bbox 250 3417 638 3458; baseline 0 -10"><span class='ocrx_word' id='word_1_594' title='bbox 250 3417 404 3448; x_wconf 82' lang='lat' dir='ltr'>unitatem</span> <span class='ocrx_word' id='word_1_595' title='bbox 425 3419 638 3458; x_wconf 84' lang='lat' dir='ltr'>personalem.</span> 
     </span>
    </p>

    <p class='ocr_par' dir='ltr' id='par_1_12' title="bbox 250 3460 1311 3546">
     <span class='ocr_line' id='line_1_79' title="bbox 307 3460 1310 3512; baseline -0.002 -19"><span class='ocrx_word' id='word_1_596' title='bbox 307 3460 340 3493; x_wconf 79' lang='lat' dir='ltr'>Si</span> <span class='ocrx_word' id='word_1_597' title='bbox 361 3467 468 3493; x_wconf 84' lang='lat' dir='ltr'>autem</span> <span class='ocrx_word' id='word_1_598' title='bbox 491 3462 633 3493; x_wconf 87' lang='lat' dir='ltr'>secundo</span> <span class='ocrx_word' id='word_1_599' title='bbox 657 3461 756 3493; x_wconf 90' lang='lat' dir='ltr'>modo</span> <span class='ocrx_word' id='word_1_600' title='bbox 779 3462 998 3512; x_wconf 81' lang='lat' dir='ltr'>intelliguntur</span> <span class='ocrx_word' id='word_1_601' title='bbox 1021 3461 1096 3492; x_wconf 83' lang='grc'>(11011</span> <span class='ocrx_word' id='word_1_602' title='bbox 1110 3462 1246 3497; x_wconf 86' lang='lat' dir='ltr'>termini,</span> <span class='ocrx_word' id='word_1_603' title='bbox 1271 3461 1310 3492; x_wconf 91' lang='lat' dir='ltr'>ad</span> 
     </span>
     <span class='ocr_line' id='line_1_80' title="bbox 250 3505 1311 3546; baseline 0 -11"><span class='ocrx_word' id='word_1_604' title='bbox 250 3505 454 3544; x_wconf 83' lang='lat' dir='ltr'>propositum</span> <span class='ocrx_word' id='word_1_605' title='bbox 477 3505 608 3546; x_wconf 90' lang='lat' dir='ltr'>quidem</span> <span class='ocrx_word' id='word_1_606' title='bbox 625 3511 709 3543; x_wconf 90' lang='lat' dir='ltr'>sunt,</span> <span class='ocrx_word' id='word_1_607' title='bbox 734 3506 788 3536; x_wconf 86' lang='lat' dir='ltr'>sed</span> <span class='ocrx_word' id='word_1_608' title='bbox 811 3506 917 3536; x_wconf 89' lang='lat' dir='ltr'>minus</span> <span class='ocrx_word' id='word_1_609' title='bbox 940 3506 1070 3545; x_wconf 87' lang='lat' dir='ltr'>proprii.</span> <span class='ocrx_word' id='word_1_610' title='bbox 1094 3506 1311 3536; x_wconf 88' lang='lat' dir='ltr'>Veruntamen</span> 
     </span>
    </p>
   </div>
   <div class='ocr_carea' id='block_1_8' title="bbox 2362 269 2432 307">
    <p class='ocr_par' dir='ltr' id='par_1_13' title="bbox 2362 269 2432 307">
     <span class='ocr_line' id='line_1_81' title="bbox 2362 269 2432 307; baseline 0 -1"><span class='ocrx_word' id='word_1_611' title='bbox 2362 269 2432 307; x_wconf 87' lang='grc'>103</span> 
     </span>
    </p>
   </div>
   <div class='ocr_carea' id='block_1_9' title="bbox 1361 347 2433 3535">
    <p class='ocr_par' dir='ltr' id='par_1_14' title="bbox 1361 347 2433 869">
     <span class='ocr_line' id='line_1_82' title="bbox 1368 347 2433 388; baseline 0.002 -10"><span class='ocrx_word' id='word_1_612' title='bbox 1368 358 1435 378; x_wconf 89' lang='grc'>11011</span> <span class='ocrx_word' id='word_1_613' title='bbox 1458 347 1512 378; x_wconf 90' lang='lat' dir='ltr'>fiat</span> <span class='ocrx_word' id='word_1_614' title='bbox 1534 349 1580 378; x_wconf 86' lang='lat' dir='ltr'>vis</span> <span class='ocrx_word' id='word_1_615' title='bbox 1603 349 1637 378; x_wconf 91' lang='lat' dir='ltr'>in</span> <span class='ocrx_word' id='word_1_616' title='bbox 1660 348 1838 379; x_wconf 90' lang='lat' dir='ltr'>vocabulis:</span> <span class='ocrx_word' id='word_1_617' title='bbox 1865 353 1904 384; x_wconf 90' lang='lat' dir='ltr'>et,</span> <span class='ocrx_word' id='word_1_618' title='bbox 1930 349 2094 388; x_wconf 88' lang='lat' dir='ltr'>supposita</span> <span class='ocrx_word' id='word_1_619' title='bbox 2122 347 2324 379; x_wconf 90' lang='lat' dir='ltr'>distinctione</span> <span class='ocrx_word' id='word_1_620' title='bbox 2349 358 2433 388; x_wconf 88' lang='lat' dir='ltr'>quae</span> 
     </span>
     <span class='ocr_line' id='line_1_83' title="bbox 1368 391 2433 431; baseline 0.001 -9"><span class='ocrx_word' id='word_1_621' title='bbox 1368 393 1401 422; x_wconf 91' lang='lat' dir='ltr'>in</span> <span class='ocrx_word' id='word_1_622' title='bbox 1423 392 1525 422; x_wconf 90' lang='lat' dir='ltr'>littera</span> <span class='ocrx_word' id='word_1_623' title='bbox 1548 393 1681 422; x_wconf 89' lang='lat' dir='ltr'>habetur</span> <span class='ocrx_word' id='word_1_624' title='bbox 1704 391 1743 422; x_wconf 91' lang='lat' dir='ltr'>de</span> <span class='ocrx_word' id='word_1_625' title='bbox 1766 393 1853 431; x_wconf 90' lang='lat' dir='ltr'>prius</span> <span class='ocrx_word' id='word_1_626' title='bbox 1877 392 2084 431; x_wconf 89' lang='lat' dir='ltr'>assumptibili</span> <span class='ocrx_word' id='word_1_627' title='bbox 2109 392 2220 422; x_wconf 91' lang='lat' dir='ltr'>ordine</span> <span class='ocrx_word' id='word_1_628' title='bbox 2236 398 2367 423; x_wconf 90' lang='lat' dir='ltr'>naturae</span> <span class='ocrx_word' id='word_1_629' title='bbox 2383 403 2433 423; x_wconf 92' lang='grc'>50-</span> 
     </span>
     <span class='ocr_line' id='line_1_84' title="bbox 1368 435 2431 476; baseline 0.001 -10"><span class='ocrx_word' id='word_1_630' title='bbox 1368 435 1511 466; x_wconf 89' lang='lat' dir='ltr'>cundum</span> <span class='ocrx_word' id='word_1_631' title='bbox 1533 436 1746 466; x_wconf 86' lang='lat' dir='ltr'>intentionem</span> <span class='ocrx_word' id='word_1_632' title='bbox 1776 441 1807 466; x_wconf 93' lang='lat' dir='ltr'>et</span> <span class='ocrx_word' id='word_1_633' title='bbox 1830 436 2007 466; x_wconf 91' lang='lat' dir='ltr'>secundum</span> <span class='ocrx_word' id='word_1_634' title='bbox 2031 437 2269 472; x_wconf 85' lang='lat' dir='ltr'>executionem,</span> <span class='ocrx_word' id='word_1_635' title='bbox 2299 446 2431 476; x_wconf 90' lang='lat' dir='ltr'>respon-</span> 
     </span>
     <span class='ocr_line' id='line_1_85' title="bbox 1368 479 2432 519; baseline 0.002 -10"><span class='ocrx_word' id='word_1_636' title='bbox 1368 479 1478 510; x_wconf 88' lang='lat' dir='ltr'>deatur</span> <span class='ocrx_word' id='word_1_637' title='bbox 1501 479 1591 519; x_wconf 91' lang='lat' dir='ltr'>quod</span> <span class='ocrx_word' id='word_1_638' title='bbox 1613 481 1715 510; x_wconf 86' lang='lat' dir='ltr'>maior</span> <span class='ocrx_word' id='word_1_639' title='bbox 1739 485 1785 510; x_wconf 94' lang='lat' dir='ltr'>est</span> <span class='ocrx_word' id='word_1_640' title='bbox 1807 489 1880 509; x_wconf 89' lang='lat' dir='ltr'>vera</span> <span class='ocrx_word' id='word_1_641' title='bbox 1904 479 1943 510; x_wconf 91' lang='lat' dir='ltr'>de</span> <span class='ocrx_word' id='word_1_642' title='bbox 1962 480 2067 519; x_wconf 91' lang='lat' dir='ltr'>primo</span> <span class='ocrx_word' id='word_1_643' title='bbox 2091 480 2267 510; x_wconf 91' lang='lat' dir='ltr'>secundum</span> <span class='ocrx_word' id='word_1_644' title='bbox 2285 481 2432 511; x_wconf 88' lang='lat' dir='ltr'>ordinem</span> 
     </span>
     <span class='ocr_line' id='line_1_86' title="bbox 1367 522 2431 573; baseline 0.003 -21"><span class='ocrx_word' id='word_1_645' title='bbox 1367 523 1570 559; x_wconf 86' lang='lat' dir='ltr'>intentionis;</span> <span class='ocrx_word' id='word_1_646' title='bbox 1594 533 1662 554; x_wconf 89' lang='lat' dir='ltr'>non</span> <span class='ocrx_word' id='word_1_647' title='bbox 1682 529 1790 554; x_wconf 90' lang='lat' dir='ltr'>autem</span> <span class='ocrx_word' id='word_1_648' title='bbox 1812 522 1851 553; x_wconf 93' lang='lat' dir='ltr'>de</span> <span class='ocrx_word' id='word_1_649' title='bbox 1874 524 1979 573; x_wconf 84' lang='lat' dir='ltr'>primo</span> <span class='ocrx_word' id='word_1_650' title='bbox 2003 523 2181 553; x_wconf 90' lang='lat' dir='ltr'>secundum</span> <span class='ocrx_word' id='word_1_651' title='bbox 2198 524 2343 554; x_wconf 91' lang='lat' dir='ltr'>ordinem</span> <span class='ocrx_word' id='word_1_652' title='bbox 2359 535 2431 555; x_wconf 90' lang='lat' dir='ltr'>exe-</span> 
     </span>
     <span class='ocr_line' id='line_1_87' title="bbox 1368 546 2431 607; baseline 0.002 -11"><span class='ocrx_word' id='word_1_653' title='bbox 1368 567 1515 597; x_wconf 88' lang='lat' dir='ltr'>cutionis.</span> <span class='ocrx_word' id='word_1_654' title='bbox 1547 546 1629 597; x_wconf 83' lang='lat' dir='ltr'>Illud</span> <span class='ocrx_word' id='word_1_655' title='bbox 1653 568 1738 598; x_wconf 92' lang='lat' dir='ltr'>enim</span> <span class='ocrx_word' id='word_1_656' title='bbox 1762 567 1851 607; x_wconf 92' lang='lat' dir='ltr'>quod</span> <span class='ocrx_word' id='word_1_657' title='bbox 1875 572 1921 597; x_wconf 92' lang='lat' dir='ltr'>est</span> <span class='ocrx_word' id='word_1_658' title='bbox 1944 568 1977 597; x_wconf 92' lang='lat' dir='ltr'>in</span> <span class='ocrx_word' id='word_1_659' title='bbox 2001 577 2033 597; x_wconf 93' lang='lat' dir='ltr'>se</span> <span class='ocrx_word' id='word_1_660' title='bbox 2057 577 2113 607; x_wconf 91' lang='lat' dir='ltr'>per</span> <span class='ocrx_word' id='word_1_661' title='bbox 2137 577 2169 597; x_wconf 91' lang='lat' dir='ltr'>se</span> <span class='ocrx_word' id='word_1_662' title='bbox 2193 569 2297 607; x_wconf 91' lang='lat' dir='ltr'>primo</span> <span class='ocrx_word' id='word_1_663' title='bbox 2321 578 2431 607; x_wconf 87' lang='lat' dir='ltr'>perso-</span> 
     </span>
     <span class='ocr_line' id='line_1_88' title="bbox 1366 611 2430 650; baseline 0.002 -10"><span class='ocrx_word' id='word_1_664' title='bbox 1366 611 1484 646; x_wconf 88' lang='lat' dir='ltr'>nabile,</span> <span class='ocrx_word' id='word_1_665' title='bbox 1509 611 1588 641; x_wconf 93' lang='lat' dir='ltr'>illud</span> <span class='ocrx_word' id='word_1_666' title='bbox 1610 612 1715 650; x_wconf 90' lang='lat' dir='ltr'>primo</span> <span class='ocrx_word' id='word_1_667' title='bbox 1739 611 1849 641; x_wconf 89' lang='lat' dir='ltr'>ordine</span> <span class='ocrx_word' id='word_1_668' title='bbox 1873 611 2075 647; x_wconf 83' lang='lat' dir='ltr'>intentionis,</span> <span class='ocrx_word' id='word_1_669' title='bbox 2100 621 2167 642; x_wconf 92' lang='lat' dir='ltr'>non</span> <span class='ocrx_word' id='word_1_670' title='bbox 2190 612 2294 650; x_wconf 89' lang='lat' dir='ltr'>primo</span> <span class='ocrx_word' id='word_1_671' title='bbox 2320 612 2430 642; x_wconf 90' lang='lat' dir='ltr'>ordine</span> 
     </span>
     <span class='ocr_line' id='line_1_89' title="bbox 1368 655 2431 696; baseline 0.002 -12"><span class='ocrx_word' id='word_1_672' title='bbox 1368 655 1565 684; x_wconf 86' lang='lat' dir='ltr'>executionis</span> <span class='ocrx_word' id='word_1_673' title='bbox 1588 661 1776 694; x_wconf 90' lang='lat' dir='ltr'>personatur</span> <span class='ocrx_word' id='word_1_674' title='bbox 1790 656 1823 684; x_wconf 90' lang='lat' dir='ltr'>in</span> <span class='ocrx_word' id='word_1_675' title='bbox 1840 655 1913 690; x_wconf 92' lang='lat' dir='ltr'>alio,</span> <span class='ocrx_word' id='word_1_676' title='bbox 1938 656 2000 685; x_wconf 94' lang='lat' dir='ltr'>hoc</span> <span class='ocrx_word' id='word_1_677' title='bbox 2021 661 2076 691; x_wconf 87' lang='grc'>051,</span> <span class='ocrx_word' id='word_1_678' title='bbox 2091 655 2137 696; x_wconf 88' lang='lat' dir='ltr'>fit</span> <span class='ocrx_word' id='word_1_679' title='bbox 2159 655 2282 695; x_wconf 83' lang='lat' dir='ltr'>aliquid</span> <span class='ocrx_word' id='word_1_680' title='bbox 2305 656 2431 686; x_wconf 86' lang='lat' dir='ltr'>alienae</span> 
     </span>
     <span class='ocr_line' id='line_1_90' title="bbox 1361 699 2431 739; baseline 0.002 -11"><span class='ocrx_word' id='word_1_681' title='bbox 1361 707 1532 737; x_wconf 81' lang='lat' dir='ltr'>personae,</span> <span class='ocrx_word' id='word_1_682' title='bbox 1559 709 1576 728; x_wconf 93' lang='lat' dir='ltr'>a</span> <span class='ocrx_word' id='word_1_683' title='bbox 1596 708 1660 738; x_wconf 91' lang='lat' dir='ltr'>qua</span> <span class='ocrx_word' id='word_1_684' title='bbox 1683 700 1860 729; x_wconf 91' lang='lat' dir='ltr'>assumitur.</span> <span class='ocrx_word' id='word_1_685' title='bbox 1885 699 1959 728; x_wconf 89' lang='lat' dir='ltr'>Pars</span> <span class='ocrx_word' id='word_1_686' title='bbox 1976 699 2071 735; x_wconf 90' lang='lat' dir='ltr'>enim,</span> <span class='ocrx_word' id='word_1_687' title='bbox 2087 699 2138 729; x_wconf 88' lang='lat' dir='ltr'>vel</span> <span class='ocrx_word' id='word_1_688' title='bbox 2157 705 2260 739; x_wconf 88' lang='lat' dir='ltr'>partes</span> <span class='ocrx_word' id='word_1_689' title='bbox 2277 701 2354 735; x_wconf 87' lang='lat' dir='ltr'>eius,</span> <span class='ocrx_word' id='word_1_690' title='bbox 2372 706 2431 730; x_wconf 87' lang='lat' dir='ltr'>stat</span> 
     </span>
     <span class='ocr_line' id='line_1_91' title="bbox 1368 741 2431 784; baseline 0.002 -12"><span class='ocrx_word' id='word_1_691' title='bbox 1368 741 1458 780; x_wconf 94' lang='lat' dir='ltr'>quod</span> <span class='ocrx_word' id='word_1_692' title='bbox 1479 743 1567 781; x_wconf 89' lang='lat' dir='ltr'>prius</span> <span class='ocrx_word' id='word_1_693' title='bbox 1597 742 1775 773; x_wconf 91' lang='lat' dir='ltr'>secundum</span> <span class='ocrx_word' id='word_1_694' title='bbox 1805 744 2027 773; x_wconf 86' lang='lat' dir='ltr'>executionem</span> <span class='ocrx_word' id='word_1_695' title='bbox 2056 742 2111 773; x_wconf 91' lang='lat' dir='ltr'>fiat</span> <span class='ocrx_word' id='word_1_696' title='bbox 2133 743 2183 773; x_wconf 90' lang='lat' dir='ltr'>vel</span> <span class='ocrx_word' id='word_1_697' title='bbox 2211 743 2288 774; x_wconf 88' lang='lat' dir='ltr'>fiant</span> <span class='ocrx_word' id='word_1_698' title='bbox 2311 744 2431 784; x_wconf 84' lang='lat' dir='ltr'>aliquid</span> 
     </span>
     <span class='ocr_line' id='line_1_92' title="bbox 1368 785 2430 837; baseline 0.003 -22"><span class='ocrx_word' id='word_1_699' title='bbox 1368 785 1489 816; x_wconf 90' lang='lat' dir='ltr'>alienae</span> <span class='ocrx_word' id='word_1_700' title='bbox 1511 795 1668 826; x_wconf 85' lang='lat' dir='ltr'>personae</span> <span class='ocrx_word' id='word_1_701' title='bbox 1691 796 1789 837; x_wconf 83' lang='lat' dir='ltr'>quam</span> <span class='ocrx_word' id='word_1_702' title='bbox 1811 792 1879 817; x_wconf 89' lang='lat' dir='ltr'>tota</span> <span class='ocrx_word' id='word_1_703' title='bbox 1901 792 2022 822; x_wconf 87' lang='lat' dir='ltr'>natura,</span> <span class='ocrx_word' id='word_1_704' title='bbox 2048 795 2130 826; x_wconf 90' lang='lat' dir='ltr'>quae</span> <span class='ocrx_word' id='word_1_705' title='bbox 2153 792 2200 817; x_wconf 90' lang='lat' dir='ltr'>est</span> <span class='ocrx_word' id='word_1_706' title='bbox 2219 788 2251 817; x_wconf 91' lang='lat' dir='ltr'>in</span> <span class='ocrx_word' id='word_1_707' title='bbox 2267 797 2301 818; x_wconf 90' lang='lat' dir='ltr'>se</span> <span class='ocrx_word' id='word_1_708' title='bbox 2323 797 2381 828; x_wconf 89' lang='lat' dir='ltr'>per</span> <span class='ocrx_word' id='word_1_709' title='bbox 2396 797 2430 818; x_wconf 90' lang='lat' dir='ltr'>se</span> 
     </span>
     <span class='ocr_line' id='line_1_93' title="bbox 1367 829 2073 869; baseline 0.001 -10"><span class='ocrx_word' id='word_1_710' title='bbox 1367 829 1472 868; x_wconf 87' lang='lat' dir='ltr'>primo</span> <span class='ocrx_word' id='word_1_711' title='bbox 1496 831 1704 869; x_wconf 87' lang='lat' dir='ltr'>personabilis</span> <span class='ocrx_word' id='word_1_712' title='bbox 1727 831 1753 860; x_wconf 92' lang='lat' dir='ltr'>si</span> <span class='ocrx_word' id='word_1_713' title='bbox 1773 831 1831 860; x_wconf 91' lang='lat' dir='ltr'>sibi</span> <span class='ocrx_word' id='word_1_714' title='bbox 1855 830 2073 861; x_wconf 90' lang='lat' dir='ltr'>dimitteretur.</span> 
     </span>
    </p>

    <p class='ocr_par' dir='ltr' id='par_1_15' title="bbox 1366 873 2430 1658">
     <span class='ocr_line' id='line_1_94' title="bbox 1421 873 2430 914; baseline 0.002 -11"><span class='ocrx_word' id='word_1_715' title='bbox 1421 873 1571 903; x_wconf 91' lang='lat' dir='ltr'>Probatio</span> <span class='ocrx_word' id='word_1_716' title='bbox 1588 879 1695 904; x_wconf 90' lang='lat' dir='ltr'>autem</span> <span class='ocrx_word' id='word_1_717' title='bbox 1715 874 1852 910; x_wconf 90' lang='lat' dir='ltr'>maioris,</span> <span class='ocrx_word' id='word_1_718' title='bbox 1867 873 1905 904; x_wconf 91' lang='lat' dir='ltr'>ad</span> <span class='ocrx_word' id='word_1_719' title='bbox 1921 875 2007 904; x_wconf 93' lang='lat' dir='ltr'>hunc</span> <span class='ocrx_word' id='word_1_720' title='bbox 2024 884 2152 904; x_wconf 91' lang='lat' dir='ltr'>sensum</span> <span class='ocrx_word' id='word_1_721' title='bbox 2169 874 2334 914; x_wconf 86' lang='grc'>300110313,</span> <span class='ocrx_word' id='word_1_722' title='bbox 2350 875 2430 905; x_wconf 84' lang='grc'>011111</span> 
     </span>
     <span class='ocr_line' id='line_1_95' title="bbox 1366 916 2430 954; baseline 0.004 -9"><span class='ocrx_word' id='word_1_723' title='bbox 1366 916 1458 947; x_wconf 77' lang='grc'>13101.</span> <span class='ocrx_word' id='word_1_724' title='bbox 1473 917 1558 954; x_wconf 88' lang='lat' dir='ltr'>Quia</span> <span class='ocrx_word' id='word_1_725' title='bbox 1570 917 1747 947; x_wconf 92' lang='lat' dir='ltr'>secundum</span> <span class='ocrx_word' id='word_1_726' title='bbox 1764 918 1960 948; x_wconf 85' lang='lat' dir='ltr'>executionis</span> <span class='ocrx_word' id='word_1_727' title='bbox 1977 917 2132 954; x_wconf 88' lang='lat' dir='ltr'>ordinem,</span> <span class='ocrx_word' id='word_1_728' title='bbox 2145 918 2224 948; x_wconf 91' lang='lat' dir='ltr'>illud</span> <span class='ocrx_word' id='word_1_729' title='bbox 2234 923 2350 954; x_wconf 87' lang='lat' dir='ltr'>totum,</span> <span class='ocrx_word' id='word_1_730' title='bbox 2361 928 2430 949; x_wconf 92' lang='lat' dir='ltr'>non</span> 
     </span>
     <span class='ocr_line' id='line_1_96' title="bbox 1367 960 2428 1013; baseline 0.003 -24"><span class='ocrx_word' id='word_1_731' title='bbox 1367 960 1400 989; x_wconf 91' lang='lat' dir='ltr'>in</span> <span class='ocrx_word' id='word_1_732' title='bbox 1416 970 1449 990; x_wconf 91' lang='lat' dir='ltr'>se</span> <span class='ocrx_word' id='word_1_733' title='bbox 1465 966 1546 996; x_wconf 89' lang='lat' dir='ltr'>toto,</span> <span class='ocrx_word' id='word_1_734' title='bbox 1559 961 1637 991; x_wconf 93' lang='lat' dir='ltr'>sed</span> <span class='ocrx_word' id='word_1_735' title='bbox 1630 971 1663 991; x_wconf 88' lang='grc'>111</span> <span class='ocrx_word' id='word_1_736' title='bbox 1678 967 1767 1001; x_wconf 86' lang='grc'>03110</span> <span class='ocrx_word' id='word_1_737' title='bbox 1779 962 1830 991; x_wconf 92' lang='lat' dir='ltr'>vel</span> <span class='ocrx_word' id='word_1_738' title='bbox 1845 962 1986 1001; x_wconf 89' lang='lat' dir='ltr'>partibus</span> <span class='ocrx_word' id='word_1_739' title='bbox 2002 962 2079 998; x_wconf 85' lang='lat' dir='ltr'>eius,</span> <span class='ocrx_word' id='word_1_740' title='bbox 2093 962 2180 1001; x_wconf 90' lang='lat' dir='ltr'>prius</span> <span class='ocrx_word' id='word_1_741' title='bbox 2195 968 2428 1013; x_wconf 72' lang='lat' dir='ltr'>personaretur,</span> 
     </span>
     <span class='ocr_line' id='line_1_97' title="bbox 1367 1004 2430 1046; baseline 0.004 -13"><span class='ocrx_word' id='word_1_742' title='bbox 1367 1004 1430 1033; x_wconf 88' lang='lat' dir='ltr'>hoc</span> <span class='ocrx_word' id='word_1_743' title='bbox 1447 1009 1502 1039; x_wconf 91' lang='lat' dir='ltr'>est,</span> <span class='ocrx_word' id='word_1_744' title='bbox 1516 1005 1617 1045; x_wconf 81' lang='lat' dir='ltr'>fieret</span> <span class='ocrx_word' id='word_1_745' title='bbox 1635 1005 1758 1045; x_wconf 84' lang='lat' dir='ltr'>aliquid</span> <span class='ocrx_word' id='word_1_746' title='bbox 1776 1006 1965 1036; x_wconf 82' lang='lat' dir='ltr'>assumentis</span> <span class='ocrx_word' id='word_1_747' title='bbox 1983 1015 2154 1046; x_wconf 82' lang='lat' dir='ltr'>personae,</span> <span class='ocrx_word' id='word_1_748' title='bbox 2171 1015 2269 1045; x_wconf 92' lang='lat' dir='ltr'>quam</span> <span class='ocrx_word' id='word_1_749' title='bbox 2292 1012 2374 1037; x_wconf 89' lang='lat' dir='ltr'>esset</span> <span class='ocrx_word' id='word_1_750' title='bbox 2395 1008 2430 1037; x_wconf 89' lang='grc'>10</span> 
     </span>
     <span class='ocr_line' id='line_1_98' title="bbox 1368 1047 2430 1098; baseline 0.004 -22"><span class='ocrx_word' id='word_1_751' title='bbox 1368 1047 1474 1087; x_wconf 83' lang='grc'>501050</span> <span class='ocrx_word' id='word_1_752' title='bbox 1490 1053 1559 1078; x_wconf 86' lang='grc'>1010</span> <span class='ocrx_word' id='word_1_753' title='bbox 1575 1049 1787 1098; x_wconf 79' lang='lat' dir='ltr'>personabile</span> <span class='ocrx_word' id='word_1_754' title='bbox 1794 1050 1820 1079; x_wconf 88' lang='lat' dir='ltr'>si</span> <span class='ocrx_word' id='word_1_755' title='bbox 1836 1050 1894 1079; x_wconf 91' lang='lat' dir='ltr'>sibi</span> <span class='ocrx_word' id='word_1_756' title='bbox 1910 1049 2129 1080; x_wconf 86' lang='lat' dir='ltr'>dimitteretur.</span> <span class='ocrx_word' id='word_1_757' title='bbox 2141 1068 2164 1072; x_wconf 91' lang='lat'>—</span> <span class='ocrx_word' id='word_1_758' title='bbox 2175 1050 2216 1080; x_wconf 92' lang='lat' dir='ltr'>Et</span> <span class='ocrx_word' id='word_1_759' title='bbox 2228 1060 2303 1080; x_wconf 91' lang='lat' dir='ltr'>cum</span> <span class='ocrx_word' id='word_1_760' title='bbox 2319 1056 2430 1080; x_wconf 89' lang='lat' dir='ltr'>contra</span> 
     </span>
     <span class='ocr_line' id='line_1_99' title="bbox 1367 1091 2429 1132; baseline 0.004 -11"><span class='ocrx_word' id='word_1_761' title='bbox 1367 1091 1431 1122; x_wconf 91' lang='lat' dir='ltr'>hoc</span> <span class='ocrx_word' id='word_1_762' title='bbox 1454 1091 1582 1122; x_wconf 85' lang='lat' dir='ltr'>affertur</span> <span class='ocrx_word' id='word_1_763' title='bbox 1605 1093 1681 1132; x_wconf 89' lang='grc'>0013</span> <span class='ocrx_word' id='word_1_764' title='bbox 1698 1093 1732 1122; x_wconf 91' lang='grc'>10</span> <span class='ocrx_word' id='word_1_765' title='bbox 1746 1093 1802 1123; x_wconf 88' lang='grc'>1110</span> <span class='ocrx_word' id='word_1_766' title='bbox 1819 1094 1916 1132; x_wconf 89' lang='lat' dir='ltr'>priori</span> <span class='ocrx_word' id='word_1_767' title='bbox 1938 1093 2018 1123; x_wconf 90' lang='lat' dir='ltr'>illud</span> <span class='ocrx_word' id='word_1_768' title='bbox 2040 1098 2146 1123; x_wconf 90' lang='lat' dir='ltr'>totum</span> <span class='ocrx_word' id='word_1_769' title='bbox 2168 1103 2235 1123; x_wconf 92' lang='lat' dir='ltr'>non</span> <span class='ocrx_word' id='word_1_770' title='bbox 2257 1099 2302 1124; x_wconf 90' lang='lat' dir='ltr'>est</span> <span class='ocrx_word' id='word_1_771' title='bbox 2317 1100 2429 1125; x_wconf 90' lang='lat' dir='ltr'>natum</span> 
     </span>
     <span class='ocr_line' id='line_1_100' title="bbox 1369 1136 2430 1187; baseline 0.004 -23"><span class='ocrx_word' id='word_1_772' title='bbox 1369 1136 1495 1171; x_wconf 86' lang='lat' dir='ltr'>assumi,</span> <span class='ocrx_word' id='word_1_773' title='bbox 1513 1137 1588 1175; x_wconf 90' lang='lat' dir='ltr'>quia</span> <span class='ocrx_word' id='word_1_774' title='bbox 1610 1146 1677 1166; x_wconf 90' lang='lat' dir='ltr'>non</span> <span class='ocrx_word' id='word_1_775' title='bbox 1702 1142 1748 1166; x_wconf 87' lang='grc'>051</span> <span class='ocrx_word' id='word_1_776' title='bbox 1770 1143 1881 1166; x_wconf 90' lang='lat' dir='ltr'>natura</span> <span class='ocrx_word' id='word_1_777' title='bbox 1904 1137 2084 1176; x_wconf 87' lang='lat' dir='ltr'>singularis:</span> <span class='ocrx_word' id='word_1_778' title='bbox 2108 1137 2317 1187; x_wconf 75' lang='lat' dir='ltr'>respondetur</span> <span class='ocrx_word' id='word_1_779' title='bbox 2340 1137 2430 1178; x_wconf 91' lang='lat' dir='ltr'>quod</span> 
     </span>
     <span class='ocr_line' id='line_1_101' title="bbox 1368 1179 2429 1230; baseline 0.004 -22"><span class='ocrx_word' id='word_1_780' title='bbox 1368 1188 1480 1208; x_wconf 88' lang='lat' dir='ltr'>verum</span> <span class='ocrx_word' id='word_1_781' title='bbox 1504 1185 1550 1209; x_wconf 88' lang='lat' dir='ltr'>est</span> <span class='ocrx_word' id='word_1_782' title='bbox 1573 1179 1662 1230; x_wconf 80' lang='lat' dir='ltr'>quod</span> <span class='ocrx_word' id='word_1_783' title='bbox 1684 1189 1752 1210; x_wconf 91' lang='lat' dir='ltr'>non</span> <span class='ocrx_word' id='word_1_784' title='bbox 1769 1187 1815 1210; x_wconf 85' lang='lat' dir='ltr'>est</span> <span class='ocrx_word' id='word_1_785' title='bbox 1829 1185 1941 1210; x_wconf 86' lang='lat' dir='ltr'>natum</span> <span class='ocrx_word' id='word_1_786' title='bbox 1957 1181 2074 1210; x_wconf 91' lang='lat' dir='ltr'>assumi</span> <span class='ocrx_word' id='word_1_787' title='bbox 2096 1181 2130 1210; x_wconf 90' lang='lat' dir='ltr'>in</span> <span class='ocrx_word' id='word_1_788' title='bbox 2146 1181 2250 1220; x_wconf 89' lang='lat' dir='ltr'>seipso</span> <span class='ocrx_word' id='word_1_789' title='bbox 2267 1187 2336 1211; x_wconf 90' lang='lat' dir='ltr'>toto</span> <span class='ocrx_word' id='word_1_790' title='bbox 2357 1187 2429 1212; x_wconf 89' lang='lat' dir='ltr'>ante</span> 
     </span>
     <span class='ocr_line' id='line_1_102' title="bbox 1368 1222 2430 1259; baseline 0.003 -7"><span class='ocrx_word' id='word_1_791' title='bbox 1368 1222 1448 1253; x_wconf 92' lang='lat' dir='ltr'>illud</span> <span class='ocrx_word' id='word_1_792' title='bbox 1469 1229 1601 1253; x_wconf 89' lang='lat' dir='ltr'>naturae</span> <span class='ocrx_word' id='word_1_793' title='bbox 1623 1224 1759 1259; x_wconf 87' lang='lat' dir='ltr'>instans;</span> <span class='ocrx_word' id='word_1_794' title='bbox 1784 1224 1839 1254; x_wconf 91' lang='lat' dir='ltr'>sed</span> <span class='ocrx_word' id='word_1_795' title='bbox 1863 1229 1909 1253; x_wconf 90' lang='lat' dir='ltr'>est</span> <span class='ocrx_word' id='word_1_796' title='bbox 1923 1229 2034 1254; x_wconf 88' lang='lat' dir='ltr'>natum</span> <span class='ocrx_word' id='word_1_797' title='bbox 2050 1225 2168 1254; x_wconf 90' lang='lat' dir='ltr'>assumi</span> <span class='ocrx_word' id='word_1_798' title='bbox 2188 1225 2365 1255; x_wconf 89' lang='lat' dir='ltr'>secundum</span> <span class='ocrx_word' id='word_1_799' title='bbox 2381 1227 2430 1256; x_wconf 91' lang='lat' dir='ltr'>sui</span> 
     </span>
     <span class='ocr_line' id='line_1_103' title="bbox 1368 1267 2429 1306; baseline 0.003 -10"><span class='ocrx_word' id='word_1_800' title='bbox 1368 1272 1491 1306; x_wconf 90' lang='lat' dir='ltr'>partem</span> <span class='ocrx_word' id='word_1_801' title='bbox 1514 1267 1564 1297; x_wconf 89' lang='lat' dir='ltr'>vel</span> <span class='ocrx_word' id='word_1_802' title='bbox 1587 1273 1690 1306; x_wconf 85' lang='lat' dir='ltr'>partes</span> <span class='ocrx_word' id='word_1_803' title='bbox 1714 1273 1786 1297; x_wconf 87' lang='lat' dir='ltr'>ante</span> <span class='ocrx_word' id='word_1_804' title='bbox 1801 1267 1880 1298; x_wconf 91' lang='lat' dir='ltr'>illud</span> <span class='ocrx_word' id='word_1_805' title='bbox 1894 1268 2024 1303; x_wconf 84' lang='lat' dir='ltr'>instans,</span> <span class='ocrx_word' id='word_1_806' title='bbox 2041 1268 2218 1298; x_wconf 90' lang='lat' dir='ltr'>secundum</span> <span class='ocrx_word' id='word_1_807' title='bbox 2234 1270 2429 1300; x_wconf 86' lang='lat' dir='ltr'>executionis</span> 
     </span>
     <span class='ocr_line' id='line_1_104' title="bbox 1369 1310 2430 1351; baseline 0.003 -11"><span class='ocrx_word' id='word_1_808' title='bbox 1369 1310 1524 1341; x_wconf 87' lang='lat' dir='ltr'>ordinem.</span> <span class='ocrx_word' id='word_1_809' title='bbox 1560 1311 1724 1348; x_wconf 90' lang='lat' dir='ltr'>Quoniam</span> <span class='ocrx_word' id='word_1_810' title='bbox 1747 1312 1907 1351; x_wconf 90' lang='lat' dir='ltr'>quaelibet</span> <span class='ocrx_word' id='word_1_811' title='bbox 1927 1321 2000 1351; x_wconf 90' lang='lat' dir='ltr'>pars</span> <span class='ocrx_word' id='word_1_812' title='bbox 2027 1317 2102 1342; x_wconf 90' lang='lat' dir='ltr'>nata</span> <span class='ocrx_word' id='word_1_813' title='bbox 2124 1317 2171 1342; x_wconf 89' lang='lat' dir='ltr'>est</span> <span class='ocrx_word' id='word_1_814' title='bbox 2193 1313 2310 1342; x_wconf 88' lang='lat' dir='ltr'>assumi</span> <span class='ocrx_word' id='word_1_815' title='bbox 2333 1318 2368 1343; x_wconf 91' lang='lat' dir='ltr'>ut</span> <span class='ocrx_word' id='word_1_816' title='bbox 2391 1314 2430 1343; x_wconf 91' lang='lat' dir='ltr'>sit</span> 
     </span>
     <span class='ocr_line' id='line_1_105' title="bbox 1369 1354 2429 1395; baseline 0.003 -11"><span class='ocrx_word' id='word_1_817' title='bbox 1369 1354 1488 1394; x_wconf 88' lang='lat' dir='ltr'>aliquid</span> <span class='ocrx_word' id='word_1_818' title='bbox 1517 1364 1672 1395; x_wconf 89' lang='lat' dir='ltr'>personae</span> <span class='ocrx_word' id='word_1_819' title='bbox 1696 1356 1899 1386; x_wconf 91' lang='lat' dir='ltr'>assumentis.</span> <span class='ocrx_word' id='word_1_820' title='bbox 1932 1356 2076 1395; x_wconf 89' lang='lat' dir='ltr'>quamvis</span> <span class='ocrx_word' id='word_1_821' title='bbox 2107 1356 2213 1386; x_wconf 88' lang='lat' dir='ltr'>solum</span> <span class='ocrx_word' id='word_1_822' title='bbox 2242 1362 2353 1387; x_wconf 89' lang='lat' dir='ltr'>natura</span> <span class='ocrx_word' id='word_1_823' title='bbox 2381 1358 2429 1388; x_wconf 91' lang='lat' dir='ltr'>in-</span> 
     </span>
     <span class='ocr_line' id='line_1_106' title="bbox 1367 1399 2428 1440; baseline 0.004 -13"><span class='ocrx_word' id='word_1_824' title='bbox 1367 1403 1455 1438; x_wconf 88' lang='lat' dir='ltr'>tegra</span> <span class='ocrx_word' id='word_1_825' title='bbox 1477 1404 1550 1429; x_wconf 87' lang='lat' dir='ltr'>nata</span> <span class='ocrx_word' id='word_1_826' title='bbox 1573 1399 1612 1428; x_wconf 91' lang='lat' dir='ltr'>sit</span> <span class='ocrx_word' id='word_1_827' title='bbox 1636 1400 1753 1429; x_wconf 91' lang='lat' dir='ltr'>assumi</span> <span class='ocrx_word' id='word_1_828' title='bbox 1777 1405 1812 1429; x_wconf 89' lang='lat' dir='ltr'>ut</span> <span class='ocrx_word' id='word_1_829' title='bbox 1834 1400 1873 1429; x_wconf 89' lang='lat' dir='ltr'>sit</span> <span class='ocrx_word' id='word_1_830' title='bbox 1895 1399 1982 1429; x_wconf 86' lang='lat' dir='ltr'>velut</span> <span class='ocrx_word' id='word_1_831' title='bbox 1998 1400 2239 1429; x_wconf 89' lang='lat' dir='ltr'>constitutivum</span> <span class='ocrx_word' id='word_1_832' title='bbox 2262 1410 2428 1440; x_wconf 85' lang='lat' dir='ltr'>personae,</span> 
     </span>
     <span class='ocr_line' id='line_1_107' title="bbox 1369 1443 2429 1484; baseline 0.002 -12"><span class='ocrx_word' id='word_1_833' title='bbox 1369 1443 1444 1482; x_wconf 90' lang='lat' dir='ltr'>quia</span> <span class='ocrx_word' id='word_1_834' title='bbox 1466 1443 1534 1482; x_wconf 91' lang='lat' dir='ltr'>ipsa</span> <span class='ocrx_word' id='word_1_835' title='bbox 1557 1443 1624 1473; x_wconf 88' lang='lat' dir='ltr'>sola</span> <span class='ocrx_word' id='word_1_836' title='bbox 1648 1449 1694 1473; x_wconf 92' lang='lat' dir='ltr'>est</span> <span class='ocrx_word' id='word_1_837' title='bbox 1716 1443 1760 1473; x_wconf 91' lang='lat' dir='ltr'>sic</span> <span class='ocrx_word' id='word_1_838' title='bbox 1783 1443 2001 1482; x_wconf 91' lang='lat' dir='ltr'>personabilis,</span> <span class='ocrx_word' id='word_1_839' title='bbox 2025 1443 2144 1474; x_wconf 90' lang='lat' dir='ltr'>scilicet</span> <span class='ocrx_word' id='word_1_840' title='bbox 2165 1449 2201 1473; x_wconf 91' lang='lat' dir='ltr'>ut</span> <span class='ocrx_word' id='word_1_841' title='bbox 2224 1445 2263 1474; x_wconf 89' lang='lat' dir='ltr'>sit</span> <span class='ocrx_word' id='word_1_842' title='bbox 2284 1444 2335 1474; x_wconf 85' lang='lat' dir='ltr'>vel</span> <span class='ocrx_word' id='word_1_843' title='bbox 2357 1453 2429 1484; x_wconf 90' lang='lat' dir='ltr'>per-</span> 
     </span>
     <span class='ocr_line' id='line_1_108' title="bbox 1368 1487 2428 1526; baseline 0.003 -10"><span class='ocrx_word' id='word_1_844' title='bbox 1368 1496 1447 1516; x_wconf 91' lang='lat' dir='ltr'>sona</span> <span class='ocrx_word' id='word_1_845' title='bbox 1469 1487 1520 1516; x_wconf 88' lang='lat' dir='ltr'>vel</span> <span class='ocrx_word' id='word_1_846' title='bbox 1550 1487 1640 1526; x_wconf 88' lang='lat' dir='ltr'>quasi</span> <span class='ocrx_word' id='word_1_847' title='bbox 1664 1487 1867 1517; x_wconf 88' lang='lat' dir='ltr'>constitutiva</span> <span class='ocrx_word' id='word_1_848' title='bbox 1889 1496 2055 1526; x_wconf 87' lang='lat' dir='ltr'>personae.</span> <span class='ocrx_word' id='word_1_849' title='bbox 2090 1487 2195 1517; x_wconf 88' lang='lat' dir='ltr'>Partes</span> <span class='ocrx_word' id='word_1_850' title='bbox 2223 1493 2330 1518; x_wconf 84' lang='lat' dir='ltr'>autem</span> <span class='ocrx_word' id='word_1_851' title='bbox 2361 1489 2428 1519; x_wconf 91' lang='lat' dir='ltr'>eius</span> 
     </span>
     <span class='ocr_line' id='line_1_109' title="bbox 1368 1531 2429 1572; baseline 0.002 -12"><span class='ocrx_word' id='word_1_852' title='bbox 1368 1536 1442 1560; x_wconf 90' lang='lat' dir='ltr'>sunt</span> <span class='ocrx_word' id='word_1_853' title='bbox 1463 1531 1689 1570; x_wconf 90' lang='lat' dir='ltr'>personabiles,</span> <span class='ocrx_word' id='word_1_854' title='bbox 1714 1531 1776 1561; x_wconf 93' lang='lat' dir='ltr'>hoc</span> <span class='ocrx_word' id='word_1_855' title='bbox 1801 1536 1855 1566; x_wconf 90' lang='lat' dir='ltr'>est,</span> <span class='ocrx_word' id='word_1_856' title='bbox 1880 1531 2111 1571; x_wconf 82' lang='lat' dir='ltr'>assumptibiles</span> <span class='ocrx_word' id='word_1_857' title='bbox 2131 1531 2174 1562; x_wconf 86' lang='lat' dir='ltr'>ad</span> <span class='ocrx_word' id='word_1_858' title='bbox 2189 1532 2342 1562; x_wconf 86' lang='lat' dir='ltr'>unitatem</span> <span class='ocrx_word' id='word_1_859' title='bbox 2352 1542 2429 1572; x_wconf 90' lang='lat' dir='ltr'>per-</span> 
     </span>
     <span class='ocr_line' id='line_1_110' title="bbox 1366 1574 2429 1614; baseline 0.003 -10"><span class='ocrx_word' id='word_1_860' title='bbox 1366 1575 1521 1609; x_wconf 88' lang='lat' dir='ltr'>sonalem,</span> <span class='ocrx_word' id='word_1_861' title='bbox 1546 1580 1727 1614; x_wconf 89' lang='lat' dir='ltr'>antequam,</span> <span class='ocrx_word' id='word_1_862' title='bbox 1752 1574 1929 1605; x_wconf 90' lang='lat' dir='ltr'>secundum</span> <span class='ocrx_word' id='word_1_863' title='bbox 1949 1576 2181 1611; x_wconf 89' lang='lat' dir='ltr'>executionem,</span> <span class='ocrx_word' id='word_1_864' title='bbox 2205 1576 2323 1606; x_wconf 88' lang='lat' dir='ltr'>assumi</span> <span class='ocrx_word' id='word_1_865' title='bbox 2337 1576 2429 1607; x_wconf 90' lang='lat' dir='ltr'>intel-</span> 
     </span>
     <span class='ocr_line' id='line_1_111' title="bbox 1367 1618 1620 1658; baseline 0 -10"><span class='ocrx_word' id='word_1_866' title='bbox 1367 1618 1481 1658; x_wconf 88' lang='lat' dir='ltr'>ligatur</span> <span class='ocrx_word' id='word_1_867' title='bbox 1504 1624 1620 1648; x_wconf 89' lang='lat' dir='ltr'>totum.</span> 
     </span>
    </p>

    <p class='ocr_par' dir='ltr' id='par_1_16' title="bbox 1365 1662 2431 2448">
     <span class='ocr_line' id='line_1_112' title="bbox 1422 1662 2429 1704; baseline 0.002 -12"><span class='ocrx_word' id='word_1_868' title='bbox 1422 1662 1486 1692; x_wconf 89' lang='lat' dir='ltr'>Ubi</span> <span class='ocrx_word' id='word_1_869' title='bbox 1509 1662 1588 1692; x_wconf 92' lang='lat' dir='ltr'>scito</span> <span class='ocrx_word' id='word_1_870' title='bbox 1613 1662 1711 1702; x_wconf 93' lang='lat' dir='ltr'>quod,</span> <span class='ocrx_word' id='word_1_871' title='bbox 1735 1662 1810 1692; x_wconf 88' lang='lat' dir='ltr'>licet</span> <span class='ocrx_word' id='word_1_872' title='bbox 1832 1667 1991 1701; x_wconf 90' lang='lat' dir='ltr'>respectu·</span> <span class='ocrx_word' id='word_1_873' title='bbox 2000 1672 2155 1701; x_wconf 89' lang='lat' dir='ltr'>personae</span> <span class='ocrx_word' id='word_1_874' title='bbox 2171 1664 2318 1703; x_wconf 84' lang='grc'>01001130</span> <span class='ocrx_word' id='word_1_875' title='bbox 2341 1665 2429 1704; x_wconf 89' lang='lat' dir='ltr'>prius</span> 
     </span>
     <span class='ocr_line' id='line_1_113' title="bbox 1367 1706 2430 1745; baseline 0.001 -9"><span class='ocrx_word' id='word_1_876' title='bbox 1367 1706 1546 1736; x_wconf 86' lang='lat' dir='ltr'>secundum</span> <span class='ocrx_word' id='word_1_877' title='bbox 1570 1706 1793 1736; x_wconf 85' lang='lat' dir='ltr'>executionem</span> <span class='ocrx_word' id='word_1_878' title='bbox 1824 1706 2015 1745; x_wconf 89' lang='lat' dir='ltr'>intelligatur</span> <span class='ocrx_word' id='word_1_879' title='bbox 2037 1707 2201 1745; x_wconf 87' lang='lat' dir='ltr'>personari</span> <span class='ocrx_word' id='word_1_880' title='bbox 2225 1712 2292 1737; x_wconf 88' lang='lat' dir='ltr'>tota</span> <span class='ocrx_word' id='word_1_881' title='bbox 2318 1713 2430 1738; x_wconf 91' lang='lat' dir='ltr'>natura</span> 
     </span>
     <span class='ocr_line' id='line_1_114' title="bbox 1367 1750 2429 1791; baseline 0.002 -12"><span class='ocrx_word' id='word_1_882' title='bbox 1367 1759 1465 1789; x_wconf 87' lang='lat' dir='ltr'>quam</span> <span class='ocrx_word' id='word_1_883' title='bbox 1488 1755 1602 1789; x_wconf 86' lang='lat' dir='ltr'>partes,</span> <span class='ocrx_word' id='word_1_884' title='bbox 1627 1750 1702 1789; x_wconf 90' lang='lat' dir='ltr'>quia</span> <span class='ocrx_word' id='word_1_885' title='bbox 1724 1755 1838 1788; x_wconf 87' lang='lat' dir='ltr'>partes,</span> <span class='ocrx_word' id='word_1_886' title='bbox 1862 1755 1940 1788; x_wconf 89' lang='lat' dir='ltr'>puta</span> <span class='ocrx_word' id='word_1_887' title='bbox 1963 1750 2068 1779; x_wconf 90' lang='lat' dir='ltr'>anima</span> <span class='ocrx_word' id='word_1_888' title='bbox 2092 1755 2123 1779; x_wconf 90' lang='lat' dir='ltr'>et</span> <span class='ocrx_word' id='word_1_889' title='bbox 2146 1759 2272 1790; x_wconf 90' lang='lat' dir='ltr'>corpus,</span> <span class='ocrx_word' id='word_1_890' title='bbox 2297 1750 2336 1780; x_wconf 86' lang='lat' dir='ltr'>ad</span> <span class='ocrx_word' id='word_1_891' title='bbox 2359 1761 2429 1791; x_wconf 90' lang='lat' dir='ltr'>per—</span> 
     </span>
     <span class='ocr_line' id='line_1_115' title="bbox 1367 1793 2430 1845; baseline 0.002 -22"><span class='ocrx_word' id='word_1_892' title='bbox 1367 1793 1547 1823; x_wconf 90' lang='lat' dir='ltr'>sonandum</span> <span class='ocrx_word' id='word_1_893' title='bbox 1572 1798 1768 1823; x_wconf 87' lang='lat' dir='ltr'>concurrunt</span> <span class='ocrx_word' id='word_1_894' title='bbox 1789 1793 1948 1823; x_wconf 87' lang='lat' dir='ltr'>mediante</span> <span class='ocrx_word' id='word_1_895' title='bbox 1964 1799 2032 1823; x_wconf 90' lang='lat' dir='ltr'>tota</span> <span class='ocrx_word' id='word_1_896' title='bbox 2046 1799 2158 1823; x_wconf 90' lang='lat' dir='ltr'>natura</span> <span class='ocrx_word' id='word_1_897' title='bbox 2181 1795 2351 1824; x_wconf 89' lang='lat' dir='ltr'>constituta</span> <span class='ocrx_word' id='word_1_898' title='bbox 2374 1805 2430 1845; x_wconf 85' lang='lat' dir='ltr'>per</span> 
     </span>
     <span class='ocr_line' id='line_1_116' title="bbox 1366 1836 2430 1878; baseline 0.002 -11"><span class='ocrx_word' id='word_1_899' title='bbox 1366 1837 1450 1867; x_wconf 90' lang='lat' dir='ltr'>illas:</span> <span class='ocrx_word' id='word_1_900' title='bbox 1479 1836 1519 1867; x_wconf 90' lang='lat' dir='ltr'>ad</span> <span class='ocrx_word' id='word_1_901' title='bbox 1542 1837 1849 1876; x_wconf 89' lang='lat' dir='ltr'>assumptibilitatem</span> <span class='ocrx_word' id='word_1_902' title='bbox 1878 1842 1986 1867; x_wconf 90' lang='lat' dir='ltr'>tamen</span> <span class='ocrx_word' id='word_1_903' title='bbox 2010 1847 2028 1866; x_wconf 91' lang='lat' dir='ltr'>a</span> <span class='ocrx_word' id='word_1_904' title='bbox 2051 1837 2156 1867; x_wconf 92' lang='lat' dir='ltr'>divina</span> <span class='ocrx_word' id='word_1_905' title='bbox 2180 1847 2317 1877; x_wconf 89' lang='lat' dir='ltr'>persona</span> <span class='ocrx_word' id='word_1_906' title='bbox 2343 1840 2430 1878; x_wconf 88' lang='lat' dir='ltr'>prius</span> 
     </span>
     <span class='ocr_line' id='line_1_117' title="bbox 1366 1880 2431 1920; baseline 0.002 -9"><span class='ocrx_word' id='word_1_907' title='bbox 1366 1880 1545 1911; x_wconf 90' lang='lat' dir='ltr'>secundum</span> <span class='ocrx_word' id='word_1_908' title='bbox 1576 1881 1800 1911; x_wconf 89' lang='lat' dir='ltr'>executionem</span> <span class='ocrx_word' id='word_1_909' title='bbox 1827 1886 2024 1911; x_wconf 86' lang='lat' dir='ltr'>concurrunt</span> <span class='ocrx_word' id='word_1_910' title='bbox 2046 1887 2160 1920; x_wconf 87' lang='lat' dir='ltr'>partes,</span> <span class='ocrx_word' id='word_1_911' title='bbox 2185 1882 2302 1912; x_wconf 88' lang='lat' dir='ltr'>scilicet</span> <span class='ocrx_word' id='word_1_912' title='bbox 2325 1883 2431 1914; x_wconf 86' lang='lat' dir='ltr'>anima</span> 
     </span>
     <span class='ocr_line' id='line_1_118' title="bbox 1367 1924 2429 1965; baseline 0.002 -10"><span class='ocrx_word' id='word_1_913' title='bbox 1367 1929 1398 1955; x_wconf 90' lang='lat' dir='ltr'>et</span> <span class='ocrx_word' id='word_1_914' title='bbox 1422 1935 1549 1965; x_wconf 81' lang='grc'>001005,</span> <span class='ocrx_word' id='word_1_915' title='bbox 1575 1934 1672 1965; x_wconf 87' lang='grc'>00310</span> <span class='ocrx_word' id='word_1_916' title='bbox 1695 1930 1807 1955; x_wconf 89' lang='lat' dir='ltr'>natura</span> <span class='ocrx_word' id='word_1_917' title='bbox 1830 1925 1960 1964; x_wconf 88' lang='lat' dir='ltr'>integra,</span> <span class='ocrx_word' id='word_1_918' title='bbox 1985 1925 2060 1965; x_wconf 90' lang='lat' dir='ltr'>quia</span> <span class='ocrx_word' id='word_1_919' title='bbox 2086 1924 2125 1955; x_wconf 91' lang='lat' dir='ltr'>ad</span> <span class='ocrx_word' id='word_1_920' title='bbox 2141 1925 2366 1965; x_wconf 87' lang='lat' dir='ltr'>exequendum</span> <span class='ocrx_word' id='word_1_921' title='bbox 2382 1937 2429 1957; x_wconf 91' lang='lat' dir='ltr'>as—</span> 
     </span>
     <span class='ocr_line' id='line_1_119' title="bbox 1366 1968 2430 2008; baseline 0.002 -9"><span class='ocrx_word' id='word_1_922' title='bbox 1366 1970 1585 2008; x_wconf 92' lang='lat' dir='ltr'>sumptionem</span> <span class='ocrx_word' id='word_1_923' title='bbox 1607 1978 1674 1999; x_wconf 93' lang='lat' dir='ltr'>non</span> <span class='ocrx_word' id='word_1_924' title='bbox 1696 1974 1823 2008; x_wconf 90' lang='lat' dir='ltr'>oportet</span> <span class='ocrx_word' id='word_1_925' title='bbox 1838 1968 1977 1998; x_wconf 88' lang='lat' dir='ltr'>mediare</span> <span class='ocrx_word' id='word_1_926' title='bbox 1994 1970 2166 2005; x_wconf 86' lang='lat' dir='ltr'>executive,</span> <span class='ocrx_word' id='word_1_927' title='bbox 2183 1969 2238 1999; x_wconf 92' lang='lat' dir='ltr'>sed</span> <span class='ocrx_word' id='word_1_928' title='bbox 2253 1970 2430 2001; x_wconf 92' lang='lat' dir='ltr'>secundum</span> 
     </span>
     <span class='ocr_line' id='line_1_120' title="bbox 1365 2012 2430 2050; baseline 0.002 -7"><span class='ocrx_word' id='word_1_929' title='bbox 1365 2013 1579 2043; x_wconf 89' lang='lat' dir='ltr'>intentionem</span> <span class='ocrx_word' id='word_1_930' title='bbox 1601 2017 1736 2048; x_wconf 89' lang='lat' dir='ltr'>tantum,</span> <span class='ocrx_word' id='word_1_931' title='bbox 1759 2017 1860 2042; x_wconf 90' lang='lat' dir='ltr'>totam</span> <span class='ocrx_word' id='word_1_932' title='bbox 1880 2017 2035 2042; x_wconf 87' lang='lat' dir='ltr'>naturam.</span> <span class='ocrx_word' id='word_1_933' title='bbox 2060 2012 2225 2050; x_wconf 90' lang='lat' dir='ltr'>Quoniam</span> <span class='ocrx_word' id='word_1_934' title='bbox 2241 2019 2365 2044; x_wconf 90' lang='lat' dir='ltr'>constat</span> <span class='ocrx_word' id='word_1_935' title='bbox 2383 2014 2430 2045; x_wconf 90' lang='lat' dir='ltr'>di-</span> 
     </span>
     <span class='ocr_line' id='line_1_121' title="bbox 1365 2057 2428 2097; baseline 0.002 -10"><span class='ocrx_word' id='word_1_936' title='bbox 1365 2057 1472 2088; x_wconf 86' lang='lat' dir='ltr'>vinam</span> <span class='ocrx_word' id='word_1_937' title='bbox 1495 2066 1667 2096; x_wconf 90' lang='lat' dir='ltr'>personam</span> <span class='ocrx_word' id='word_1_938' title='bbox 1689 2066 1783 2096; x_wconf 90' lang='lat' dir='ltr'>posse</span> <span class='ocrx_word' id='word_1_939' title='bbox 1806 2057 1957 2087; x_wconf 90' lang='lat' dir='ltr'>inchoare</span> <span class='ocrx_word' id='word_1_940' title='bbox 1973 2058 2226 2096; x_wconf 88' lang='lat' dir='ltr'>assumptionem</span> <span class='ocrx_word' id='word_1_941' title='bbox 2242 2067 2260 2087; x_wconf 92' lang='lat' dir='ltr'>a</span> <span class='ocrx_word' id='word_1_942' title='bbox 2278 2059 2428 2097; x_wconf 88' lang='lat' dir='ltr'>partibus,</span> 
     </span>
     <span class='ocr_line' id='line_1_122' title="bbox 1367 2099 2430 2151; baseline 0.003 -21"><span class='ocrx_word' id='word_1_943' title='bbox 1367 2101 1457 2140; x_wconf 89' lang='lat' dir='ltr'>quasi</span> <span class='ocrx_word' id='word_1_944' title='bbox 1468 2099 1703 2151; x_wconf 78' lang='lat' dir='ltr'>progrediendo</span> <span class='ocrx_word' id='word_1_945' title='bbox 1720 2100 1759 2130; x_wconf 92' lang='lat' dir='ltr'>ad</span> <span class='ocrx_word' id='word_1_946' title='bbox 1774 2106 1893 2130; x_wconf 86' lang='lat' dir='ltr'>totum:</span> <span class='ocrx_word' id='word_1_947' title='bbox 1916 2106 1948 2130; x_wconf 89' lang='lat' dir='ltr'>et</span> <span class='ocrx_word' id='word_1_948' title='bbox 1961 2101 2187 2131; x_wconf 89' lang='lat' dir='ltr'>rationabiliter</span> <span class='ocrx_word' id='word_1_949' title='bbox 2202 2107 2326 2132; x_wconf 86' lang='lat' dir='ltr'>constat</span> <span class='ocrx_word' id='word_1_950' title='bbox 2341 2103 2430 2142; x_wconf 93' lang='lat' dir='ltr'>quod</span> 
     </span>
     <span class='ocr_line' id='line_1_123' title="bbox 1366 2144 2430 2186; baseline 0.002 -11"><span class='ocrx_word' id='word_1_951' title='bbox 1366 2145 1406 2175; x_wconf 92' lang='lat' dir='ltr'>de</span> <span class='ocrx_word' id='word_1_952' title='bbox 1429 2144 1513 2174; x_wconf 90' lang='lat' dir='ltr'>facto</span> <span class='ocrx_word' id='word_1_953' title='bbox 1538 2145 1582 2174; x_wconf 92' lang='lat' dir='ltr'>sic</span> <span class='ocrx_word' id='word_1_954' title='bbox 1606 2144 1690 2180; x_wconf 88' lang='lat' dir='ltr'>fecit,</span> <span class='ocrx_word' id='word_1_955' title='bbox 1715 2149 1750 2174; x_wconf 90' lang='lat' dir='ltr'>ut</span> <span class='ocrx_word' id='word_1_956' title='bbox 1772 2145 1945 2183; x_wconf 90' lang='lat' dir='ltr'>probatum</span> <span class='ocrx_word' id='word_1_957' title='bbox 1969 2150 2014 2174; x_wconf 88' lang='lat' dir='ltr'>est</span> <span class='ocrx_word' id='word_1_958' title='bbox 2030 2146 2055 2175; x_wconf 63' lang='lat'>⁴⁶.</span> <span class='ocrx_word' id='word_1_959' title='bbox 2090 2145 2251 2184; x_wconf 89' lang='lat' dir='ltr'>Respectu</span> <span class='ocrx_word' id='word_1_960' title='bbox 2273 2155 2430 2186; x_wconf 90' lang='lat' dir='ltr'>personae</span> 
     </span>
     <span class='ocr_line' id='line_1_124' title="bbox 1365 2187 2430 2230; baseline 0.003 -12"><span class='ocrx_word' id='word_1_961' title='bbox 1365 2189 1530 2228; x_wconf 91' lang='lat' dir='ltr'>propriae,</span> <span class='ocrx_word' id='word_1_962' title='bbox 1561 2197 1628 2218; x_wconf 94' lang='lat' dir='ltr'>non</span> <span class='ocrx_word' id='word_1_963' title='bbox 1658 2188 1718 2218; x_wconf 91' lang='lat' dir='ltr'>nisi</span> <span class='ocrx_word' id='word_1_964' title='bbox 1747 2188 1896 2218; x_wconf 89' lang='lat' dir='ltr'>naturalis</span> <span class='ocrx_word' id='word_1_965' title='bbox 1926 2187 2005 2218; x_wconf 89' lang='lat' dir='ltr'>ordo</span> <span class='ocrx_word' id='word_1_966' title='bbox 2036 2189 2174 2228; x_wconf 90' lang='lat' dir='ltr'>partium</span> <span class='ocrx_word' id='word_1_967' title='bbox 2203 2189 2242 2219; x_wconf 91' lang='lat' dir='ltr'>ad</span> <span class='ocrx_word' id='word_1_968' title='bbox 2267 2191 2430 2230; x_wconf 86' lang='lat' dir='ltr'>propriam</span> 
     </span>
     <span class='ocr_line' id='line_1_125' title="bbox 1365 2231 2429 2272; baseline 0.003 -10"><span class='ocrx_word' id='word_1_969' title='bbox 1365 2242 1537 2272; x_wconf 90' lang='lat' dir='ltr'>personam</span> <span class='ocrx_word' id='word_1_970' title='bbox 1560 2231 1747 2267; x_wconf 86' lang='lat' dir='ltr'>attenditur,</span> <span class='ocrx_word' id='word_1_971' title='bbox 1773 2232 1829 2271; x_wconf 90' lang='lat' dir='ltr'>qui</span> <span class='ocrx_word' id='word_1_972' title='bbox 1852 2237 1914 2267; x_wconf 91' lang='lat' dir='ltr'>est,</span> <span class='ocrx_word' id='word_1_973' title='bbox 1939 2232 2035 2262; x_wconf 91' lang='lat' dir='ltr'>etiarn</span> <span class='ocrx_word' id='word_1_974' title='bbox 2059 2233 2238 2269; x_wconf 84' lang='lat' dir='ltr'>executive‚</span> <span class='ocrx_word' id='word_1_975' title='bbox 2270 2233 2429 2265; x_wconf 90' lang='lat' dir='ltr'>mediante</span> 
     </span>
     <span class='ocr_line' id='line_1_126' title="bbox 1365 2275 2429 2312; baseline 0.003 -7"><span class='ocrx_word' id='word_1_976' title='bbox 1365 2281 1446 2306; x_wconf 90' lang='lat' dir='ltr'>toto.</span> <span class='ocrx_word' id='word_1_977' title='bbox 1471 2277 1511 2306; x_wconf 93' lang='lat' dir='ltr'>Et</span> <span class='ocrx_word' id='word_1_978' title='bbox 1534 2275 1607 2305; x_wconf 92' lang='lat' dir='ltr'>ideo</span> <span class='ocrx_word' id='word_1_979' title='bbox 1631 2285 1698 2305; x_wconf 93' lang='lat' dir='ltr'>non</span> <span class='ocrx_word' id='word_1_980' title='bbox 1719 2276 1814 2305; x_wconf 89' lang='lat' dir='ltr'>habet</span> <span class='ocrx_word' id='word_1_981' title='bbox 1829 2275 1968 2305; x_wconf 89' lang='lat' dir='ltr'>solidum</span> <span class='ocrx_word' id='word_1_982' title='bbox 1985 2275 2239 2312; x_wconf 86' lang='lat' dir='ltr'>fundamentum,</span> <span class='ocrx_word' id='word_1_983' title='bbox 2257 2282 2293 2307; x_wconf 92' lang='lat' dir='ltr'>ut</span> <span class='ocrx_word' id='word_1_984' title='bbox 2309 2287 2346 2308; x_wconf 89' lang='lat' dir='ltr'>ex</span> <span class='ocrx_word' id='word_1_985' title='bbox 2361 2278 2429 2308; x_wconf 92' lang='lat' dir='ltr'>Au-</span> 
     </span>
     <span class='ocr_line' id='line_1_127' title="bbox 1366 2319 2429 2360; baseline 0.003 -10"><span class='ocrx_word' id='word_1_986' title='bbox 1366 2326 1453 2351; x_wconf 91' lang='lat' dir='ltr'>ctore</span> <span class='ocrx_word' id='word_1_987' title='bbox 1476 2320 1607 2350; x_wconf 88' lang='lat' dir='ltr'>allatum</span> <span class='ocrx_word' id='word_1_988' title='bbox 1631 2325 1686 2355; x_wconf 93' lang='lat' dir='ltr'>est,</span> <span class='ocrx_word' id='word_1_989' title='bbox 1711 2320 1790 2350; x_wconf 91' lang='lat' dir='ltr'>ratio</span> <span class='ocrx_word' id='word_1_990' title='bbox 1807 2319 1904 2354; x_wconf 87' lang='lat' dir='ltr'>Scoti‚</span> <span class='ocrx_word' id='word_1_991' title='bbox 1922 2319 2038 2350; x_wconf 85' lang='lat' dir='ltr'>eodem</span> <span class='ocrx_word' id='word_1_992' title='bbox 2053 2320 2164 2350; x_wconf 90' lang='lat' dir='ltr'>ordine</span> <span class='ocrx_word' id='word_1_993' title='bbox 2179 2326 2284 2360; x_wconf 91' lang='lat' dir='ltr'>partes</span> <span class='ocrx_word' id='word_1_994' title='bbox 2298 2327 2429 2353; x_wconf 86' lang='lat' dir='ltr'>naturae</span> 
     </span>
     <span class='ocr_line' id='line_1_128' title="bbox 1365 2362 2428 2403; baseline 0.002 -9"><span class='ocrx_word' id='word_1_995' title='bbox 1365 2366 1525 2395; x_wconf 91' lang='lat' dir='ltr'>humanae</span> <span class='ocrx_word' id='word_1_996' title='bbox 1549 2370 1580 2394; x_wconf 86' lang='lat' dir='ltr'>et</span> <span class='ocrx_word' id='word_1_997' title='bbox 1602 2369 1703 2393; x_wconf 89' lang='lat' dir='ltr'>totam</span> <span class='ocrx_word' id='word_1_998' title='bbox 1727 2363 1901 2394; x_wconf 86' lang='lat' dir='ltr'>ordinantis</span> <span class='ocrx_word' id='word_1_999' title='bbox 1924 2362 1964 2393; x_wconf 90' lang='lat' dir='ltr'>ad</span> <span class='ocrx_word' id='word_1_1000' title='bbox 1985 2365 2149 2403; x_wconf 90' lang='lat' dir='ltr'>propriam</span> <span class='ocrx_word' id='word_1_1001' title='bbox 2173 2370 2204 2394; x_wconf 87' lang='lat' dir='ltr'>et</span> <span class='ocrx_word' id='word_1_1002' title='bbox 2226 2364 2266 2394; x_wconf 91' lang='lat' dir='ltr'>ad</span> <span class='ocrx_word' id='word_1_1003' title='bbox 2289 2364 2428 2396; x_wconf 88' lang='lat' dir='ltr'>divinam</span> 
     </span>
     <span class='ocr_line' id='line_1_129' title="bbox 1365 2418 1546 2448; baseline -0.006 -9"><span class='ocrx_word' id='word_1_1004' title='bbox 1365 2418 1546 2448; x_wconf 89' lang='lat' dir='ltr'>personam.</span> 
     </span>
    </p>

    <p class='ocr_par' dir='ltr' id='par_1_17' title="bbox 1365 2450 2428 2659">
     <span class='ocr_line' id='line_1_130' title="bbox 1419 2450 2428 2492; baseline 0.001 -10"><span class='ocrx_word' id='word_1_1005' title='bbox 1419 2453 1459 2482; x_wconf 89' lang='lat' dir='ltr'>X.</span> <span class='ocrx_word' id='word_1_1006' title='bbox 1476 2451 1527 2482; x_wconf 93' lang='lat' dir='ltr'>Ad</span> <span class='ocrx_word' id='word_1_1007' title='bbox 1542 2452 1678 2492; x_wconf 90' lang='lat' dir='ltr'>primam</span> <span class='ocrx_word' id='word_1_1008' title='bbox 1694 2457 1802 2482; x_wconf 92' lang='lat' dir='ltr'>autem</span> <span class='ocrx_word' id='word_1_1009' title='bbox 1818 2450 1961 2481; x_wconf 91' lang='lat' dir='ltr'>Durandi</span> <span class='ocrx_word' id='word_1_1010' title='bbox 1976 2451 2132 2481; x_wconf 88' lang='lat' dir='ltr'>rationem</span> <span class='ocrx_word' id='word_1_1011' title='bbox 2145 2452 2161 2467; x_wconf 69' lang='lat'>⁴*</span> <span class='ocrx_word' id='word_1_1012' title='bbox 2164 2457 2320 2491; x_wconf 89' lang='lat' dir='ltr'>‚negatur</span> <span class='ocrx_word' id='word_1_1013' title='bbox 2339 2452 2428 2492; x_wconf 92' lang='lat' dir='ltr'>quod</span> 
     </span>
     <span class='ocr_line' id='line_1_131' title="bbox 1365 2494 2427 2542; baseline 0.001 -16"><span class='ocrx_word' id='word_1_1014' title='bbox 1365 2502 1478 2526; x_wconf 89' lang='lat' dir='ltr'>natura</span> <span class='ocrx_word' id='word_1_1015' title='bbox 1500 2497 1640 2526; x_wconf 90' lang='lat' dir='ltr'>humana</span> <span class='ocrx_word' id='word_1_1016' title='bbox 1663 2496 1702 2525; x_wconf 91' lang='lat' dir='ltr'>sit</span> <span class='ocrx_word' id='word_1_1017' title='bbox 1721 2496 1854 2525; x_wconf 90' lang='lat' dir='ltr'>omnino</span> <span class='ocrx_word' id='word_1_1018' title='bbox 1871 2495 1956 2525; x_wconf 92' lang='lat' dir='ltr'>idem</span> <span class='ocrx_word' id='word_1_1019' title='bbox 1973 2494 2149 2525; x_wconf 91' lang='lat' dir='ltr'>secundum</span> <span class='ocrx_word' id='word_1_1020' title='bbox 2165 2505 2232 2525; x_wconf 91' lang='lat' dir='ltr'>rem</span> <span class='ocrx_word' id='word_1_1021' title='bbox 2232 2495 2337 2542; x_wconf 89' lang='lat' dir='ltr'>quod</span> <span class='ocrx_word' id='word_1_1022' title='bbox 2353 2507 2427 2527; x_wconf 90' lang='lat' dir='ltr'>suae</span> 
     </span>
     <span class='ocr_line' id='line_1_132' title="bbox 1366 2533 2427 2580; baseline 0.001 -10"><span class='ocrx_word' id='word_1_1023' title='bbox 1366 2546 1479 2580; x_wconf 88' lang='lat' dir='ltr'>partes,</span> <span class='ocrx_word' id='word_1_1024' title='bbox 1505 2541 1600 2571; x_wconf 89' lang='lat' dir='ltr'>etiam</span> <span class='ocrx_word' id='word_1_1025' title='bbox 1628 2540 1723 2570; x_wconf 91' lang='lat' dir='ltr'>simul</span> <span class='ocrx_word' id='word_1_1026' title='bbox 1751 2545 1905 2579; x_wconf 85' lang='lat' dir='ltr'>sumptae.</span> <span class='ocrx_word' id='word_1_1027' title='bbox 1941 2539 1981 2568; x_wconf 93' lang='lat' dir='ltr'>Et</span> <span class='ocrx_word' id='word_1_1028' title='bbox 2005 2539 2158 2578; x_wconf 90' lang='lat' dir='ltr'>quoniam</span> <span class='ocrx_word' id='word_1_1029' title='bbox 2182 2533 2325 2579; x_wconf 88' lang='lat' dir='ltr'>quaestio</span> <span class='ocrx_word' id='word_1_1030' title='bbox 2349 2541 2427 2571; x_wconf 89' lang='lat' dir='ltr'>haec</span> 
     </span>
     <span class='ocr_line' id='line_1_133' title="bbox 1366 2582 2427 2624; baseline 0.001 -10"><span class='ocrx_word' id='word_1_1031' title='bbox 1366 2584 1578 2624; x_wconf 91' lang='lat' dir='ltr'>supponenda</span> <span class='ocrx_word' id='word_1_1032' title='bbox 1607 2584 1715 2623; x_wconf 91' lang='lat' dir='ltr'>potius</span> <span class='ocrx_word' id='word_1_1033' title='bbox 1746 2593 1843 2623; x_wconf 85' lang='lat' dir='ltr'>quam</span> <span class='ocrx_word' id='word_1_1034' title='bbox 1872 2582 2068 2613; x_wconf 85' lang='lat' dir='ltr'>discutienda</span> <span class='ocrx_word' id='word_1_1035' title='bbox 2095 2583 2146 2613; x_wconf 91' lang='lat' dir='ltr'>hic</span> <span class='ocrx_word' id='word_1_1036' title='bbox 2171 2589 2232 2619; x_wconf 85' lang='lat' dir='ltr'>est,</span> <span class='ocrx_word' id='word_1_1037' title='bbox 2263 2583 2336 2614; x_wconf 91' lang='lat' dir='ltr'>ideo</span> <span class='ocrx_word' id='word_1_1038' title='bbox 2360 2594 2427 2615; x_wconf 93' lang='lat' dir='ltr'>non</span> 
     </span>
     <span class='ocr_line' id='line_1_134' title="bbox 1365 2638 1485 2659; baseline -0.009 0"><span class='ocrx_word' id='word_1_1039' title='bbox 1365 2638 1485 2659; x_wconf 87' lang='lat' dir='ltr'>moror.</span> 
     </span>
    </p>

    <p class='ocr_par' dir='ltr' id='par_1_18' title="bbox 1364 2670 2428 3535">
     <span class='ocr_line' id='line_1_135' title="bbox 1420 2670 2427 2711; baseline -0.001 -8"><span class='ocrx_word' id='word_1_1040' title='bbox 1420 2672 1473 2703; x_wconf 89' lang='lat' dir='ltr'>Ad</span> <span class='ocrx_word' id='word_1_1041' title='bbox 1496 2671 1670 2702; x_wconf 89' lang='lat' dir='ltr'>secundam</span> <span class='ocrx_word' id='word_1_1042' title='bbox 1694 2670 1808 2702; x_wconf 91' lang='lat' dir='ltr'>dicitur</span> <span class='ocrx_word' id='word_1_1043' title='bbox 1835 2670 1924 2711; x_wconf 91' lang='lat' dir='ltr'>quod</span> <span class='ocrx_word' id='word_1_1044' title='bbox 1952 2671 2204 2710; x_wconf 89' lang='lat' dir='ltr'>assumptionem</span> <span class='ocrx_word' id='word_1_1045' title='bbox 2235 2681 2302 2702; x_wconf 88' lang='lat' dir='ltr'>esse</span> <span class='ocrx_word' id='word_1_1046' title='bbox 2332 2673 2427 2702; x_wconf 90' lang='lat' dir='ltr'>unius</span> 
     </span>
     <span class='ocr_line' id='line_1_136' title="bbox 1367 2715 2427 2756; baseline -0.001 -9"><span class='ocrx_word' id='word_1_1047' title='bbox 1367 2717 1522 2756; x_wconf 90' lang='lat' dir='ltr'>contingit</span> <span class='ocrx_word' id='word_1_1048' title='bbox 1538 2715 1721 2756; x_wconf 90' lang='lat' dir='ltr'>dupliciter.</span> <span class='ocrx_word' id='word_1_1049' title='bbox 1739 2715 1857 2745; x_wconf 89' lang='grc'>50111001</span> <span class='ocrx_word' id='word_1_1050' title='bbox 1872 2715 1967 2745; x_wconf 84' lang='grc'>00105</span> <span class='ocrx_word' id='word_1_1051' title='bbox 1979 2715 2146 2754; x_wconf 84' lang='grc'>5110011015;</span> <span class='ocrx_word' id='word_1_1052' title='bbox 2163 2715 2212 2745; x_wconf 88' lang='lat' dir='ltr'>vel</span> <span class='ocrx_word' id='word_1_1053' title='bbox 2228 2716 2322 2745; x_wconf 93' lang='lat' dir='ltr'>unius</span> <span class='ocrx_word' id='word_1_1054' title='bbox 2338 2726 2427 2746; x_wconf 92' lang='lat' dir='ltr'>com-</span> 
     </span>
     <span class='ocr_line' id='line_1_137' title="bbox 1366 2758 2427 2808; baseline -0.001 -17"><span class='ocrx_word' id='word_1_1055' title='bbox 1366 2761 1471 2801; x_wconf 90' lang='lat' dir='ltr'>positi.</span> <span class='ocrx_word' id='word_1_1056' title='bbox 1496 2761 1537 2790; x_wconf 90' lang='lat' dir='ltr'>Et</span> <span class='ocrx_word' id='word_1_1057' title='bbox 1559 2769 1676 2796; x_wconf 90' lang='lat' dir='ltr'>rursus,</span> <span class='ocrx_word' id='word_1_1058' title='bbox 1701 2760 1795 2789; x_wconf 85' lang='lat' dir='ltr'>unius</span> <span class='ocrx_word' id='word_1_1059' title='bbox 1819 2759 1990 2798; x_wconf 90' lang='lat' dir='ltr'>compositi</span> <span class='ocrx_word' id='word_1_1060' title='bbox 2013 2758 2190 2788; x_wconf 88' lang='lat' dir='ltr'>secundum</span> <span class='ocrx_word' id='word_1_1061' title='bbox 2214 2759 2302 2808; x_wconf 82' lang='lat' dir='ltr'>quod</span> <span class='ocrx_word' id='word_1_1062' title='bbox 2325 2769 2427 2790; x_wconf 89' lang='lat' dir='ltr'>unum</span> 
     </span>
     <span class='ocr_line' id='line_1_138' title="bbox 1365 2801 2425 2841; baseline 0 -7"><span class='ocrx_word' id='word_1_1063' title='bbox 1365 2810 1491 2835; x_wconf 87' lang='lat' dir='ltr'>tantum</span> <span class='ocrx_word' id='word_1_1064' title='bbox 1507 2809 1567 2834; x_wconf 86' lang='grc'>051.</span> <span class='ocrx_word' id='word_1_1065' title='bbox 1588 2804 1638 2833; x_wconf 91' lang='lat' dir='ltr'>vel</span> <span class='ocrx_word' id='word_1_1066' title='bbox 1653 2813 1721 2834; x_wconf 91' lang='lat' dir='ltr'>non</span> <span class='ocrx_word' id='word_1_1067' title='bbox 1733 2803 1837 2833; x_wconf 91' lang='lat' dir='ltr'>solum</span> <span class='ocrx_word' id='word_1_1068' title='bbox 1861 2801 2037 2832; x_wconf 90' lang='lat' dir='ltr'>secundum</span> <span class='ocrx_word' id='word_1_1069' title='bbox 2054 2802 2142 2841; x_wconf 87' lang='lat' dir='ltr'>quod</span> <span class='ocrx_word' id='word_1_1070' title='bbox 2159 2808 2204 2832; x_wconf 91' lang='lat' dir='ltr'>est</span> <span class='ocrx_word' id='word_1_1071' title='bbox 2219 2803 2252 2832; x_wconf 92' lang='lat' dir='ltr'>in</span> <span class='ocrx_word' id='word_1_1072' title='bbox 2265 2812 2297 2832; x_wconf 91' lang='lat' dir='ltr'>se</span> <span class='ocrx_word' id='word_1_1073' title='bbox 2313 2813 2425 2840; x_wconf 90' lang='lat' dir='ltr'>unum,</span> 
     </span>
     <span class='ocr_line' id='line_1_139' title="bbox 1367 2846 2427 2896; baseline 0 -18"><span class='ocrx_word' id='word_1_1074' title='bbox 1367 2848 1422 2878; x_wconf 89' lang='lat' dir='ltr'>sed</span> <span class='ocrx_word' id='word_1_1075' title='bbox 1445 2849 1540 2878; x_wconf 90' lang='lat' dir='ltr'>etiam</span> <span class='ocrx_word' id='word_1_1076' title='bbox 1564 2847 1741 2878; x_wconf 89' lang='lat' dir='ltr'>secundum</span> <span class='ocrx_word' id='word_1_1077' title='bbox 1765 2857 1836 2876; x_wconf 88' lang='lat' dir='ltr'>suas</span> <span class='ocrx_word' id='word_1_1078' title='bbox 1858 2852 1971 2886; x_wconf 87' lang='lat' dir='ltr'>partes.</span> <span class='ocrx_word' id='word_1_1079' title='bbox 1997 2846 2037 2875; x_wconf 90' lang='lat' dir='ltr'>Et</span> <span class='ocrx_word' id='word_1_1080' title='bbox 2060 2846 2259 2896; x_wconf 79' lang='lat' dir='ltr'>subiungitur</span> <span class='ocrx_word' id='word_1_1081' title='bbox 2275 2847 2386 2886; x_wconf 91' lang='lat' dir='ltr'>quod&#39;</span> <span class='ocrx_word' id='word_1_1082' title='bbox 2379 2858 2427 2878; x_wconf 90' lang='lat'>111-</span> 
     </span>
     <span class='ocr_line' id='line_1_140' title="bbox 1366 2889 2428 2930; baseline 0 -8"><span class='ocrx_word' id='word_1_1083' title='bbox 1366 2893 1506 2922; x_wconf 88' lang='lat' dir='ltr'>carnatio</span> <span class='ocrx_word' id='word_1_1084' title='bbox 1531 2897 1577 2922; x_wconf 90' lang='lat' dir='ltr'>est</span> <span class='ocrx_word' id='word_1_1085' title='bbox 1600 2891 1775 2930; x_wconf 89' lang='lat' dir='ltr'>assumptio</span> <span class='ocrx_word' id='word_1_1086' title='bbox 1798 2900 1863 2920; x_wconf 93' lang='lat' dir='ltr'>una</span> <span class='ocrx_word' id='word_1_1087' title='bbox 1886 2895 1917 2919; x_wconf 90' lang='lat' dir='ltr'>et</span> <span class='ocrx_word' id='word_1_1088' title='bbox 1940 2889 1979 2919; x_wconf 91' lang='lat' dir='ltr'>ad</span> <span class='ocrx_word' id='word_1_1089' title='bbox 2000 2899 2102 2919; x_wconf 89' lang='lat' dir='ltr'>unum</span> <span class='ocrx_word' id='word_1_1090' title='bbox 2125 2895 2157 2919; x_wconf 91' lang='lat' dir='ltr'>et</span> <span class='ocrx_word' id='word_1_1091' title='bbox 2178 2891 2287 2926; x_wconf 86' lang='lat' dir='ltr'>unius,</span> <span class='ocrx_word' id='word_1_1092' title='bbox 2311 2891 2428 2922; x_wconf 89' lang='lat' dir='ltr'>ultimo</span> 
     </span>
     <span class='ocr_line' id='line_1_141' title="bbox 1366 2933 2425 2975; baseline 0 -9"><span class='ocrx_word' id='word_1_1093' title='bbox 1366 2935 1466 2966; x_wconf 93' lang='lat' dir='ltr'>modo</span> <span class='ocrx_word' id='word_1_1094' title='bbox 1483 2936 1646 2975; x_wconf 91' lang='lat' dir='ltr'>exposito.</span> <span class='ocrx_word' id='word_1_1095' title='bbox 1679 2935 1753 2974; x_wconf 91' lang='lat' dir='ltr'>quia</span> <span class='ocrx_word' id='word_1_1096' title='bbox 1772 2934 1816 2963; x_wconf 91' lang='lat' dir='ltr'>sic</span> <span class='ocrx_word' id='word_1_1097' title='bbox 1832 2934 1930 2963; x_wconf 90' lang='lat' dir='ltr'>Filius</span> <span class='ocrx_word' id='word_1_1098' title='bbox 1953 2933 2013 2962; x_wconf 89' lang='lat' dir='ltr'>Dei</span> <span class='ocrx_word' id='word_1_1099' title='bbox 2029 2934 2198 2972; x_wconf 89' lang='lat' dir='ltr'>assumpsit</span> <span class='ocrx_word' id='word_1_1100' title='bbox 2220 2944 2318 2965; x_wconf 91' lang='lat' dir='ltr'>unam</span> <span class='ocrx_word' id='word_1_1101' title='bbox 2333 2941 2425 2966; x_wconf 89' lang='lat' dir='ltr'>natu-</span> 
     </span>
     <span class='ocr_line' id='line_1_142' title="bbox 1365 2977 2424 3027; baseline -0.001 -17"><span class='ocrx_word' id='word_1_1102' title='bbox 1365 2990 1433 3010; x_wconf 89' lang='lat' dir='ltr'>ram</span> <span class='ocrx_word' id='word_1_1103' title='bbox 1452 2980 1627 3010; x_wconf 86' lang='lat' dir='ltr'>humanam</span> <span class='ocrx_word' id='word_1_1104' title='bbox 1649 2978 1862 3027; x_wconf 82' lang='lat' dir='ltr'>compositam</span> <span class='ocrx_word' id='word_1_1105' title='bbox 1878 2986 1916 3007; x_wconf 88' lang='lat' dir='ltr'>ex</span> <span class='ocrx_word' id='word_1_1106' title='bbox 1928 2977 2033 3006; x_wconf 86' lang='lat' dir='ltr'>anima</span> <span class='ocrx_word' id='word_1_1107' title='bbox 2049 2982 2080 3007; x_wconf 88' lang='lat' dir='ltr'>et</span> <span class='ocrx_word' id='word_1_1108' title='bbox 2098 2986 2244 3017; x_wconf 90' lang='lat' dir='ltr'>corpore,</span> <span class='ocrx_word' id='word_1_1109' title='bbox 2261 2984 2296 3008; x_wconf 91' lang='lat' dir='ltr'>ut</span> <span class='ocrx_word' id='word_1_1110' title='bbox 2319 2980 2424 3015; x_wconf 86' lang='lat' dir='ltr'>etiam,</span> 
     </span>
     <span class='ocr_line' id='line_1_143' title="bbox 1366 3020 2426 3062; baseline 0 -8"><span class='ocrx_word' id='word_1_1111' title='bbox 1366 3024 1460 3054; x_wconf 87' lang='lat' dir='ltr'>simul</span> <span class='ocrx_word' id='word_1_1112' title='bbox 1482 3029 1637 3062; x_wconf 86' lang='lat' dir='ltr'>tempore,</span> <span class='ocrx_word' id='word_1_1113' title='bbox 1663 3027 1694 3051; x_wconf 92' lang='lat' dir='ltr'>et</span> <span class='ocrx_word' id='word_1_1114' title='bbox 1715 3022 1803 3061; x_wconf 86' lang='lat' dir='ltr'>prius</span> <span class='ocrx_word' id='word_1_1115' title='bbox 1822 3026 1933 3051; x_wconf 90' lang='lat' dir='ltr'>natura</span> <span class='ocrx_word' id='word_1_1116' title='bbox 1957 3020 2134 3051; x_wconf 90' lang='lat' dir='ltr'>secundum</span> <span class='ocrx_word' id='word_1_1117' title='bbox 2150 3031 2210 3051; x_wconf 90' lang='lat' dir='ltr'>nos</span> <span class='ocrx_word' id='word_1_1118' title='bbox 2227 3021 2337 3053; x_wconf 92' lang='lat' dir='ltr'>ordine</span> <span class='ocrx_word' id='word_1_1119' title='bbox 2353 3033 2426 3054; x_wconf 89' lang='lat' dir='ltr'>exe-</span> 
     </span>
     <span class='ocr_line' id='line_1_144' title="bbox 1366 3064 2427 3106; baseline 0 -8"><span class='ocrx_word' id='word_1_1120' title='bbox 1366 3067 1513 3102; x_wconf 89' lang='lat' dir='ltr'>cutionis,</span> <span class='ocrx_word' id='word_1_1121' title='bbox 1537 3066 1587 3096; x_wconf 92' lang='lat' dir='ltr'>vel</span> <span class='ocrx_word' id='word_1_1122' title='bbox 1610 3066 1767 3105; x_wconf 92' lang='lat' dir='ltr'>posterius</span> <span class='ocrx_word' id='word_1_1123' title='bbox 1782 3070 1894 3094; x_wconf 87' lang='lat' dir='ltr'>natura</span> <span class='ocrx_word' id='word_1_1124' title='bbox 1917 3064 2094 3094; x_wconf 83' lang='lat' dir='ltr'>secundum</span> <span class='ocrx_word' id='word_1_1125' title='bbox 2110 3065 2198 3101; x_wconf 88' lang='lat' dir='ltr'>alios,</span> <span class='ocrx_word' id='word_1_1126' title='bbox 2223 3068 2427 3106; x_wconf 88' lang='lat' dir='ltr'>assumpserit</span> 
     </span>
     <span class='ocr_line' id='line_1_145' title="bbox 1365 3108 2426 3159; baseline 0.001 -18"><span class='ocrx_word' id='word_1_1127' title='bbox 1365 3112 1505 3141; x_wconf 88' lang='lat' dir='ltr'>animam</span> <span class='ocrx_word' id='word_1_1128' title='bbox 1521 3115 1552 3139; x_wconf 93' lang='lat' dir='ltr'>et</span> <span class='ocrx_word' id='word_1_1129' title='bbox 1567 3118 1684 3159; x_wconf 83' lang='lat' dir='ltr'>corpus</span> <span class='ocrx_word' id='word_1_1130' title='bbox 1699 3109 1733 3138; x_wconf 91' lang='lat' dir='ltr'>in</span> <span class='ocrx_word' id='word_1_1131' title='bbox 1749 3109 1868 3148; x_wconf 90' lang='lat' dir='ltr'>seipsis,</span> <span class='ocrx_word' id='word_1_1132' title='bbox 1893 3114 1923 3138; x_wconf 91' lang='lat' dir='ltr'>et</span> <span class='ocrx_word' id='word_1_1133' title='bbox 1938 3118 2006 3138; x_wconf 90' lang='lat' dir='ltr'>non</span> <span class='ocrx_word' id='word_1_1134' title='bbox 2022 3108 2128 3138; x_wconf 92' lang='lat' dir='ltr'>solum</span> <span class='ocrx_word' id='word_1_1135' title='bbox 2143 3109 2321 3140; x_wconf 89' lang='lat' dir='ltr'>secundum</span> <span class='ocrx_word' id='word_1_1136' title='bbox 2337 3111 2426 3150; x_wconf 93' lang='lat' dir='ltr'>quod</span> 
     </span>
     <span class='ocr_line' id='line_1_146' title="bbox 1368 3151 2425 3194; baseline 0.001 -9"><span class='ocrx_word' id='word_1_1137' title='bbox 1368 3160 1441 3185; x_wconf 90' lang='lat' dir='ltr'>sunt</span> <span class='ocrx_word' id='word_1_1138' title='bbox 1471 3163 1573 3184; x_wconf 91' lang='lat' dir='ltr'>unum</span> <span class='ocrx_word' id='word_1_1139' title='bbox 1597 3154 1630 3183; x_wconf 95' lang='lat' dir='ltr'>in</span> <span class='ocrx_word' id='word_1_1140' title='bbox 1659 3158 1727 3182; x_wconf 92' lang='lat' dir='ltr'>tota</span> <span class='ocrx_word' id='word_1_1141' title='bbox 1755 3158 1883 3187; x_wconf 89' lang='lat' dir='ltr'>natura;</span> <span class='ocrx_word' id='word_1_1142' title='bbox 1915 3151 2004 3192; x_wconf 92' lang='lat' dir='ltr'>quod</span> <span class='ocrx_word' id='word_1_1143' title='bbox 2026 3153 2105 3182; x_wconf 90' lang='lat' dir='ltr'>nihil</span> <span class='ocrx_word' id='word_1_1144' title='bbox 2137 3153 2222 3183; x_wconf 87' lang='lat' dir='ltr'>aliud</span> <span class='ocrx_word' id='word_1_1145' title='bbox 2253 3159 2299 3184; x_wconf 90' lang='lat' dir='ltr'>est</span> <span class='ocrx_word' id='word_1_1146' title='bbox 2328 3164 2425 3194; x_wconf 87' lang='lat' dir='ltr'>quam</span> 
     </span>
     <span class='ocr_line' id='line_1_147' title="bbox 1367 3196 2425 3239; baseline 0.001 -11"><span class='ocrx_word' id='word_1_1147' title='bbox 1367 3207 1526 3228; x_wconf 86' lang='lat' dir='ltr'>assumere</span> <span class='ocrx_word' id='word_1_1148' title='bbox 1546 3202 1647 3227; x_wconf 87' lang='lat' dir='ltr'>totam</span> <span class='ocrx_word' id='word_1_1149' title='bbox 1662 3202 1817 3227; x_wconf 89' lang='lat' dir='ltr'>naturam.</span> <span class='ocrx_word' id='word_1_1150' title='bbox 1842 3196 1882 3227; x_wconf 91' lang='lat' dir='ltr'>Et</span> <span class='ocrx_word' id='word_1_1151' title='bbox 1898 3196 1987 3236; x_wconf 92' lang='lat' dir='ltr'>quod</span> <span class='ocrx_word' id='word_1_1152' title='bbox 2003 3196 2066 3226; x_wconf 91' lang='lat' dir='ltr'>hoc</span> <span class='ocrx_word' id='word_1_1153' title='bbox 2085 3202 2231 3236; x_wconf 88' lang='lat' dir='ltr'>oporteat</span> <span class='ocrx_word' id='word_1_1154' title='bbox 2254 3197 2352 3234; x_wconf 87' lang='lat' dir='ltr'>fateri,</span> <span class='ocrx_word' id='word_1_1155' title='bbox 2369 3209 2425 3239; x_wconf 84' lang='lat' dir='ltr'>pa-</span> 
     </span>
     <span class='ocr_line' id='line_1_148' title="bbox 1366 3240 2424 3290; baseline 0.001 -18"><span class='ocrx_word' id='word_1_1156' title='bbox 1366 3247 1412 3272; x_wconf 89' lang='lat' dir='ltr'>tet</span> <span class='ocrx_word' id='word_1_1157' title='bbox 1434 3251 1471 3272; x_wconf 89' lang='lat' dir='ltr'>ex</span> <span class='ocrx_word' id='word_1_1158' title='bbox 1496 3251 1534 3271; x_wconf 90' lang='grc'>00</span> <span class='ocrx_word' id='word_1_1159' title='bbox 1552 3240 1641 3290; x_wconf 81' lang='lat' dir='ltr'>quod</span> <span class='ocrx_word' id='word_1_1160' title='bbox 1664 3241 1786 3280; x_wconf 90' lang='lat' dir='ltr'>alioqui</span> <span class='ocrx_word' id='word_1_1161' title='bbox 1809 3245 1971 3290; x_wconf 87' lang='lat' dir='ltr'>oporteret</span> <span class='ocrx_word' id='word_1_1162' title='bbox 1993 3240 2111 3270; x_wconf 89' lang='lat' dir='ltr'>Filium</span> <span class='ocrx_word' id='word_1_1163' title='bbox 2127 3241 2210 3271; x_wconf 89' lang='lat' dir='ltr'>Dei&#39;</span> <span class='ocrx_word' id='word_1_1164' title='bbox 2203 3251 2235 3271; x_wconf 83' lang='lat' dir='ltr'>in</span> <span class='ocrx_word' id='word_1_1165' title='bbox 2258 3248 2360 3272; x_wconf 87' lang='lat' dir='ltr'>morte</span> <span class='ocrx_word' id='word_1_1166' title='bbox 2385 3243 2424 3273; x_wconf 86' lang='lat' dir='ltr'>de</span> 
     </span>
     <span class='ocr_line' id='line_1_149' title="bbox 1365 3284 2425 3324; baseline 0.001 -8"><span class='ocrx_word' id='word_1_1167' title='bbox 1365 3295 1452 3316; x_wconf 92' lang='lat' dir='ltr'>novo</span> <span class='ocrx_word' id='word_1_1168' title='bbox 1476 3285 1682 3324; x_wconf 89' lang='lat' dir='ltr'>assumpsisse</span> <span class='ocrx_word' id='word_1_1169' title='bbox 1705 3294 1822 3324; x_wconf 91' lang='lat' dir='ltr'>corpus</span> <span class='ocrx_word' id='word_1_1170' title='bbox 1845 3289 1877 3314; x_wconf 90' lang='lat' dir='ltr'>et</span> <span class='ocrx_word' id='word_1_1171' title='bbox 1899 3285 2047 3314; x_wconf 89' lang='lat' dir='ltr'>animam.</span> <span class='ocrx_word' id='word_1_1172' title='bbox 2080 3284 2179 3322; x_wconf 91' lang='lat' dir='ltr'>Quod</span> <span class='ocrx_word' id='word_1_1173' title='bbox 2201 3285 2315 3316; x_wconf 90' lang='lat' dir='ltr'>Scotus</span> <span class='ocrx_word' id='word_1_1174' title='bbox 2338 3287 2425 3317; x_wconf 91' lang='lat' dir='ltr'>inso-</span> 
     </span>
     <span class='ocr_line' id='line_1_150' title="bbox 1365 3327 2422 3368; baseline 0.002 -9"><span class='ocrx_word' id='word_1_1175' title='bbox 1365 3330 1470 3359; x_wconf 92' lang='lat' dir='ltr'>lutum</span> <span class='ocrx_word' id='word_1_1176' title='bbox 1493 3328 1625 3364; x_wconf 87' lang='lat' dir='ltr'>dimisit,</span> <span class='ocrx_word' id='word_1_1177' title='bbox 1658 3333 1689 3358; x_wconf 90' lang='lat' dir='ltr'>et</span> <span class='ocrx_word' id='word_1_1178' title='bbox 1712 3327 1882 3358; x_wconf 89' lang='lat' dir='ltr'>Durandus</span> <span class='ocrx_word' id='word_1_1179' title='bbox 1911 3328 1994 3358; x_wconf 86' lang='lat' dir='ltr'>male</span> <span class='ocrx_word' id='word_1_1180' title='bbox 2016 3327 2141 3358; x_wconf 89' lang='lat' dir='ltr'>videtur</span> <span class='ocrx_word' id='word_1_1181' title='bbox 2163 3338 2257 3368; x_wconf 90' lang='lat' dir='ltr'>posse</span> <span class='ocrx_word' id='word_1_1182' title='bbox 2281 3330 2422 3362; x_wconf 90' lang='lat' dir='ltr'>evadere.</span> 
     </span>
     <span class='ocr_line' id='line_1_151' title="bbox 1365 3372 2422 3414; baseline 0.003 -12"><span class='ocrx_word' id='word_1_1183' title='bbox 1365 3373 1452 3402; x_wconf 90' lang='lat' dir='ltr'>Nihil</span> <span class='ocrx_word' id='word_1_1184' title='bbox 1473 3373 1568 3412; x_wconf 89' lang='lat' dir='ltr'>igitur</span> <span class='ocrx_word' id='word_1_1185' title='bbox 1590 3372 1672 3402; x_wconf 88' lang='lat' dir='ltr'>valet</span> <span class='ocrx_word' id='word_1_1186' title='bbox 1694 3372 1792 3402; x_wconf 91' lang='lat' dir='ltr'>illatio</span> <span class='ocrx_word' id='word_1_1187' title='bbox 1816 3372 1878 3408; x_wconf 91' lang='lat' dir='ltr'>illa,</span> <span class='ocrx_word' id='word_1_1188' title='bbox 1902 3372 2031 3402; x_wconf 86' lang='lat' dir='ltr'>Natura</span> <span class='ocrx_word' id='word_1_1189' title='bbox 2047 3372 2174 3413; x_wconf 85' lang='lat' dir='ltr'>integra</span> <span class='ocrx_word' id='word_1_1190' title='bbox 2191 3377 2237 3402; x_wconf 79' lang='lat' dir='ltr'>est</span> <span class='ocrx_word' id='word_1_1191' title='bbox 2250 3379 2422 3414; x_wconf 85' lang='lat' dir='ltr'>assumpta,</span> 
     </span>
     <span class='ocr_line' id='line_1_152' title="bbox 1364 3416 2424 3466; baseline 0.003 -20"><span class='ocrx_word' id='word_1_1192' title='bbox 1364 3417 1457 3457; x_wconf 85' lang='lat' dir='ltr'>Ergo</span> <span class='ocrx_word' id='word_1_1193' title='bbox 1475 3421 1588 3466; x_wconf 80' lang='lat' dir='ltr'>partes</span> <span class='ocrx_word' id='word_1_1194' title='bbox 1611 3421 1791 3456; x_wconf 84' lang='lat' dir='ltr'>assumptae</span> <span class='ocrx_word' id='word_1_1195' title='bbox 1818 3421 1893 3446; x_wconf 88' lang='lat' dir='ltr'>sunt</span> <span class='ocrx_word' id='word_1_1196' title='bbox 1916 3421 1951 3446; x_wconf 90' lang='lat' dir='ltr'>ut</span> <span class='ocrx_word' id='word_1_1197' title='bbox 1973 3425 2088 3451; x_wconf 90' lang='lat' dir='ltr'>unum,</span> <span class='ocrx_word' id='word_1_1198' title='bbox 2119 3416 2324 3466; x_wconf 81' lang='lat' dir='ltr'>intelligendo</span> <span class='ocrx_word' id='word_1_1199' title='bbox 2348 3428 2424 3449; x_wconf 90' lang='lat' dir='ltr'>cum</span> 
     </span>
     <span class='ocr_line' id='line_1_153' title="bbox 1365 3461 2424 3511; baseline 0.003 -21"><span class='ocrx_word' id='word_1_1200' title='bbox 1365 3461 1572 3511; x_wconf 81' lang='lat' dir='ltr'>praecisione,</span> <span class='ocrx_word' id='word_1_1201' title='bbox 1596 3461 1658 3490; x_wconf 92' lang='lat' dir='ltr'>hoc</span> <span class='ocrx_word' id='word_1_1202' title='bbox 1683 3466 1738 3496; x_wconf 90' lang='lat' dir='ltr'>est,</span> <span class='ocrx_word' id='word_1_1203' title='bbox 1762 3466 1797 3491; x_wconf 93' lang='lat' dir='ltr'>ut</span> <span class='ocrx_word' id='word_1_1204' title='bbox 1820 3466 1893 3491; x_wconf 92' lang='lat' dir='ltr'>sunt</span> <span class='ocrx_word' id='word_1_1205' title='bbox 1908 3469 2010 3490; x_wconf 90' lang='lat' dir='ltr'>unum</span> <span class='ocrx_word' id='word_1_1206' title='bbox 2026 3461 2175 3500; x_wconf 89' lang='lat' dir='ltr'>praecise,</span> <span class='ocrx_word' id='word_1_1207' title='bbox 2200 3466 2230 3490; x_wconf 88' lang='lat' dir='ltr'>et</span> <span class='ocrx_word' id='word_1_1208' title='bbox 2245 3471 2311 3492; x_wconf 91' lang='lat' dir='ltr'>non</span> <span class='ocrx_word' id='word_1_1209' title='bbox 2328 3462 2424 3493; x_wconf 85' lang='lat' dir='ltr'>etiam</span> 
     </span>
     <span class='ocr_line' id='line_1_154' title="bbox 1365 3504 1782 3535; baseline 0 -1"><span class='ocrx_word' id='word_1_1210' title='bbox 1365 3510 1401 3534; x_wconf 92' lang='lat' dir='ltr'>ut</span> <span class='ocrx_word' id='word_1_1211' title='bbox 1423 3510 1497 3534; x_wconf 91' lang='lat' dir='ltr'>sunt</span> <span class='ocrx_word' id='word_1_1212' title='bbox 1520 3505 1553 3534; x_wconf 93' lang='lat' dir='ltr'>in</span> <span class='ocrx_word' id='word_1_1213' title='bbox 1576 3513 1610 3535; x_wconf 89' lang='lat' dir='ltr'>se</span> <span class='ocrx_word' id='word_1_1214' title='bbox 1632 3504 1782 3535; x_wconf 88' lang='lat' dir='ltr'>diversae.</span> 
     </span>
    </p>
   </div>
   <div class='ocr_carea' id='block_1_10' title="bbox 2457 2152 2608 2174">
    <p class='ocr_par' dir='ltr' id='par_1_19' title="bbox 2457 2152 2608 2174">
     <span class='ocr_line' id='line_1_155' title="bbox 2457 2152 2608 2174; baseline 0 0"><span class='ocrx_word' id='word_1_1215' title='bbox 2457 2152 2551 2174; x_wconf 78' lang='lat' dir='ltr'>’Num.</span> <span class='ocrx_word' id='word_1_1216' title='bbox 2566 2159 2608 2174; x_wconf 83' lang='lat' dir='ltr'>vn.</span> 
     </span>
    </p>
   </div>
   <div class='ocr_carea' id='block_1_11' title="bbox 2456 2455 2595 2477">
    <p class='ocr_par' dir='ltr' id='par_1_20' title="bbox 2456 2455 2595 2477">
     <span class='ocr_line' id='line_1_156' title="bbox 2456 2455 2595 2477; baseline 0 -1"><span class='ocrx_word' id='word_1_1217' title='bbox 2456 2455 2550 2477; x_wconf 74' lang='lat' dir='ltr'>’Num.</span> <span class='ocrx_word' id='word_1_1218' title='bbox 2565 2461 2595 2477; x_wconf 81' lang='lat' dir='ltr'>vr.</span> 
     </span>
    </p>
   </div>
  </div>
 </body>
</html>
