2872 3970
885 288 1148 335 QUAESTIO
1178 289 1316 336 XLVI,
1345 289 1638 327 ARTICULUS
1665 291 1680 326 I

115 470 152 522 '‘³³‘'
367 489 378 547 ὲ
594 504 1004 589 QUAESTIO
1044 479 1973 601 QUADRAGESIMASEXTA

893 631 983 671 DE
1015 631 1365 672 PASSIONE.
1395 633 1672 674 CHRISTI

978 743 1014 768 ΙΝ
1040 743 1223 769 DUODECIM
1250 744 1451 770 ARTICULOS
1477 745 1590 770 DIVISA

126 875 158 883 η
278 846 541 878 onst-,Quanta
563 834 889 874 considerandum
918 842 973 872 est
1000 836 1050 873 de
1073 836 1132 873 his
1157 848 1257 885 quae

126 893 161 934 ζ,
193 844 469 938 Epemnent
490 887 540 925 ad
566 886 712 925 exitum
739 887 879 924 Christi
904 887 952 924 de
981 889 1169 926 mundo*
1173 890 1258 926 Et

194 940 336 1000 ptimo,
365 940 414 978 de
439 939 618 989 passione
646 940 747 986 eius;
780 940 969 987 secundo,
999 941 1047 978 de
1074 941 1237 978 morte*

130 987 149 1022 ῗ
194 992 327 1040 {enim
359 993 408 1030 de
436 993 632 1042 sepultura
649 992 690 1037 *3
727 999 884 1041 quarto,
913 992 961 1030 de
990 994 1177 1031 descensu
1210 955 1259 1031 ad

193 1044 338 1088 meros
355 1045 387 1082 *—

130 1092 165 1130 ⁹*-
193 1110 245 1139 71⁴2
242 1097 362 1137 Circa
388 1097 609 1147 passionem
637 1097 802 1135 occurrit
828 1097 962 1147 triplex
984 1098 1257 1135 consideratio:

184 1150 333 1201 Qtima,
361 1150 410 1188 de
437 1149 520 1199 ipsa
546 1149 744 1209 passione3
772 1151 952 1196 secunda,
973 1151 1022 1187 de
1045 1163 1160 1188 causa
1179 1151 1258 1188 effi—

192 1201 319 1245 dente
345 1201 534 1262 passionis
551 1202 590 1248 *ς
617 1202 745 1250 tertia,
774 1203 822 1240 de
850 1203 974 1240 fructu
1001 1203 1188 1252 passionis
1205 1203 1257 1240 ¹2¹⁶.

199 1254 310 1294 Cinea
335 1255 507 1304 primum
534 1262 773 1304 quaeruntur
798 1255 1018 1293 duodecim.

131 1313 166 1359 f
194 1313 228 1350 ,έῖ
223 1307 400 1348 Primo:
422 1315 554 1345 utrum
573 1319 728 1344 necesse
746 1307 856 1344 fuerit
876 1307 1072 1345 Christum
1091 1308 1170 1357 pati
1187 1321 1258 1358 pro

140 1365 149 1370 ’·
194 1375 223 1407 :2⁴
250 1380 267 1394 .·
274 1359 524 1399 ‘liberatione
552 1360 771 1397 hominurn.

250 1413 451 1454 Secundo:
480 1420 612 1450 utrum
637 1412 750 1450 fuerit
777 1412 872 1450 alius
900 1413 1042 1450 modus
1069 1413 1259 1462 possibilis

130 1507 131 1510 Ἴ
303 1465 534 1503 liberationis
560 1466 767 1503 humanae.

214 1567 215 1571 Ἰ
249 1517 396 1556 Tertio:
426 1525 558 1556 utrum
577 1517 644 1555 iste
664 1518 806 1555 modus
829 1518 940 1563 fuerit
958 1519 1258 1556 convenientior.

1311 871 1313 873 ,
1364 838 1528 884 Quarto:
1550 845 1681 875 utrum
1696 837 1806 875 fuerit
1824 838 2060 875 conveniens
2079 838 2187 887 quod
2205 838 2244 875 in
2259 851 2371 876 cruce

1417 897 1620 938 pateretur.

1364 942 1530 988 Quinto:
1561 943 1609 980 de
1636 943 1875 991 generalitate
1903 943 2090 992 passionis
2118 943 2211 980 eius.

1365 995 1496 1032 Sexto:
1518 1003 1649 1032 utrum
1668 996 1780 1033 dolor
1793 1008 1911 1044 quem
1930 996 1970 1032 in
1988 995 2166 1045 passione
2184 996 2370 1041 sustinuit,

1417 1047 1529 1084 fuerit
1555 1048 1760 1085 maximus.

1365 1099 1557 1147 Septimo:
1588 1108 1718 1137 utrum
1746 1108 1823 1137 tota
1851 1100 1980 1137 anima
2008 1101 2092 1138 eius
2116 1109 2317 1149 pateretur.

1366 1152 1534 1188 Octavo:
1572 1160 1702 1189 utrum
1734 1152 1860 1201 passio
1894 1153 1975 1190 eius
2008 1153 2248 1202 impediverit
2282 1166 2371 1202 gau-

1418 1204 1528 1241 dium
1555 1204 1753 1241 fruitionis.
1782 1214 1787 1219 ·

1365 1257 1505 1294 Nono:
1535 1257 1583 1294 de
1611 1265 1786 1306 tempore
1814 1258 2013 1307 passionis.

1365 1309 1546 1346 Decimo:
1576 1310 1624 1346 de
1653 1311 1751 1346 loco.

1366 1362 1599 1399 Undecimo:
1620 1370 1751 1399 utrum
1765 1363 2002 1400 conveniens
2014 1363 2149 1400 fuerit·
2140 1349 2268 1424 1psum
2282 1375 2373 1400 cum

1420 1414 1629 1451 latronibus
1657 1415 1837 1463 crucifigi.

1366 1467 1627 1504 Duodecimo:
1667 1475 1795 1504 utrum
1831 1468 1958 1517 passio
1996 1468 2115 1517 ipsius
2154 1468 2292 1506 Christi
2329 1468 2374 1504 sit

1419 1519 1604 1556 divinitati
1633 1520 1882 1557 attribuenda.

1007 1628 1326 1671 ARTICULUS
1358 1629 1563 1670 PRIMUS

351 1720 508 1751 UTRUM
532 1719 692 1751 FUERIT
715 1719 1018 1752 NECESSARIUM
1043 1720 1268 1752 CHRISTUM
1291 1721 1392 1752 PATl
1414 1721 1499 1752 PRO
1523 1722 1697 1752 HUMANJ
1721 1721 1905 1753 GENERIS
1928 1722 2221 1752 LIBERATIONE

582 1797 613 1821 111
633 1797 716 1827 sent„
736 1798 794 1823 dist.
814 1806 863 1829 xvi,
883 1806 926 1831 qu.
946 1806 964 1829 x,
983 1803 1029 1830 art,
1050 1806 1079 1829 23
1100 1799 1158 1824 dist.
1177 1806 1217 1830 xx,
1236 1804 1282 1824 art.
1303 1805 1327 1829 1,
1345 1799 1394 1831 qu*
1414 1798 1428 1823 3
1437 1807 1444 1829 ;
1467 1799 1542 1824 Cont.
1565 1800 1660 1824 Graec.
1677 1800 1786 1824 Armen.
1806 1804 1862 1830 etc„
1882 1807 1937 1831 cap.
1955 1807 2000 1825 vn.

319 1899 385 1943 525<
406 1889 429 1914 n
458 1889 593 1914 ptumum
621 1889 674 1914 sxc
701 1889 936 1914 PROCEDlTUR.
961 1877 1123 1914 Videtur
1150 1877 1257 1936 quod

134 1956 140 1978 ,-
194 1974 206 1979 -
304 1920 380 1998 „5¹32
407 1941 488 1967 non
514 1929 626 1967 fuerit
659 1929 918 1966 necessarium
952 1929 1148 1968 Christum
1179 1929 1257 1979 pati

196 2012 201 2029 .-
220 1988 253 2029 .Q
267 1999 336 2029 ,xz
348 1969 379 2023 'f
407 1994 478 2031 pro
500 1982 662 2019 humani
680 1981 828 2030 generis
846 1981 1079 2019 liberatione
1109 1983 1257 2019 Huma-

135 2077 138 2082 .
211 2029 351 2077 ὶᾸΨ’Ψ’
368 2029 399 2070 X
435 2047 505 2071 um
533 2034 638 2071 enim
665 2046 785 2082 genus
821 2034 971 2072 liberari
1003 2047 1083 2072 non
1110 2042 1258 2084 poterat

136 2088 146 2115 '3
170 2133 172 2136 y
194 2085 272 2124 nisi
298 2098 322 2123 a
347 2087 453 2124 Deo:
490 2087 706 2124 secundum
734 2086 826 2124 illud
854 2087 971 2124 Isaiae
990 2100 1062 2124 xtv
1079 2087 1119 2124 *ε
1148 2088 1258 2124 Nun-

146 2148 147 2151 ’
196 2139 288 2191 quid
317 2152 391 2177 non
426 2152 498 2190 ego
531 2141 733 2186 Dominus,
767 2146 800 2176 et
835 2151 908 2176 non
943 2146 993 2176 est
1026 2117 1123 2176 ultra
1158 2141 1259 2176 Deus

194 2193 336 2242 absque
361 2192 452 2230 ηιε9
478 2193 579 2230 Deus
607 2194 718 2230 iustus
745 2198 779 2229 et
804 2193 953 2231 salvans
981 2205 1056 2230 non
1076 2198 1127 2229 est
1149 2204 1258 2241 prae-

196 2243 254 2290 tjer
276 2257 350 2282 me.
401 2245 443 2282 In
474 2245 604 2282 Deum
638 2253 768 2282 autem
805 2257 886 2282 non
913 2245 1012 2282 cadit
1039 2245 1166 2304 aliqua
1193 2257 1258 2282 ne-

198 2293 366 2337 cessitas:
382 2297 474 2347 quia
487 2298 563 2335 hoc
577 2305 804 2347 repugnaret
813 2305 1113 2346 omnipotentiae
1128 2298 1257 2347 ipsius

126 2367 149 2390 ·;
199 2350 301 2412 Ergo
329 2362 410 2388 non
437 2349 506 2387 fuit
533 2350 792 2387 necessarium
822 2350 1018 2387 Christum
1046 2350 1134 2400 pati.

207 2408 221 2414 ‘¹
254 2413 289 2440 2.
318 2403 549 2450 PRAETEREA,
579 2403 838 2440 necessarium
856 2403 1074 2440 voluntario
1098 2402 1260 2452 opponi-

197 2461 272 2506 tur.
307 2454 390 2493 Sed'
413 2455 586 2493 Christus
613 2455 769 2505 propria
796 2456 992 2492 voluntate
1021 2463 1076 2492 est
1103 2468 1259 2505 passus:

140 2555 141 2558 ¹
200 2506 338 2546 dicitur
371 2507 475 2545 enim
509 2508 625 2545 Isaiae
642 2513 707 2545 'L111
729 2508 768 2545 *ε
809 2508 959 2546 oblatus
987 2515 1037 2545 est
1073 2510 1159 2558 quia
1187 2510 1262 2557 ipse

121 2566 143 2603 3
200 2561 324 2598 voluit.
353 2562 454 2608 Ergo
483 2573 564 2598 non
590 2561 849 2598 necessarium
877 2561 945 2598 fuit
972 2573 1064 2598 eum
1091 2561 1180 2610 pati.

150 2612 153 2615 ⁴
257 2613 559 2660 3.'PRAETEREA‚
588 2613 685 2651 sicut
711 2613 751 2650 in
779 2615 932 2650 Psalmo
951 2613 971 2635 '¹‘
999 2613 1151 2661 dicitur,
1182 2615 1262 2651 uni-

201 2677 331 2705 versae
356 2667 440 2704 viae
466 2668 622 2704 Domini
653 2667 909 2703 misericordia
937 2673 970 2703 et
996 2668 1141 2704 veritas.
1186 2667 1262 2704 Sed

200 2729 283 2756 non
300 2718 453 2756 videtur
470 2718 728 2756 necessarium
757 2719 863 2768 quod
882 2727 1074 2768 pateretur
1092 2731 1138 2756 ex
1157 2726 1262 2768 parte

126 2799 128 2803 ,
202 2770 484 2809 misericordiae
503 2771 673 2809 divinae:
699 2784 812 2821 quae,
832 2772 928 2809 sicut
945 2771 1057 2820 gratis
1077 2772 1179 2809 dona
1202 2771 1263 2808 tri-

133 2827 147 2854 ⁴.
201 2823 296 2870 buit,
325 2824 376 2861 ita
403 2823 554 2861 videtur
580 2824 688 2874 quod
714 2824 827 2872 gratis
854 2824 981 2862 debita
1009 2826 1158 2871 relaxet,
1179 2825 1263 2861 abs-

203 2888 280 2926 que
307 2876 568 2914 satisfactione.
597 2877 737 2926 Neque
766 2877 880 2914 etiam
908 2889 954 2914 ex
975 2885 1082 2927 parte
1111 2877 1263 2914 divinae

138 2963 148 2970 ,,
203 2928 382 2967 iustitiae:
417 2930 634 2966 secundum
668 2941 788 2978 quam
822 2930 943 2966 homo
976 2938 1170 2967 aeternam
1199 2930 1263 2966 da-

203 2981 442 3019 mnationem
470 2989 671 3019 meruerat.
715 2983 816 3030 Ergo
850 2982 1002 3019 videtur
1037 2994 1118 3019 non
1149 2981 1264 3019 fuisse

136 3053 147 3090 s
204 3033 463 3072 necessarium
497 3035 605 3084 quod
638 3034 811 3071 Christus
845 3047 915 3084 pro
945 3034 1166 3072 liberatione
1195 3035 1264 3071 ho-

200 3085 358 3124 minum
385 3094 587 3136 pateretur.

54 3153 62 3164 ÷
202 3175 210 3192 ,ἡ
257 3151 295 3187 4.
324 3140 556 3186 PRAETEREA‚
585 3139 752 3187 angelica
779 3147 915 3176 natura
942 3147 997 3176 est
1025 3139 1265 3176 excellentior

122 3224 143 3242 w>
168 3231 170 3233 ‚
195 3200 331 3283 {pam
353 3192 542 3229 humana.
571 3199 614 3228 ut
640 3198 743 3240 patet
769 3203 839 3241 per
865 3191 1107 3250 Dionysium,
1127 3204 1162 3229 1v
1181 3203 1262 3240 cap.

277 3244 362 3282 Diu.
386 3245 502 3282 Nom.
522 3243 542 3265 ’⁸'
583 3244 660 3281 Sed
694 3255 766 3293 pro
801 3243 1038 3293 reparatione
1076 3244 1265 3292 angelicae

52 3287 66 3295 ⁴
199 3294 374 3344 naturae,
404 3308 504 3346 quae
532 3304 766 3346 peccaverat,
793 3296 966 3333 Christus
994 3308 1074 3333 non
1102 3303 1157 3333 est
1183 3308 1266 3345 pas-

131 3342 146 3364 ἶ
203 3355 284 3409 5115..
308 3349 419 3398 Ergo
446 3349 598 3386 videtur
624 3348 730 3398 quod
759 3360 830 3386 nec
857 3348 972 3385 etiam
1000 3348 1110 3385 fuerit
1137 3359 1266 3385 neces-

139 3411 172 3446 ζ
201 3412 352 3471 sarium
378 3413 470 3440 eum
496 3401 575 3452 pati
601 3413 672 3451 pro
701 3402 820 3439 salute
848 3400 1010 3438 humani
1036 3400 1194 3449 generis.

261 3511 290 3548 α)
307 3517 356 3539 aaut
381 3521 433 3539 non
454 3517 544 3546 potest
567 3521 630 3540 esse.
648 3514 746 3539 -0m.
765 3514 923 3547 ADEpGffl
941 3514 990 3539 tali
1006 3514 1064 3548 fine
1086 3521 1192 3545 omnes,
1218 3514 1268 3539 tali

150 3558 152 3560 ’
208 3547 310 3581 aliquae
327 3549 461 3575 editiones.

1366 1877 1440 1913 SED
1469 1889 1614 1914 CONTRA
1642 1890 1707 1914 EST
1735 1878 1842 1927 quod
1870 1877 2007 1914 dicitur
2034 1880 2137 1915 Ioan.
2158 1891 2190 1915 111
2213 1879 2247 1915 ²¹⁶:
2278 1881 2377 1916 Sicut
2405 1890 2412 1899 ·
2450 1894 2486 1911 ers

1311 1931 1468 1978 Moyses
1500 1931 1676 1968 exaltavit
1701 1936 1907 1979 serpentem
1935 1932 1972 1967 in
1993 1931 2145 1977 deserto,
2165 1933 2218 1968 sic
2237 1938 2378 1980 oportet

1313 1983 1475 2019 exaltari
1507 1983 1643 2019 Filium
1671 1984 1860 2029 Hominis,
1889 1989 1927 2019 ut
1954 1985 2074 2020 omnis
2109 1986 2172 2033 qui
2198 1985 2312 2021 credit
2338 1987 2375 2021 in

1313 2047 1397 2071 eum
1417 2048 1490 2072 non
1505 2042 1647 2083 pereat,
1667 2036 1732 2072 sed
1747 2037 1880 2072 habeat
1898 2037 2010 2073 vitam
2030 2042 2231 2073 aeternam.
2258 2037 2376 2084 Quod

1313 2087 1472 2136 quidem
1491 2088 1539 2124 de
1559 2088 1781 2125 exaltatione
1801 2088 1840 2124 in
1859 2100 1972 2124 cruce
1991 2088 2206 2136 intelligitur
2223 2089 2253 2125 ³¹⁸.
2275 2090 2376 2137 Ergo
2405 2101 2430 2147 ge

1313 2139 1465 2180 videtur
1491 2140 1599 2188 quod
1627 2140 1823 2177 Christum
1851 2140 2061 2189 oportuerit
2087 2141 2176 2190 pati.

1366 2193 1590 2229 RESPONDEO
1623 2205 1803 2230 DICENDUM
1836 2193 1964 2241 quod,
1994 2193 2090 2230 sicut
2117 2193 2376 2243 Philosophus

1314 2245 1426 2282 docet
1444 2244 1483 2281 in
1502 2245 1537 2282 V
1554 2246 1767 2293 Metaphys.
1787 2244 1818 2290 ²¹³,
1848 2247 2094 2282 necessarium
2123 2245 2377 2295 multipliciter

1315 2297 1461 2334 dicitur.
1492 2298 1579 2334 Uno
1608 2298 1766 2346 quidem
1795 2298 1926 2344 modo,
1946 2298 2053 2346 quod
2082 2299 2297 2335 secundum
2317 2299 2376 2336 sui
2403 2315 2453 2337 v.n
2513 2317 2524 2332 2

1315 2357 1492 2387 naturam
1511 2349 1744 2399 impossibile
1760 2357 1814 2387 est
1828 2350 1933 2386 aliter
1946 2362 1985 2387 se
2001 2350 2153 2387 habere.
2170 2352 2217 2387 Et
2231 2351 2283 2388 sic
2298 2363 2376 2388 ma·

1315 2402 1495 2439 nifestum
1514 2410 1569 2439 est
1588 2403 1694 2451 quod
1709 2415 1802 2442 non
1815 2402 1883 2439 fuit
1902 2403 2159 2439 necessarium
2180 2403 2376 2441 Christum

1315 2455 1408 2504 pati:
1430 2467 1556 2504 neque
1577 2467 1622 2492 ex
1641 2463 1746 2504 parte
1761 2455 1845 2501 Dei,
1861 2467 1987 2504 neque
2007 2467 2052 2492 ex
2070 2463 2175 2504 parte
2194 2455 2374 2492 hominis.

1370 2508 1455 2545 Alio
1471 2508 1590 2545 modo
1607 2507 1742 2545 dicitur
1756 2507 1898 2556 aliquid
1913 2507 2171 2544 necessarium
2186 2520 2231 2544 ex
2246 2508 2375 2557 aliquo

1317 2559 1503 2598 exteriori.
1534 2560 1653 2607 Quod
1677 2560 1835 2609 quidem
1855 2560 1885 2597 si
1904 2560 1949 2597 sit
1977 2572 2092 2597 causa
2120 2560 2287 2597 efficiens
2314 2562 2376 2597 vel

1317 2625 1492 2658 movens,
1508 2613 1593 2650 facit
1612 2613 1873 2650 necessitatem
1893 2612 2113 2649 coactionis:
2135 2620 2266 2662 utpote
2285 2625 2376 2650 cum

1317 2666 1453 2715 aliquis
1467 2678 1547 2702 non
1562 2673 1685 2715 potest
1699 2665 1753 2702 ire
1766 2673 1924 2715 propter
1936 2665 2158 2702 violentiam
2177 2665 2376 2702 detinentis

1318 2719 1457 2768 ipsum.
1479 2740 1504 2744 —
1525 2718 1564 2755 Si
1583 2730 1676 2755 vero
1695 2718 1787 2755 illud
1808 2718 1970 2755 exterius
1989 2718 2096 2767 quod
2115 2717 2377 2754 necessitatem

1317 2771 1474 2818 inducit,
1501 2771 1547 2807 sit
1573 2770 1672 2817 finis,
1701 2771 1847 2809 dicetur
1874 2770 2018 2819 aliquid
2046 2770 2308 2819 necessarium.
2330 2783 2377 2807 ex

1319 2823 1582 2873 suppositione
1614 2823 1718 2859 finis:
1759 2823 1915 2871 quando
1953 2822 2091 2859 scilicet
2122 2822 2209 2859 finis
2242 2822 2377 2871 aliquis

1319 2884 1384 2914 aut
1402 2877 1508 2913 nullo
1528 2876 1647 2912 modo
1675 2883 1798 2924 potest
1817 2887 1910 2922 esse,
1931 2883 1996 2912 aut
2014 2887 2092 2912 non
2121 2882 2244 2923 potest
2263 2887 2344 2912 esse
2361 2880 2378 2896 α

1318 2928 1600 2975 convenienter,
1621 2927 1693 2964 nisi
1720 2927 1783 2964 tali
1811 2927 1889 2964 fine
1916 2927 2220 2976 praesupposito.

1371 2982 1463 3018 Non
1500 2980 1568 3017 fuit
1605 2992 1694 3028 ergo
1732 2980 1989 3017 necessarium
2028 2979 2222 3016 Christum
2258 2979 2335 3028 pati
2363 2979 2378 3009 β

1318 3033 1539 3070 necessitate
1567 3032 1790 3069 coactionis:
1827 3044 1953 3081 neque
1982 3044 2028 3068 ex
2055 3040 2160 3081 parte
2188 3032 2281 3079 Dei,
2311 3032 2378 3081 qui

1321 3085 1516 3123 Christum
1550 3084 1722 3121 definivit
1755 3084 1847 3133 pati;
1885 3096 2011 3134 neque
2047 3084 2160 3121 etiam
2195 3096 2241 3121 ex
2272 3092 2378 3134 parte

1320 3138 1437 3187 ipsius
1467 3137 1616 3184 Christi,
1645 3137 1712 3186 qui
1739 3136 1953 3174 voluntarie
1979 3149 2115 3186 passus
2143 3145 2209 3174 est.

1372 3189 1460 3227 Fuit
1479 3197 1607 3227 autem
1627 3189 1884 3226 necessarium
1903 3189 2122 3226 necessitate
2141 3189 2240 3226 finis.
2270 3189 2349 3236 Qui
2363 3194 2378 3217 Υ

1319 3243 1477 3292 quidem
1504 3249 1628 3291 potest
1654 3242 1846 3291 tripliciter
1863 3241 2025 3290 intelligi.
2056 3242 2186 3279 Primo
2206 3241 2377 3291 quidem,

1319 3307 1365 3332 ex
1392 3302 1498 3344 parte
1525 3302 1664 3341 nostra,
1685 3294 1751 3344 qui
1779 3306 1849 3344 per
1875 3294 1957 3332 eius
1987 3295 2207 3344 passionem
2224 3294 2379 3332 ‘liberati

1319 3360 1469 3384 sumus:
1500 3345 1715 3384 secundum
1743 3347 1835 3389 illud
1863 3348 1966 3385 Ioan.
1987 3359 2019 3384 111
2037 3347 2076 3384 *ε
2111 3347 2258 3396 Oportet
2276 3347 2378 3384 exal-

1317 3402 1392 3437 tari
1417 3400 1553 3437 Filium
1580 3401 1768 3446 Hominis,
1789 3405 1826 3437 ut
1854 3401 1973 3437 omnis
2001 3402 2063 3449 qui
2088 3400 2202 3437 credit
2229 3401 2265 3437 in
2295 3412 2378 3437 eum

1375 3511 1401 3546 β)
1416 3513 1485 3545 pati.
1495 3526 1514 3531 —
1528 3513 1570 3537 EF
1584 3518 1609 3538 et
1621 3513 1694 3538 tertia
1713 3518 1814 3546 praeter
1826 3513 1851 3544 1;
1870 3518 1929 3546 post
1941 3513 2086 3538 coactionis
2104 3513 2175 3545 ponit
2189 3519 2214 3542 a,
2227 3520 2279 3538 om.
2294 3513 2378 3537 ceteri·

1321 3549 1372 3573 Pro
1391 3548 1555 3578 necessitate,
1575 3548 1755 3574 necessitatem
1774 3549 1849 3574 ΑΒΕ.

1372 3582 1400 3618 γ)
1421 3583 1482 3614 Qui.
1499 3598 1519 3603 —
1539 3584 1616 3614 Quod
1635 3583 1693 3609 Iso.

2404 2257 2413 2266 ⁵
2421 2257 2497 2278 S.Th.
2507 2258 2556 2280 lect.
2566 2265 2596 2280 vi.
2604 2271 2615 2275 -

2404 2283 2455 2304 Did.
2467 2284 2505 2305 lib.
2515 2285 2546 2305 lv
2564 2291 2614 2313 cap.

2458 2326 2462 2331 .
2481 2317 2499 2336 ι,

2407 3356 2416 3367 ⁴
2439 3355 2474 3377 Cf.
2497 3361 2544 3383 arg.
2570 3354 2619 3376 Sed

2406 3384 2497 3404 contra.
