2872 3970
376 220 482 245 XXXIV

378 289 488 329 Filio
533 286 826 342 praedixisset,
873 298 1093 340 nunquam
1133 284 1169 325 ei
1209 284 1390 339 angelos
1438 281 1784 338 praeposuisset3
1834 283 1895 324 sic
1933 283 2046 325 enim
2085 282 2168 324 ait:
2218 283 2372 336 Neque
2418 284 2567 337 angeli

377 350 604 396 caelorum,
630 361 784 402 neque
814 348 974 402 filius,-
1024 346 1258 388 ostendens
1294 359 1382 386 non
1420 345 1474 385 de
1513 344 1763 399 Unigenito‚
1802 344 1880 386 sed
1925 344 1978 426 de
2020 344 2228 399 adoptivo
2275 345 2455 399 populo
2481 346 2563 387 hoc

378 411 538 452 dixisse
567 427 604 452 ».

503 472 624 513 Beda
657 477 799 512 tamen
835 483 975 524 neque
998 470 1039 510 in
1061 469 1344 523 Expositione
1375 468 1418 508 in
1452 468 1739 515 Matthaeum,
1765 479 1905 522 neque
1928 467 1971 509 in
1993 468 2273 523 Expositione
2293 468 2338 509 in
2360 442 2563 510 Marcum

377 534 615 588 quidquam
649 534 786 574 simile
820 532 932 573 dicit.

503 597 549 636 In
585 595 707 635 editis
746 595 932 635 Catenae
962 594 1141 633 Aureae
1174 593 1218 634 S.
1242 592 1451 639 Thomae‚
1475 591 1683 631 inlocum
1718 591 1903 639 citatum,
1937 591 2125 646 praefata
2157 591 2326 639 Rabani
2357 591 2564 646 interpre-

377 658 480 698 tatio
525 657 605 698 sub
651 657 825 697 nomine
859 655 1019 696 Basi‘liz'
1056 655 1280 695 invenitur.
1318 653 1476 694 Glossa
1510 652 1736 693 Ordinaria
1770 653 1914 694 Strabi
1947 653 1989 694 in
2022 653 2134 694 hunc
2172 653 2378 694 Matthaei
2420 653 2563 694 locum

377 719 559 760 eandem
594 717 910 772 expositionem
943 717 1096 765 tradit;
1132 722 1185 764 et,
1219 722 1266 756 ut
1299 728 1352 756 ex
1386 720 1589 755 contextu
1622 720 1749 769 patet,
1785 728 1810 755 a
1842 715 2027 756 Rabano
2060 721 2307 756 mutuatam.

503 843 585 895 Qu.
620 854 712 890 xm,
749 847 822 882 art.
866 854 904 887 1,
940 853 1027 894 arg.
1072 852 1113 879 1:
1160 855 1177 875 ‹
1204 838 1323 889 ,Dicit
1357 837 1469 878 enim
1504 837 1788 886 Ambrosius,
1822 840 1955 892 super
1983 839 2087 879 Luc.
2101 853 2116 878 .·
2153 838 2396 879 Potentiam
2432 847 2564 891 quam

376 905 465 945 Dei
495 904 638 944 Filius
669 902 933 944 naturaliter
963 901 1102 950 habet,
1137 900 1262 941 liomo
1295 902 1394 940 erat
1421 912 1478 940 ex
1509 901 1696 954 tempore
1728 901 1982 954 accepturus
2007 915 2042 940 ›.
2387 920 2389 922 ·

502 965 633 1019 Apud
669 964 951 1006 Ambrosium
985 976 1072 1003 non
1105 961 1297 1009 habetur,
1333 961 1533 1016 quamvis
1567 961 1787 1017 Magister,
1804 962 1860 1002 111
1883 962 2012 1009 Sent„
2047 961 2143 1003 dist.
2166 973 2254 1008 xw,
2277 961 2420 1016 ipsum
2453 960 2564 1004 citet.

378 1028 520 1068 Gloss.
557 1027 661 1068 Ord.
695 1026 799 1067 Bed.
833 1025 1035 1066 Ambros.
1070 1037 1199 1078 super
1231 1024 1336 1065 Luc.
1369 1036 1396 1071 1,
1430 1036 1540 1064 vers.
1577 1025 1648 1072 32,
1683 1023 2022 1078 idemexhibet.
2056 1023 2250 1065 Sumitur
2281 1035 2336 1064 ex
2368 1021 2490 1067 Beda
2521 1021 2563 1063 in

376 1089 553 1130 homilia
585 1087 950 1135 Annuntiationis,
985 1086 1130 1128 verbis
1165 1085 1474 1140 aliquantulum
1509 1085 1693 1126 mutatis.

503 1211 586 1264 Qu.
621 1222 708 1258 xw,
744 1216 817 1251 art.
853 1211 906 1251 3:
946 1227 964 1247 ‹
994 1211 1054 1252 Ut
1085 1210 1359 1265 Augustinus
1393 1209 1507 1257 dicit,
1542 1222 1765 1264 exponens
1808 1209 1911 1250 illud
1943 1209 2061 1250 Ioan.
2093 1221 2150 1258 111,
2188 1209 2279 1261 Qui
2306 1209 2360 1250 de
2389 1221 2565 1251 sursum

375 1273 499 1320 venit,
533 1275 666 1327 super
696 1285 841 1312 omnes
873 1275 944 1319 est,
971 1271 1024 1312 de
1060 1285 1230 1312 sursum
1264 1271 1383 1312 venit
1417 1271 1623 1320 Christus,
1648 1271 1759 1312 idest
1791 1271 1846 1312 de
1877 1270 2098 1312 altitudine
2131 1271 2344 1313 humanae
2377 1278 2564 1320 naturam

378 1348 508 1389 quam
541 1334 690 1375 habuit
722 1339 820 1374 ante
854 1340 1076 1388 peccatum
1110 1334 1233 1388 primi
1268 1333 1455 1374 hominis
1484 1350 1519 1374 ›.

501 1396 719 1451 Magister,
755 1396 811 1435 III
844 1395 972 1442 Sent„
1010 1395 1104 1436 dist.
1140 1407 1227 1443 xm,
1262 1409 1352 1449 cap.
1386 1395 1472 1435 Est
1510 1395 1580 1435 liic
1620 1394 1882 1435 notandum:
1928 1410 1946 1431 ι
1976 1394 2104 1436 Unde
2144 1396 2417 1451 Augustinus
2462 1395 2566 1436 illud

376 1458 549 1498 Ioannis
584 1457 890 1512 Evangelistae
924 1469 1160 1511 exponens,
1196 1457 1288 1508 Qui
1315 1457 1368 1497 de
1398 1469 1572 1497 sursum
1603 1457 1728 1503 venit,
1762 1459 1896 1510 super
1929 1469 2074 1497 omnes
2106 1459 2178 1504 est,
2212 1457 2316 1498 dicit
2348 1458 2566 1499 Christum

376 1519 547 1560 venisse
583 1519 637 1560 de
670 1532 852 1566 sursum,
888 1518 998 1558 idest
1032 1518 1085 1558 de
1119 1517 1340 1558 altitudine
1374 1518 1585 1558 humanae
1620 1524 1794 1558 naturae
1828 1524 1926 1558 ante
1960 1523 2183 1572 peccatum
2210 1534 2247 1559 ›.

501 1581 714 1628 Halensis‚
759 1581 877 1621 Sum.
923 1580 1061 1621 Theol.
1096 1586 1200 1634 part.
1235 1580 1304 1627 ΙΙΙ,
1339 1593 1409 1633 qu.
1445 1591 1562 1628 xvm,
1603 1580 1760 1620 memb.
1795 1581 1835 1626 3,
1870 1585 1944 1620 art„
1986 1592 2020 1628 1,
2052 1579 2168 1620 idem
2215 1580 2316 1621 citat
2360 1587 2566 1636 tanquam

376 1644 570 1713 glossam
604 1642 849 1698 Augustini.
885 1642 1090 1683 Albertus
1124 1643 1311 1697 Magnus
1345 1642 1485 1689 etiam,
1509 1642 1565 1682 ΙΙΙ
1589 1642 1717 1688 Sent„
1753 1640 1847 1682 dist.
1870 1652 1960 1689 XVI,
1985 1647 2027 1682 et
2058 1647 2208 1683 auctor
2238 1642 2567 1697 Allegoriaram

375 1706 419 1745 in
453 1705 563 1745 N.ov
608 1705 713 1745 Test.
750 1705 857 1744 inter
890 1704 1035 1758 Opera
1068 1703 1271 1759 Hugonis
1305 1717 1331 1743 a
1363 1702 1408 1744 S.
1433 1703 1611 1744 Victore
1645 1703 1814 1758 (Migne
1845 1709 1872 1744 t.
1910 1702 2034 1758 175),
2069 1703 2141 1744 lib.
2164 1704 2218 1753 V,
2247 1710 2338 1783 cap.
2367 1717 2416 1754 11,
2451 1704 2566 1747 idein

378 1766 626 1822 Augustino
661 1766 933 1806 adscribunt:
969 1765 1083 1820 apud
1118 1778 1247 1819 quem
1281 1771 1424 1805 tamen
1459 1778 1544 1804 non
1580 1765 1797 1819 reperitur.

504 1829 662 1870 Glossa
696 1827 1074 1875 Ordinaria,10an.
1108 1840 1163 1875 111,
1188 1826 1243 1868 ad
1276 1827 1422 1867 verba.
1458 1826 1550 1878 Qui
1578 1825 1630 1867 de
1659 1839 1835 1867 sursum
1865 1827 1984 1867 venit
2008 1832 2107 1868 ete.:
2147 1843 2165 1866 ‹
2192 1801 2569 1871 Alcuinus.1dest

379 1891 433 1932 de
467 1890 687 1931 altitudine
734 1878 945 1930 humanae
989 1895 1162 1930 naturae
1204 1889 1261 1929 ob
1295 1894 1518 1942 peccatum
1564 1888 1687 1942 primi
1732 1889 1944 1943 parentis:
1993 1889 2093 1942 quia
2135 1889 2190 1930 de
2234 1889 2304 1930 illa
2346 1890 2568 1932 altitudine

379 1953 611 2006 assumpsit
643 1952 837 1992 Verbum
872 1951 955 1991 Dei
989 1952 1220 1991 humanam
1254 1957 1487 1991 naturam...
1523 1949 1577 1990 de
1610 1950 1703 2004 ipsa
1735 1950 1851 2004 prius
1885 1963 2015 2004 quam
2049 1957 2246 2005 peccaret
2276 1952 2396 1993 venit
2421 1968 2458 1994 ι.
2515 1965 2560 1998 15*

504 2015 624 2055 Haec
658 2020 799 2054 tamen
835 2027 921 2054 non
956 2013 997 2053 in
1031 2012 1201 2053 Alcuini
1236 2012 1422 2066 scriptis,
1458 2011 1535 2052 sed
1569 2012 1610 2052 in
1645 2012 1765 2052 Scoti
1799 2007 2014 2067 Erigenae
2057 2012 2284 2054 Comment.
2318 2015 2362 2054 in
2394 2015 2567 2069 Evang.

378 2077 555 2117 loannis
587 2076 822 2116 habentur:
857 2078 908 2116 ut
925 2075 969 2115 in
993 2087 1049 2122 eo,
1075 2074 1223 2128 inquit,
1257 2073 1376 2127 quod
1402 2073 1523 2120 dixit,
1550 2073 1776 2114 desursum
1809 2074 1939 2122 venit,
1973 2074 2267 2128 intelligamus
2298 2076 2568 2118 altitudinem

380 2139 600 2179 humanae
638 2141 825 2178 naturae
857 2140 956 2177 ante
987 2137 1128 2190 primi
1161 2135 1347 2176 liomi'ni‘s
1388 2134 1588 2176 delictum
1604 2151 1621 2182 ,·
1668 2135 1721 2176 de
1752 2149 1839 2189 qua
1881 2135 2107 2177 altitudine
2149 2137 2364 2179 hominem
2403 2139 2571 2183 vem'ss'k.

386 2201 605 2241 Christum
638 2213 721 2240 non
755 2199 1003 2239 dubitamus
1031 2215 1066 2238 ».

507 2322 588 2374 Qu.
624 2333 710 2369 xv1‚
746 2328 820 2362 art.
852 2334 917 2368 11,
952 2321 1007 2361 ad
1033 2333 1084 2361 2:
1125 2337 1142 2357 ‹
1173 2320 1301 2361 Unde
1335 2320 1674 2374 Chrysostomus
1705 2324 1839 2376 super
1867 2323 2038 2371 Matth„
2074 2323 2156 2364 hoc
2190 2336 2423 2378 exponens,
2449 2324 2567 2366 dicit:

382 2385 620 2438 signanter
663 2383 785 2431 dixit
838 2383 879 2423 in
922 2389 1033 2423 terra
1079 2381 1319 2422 dimittendi
1366 2387 1556 2436 peccata,
1592 2385 1644 2423 ut
1680 2383 1922 2424 ostenderet
1962 2384 2080 2438 quod
2118 2384 2340 2426 liumanae
2382 2389 2569 2427 naturae

373 2448 630 2501 potestatem
662 2445 900 2486 divinitatis
931 2444 1072 2484 univit
1100 2443 1352 2484 indivisibili
1379 2444 1545 2484 unione.
1596 2445 1723 2496 Quia,
1758 2442 1840 2486 etsi
1855 2445 2012 2499 factus
2043 2449 2108 2486 est
2135 2446 2271 2526 homo,
2307 2450 2450 2488 tamen
2482 2449 2573 2489 Dei

389 2507 577 2548 Verbum
601 2506 851 2560 permansit
875 2523 909 2547 ».

513 2569 674 2610 Calena
707 2568 872 2615 Aurea,
908 2568 1037 2608 Marc.
1074 2580 1166 2621 cap.
1198 2580 1238 2615 11,
1273 2581 1311 2614 a,
1348 2567 1462 2608 idem
1495 2568 1624 2608 habet
1656 2569 1737 2608 sub
1771 2569 1946 2610 nomine
1983 2570 2281 2622 chrysostomi.

509 2631 660 2670 Victor
692 2630 1002 2676 Antiochenus,
1042 2628 1268 2669 Comment.
1303 2629 1346 2668 in
1381 2629 1530 2669 Marci
1557 2630 1727 2683 Evang.
1763 2643 1933 2684 cap.11:
1982 2648 1999 2668 οι
2028 2633 2089 2672 At
2121 2645 2328 2686 quorsum
2362 2633 2571 2682 Servatur

384 2694 556 2749 signum
590 2696 830 2746 patraturus
869 2691 1116 2745 praemittit:
1159 2691 1217 2731 Ut
1245 2694 1389 2731 autem
1430 2692 1578 2732 sciatis
1609 2705 1712 2744 quia
1750 2692 1893 2732 Filius
1928 2693 2113 2734 hominis
2135 2695 2281 2736 habet
2315 2698 2568 2750 potestatem

384 2756 427 2795 in
461 2759 579 2795 terra
621 2753 864 2794 diwmittendi
892 2752 1112 2807 peccata?
1158 2752 1288 2792 Haud
1329 2752 1411 2792 alia
1444 2753 1497 2793 de
1531 2766 1660 2793 causa
1702 2754 1816 2794 istud
1858 2754 1966 2803 facit,
2010 2769 2140 2809 quam
2180 2763 2226 2797 ut
2257 2758 2432 2812 planum
2470 2757 2568 2799 hinc

385 2817 458 2856 fiat
491 2816 722 2856 divinitatis
755 2815 866 2863 vim,
901 2820 1074 2869 propter
1117 2814 1374 2855 indivulsam
1418 2815 1643 2863 unionem,
1678 2816 1719 2855 in
1753 2815 1982 2857 humanam
2025 2831 2202 2872 quoque
2244 2826 2439 2860 naturam
2470 2816 2568 2867 sese

387 2878 635 2918 diffundere.
686 2877 818 2930 Quod
864 2890 969 2932 ergo
1013 2876 1134 2924 dicit,
1171 2876 1383 2917 eiusmodi
1432 2882 1519 2917 est:
1571 2877 1792 2928 Quamvis,
1828 2878 1954 2919 homo
1997 2879 2086 2919 iam
2116 2879 2282 2934 factus,
2317 2894 2414 2923 cum
2444 2881 2568 2922 Deus

387 2940 551 2993 alioqui
579 2953 721 2985 essem,
749 2941 933 2993 propter
963 2939 1109 2978 carnis
1140 2938 1426 2978 oeconomiam
1459 2939 1502 2978 in
1537 2939 1666 2979 terris
1696 2939 1862 2993 degam,
1897 2940 2176 2983 nihilominus
2208 2946 2259 2983 ut
2286 2943 2409 2983 Deus
2437 2942 2567 2996 Signa

388 3001 472 3048 edo,
501 3004 778 3055 peccatorum
810 3000 982 3040 vincula
1017 3000 1168 3040 relaxo
1197 3017 1232 3040 ».

512 3062 635 3115 Quae
668 3063 801 3103 verba
834 3062 875 3102 in
911 3062 1069 3102 Glossa
1103 3062 1207 3102 Ord.
1231 3062 1271 3102 in
1297 3062 1425 3102 Marc.
1451 3075 1540 3116 cap.
1564 3075 1604 3110 11,
1639 3063 1785 3116 paucis
1818 3064 2003 3113 variatis,
2037 3066 2248 3107 habentur
2277 3066 2358 3106 sub
2393 3066 2566 3107 nomine

394 3125 577 3164 Victoris
608 3124 877 3163 Antiocheni.

515 3246 596 3298 Qu.
622 3257 708 3292 X1x,
733 3251 805 3285 art.
839 3257 871 3292 1,
896 3259 984 3300 arg.
1010 3247 1055 3285 3:
1086 3262 1103 3282 ‹
1133 3246 1260 3286 Unde
1285 3252 1326 3287 et
1348 3246 1586 3288 secundum
1609 3249 1932 3304 Philosophum,
1950 3252 2078 3291 actus
2095 3248 2201 3290 sunt
2217 3249 2507 3303 singularium
2529 3266 2564 3291 ›.

515 3307 787 3354 Aristoteles,
826 3307 843 3346 Ι
878 3306 1135 3360 Μείαρίιγε.,
1179 3321 1266 3361 cap.
1302 3321 1331 3356 1,
1368 3322 1406 3348 n.
1442 3311 1494 3349 6:
1532 3315 1568 3348 αἱ
1595 3307 1633 3348 δὲ
1661 3307 1802 3359 πράξεις
1830 3313 1894 3347 καὶ
1922 3313 1960 3346 αἱ
1985 3313 2137 3358 «savio-tie
2163 3314 2282 3345 πᾶσαι
2309 3312 2387 3358 περὶ
2415 3313 2457 3346 τὸ
2485 3309 2564 3346 καθ’

391 3378 545 3412 ἕκαστόν
575 3377 673 3410 ὲισιν.
728 3367 859 3419 Quod
902 3367 1179 3421 interpretans
1221 3369 1263 3408 S.
1299 3369 1504 3418 Thomas,
1538 3369 1556 3408 Ι
1589 3367 1828 3421 Metapliys.
1863 3366 1953 3407 lect.
1988 3377 2013 3412 1,
2048 3364 2172 3405 dicit:
2221 3364 2426 3405 Actiones
2465 3368 2570 3406 sunt

392 3431 506 3470 circa
538 3429 782 3482 singularia
817 3433 859 3469 et
886 3429 1176 3482 singularium
1209 3432 1253 3469 et
1280 3443 1424 3470 omnes
1451 3429 1761 3483 generationes.
1796 3427 1868 3469 Sic
1900 3426 2055 3481 legitur
2086 3425 2203 3466 iuxta
2230 3425 2424 3466 codicem
2457 3427 2564 3467 anti-

393 3491 657 3544 quissimum.
692 3491 822 3531 Piana
856 3504 933 3544 pro
968 3493 1011 3530 et
1038 3503 1210 3530 omnes:
1241 3493 1345 3530 sunt
1371 3504 1526 3531 omnes.
1561 3491 1678 3537 Item,
1714 3490 1782 3530 lib.
1818 3489 1871 3536 V,
1905 3488 1997 3529 lect.
2030 3499 2086 3535 111,
2121 3487 2166 3528 S.
2200 3487 2392 3528 Doctor:
2426 3487 2567 3529 Actus

390 3552 638 3606 singulares
667 3555 777 3599 sunt,
802 3555 852 3592 ut
870 3553 913 3592 in
937 3552 1084 3592 Primo
1106 3552 1235 3592 liuius
1267 3552 1461 3592 habitum
1483 3555 1575 3592 est:
1609 3552 1680 3591 ubi
1704 3551 1836 3592 Plana
1858 3562 1935 3604 pro
1961 3548 2231 3602 singulares:
2261 3549 2563 3602 singularium.
