2872 3970
220 345 256 375 et
274 335 426 385 Ioseph:
457 336 542 384 quia
570 336 607 371 in
636 345 751 371 carne
772 334 919 382 peccati
924 335 1020 382 fieri
1043 346 1117 370 non
1136 339 1279 382 poterat

218 392 297 428 sine
322 389 398 426 ulla
416 386 428 409 θ
457 389 581 424 carnis
614 387 917 435 concupiscentia,
944 398 1039 435 quae
1065 386 1196 422 accidit
1229 398 1279 422 ex

211 447 383 494 peccato,
410 442 490 478 sine
517 452 590 489 qua
617 440 763 488 concipi
792 438 904 476 voluit
932 440 996 488 qui
1009 439 1166 486 futurus
1198 444 1277 476 erat

216 496 296 532 sine
315 499 482 544 peccato.

270 547 438 594 Quarto,
478 551 635 595 propter
674 544 803 593 ipsum
843 543 964 580 finem
1005 543 1274 581 incarnationis

138 634 142 638 .
192 598 371 647 Christi,
407 597 500 648 qui*
535 597 584 634 ad
611 598 688 633 hoc
718 596 787 633 fuit
813 604 856 633 ut
887 596 1065 633 homines
1103 609 1273 633 renasce-

215 659 345 690 rentur
370 650 410 688 in
436 649 536 687 filios
560 649 643 695 Dei,
665 661 738 686 non
768 662 817 686 ex
842 649 1028 687 voluntate
1055 651 1188 694 carnis,
1211 662 1272 686 ne-

143 700 192 747 ’ἔξω
215 716 284 764 que
310 716 360 741 ex
384 703 570 741 voluntate
596 703 678 748 viri,
697 702 763 739 sed
779 714 829 740 ex
845 703 927 740 Deo
945 701 975 746 ⁹⁸,
1005 701 1100 739 idest
1129 714 1174 739 ex
1200 702 1270 739 Dei

151 762 158 774 ’
214 755 362 794 virtute.
401 754 521 793 Cuius
549 754 603 792 rei
631 756 826 804 exemplar
853 766 1037 804 apparere
1070 755 1201 791 debuit
1232 755 1271 792 in

214 810 296 859 ipsa
323 808 572 857 conceptione
611 807 760 844 Christi.
800 807 911 845 Unde
948 807 1202 855 Augustinus,
1231 807 1271 844 in

213 862 309 900 libro
336 862 382 898 de
399 863 534 898 Sancta
562 861 778 910 Virginitate
795 860 831 896 *ε
866 861 1062 909 Oportebat
1080 867 1189 909 caput
1208 873 1270 897 no-

131 958 144 962 μ
211 920 338 960 strum,
367 915 507 964 insigni
531 913 712 950 miraculo
731 919 758 960 ¹,
786 913 987 950 secundum
1007 925 1141 962 corpus
1169 915 1273 950 nasci

213 967 258 1005 de
282 968 441 1017 virgine,
462 972 500 1003 ut
516 967 744 1016 significaret
771 967 939 1003 membra
966 978 1034 1002 sua
1061 966 1106 1002 de
1123 967 1271 1016 virgine

211 1020 376 1059 Ecclesia
401 1019 603 1056 secundum
629 1020 797 1068 spiritum
827 1019 1024 1055 nascitura.

264 1073 321 1110 An
340 1084 475 1109 ramum
495 1083 593 1109 ERGO
612 1083 792 1108 mci-:Nisum
812 1071 931 1120 quod,
960 1071 1056 1107 sicut
1083 1071 1190 1108 Beda
1216 1071 1269 1107 di-

132 1123 186 1166 '²511,
212 1124 279 1172 cit,
306 1137 419 1174 super
445 1126 534 1161 Luc.
555 1124 586 1170 ³¹⁸,
609 1130 720 1174 pater
747 1124 947 1162 Salvatoris
975 1124 1182 1173 appellatur
1207 1125 1268 1160 Io-

209 1179 316 1229 seph,
345 1190 419 1214 non
449 1177 548 1227 quod
578 1189 682 1223 vere,
712 1178 816 1213 iuxta
842 1177 1082 1213 Photinianos
1104 1174 1135 1223 λ,
1158 1182 1270 1225 pater

126 1246 131 1250 ‘¹
200 1231 321 1280 fixerit
347 1232 400 1267 ei:
425 1230 491 1267 sed
507 1230 614 1279 quod,
634 1230 685 1266 ad
699 1230 854 1277 famam
872 1231 1027 1267 Mariae
1049 1241 1268 1267 conservan-

187 1283 309 1330 dam,
323 1289 434 1333 pater
459 1284 504 1320 sit
530 1284 578 1320 ab
596 1283 804 1319 hominibus
831 1283 1066 1319 existimatus.
1097 1282 1207 1319 Unde
1232 1290 1268 1319 et

130 1379 132 1381 ,
133 1303 179 1385 ξ-
209 1337 304 1377 Luc.
325 1348 359 1373 111
376 1335 396 1358 *
424 1335 576 1372 dicitur:
610 1337 657 1373 Ut
677 1337 892 1385 putabatur,
909 1335 1018 1382 filius
1043 1336 1188 1384 Ioseph.

129 1389 138 1414 =‘
262 1389 343 1436 Vel,
373 1388 468 1425 sicut
495 1387 731 1436 Augustinus
759 1387 866 1431 dicit,
895 1387 935 1424 in
961 1387 1057 1424 libro
1086 1387 1131 1424 de
1157 1389 1266 1425 Bono

126 1438 159 1487 ’ᾗ
213 1441 446 1491 Coniugali*
447 1453 519 1489 ,eo
539 1441 660 1478 modo
677 1447 786 1490 pater
805 1439 944 1477 Christi
969 1440 1106 1477 dicitur
1129 1441 1267 1490 Ioseph

176 1491 184 1504 ’
208 1506 287 1547 quo
316 1502 352 1532 et
377 1495 436 1532 vir
462 1495 616 1532 Mariae
643 1494 872 1554 intelligitur,
900 1495 979 1530 sine
1003 1495 1267 1531 commixtione

119 1575 137 1592 s
207 1549 342 1593 carnis,
371 1549 450 1596 ipsa
477 1547 709 1596 copulatione
735 1547 918 1596 coniugii.-
955 1546 1069 1584 multo
1102 1547 1266 1584 videlicet

207 1601 434 1638 coniunctius
453 1612 565 1649 quam
582 1601 616 1636 si
632 1605 721 1636 esset
739 1599 888 1636 aliunde
906 1599 1108 1648 adoptatus.
1133 1600 1266 1648 Neque

131 1665 164 1679 ι
207 1654 305 1690 enim
327 1659 529 1703 propterea
558 1664 633 1689 non
663 1658 743 1689 erat
769 1652 1010 1701 appellandus
1035 1653 1168 1701 Ioseph
1195 1665 1265 1702 pa-

119 1700 123 1707 ’
205 1711 262 1743 ter
278 1707 414 1743 Christi
431 1707 516 1756 quia
545 1717 619 1742 non
647 1717 732 1742 eum
760 1705 1037 1742 concumbendo
1065 1711 1266 1754 genuerat.

206 1759 500 1808 quandoquidem
523 1764 633 1808 pater
659 1764 748 1795 esset
775 1759 884 1794 etiam
912 1759 948 1794 ei
973 1770 1092 1807 quem,
1122 1770 1196 1795 non
1216 1770 1266 1795 ex

204 1823 273 1849 sua
300 1813 460 1861 coniuge
481 1816 734 1860 procreatum,
764 1806 913 1848 aliunde
940 1810 1154 1859 adoptasset.

257 1865 314 1901 An
340 1876 529 1902 SECUNDUM
547 1875 728 1901 DICENDUM
747 1863 865 1912 quod,
886 1862 981 1899 sicut
1000 1862 1267 1912 Hieronymus

124 1917 147 1970 '²4
205 1916 312 1964 dicit,
340 1929 451 1967 super
476 1917 610 1953 Matth.
630 1915 669 1962 ²¹²,
699 1928 784 1952 cum
811 1917 944 1965 Ioseph
982 1928 1056 1952 non
1088 1917 1132 1952 szt
1153 1921 1264 1965 pater

204 1970 360 2008 Domini
391 1970 593 2007 Salvator-is
603 1998 613 2015 ,
643 1969 735 2006 ordo
763 1970 1014 2018 generationis
1048 1970 1124 2005 eius
1151 1981 1264 2018 usque

116 2046 128 2071 χ,
204 2023 255 2060 ad
278 2023 411 2072 Ioseph
439 2022 639 2068 deducitur,
659 2021 786 2071 primo
807 2021 976 2071 quidem,
997 2021 1088 2070 quia
1116 2034 1190 2058 non
1214 2027 1264 2058 est

135 2083 150 2122 :j
203 2075 471 2113 consuetudinis
499 2076 776 2124 Scripturarum
804 2080 842 2111 ut
868 2074 1065 2111 mulierum
1094 2075 1131 2111 in
1152 2086 1262 2124 gene-

130 2141 137 2178 3
203 2129 405 2166 rationibus
433 2128 524 2165 ordo
552 2133 711 2164 texatur.
739 2149 765 2154 -
794 2127 953 2172 Deinde,
983 2139 1032 2164 ex
1059 2140 1134 2164 una
1166 2129 1262 2164 tribu

118 2215 141 2230 ,Η
194 2182 272 2230 fuit
297 2183 429 2219 Maria
457 2187 489 2217 et
511 2182 655 2230 Ioseph.
689 2180 795 2218 Unde
821 2192 871 2216 ex
889 2185 906 2208 μ
933 2179 1017 2229 lege
1048 2192 1131 2217 eam
1167 2181 1261 2216 acci-

197 2246 291 2284 pere
325 2235 529 2284 cogebatur
562 2239 600 2270 ut
621 2235 885 2283 propinquam.
915 2255 940 2259 —
969 2233 1031 2279 Et,
1060 2240 1102 2269 ut
1134 2233 1260 2280 Augu-

125 2301 179 2335 p.
202 2286 322 2325 stinus
347 2286 447 2334 dicit,
463 2286 503 2323 in
521 2285 618 2323 libro
638 2286 683 2323 de
695 2287 844 2335 Nuptiis
863 2291 896 2322 et
914 2287 1217 2335 Concupiscentia
1230 2285 1261 2332 ²⁸,

192 2340 271 2388 fuit
295 2341 580 2390 generationum
610 2340 722 2376 series
749 2351 862 2388 usque
889 2338 940 2375 ad
965 2339 1098 2388 Ioseph
1124 2339 1262 2388 perdu-

181 2393 332 2439 lcenda,
353 2405 400 2430 ne
427 2394 464 2429 in
493 2393 555 2429 illo
585 2393 761 2441 coniugio
788 2391 888 2429 virili
912 2393 1030 2437 sexui,
1051 2393 1172 2440 utique
1192 2404 1262 2441 po-

253 2523 278 2559 θ)
298 2526 362 2551 ulla.
378 2539 398 2544 -
416 2525 463 2550 illa
481 2525 535 2554 ΑΕ,
550 2524 681 2557 pudenda
700 2524 744 2549 sB.

254 2560 274 2595 ι)
291 2561 344 2594 qui.
361 2575 381 2580 -
397 2568 465 2594 quae
483 2560 548 2586 PGI.

247 2595 279 2630 a)
298 2595 399 2630 insigni
417 2596 587 2622 miracula-
567 2598 715 2627 -propter
729 2594 789 2628 (per
803 2593 853 2629 εΗ)
869 2594 973 2628 insigne
992 2594 1150 2620 miraculum
1165 2594 1261 2620 FHIbc.

253 2630 282 2665 λ)
301 2632 382 2658 iuxta
399 2631 583 2657 photinianos.
599 2645 619 2650 —-
637 2631 698 2656 Om.
717 2630 771 2656 FG.

254 2666 283 2702 μ.)
301 2674 347 2693 ex.
365 2681 385 2686 -
402 2670 428 2692 et
445 2667 527 2692 tertia.

261 2886 326 2919 duo
352 2886 444 2918 fiunt.
482 2887 606 2923 Primo,
637 2885 848 2927 respondetur
881 2887 1025 2926 quaesito
1056 2886 1258 2916 affirmative:

123 2927 154 2962 ⁴⁴,
202 2930 311 2962 Mam
327 2931 447 2962 Christi
469 2931 614 2971 concepit
628 2931 733 2972 virgo.
757 2930 912 2960 Probatur
928 2940 965 2960 ex
984 2931 1159 2960 contrario:
1185 2931 1260 2970 quia

125 2980 161 3016 ἐξ,
183 2975 395 3006 *contrarium
419 2979 466 3005 est
490 2974 637 3010 haeresis,
659 2979 718 3005 etc.
741 2992 765 2996 —
787 2974 954 3010 Secundo,
979 2975 1153 3014 assignatur
1180 2975 1259 3004 ratio

120 3014 161 3053 si.-
201 3018 398 3060 quadruplex
432 3019 673 3049 convenientiae
705 3017 794 3058 quod
824 3019 869 3048 sic
892 3018 996 3048 fuerit.
1026 3036 1050 3041 -
1081 3018 1122 3049 Et
1151 3018 1260 3048 omnia

179 3094 183 3098 ,
201 3062 284 3094 elate
306 3067 416 3103 patent
437 3063 471 3092 in
493 3062 605 3092 littera.

248 3106 290 3138 ,Si
311 3112 419 3138 tamen
448 3106 588 3136 novitius
610 3115 679 3136 non
701 3105 847 3145 intelligit
869 3106 1110 3146 corruptionem
1133 3106 1257 3141 cordis,

204 3151 293 3182 cuius
315 3151 462 3182 meminit
484 3149 624 3180 secunda
646 3149 736 3185 ratio,
761 3150 837 3179 sciat
860 3159 919 3180 cor
940 3159 999 3189 pro
1015 3155 1123 3180 mente
1139 3159 1195 3180 seu
1211 3150 1259 3179 in-

201 3194 330 3226 telleetu
352 3195 445 3225 sumi.
471 3193 646 3234 Corruptio
670 3198 777 3223 autem
796 3193 975 3223 intellectus
997 3202 1064 3223 non
1081 3192 1259 3223 secundum

201 3237 418 3275 suBstantiam‚
439 3237 496 3269 sed
510 3237 688 3268 secundum
705 3237 925 3277 operationem
941 3236 1120 3267 attenditur.
1146 3236 1259 3267 Omnis

204 3282 289 3313 enim
311 3282 452 3313 defectus
475 3283 508 3312 in
530 3280 737 3321 intelligendo
769 3281 932 3320 corruptio
956 3280 1113 3320 quaedam
1136 3281 1258 3310 intelle-

202 3330 273 3356 ctus
288 3331 348 3357 eet:
365 3327 446 3357 sicut
461 3326 566 3357 omnis
582 3325 757 3365 deperditio
773 3325 906 3355 alicuius
921 3325 966 3354 rei
982 3325 1144 3364 corruptio
1162 3333 1259 3363 quae-

204 3367 280 3401 dam
299 3370 333 3400 in
354 3375 467 3401 natura
489 3375 546 3400 est.
570 3369 655 3407 Quia
677 3369 772 3409 igitur
795 3368 937 3399 defectus
960 3368 1139 3398 intellectus
1162 3368 1196 3398 in
1211 3368 1259 3398 in-

205 3412 374 3453 telligendo
399 3413 494 3445 efficit
521 3419 557 3444 ut
579 3413 757 3444 intellectus
786 3411 1008 3443 defectuosum
1035 3421 1167 3452 quoque
1190 3421 1258 3442 ver—

203 3455 282 3487 bum
297 3456 412 3488 formet
435 3457 647 3498 concipiendo
663 3456 742 3487 illud
757 3455 847 3496 quod
862 3457 906 3486 sic
921 3455 1075 3486 defective
1098 3455 1256 3495 intelligit;

206 3499 262 3539 qui
283 3501 368 3531 enim
389 3502 572 3542 imperfecte
602 3501 748 3541 intelligit
778 3500 878 3530 leonis
901 3505 1056 3535 naturam,
1080 3499 1257 3540 perfectum

888 255 1151 302 QUAESTIO
1180 255 1351 302 XXVIII,
1385 255 1676 293 ARTICULUS
1705 257 1719 293 I

204 3551 337 3584 quoque
358 3545 491 3576 verbum
511 3545 549 3576 de
564 3551 675 3576 natura
698 3545 799 3575 leonis
823 3545 996 3584 exprimere
1020 3545 1104 3574 intus
1127 3544 1256 3584 nequit:
1284 3569 1286 3576 .

2317 256 2390 294 303

1330 335 1433 379 tiori,
1449 336 1564 382 fieret
1591 336 1747 371 iniuria.-
1781 346 1866 370 cum
1893 336 2038 371 veritati
2065 335 2155 371 nihil
2190 336 2389 385 deperiret,

1332 388 1417 435 quia
1452 399 1501 423 ex
1532 389 1672 423 semine
1697 387 1823 424 David
1849 392 1881 422 et
1908 388 2040 436 Ioseph
2073 394 2153 424 erat
2185 394 2218 424 et
2244 389 2386 425 Maria.

1382 439 1439 476 AD
1458 451 1616 485 TERTnJM
1643 451 1823 476 DICENDUM
1843 440 1961 487 quod,
1982 439 2078 476 sicut
2098 440 2234 477 Glossa
2251 440 2271 461 ²¹⁶
2299 440 2389 477 dicit

1329 490 1484 539 ibidem,
1508 507 1526 525 «
1549 492 1741 528 mulierem
1764 507 1782 525 »
1799 504 1874 541 pro
1897 493 2074 540 «semina
2092 508 2110 526 »
2127 495 2261 541 posuit,
2283 505 2388 530 more

1300 545 1302 547 ’
1327 545 1519 581 locutionis
1547 546 1821 582 Hebraeorum.
1862 546 1956 582 Usus
1983 546 2081 581 enim
2109 546 2310 582 Hebraeae
2337 546 2387 582 lo-

1327 599 1482 634 cutionis
1509 598 1680 634 mulieres
1707 597 1808 643 dicit,
1839 609 1912 633 non
1941 599 2153 647 virginitate
2180 604 2384 647 corruptas,

1325 651 1391 686 sed
1405 651 1585 697 feminas.
1731 682 1734 683 ν

1378 703 1435 739 Αι)
1465 715 1636 745 QUARTUM
1659 714 1840 740 DICENDUM
1869 703 1975 751 quod
1995 703 2089 740 ratio
2109 702 2171 739 illa
2190 703 2305 740 habet
2333 704 2386 739 lo-

1325 767 1416 791 cum
1444 755 1484 792 in
1511 755 1570 792 his
1607 767 1707 804 quae
1743 756 1959 804 procedunt
1994 755 2034 792 in
2067 768 2148 792 esse
2185 768 2256 805 per
2281 755 2386 792 viam

1325 816 1501 845 naturae:
1538 820 1585 845 eo
1614 808 1721 857 quod
1749 816 1900 854 natura,
1930 808 2026 845 sicut
2054 817 2109 845 est
2136 808 2386 845 determinata

1324 861 1373 897 ad
1401 873 1526 897 unum
1555 861 1746 907 effectum,
1767 861 1817 898 ita
1845 869 1900 897 est
1927 861 2042 898 etiam
2068 861 2318 898 determinata
2337 861 2386 898 ad

1324 925 1449 950 unum
1469 914 1634 950 modum
1647 914 1887 963 producendi
1907 914 2026 951 illum.
2053 915 2128 951 Sed
2151 927 2242 951 cum
2265 914 2385 951 virtus

1324 966 1621 1015 supernaturalis
1641 966 1771 1003 divina
1789 966 1908 1015 possit
1927 966 1966 1003 in
1986 966 2133 1004 infinita
2147 973 2169 1014 ⁹,
2191 967 2286 1004 sicut
2305 979 2386 1004 non

1323 1027 1378 1055 est
1405 1019 1655 1062 determinata
1683 1020 1731 1056 ad
1759 1032 1885 1056 unum
1913 1020 2114 1066 effectum,
2144 1020 2194 1057 ita
2221 1032 2302 1057 non
2331 1027 2386 1057 est

1322 1071 1573 1108 determinata
1606 1072 1654 1108 ad
1683 1072 1848 1108 modum
1882 1073 2122 1121 producendi
2157 1085 2385 1121 quemcum-

1323 1136 1399 1173 que
1428 1125 1621 1161 effectum.
1652 1125 1700 1160 Et
1727 1124 1826 1171 ideo,
1854 1124 1950 1161 sicut
1977 1125 2115 1162 virtute
2144 1126 2274 1162 divina
2302 1125 2385 1162 fieri

1321 1176 1445 1226 potuit
1472 1184 1514 1213 ut
1541 1176 1689 1225 primus
1718 1178 1839 1214 homo
1868 1178 1912 1214 de
1939 1178 2027 1215 limo
2055 1184 2178 1215 terrae
2202 1178 2384 1215 formare-

1321 1237 1383 1266 tur
1410 1229 1449 1276 ’.¹‘,
1483 1229 1534 1266 ita
1571 1229 1686 1266 etiam
1721 1229 1805 1266 fieri
1840 1230 1964 1278 potuit
2001 1238 2043 1267 ut
2079 1230 2210 1267 divina
2245 1230 2383 1268 virtute
2412 1243 2421 1253 ·

1321 1294 1462 1331 corpus
1492 1281 1630 1319 Christi
1658 1282 1887 1319 formaretur
1914 1283 1962 1319 de
1990 1282 2135 1331 virgine
2155 1283 2300 1332 absque
2329 1283 2383 1320 vi-

1292 1355 1294 1360 ·
1321 1335 1378 1372 rili
1406 1335 1564 1372 semine.

1373 1389 1430 1425 An
1459 1400 1619 1431 QUINTUM
1646 1400 1827 1425 DICENDUM
1856 1389 1980 1437 quod,
2011 1389 2224 1426 secundum
2255 1389 2383 1426 Philo-

1320 1442 1505 1490 sophum,
1535 1441 1574 1477 in
1603 1440 1699 1478 libro
1728 1442 1773 1477 de
1804 1442 1975 1478 Generat.
2004 1443 2169 1479 Animal.
2189 1442 2219 1489 *⁷
2249 1454 2383 1478 semen

1319 1494 1435 1531 maris
1454 1506 1534 1531 non
1555 1501 1610 1530 est
1631 1493 1727 1530 sicut
1755 1493 1913 1531 materia
1932 1494 1971 1531 in
1991 1495 2242 1544 conceptione
2263 1493 2274 1520 Ε
2302 1494 2382 1531 ani-

1318 1547 1438 1593 malis,
1460 1547 1528 1583 sed
1555 1548 1683 1583 solum
1711 1546 1807 1583 sicut
1826 1559 1961 1595 agens:
1991 1549 2072 1584 sola
2090 1555 2221 1584 autem
2239 1547 2383 1585 femina

1319 1599 1518 1636 materiam
1546 1599 1806 1636 subministrat
1834 1599 1873 1636 in
1901 1608 2090 1649 conceptu
2114 1606 2138 1637 ⁰.
2173 1601 2284 1638 Unde
2313 1613 2383 1650 per

1318 1654 1394 1690 hoc
1430 1653 1537 1702 quod
1574 1664 1707 1689 semen
1745 1652 1861 1689 maris
1898 1653 2016 1690 defuit
2053 1654 2092 1690 in
2129 1653 2381 1702 conceptione

1318 1705 1490 1754 corporis
1519 1705 1676 1752 Christi,
1705 1717 1786 1742 non
1814 1705 1986 1754 sequitur
2013 1707 2121 1755 quod
2153 1706 2314 1743 defuerit
2346 1706 2381 1743 ei

1318 1758 1445 1795 debita
1473 1757 1642 1795 materia.

1371 1810 1411 1847 Si
1430 1818 1561 1847 tamen
1588 1822 1722 1847 semen
1741 1810 1857 1847 maris
1877 1819 1974 1847 esset
1992 1811 2151 1848 materia
2169 1811 2266 1848 fetus
2289 1824 2380 1848 con-

1317 1863 1416 1912 cepti
1434 1863 1474 1900 in
1493 1863 1722 1900 animalibus
1737 1869 1765 1909 π,
1786 1863 2031 1900 manifestum
2050 1872 2179 1900 tamen
2200 1872 2254 1901 est
2273 1865 2380 1913 quod

1317 1928 1397 1952 non
1425 1923 1480 1952 est
1499 1915 1657 1952 materia
1675 1928 1906 1965 permanens
1934 1917 1973 1953 in
2002 1917 2139 1954 eadem
2157 1917 2291 1964 forma,
2313 1917 2380 1954 sed

1317 1968 1475 2006 materia
1502 1976 1763 2006 transmutata.
1794 1970 1842 2006 Et
1861 1969 2039 2018 quamvis
2058 1969 2178 2006 virtus
2198 1970 2379 2007 naturalis

1317 2034 1398 2058 non
1425 2021 1544 2071 possit
1571 2029 1824 2059 transmutare
1860 2023 1908 2059 ad
1936 2030 2079 2059 certam
2107 2023 2272 2059 formam
2307 2023 2379 2059 nisi

1318 2074 1610 2111 determinatam
1647 2075 1865 2122 materiam,
1904 2075 2023 2112 virtus
2062 2083 2192 2112 tamen
2228 2075 2377 2123 divina,

1317 2135 1491 2176 quaeest
1510 2127 1667 2174 infinita,
1687 2135 1813 2176 potest
1839 2135 2092 2165 transmutare
2113 2141 2273 2165 omnem
2297 2141 2377 2166 ma-

1316 2179 1451 2216 teriam
1487 2179 1527 2216 in
1564 2192 1853 2229 quamcumque
1890 2181 2067 2218 formam.
2110 2181 2243 2228 Unde,
2282 2181 2378 2218 sicut

1315 2232 1581 2270 transmutavit
1609 2232 1746 2269 limum
1765 2241 1885 2270 terrae
1914 2233 1953 2270 in
1973 2246 2113 2282 corpus
2141 2234 2248 2271 Adae
2267 2234 2297 2281 ³¹²,
2327 2234 2378 2271 ita

1317 2286 1355 2323 in
1384 2298 1524 2334 corpus
1558 2285 1697 2322 Christi
1731 2293 1984 2323 transmutare
2020 2286 2145 2335 potuit
2177 2287 2377 2324 materiam

1317 2351 1339 2375 a
1357 2346 1478 2375 matre
1497 2337 1760 2385 ministratam,
1782 2338 1895 2375 etiam
1915 2338 1946 2375 si
1965 2351 2045 2376 non
2065 2347 2162 2376 esset
2183 2339 2376 2377 sufficiens

1317 2391 1476 2428 materia
1503 2391 1551 2428 ad
1581 2393 1790 2428 naturalem
1821 2399 2063 2441 conceptum.

1367 2522 1390 2556 ν’)
1411 2524 1466 2548 Sed
1483 2531 1542 2549 cum
1563 2523 1674 2549 virtus...
1689 2524 1777 2555 possit
1796 2523 1821 2548 in
1842 2523 1953 2557 infinita.
1972 2537 1991 2542 —
2010 2523 2064 2548 Sed
2082 2530 2141 2548 cum
2164 2523 2275 2549 virtus...
2290 2524 2378 2555 possit

1314 2559 1414 2584 virtute
1432 2559 1538 2592 infinita
1551 2559 1580 2588 F,
1600 2559 1653 2583 Sed
1672 2559 1783 2584 virtus...
1795 2566 1854 2584 cum
1867 2559 1903 2583 sit
1917 2557 1986 2592 (cum
2005 2558 2040 2583 sit
2058 2567 2111 2583 om.
2125 2558 2159 2592 G)
2173 2559 2277 2592 infinita
2295 2559 2386 2591 tertia„

1368 2593 1392 2628 ξ)
1411 2595 1589 2627 conceptione.
1608 2608 1627 2612 —
1645 2594 1664 2618 F
1683 2599 1708 2618 et
1727 2595 1813 2624 tertia3
1832 2594 2031 2626 compositione.

1369 2630 1394 2664 ο)
1414 2630 1440 2654 in
1460 2632 1596 2661 conceptu.
1614 2644 1633 2648 -
1650 2629 1788 2661 conceptui
1806 2630 1886 2655 tertia.

1368 2664 1399 2700 π)
1417 2666 1586 2690 animalibus.
1603 2680 1623 2684 —
1641 2665 1674 2696 1³3
1694 2666 1763 2690 aliis.

872 2753 1205 2786 Commentaria
1229 2753 1478 2786 cardinatis
1501 2753 1700 2786 Caietani

203 2853 367 2917 Trrtnus
391 2842 430 2874 de
453 2843 630 2883 virginitate
653 2842 770 2873 carnali
791 2842 984 2882 intelligitur.
1007 2861 1031 2865 —
1058 2843 1093 2872 In
1125 2852 1260 2882 corpore
1314 2842 1388 2872 ideo
1408 2843 1442 2872 in
1457 2842 1559 2872 littera
1583 2841 1696 2871 dicitur
1720 2840 1809 2880 quod
1833 2839 1936 2870 cordis
1960 2840 2123 2879 corruptio
2147 2838 2280 2879 impedit
2302 2849 2375 2879 per-

1315 2886 1489 2917 fectionem
1512 2886 1609 2916 verbi.

1369 2930 1406 2960 II.
1431 2930 1467 2959 In
1482 2930 1691 2969 responsione
1707 2928 1747 2958 ad
1762 2928 1912 2967 primum,
1929 2927 2025 2957 habes
2043 2927 2157 2967 Ioseph
2173 2932 2295 2967 patrem
2312 2927 2374 2958 dici

1315 2974 1431 3004 Christi
1454 2983 1527 3003 vere
1544 2973 1727 3012 dupliciter,
1751 2972 1801 3001 vel
1824 2972 1980 3011 putative,
2004 2971 2054 3001 vel
2078 2971 2202 3001 officio:
2229 2972 2373 3011 quamvis

1314 3027 1381 3048 non
1405 3017 1464 3047 fuit
1487 3022 1576 3057 pater
1599 3017 1813 3056 generatione.

1369 3062 1404 3091 In
1427 3061 1636 3100 responsione
1660 3059 1699 3090 ad
1722 3060 1860 3094 tertium,
1885 3058 2021 3098 adiunge
2045 3058 2085 3088 ad
2108 3058 2256 3089 Glossam
2283 3059 2372 3099 quod

1313 3115 1373 3135 nec
1397 3104 1574 3135 secundum
1597 3104 1711 3133 latinae
1727 3103 1854 3142 linguae
1877 3103 2104 3143 proprietatem
2120 3103 2237 3133 mulier
2251 3108 2298 3133 est
2313 3113 2373 3134 no-

1313 3159 1388 3179 men
1419 3148 1648 3188 corruptionis:
1682 3146 1737 3177 sed
1759 3147 1908 3177 naturalis
1929 3147 2129 3187 proprietatis
2153 3147 2289 3177 feminae
2312 3148 2372 3178 hu-

1313 3202 1435 3222 manae.
1460 3192 1552 3232 Dicta
1568 3197 1614 3221 est
1630 3192 1715 3221 enim
1738 3191 1852 3221 mulier
1868 3191 1958 3231 quasi
1973 3191 2110 3226 mollier,
2127 3201 2145 3221 a
2161 3191 2295 3222 mollitie
2309 3191 2326 3210 *
2342 3197 2373 3222 et

1314 3237 1411 3266 animi
1434 3241 1465 3266 et
1488 3236 1641 3275 corporiS.

1369 3280 1419 3310 111.
1444 3279 1479 3309 In
1502 3279 1711 3319 responsione
1734 3279 1773 3309 ad
1797 3284 1962 3319 quartum,
1998 3279 2132 3310 dubium
2155 3289 2308 3319 magnum
2338 3280 2371 3310 in

1313 3323 1517 3364 philosophia
1547 3329 1745 3360 occurreret,
1777 3324 1803 3354 si
1833 3324 2038 3364 philosophia
2064 3333 2151 3354 nunc
2179 3323 2370 3360 traderetur,

1314 3373 1470 3407 quantum
1492 3367 1630 3397 veritatis
1660 3368 1772 3398 habeat
1799 3368 1901 3398 littera
1923 3368 2019 3402 haec,
2045 3367 2168 3397 dicens:
2192 3367 2288 3398 Ratio
2313 3368 2371 3399 illa

1312 3411 1405 3442 habet
1427 3412 1532 3442 locum
1557 3411 1588 3441 in
1613 3412 1662 3442 his
1684 3421 1766 3452 quae
1782 3411 1965 3453 procedunt
1988 3412 2019 3442 in
2044 3421 2110 3442 esse
2126 3421 2190 3451 per
2213 3412 2296 3442 viam
2313 3422 2371 3442 na-

1313 3460 1421 3490 turae,
1452 3465 1488 3485 eo
1512 3455 1598 3496 quod
1621 3460 1756 3491 natura,
1787 3456 1870 3486 sicut
1899 3460 1945 3486 est
1966 3455 2176 3486 determinata
2206 3455 2249 3486 ad
2272 3465 2371 3486 unum

1312 3499 1467 3540 effectum,
1493 3500 1537 3529 ita
1556 3505 1602 3530 est
1617 3499 1827 3530 determinata
1848 3500 1891 3530 ad
1907 3510 2005 3530 unum
2021 3499 2150 3530 modum
2167 3499 2372 3540 producendi

1313 3544 1413 3574 illum.
1442 3543 1546 3574 Habet
1569 3543 1726 3583 siquidem
1750 3545 1910 3574 instantias
1934 3544 1967 3574 in
1991 3543 2243 3580 elementaribus,
2260 3544 2293 3574 in
2317 3554 2371 3575 ve-

2418 453 2427 462 ·
2442 452 2499 474 Ord.

2443 1242 2500 1264 Gen.
2524 1249 2575 1272 cap.
2597 1250 2622 1270 n,

2411 1275 2469 1291 vern.
2485 1276 2506 1297 7.

2409 1450 2518 1503 xxlisslibl.
2525 1457 2583 1505 15:³1³
2596 1458 2620 1477 Π,

2409 1509 2444 1530 1v;
2455 1504 2493 1525 lib.
2500 1503 2540 1531 IV,
2548 1484 2621 1532 0:3³¹:

2507 1531 2519 1562 Ξ

2506 1619 2520 1634 0

2404 2244 2415 2255 ’
2430 2243 2464 2265 Cf.
2476 2249 2536 2272 resp.
2550 2245 2579 2266 ad
2593 2251 2617 2271 4.

2399 3194 2501 3216 ‘Isidon
2509 3194 2612 3223 Etymol.

2398 3221 2438 3243 lib.
2454 3221 2598 3249 X1,cnp.n.
