2872 3970
277 679 287 690 ⁸
302 677 368 700 Vers.
383 684 404 704 2,
418 684 439 706 3.

273 1736 282 1746 ·
297 1736 362 1758 Vers.
377 1742 411 1765 37-

520 287 599 334 426

517 428 597 454 non
618 416 892 453 convenienter
918 416 1016 453 circa
1036 415 1214 452 homines
1232 415 1418 452 miracula
1434 413 1577 451 fecisse.

571 469 606 506 3.
627 470 859 515 pallerem,
876 481 976 518 quae
996 481 1036 505 se
1055 467 1223 504 invicem
1241 479 1323 504 non
1337 477 1579 514 consequun-

515 529 589 567 tur,
618 533 699 558 non
726 529 878 570 oportet
904 521 1012 570 quod
1041 520 1155 557 simul
1182 521 1372 556 tollantur.
1413 519 1490 556 Sed
1507 529 1578 555 ae·

514 574 665 622 gritudo
693 573 901 622 corporalis
933 585 1015 612 non
1042 584 1196 621 semper
1228 584 1274 608 ex
1302 578 1459 620 peccato
1489 582 1578 608 cau-

515 631 638 664 satur:
668 634 711 663 ut
737 634 839 675 patet
872 638 941 674 per
972 625 1065 662 illud
1103 625 1209 674 quod
1246 623 1441 660 Dominus
1477 623 1576 669 dicit,

514 681 617 717 Ioan.
634 691 669 716 ιχ
686 678 721 715 *ε
741 679 875 727 Neque
891 680 951 716 hic
964 679 1143 727 peccavit,
1164 688 1283 726 neque
1298 682 1470 725 parentes
1486 677 1576 722 eius,

515 738 553 769 ut
579 743 710 769 caecus
738 737 961 768 nasceretur.
1002 731 1094 767 Non
1122 741 1212 777 ergo
1241 728 1411 777 oportuit
1437 735 1480 765 ut
1507 729 1577 765 ho·

514 784 684 822 minibus
702 795 912 841 corporum
930 782 1170 822 curationem
1189 780 1463 830 quaerentibus
1489 792 1577 830 pec—

513 844 596 875 cata
622 835 838 881 dimitteret,
857 835 955 872 sicut
981 834 1117 882 legitur
1142 834 1274 871 fecisse
1302 833 1402 870 circa
1428 834 1577 892 paraly-

513 890 643 934 ticum,
672 889 806 924 Matth.
827 899 862 924 ιχ
880 887 919 924 *;
949 886 1172 936 praesertim
1201 886 1292 935 quia
1319 885 1466 923 sanatio
1494 897 1576 923 cor-

512 941 671 991 poraIiS,
701 952 792 977 cum
820 939 866 977 sit
893 939 1023 976 minus
1051 951 1171 988 quam
1199 938 1374 976 remissio
1401 945 1577 987 peccato-

513 1006 622 1038 rum,
656 1005 736 1030 non
769 992 921 1029 videtur
955 1003 1036 1028 esse
1073 991 1268 1028 sufficiens
1303 992 1575 1039 argumentum

513 1047 619 1096 quod
646 1045 765 1095 possit
792 1052 949 1093 peccata
976 1044 1176 1081 dimittere.

564 1111 601 1146 4.
630 1099 868 1144 Palmam-zi,
898 1096 1084 1134 miracula
1111 1096 1253 1134 Christi
1285 1097 1384 1134 facta
1411 1103 1500 1134 sunt
1527 1096 1576 1133 ad

511 1150 848 1188 confirmationem
876 1149 1070 1186 doctrinae
1097 1149 1230 1199 ipsius,
1244 1157 1286 1186 et
1312 1148 1576 1186 testimonium

452 1221 458 1228 ·
481 1223 486 1227 -
512 1203 716 1242 divinitatis
735 1202 827 1249 eius,
847 1209 890 1238 ut
908 1214 1026 1251 supra
1042 1201 1063 1224 *
1090 1201 1236 1239 dictum
1264 1209 1331 1239 est.
1352 1201 1430 1240 Sed
1447 1202 1577 1239 nullus

511 1257 625 1294 debet
657 1255 844 1304 impedire
875 1254 995 1292 finem
1025 1253 1086 1292 sui
1113 1254 1256 1304 operi&
1293 1255 1398 1303 Ergo
1426 1253 1578 1291 videtur

512 1308 826 1347 inconvenienter
863 1307 1038 1345 Christus
1073 1307 1329 1367 quibusdam·
1345 1307 1576 1345 miraculose

511 1362 649 1400 curatis
676 1359 913 1410 praecepisse
941 1368 984 1397 ut
1010 1359 1158 1398 nemini
1183 1359 1372 1407 dicerent,
1401 1367 1443 1396 ut
1472 1367 1578 1419 patet

511 1413 740 1452 Matth.1x*
767 1421 804 1450 et
820 1412 942 1450 Marci
961 1425 1018 1450 vm
1036 1412 1092 1449 *³⁸⁸1
1121 1412 1348 1472 praesertim
1373 1412 1477 1462 quia·
1493 1412 1576 1461 qui-

511 1468 677 1504 busdam
705 1465 785 1503 aliis
813 1465 1010 1502 mandavit
1030 1473 1072 1502 ut
1090 1465 1276 1503 miracula
1303 1461 1402 1502 circa
1421 1477 1462 1503 se
1479 1465 1576 1502 facta

510 1520 759 1570 publicarent,
781 1519 877 1555 sicut
903 1518 1024 1555 Marci
1043 1531 1067 1555 v
1085 1517 1105 1540 '¹‘
1125 1518 1260 1566 legitur
1286 1518 1395 1567 quod
1422 1517 1514 1555 dixit
1541 1517 1576 1555 ei

511 1585 631 1622 quem
655 1584 679 1609 a
697 1571 954 1608 daemonibus
981 1571 1219 1617 liberaverat,
1247 1571 1348 1608 Vade
1365 1573 1403 1608 in
1423 1571 1576 1608 domum

510 1633 612 1662 tuam
641 1625 692 1662 ad
716 1630 813 1671 tuos,
841 1629 875 1660 et
902 1626 1031 1661 nuntia
1059 1625 1110 1660 eis
1137 1623 1275 1674 quanta
1302 1624 1489 1662 Dominus
1514 1624 1577 1660 tibi

501 1680 649 1727 fecerit.

565 1731 638 1768 SED
660 1741 805 1767 CONTRA
828 1741 893 1766 EST
921 1729 1028 1778 quod
1057 1729 1195 1766 dicitur
1212 1729 1334 1766 Marci
1347 1728 1443 1766 vn*:
1472 1730 1577 1766 Bene

511 1785 638 1820 onmia
655 1784 769 1832 fecit:
796 1788 829 1819 et
855 1783 986 1818 surdos
995 1783 1090 1830 jecit
1106 1782 1249 1828 audire,
1269 1787 1443 1824 etmutos
1462 1782 1574 1831 loqui.

564 1837 788 1874 Responmzo
808 1846 989 1872 ιιιοΕΝιιυΜ
1008 1834 1116 1883 quod
1144 1846 1190 1871 ea
1216 1846 1317 1883 quae
1340 1841 1430 1871 sunt
1457 1833 1507 1871 ad
1533 1833 1576 1870 fi-

511 1901 614 1934 nem,
634 1888 775 1925 debent
796 1886 866 1924 fini
885 1899 967 1924 esse
986 1886 1285 1935 proportionata.
1316 1886 1489 1923 Christus
1508 1898 1575 1923 au-

511 1949 590 1978 tem
618 1941 666 1976 ad
695 1941 771 1976 hoc
798 1939 837 1976 in
865 1939 1060 1976 mundum
1086 1946 1245 1976 venerat
1272 1946 1309 1975 et
1335 1939 1509 1985 docebat,
1533 1946 1576 1975 ut

512 1993 690 2030 homines
710 1994 836 2029 salvos
854 1992 1006 2028 faceret:
1028 1992 1244 2034 secundum
1264 1991 1357 2028 illud
1375 1992 1479 2028 Ioan.
1491 2003 1524 2028 111
1538 1991 1574 2028 *ε

510 2047 601 2083 Νοη
630 2047 728 2082 enim
760 2046 857 2082 misit
883 2045 985 2082 Deus
1019 2044 1156 2082 Filium
1183 2056 1291 2081 suum
1328 2045 1367 2081 in
1395 2021 1575 2081 mundum

511 2105 549 2135 ut
576 2099 707 2135 iudicet
734 2098 934 2143 mundum,
961 2097 1028 2134 sed
1057 2103 1095 2134 ut
1125 2097 1287 2134 salvetur
1314 2096 1474 2133 mundus
1503 2109 1577 2146 per

511 2153 641 2201 ipsum.
671 2151 719 2188 Et
746 2150 834 2187 ideo
862 2149 1096 2187 conveniens
1120 2149 1189 2186 fuit
1217 2157 1259 2186 ut
1288 2148 1472 2195 Christus,
1492 2161 1575 2198 par-

509 2203 712 2240 ticulariter
747 2202 926 2239 homines
957 2202 1186 2239 miraculose
1223 2202 1415 2248 curando,
1449 2209 1575 2239 osten-

510 2257 615 2294 deret
634 2268 674 2293 se
694 2267 775 2292 esse
790 2255 1047 2292 universalem
1062 2262 1098 2291 et
1112 2254 1348 2304 spiritualem
1368 2245 1544 2318 omnium
1562 2253 1575 2276 ⁶

511 2310 762 2347 Salvatorem.

562 2363 618 2399 AD
647 2373 782 2398 PRlMUM
811 2373 909 2398 ERGO
937 2373 1120 2398 monimum
1148 2360 1256 2409 quod
1284 2372 1330 2397 ea
1357 2372 1458 2409 quae
1486 2367 1575 2397 sunt

509 2415 558 2451 ad
586 2414 726 2460 finem,
756 2413 1039 2462 distinguuntur
1066 2413 1114 2451 ab
1142 2413 1227 2462 ipso
1254 2412 1345 2450 fine.
1387 2412 1575 2450 Miracula

509 2475 639 2504 autem
667 2479 690 2503 a
718 2466 870 2503 Christo
897 2467 993 2503 facta
1021 2466 1309 2513 ordinabantur,
1330 2465 1428 2502 sic-ut
1454 2465 1503 2502 ad
1530 2465 1575 2502 fi-

510 2532 611 2565 nem,
641 2520 689 2556 ad
718 2519 909 2556 rationalis
937 2519 1053 2568 partis
1081 2520 1254 2566 salutem,
1277 2530 1377 2568 quae
1406 2518 1576 2555 consistit

509 2573 549 2609 in
578 2571 782 2621 sapientiae
810 2571 1055 2608 illustratione
1091 2579 1128 2608 et
1155 2571 1362 2608 hominum
1397 2570 1575 2608 iustifica-

509 2626 624 2662 tione.
646 2626 828 2671 Quorum
847 2625 1018 2674 primum
1046 2624 1322 2674 praesupponit
1340 2624 1572 2661 secundum:

510 2678 619 2727 quia,
650 2686 691 2714 ut
719 2677 855 2714 dicitur
883 2679 968 2726 Sap.
990 2689 999 2714 1
1018 2677 1055 2723 *,
1085 2679 1122 2714 in
1151 2677 1375 2715 malevolam
1407 2678 1574 2714 animam

510 2744 583 2767 non
620 2732 769 2767 intrabit
801 2732 1000 2780 sapientia,
1035 2742 1102 2767 nec
1136 2731 1312 2767 habitabit
1347 2731 1384 2766 in
1417 2741 1576 2779 corpore

508 2784 649 2820 subdito
672 2785 844 2833 peccatis.
887 2782 1092 2819 Iustificare
1125 2790 1256 2820 autem
1283 2782 1462 2819 homines
1493 2795 1574 2819 non

510 2836 763 2873 conveniebat
789 2835 861 2872 nisi
889 2835 942 2872 eis
969 2835 1206 2872 volentibus:
1241 2836 1317 2872 hoc
1345 2834 1449 2872 enim
1478 2843 1575 2872 esset

511 2896 547 2925 et
578 2897 710 2925 contra
745 2889 931 2925 rationem
966 2888 1147 2935 iustitiae,
1176 2900 1276 2938 quae
1309 2887 1574 2925 rectitudinem

510 2941 715 2978 voluntatis
751 2941 950 2990 importem
994 2948 1029 2978 et
1066 2940 1180 2978 etiam
1217 2949 1349 2978 contra
1386 2941 1574 2978 rationem

512 2995 704 3031 humanae
726 3002 895 3040 naturae,
916 3006 1016 3043 quae
1043 2994 1163 3031 libero
1183 2993 1336 3031 arbitrio
1356 2993 1404 3030 ad
1424 2994 1574 3031 bonum

511 3047 688 3084 ducenda
707 3054 772 3093 est,
793 3058 872 3083 non
891 3054 1021 3083 autem
1040 3058 1110 3096 per
1129 3047 1379 3084 coactionem.
1401 3046 1574 3084 Christus

512 3111 601 3147 ergo
629 3099 766 3136 virtute
794 3098 924 3136 divina
952 3099 1108 3136 interius
1136 3099 1337 3136 hominem
1356 3105 1368 3121 ⁸
1397 3098 1574 3136 iustifica-

512 3151 584 3188 vit:
614 3163 694 3188 non
722 3160 850 3189 tamen
878 3151 932 3188 eis
959 3151 1096 3188 invitis.
1125 3153 1210 3189 Nec
1229 3153 1304 3189 hoc
1323 3153 1372 3189 ad
1390 3151 1575 3190 miracula

512 3204 692 3252 pertinet:
722 3204 787 3241 sed
817 3205 866 3240 ad
894 3204 1170 3242 miraculorum
1197 3205 1329 3242 finem.
1350 3227 1375 3232 —
1395 3204 1574 3243 Similiter

513 3256 624 3293 etiam
645 3256 783 3293 virtute
802 3256 932 3294 divina
955 3256 1190 3305 simplicibus
1209 3257 1402 3307 discipulis
1426 3257 1573 3307 sapien-

513 3308 604 3344 tiam
624 3308 777 3345 infudit:
808 3309 911 3345 unde
931 3308 1019 3345 dicit
1038 3309 1102 3355 eis,
1118 3311 1212 3347 Luc.
1228 3322 1286 3347 χχι
1305 3310 1342 3347 *ε
1372 3313 1458 3360 Ego
1477 3311 1573 3348 dabo

514 3362 614 3397 vobis
643 3374 682 3397 os
710 3367 743 3397 et
769 3362 985 3410 sapientiam
1022 3363 1083 3398 cui
1110 3375 1183 3399 non
1207 3368 1382 3412 poterunt
1408 3364 1574 3400 resistere

1206 284 1471 331 QUAESTIO
1500 283 1639 330 XLIV,
1668 283 1961 323 ARTICULUS
1979 286 2034 325 111

518 363 677 413 quidem
704 363 949 423 imperfecte,
955 371 991 400 et
1012 374 1088 412 per
1110 359 1279 412 sput'um.
1310 362 1411 410 Ergo
1429 361 1581 398 videtur
1633 367 1667 398 et
1684 363 1941 400 contradicere
1955 375 2095 401 omnes
2101 362 2321 402 adversar&
2324 367 2461 404 νεωστί.

1634 414 1745 461 dem,
1763 421 1973 464 quantum
2004 416 2059 453 ad
2095 416 2322 462 interiorem
2356 363 2771 469 nunninae&

1632 465 1730 503 inter
1747 467 1916 505 visibilia
1942 467 2126 506 miracula
2151 478 2234 506 non
2260 474 2519 509 nannet-anart-
2524 472 2702 520 nudem
2723 477 2757 510 ¹?

1632 519 1715 556 lum
1734 526 1934 568 quantum
1960 520 2010 557 ad
2037 520 2267 558 exteriorem
2293 522 2446 566 actum,
2451 518 2758 574 inclinum
2840 532 2842 534 ’

1631 570 1785 608 scilicet
1795 571 1980 616 videbant
2006 572 2186 610 homines
2213 585 2283 610 eos
2313 574 2393 623 qui
2402 573 2750 623 mmmm

1630 622 1700 660 rati
1718 631 1754 660 et
1770 622 1974 673 simplices,
1987 632 2069 662 tam
2087 625 2279 674 sapienter
2290 633 2330 664 et
2338 629 2587 667 constanter!

1630 675 1742 713 Unde
1770 676 1907 714 dicitur
1923 678 2004 714 Aet.
2024 688 2059 715 ιν
2077 677 2114 714 ³⁸:
2152 678 2320 716 Videntes
2331 678 2476 719 Iudaei}
2483 681 2630 720 Μ’»

1627 730 1801 766 stantiam
1825 734 1861 766 et
1876 731 2043 775 Ioannis,
2062 735 2261 780 comperto
2270 731 2387 780 wod
2394 730 2574 770 homine

1627 782 1708 817 sine
1733 782 1860 818 litteris
1887 787 1921 818 et
1947 782 2093 828 idiotae,
2115 781 2466 822 admirabantunu-
2461 781 2586 863 ἰζ-Ειι

1629 833 1856 870 huiusmodi
1887 833 2117 883 spirituales
2131 833 2338 891 effectae,
2334 835 2412 874 etsi
2431 843 2489 874 >a
2497 835 2570 875 m'·

1628 884 1841 923 visibilibus
1862 886 2174 934 distinguantur,
2209 888 2306 925 sunt
2324 890 2464 927 tamen
2563 907 2595 922 ==
2678 907 2710 939 ,ς

1629 937 1847 976 testimonia
1873 937 2069 976 doctrinae
2097 946 2134 976 et
2159 939 2308 978 virtutis
2332 941 2485 979 Christi·
2494 941 2528 979 ‘a

1630 990 1726 1027 dum
1760 990 1853 1028 illud
1887 990 2091 1035 Heb.11*;
2129 991 2362 1030 Contestania
2394 993 2486 1032 Dm
2511 995 2561 1040 ,σίζ’
2631 1021 2641 1034 ..
2726 1001 2727 1004 ’

1623 1045 1805 1092 portentis
1830 1049 1865 1080 et
1890 1045 2007 1082 variis
2031 1045 2234 1113 virtutibus,
2253 1050 2288 1083 et
2306 1045 2486 1115 Spiritus
2514 1066 2523 1077 ι
2566 1065 2594 1078 κ
2701 1078 2706 1095 5

1628 1097 1896 1134 tributionibus.
2481 1098 2571 1132 <229⁴ss

1683 1148 1761 1186 Sed
1787 1156 1918 1186 tamen
1954 1148 2076 1187 eima
2089 1149 2237 1188 animas
2270 1150 2543 1199 hommumfiss
2574 1190 2577 1192 .

1629 1209 1820 1250 quantum
1848 1201 1899 1239 ad
1924 1201 2193 1241 immutandas
2212 1202 2409 1241 inferiores
2434 1202 2584 1259 πρ

1629 1261 1710 1291 stus
1746 1253 1876 1303 aliqua
1908 1254 2095 1292 miracula
2123 1254 2220 1293 fecit.
2263 1255 2376 1294 Unde
2410 1254 2564 1295 Hiero

1630 1317 1747 1356 super
1773 1306 1867 1344 illud
1893 1307 2030 1345 Matth.
2050 1318 2089 1345 ιχ
2101 1307 2133 1354 ⁴⁸,
2162 1309 2330 1358 Surgens
2351 1306 2600 1353 see-masma

1629 1358 1720 1396 dicit
1737 1358 1772 1396 *.
1801 1359 1949 1410 Fulgor
1965 1361 2043 1410 ipse
2059 1366 2095 1397 et
2113 1362 2287 1399 maiestas
2303 1359 2533 1400 divinitatis-.-

1629 1424 1737 1461 quae
1751 1413 1862 1450 etiam
1889 1413 1928 1450 in
1941 1413 2050 1461 facie
2067 1412 2253 1452 relucebat
2269 1414 2448 1460 humana,
2467 1382 2598 1457 aaut}

1627 1476 1685 1501 se
1684 1466 1842 1502 trahere
1861 1470 2010 1515 poterat
2035 1477 2087 1503 ex
2110 1467 2234 1515 primo
2261 1472 2477 1516 aspectui.
2448 1467 2577 1505 ΒΥ
2670 1504 2672 1506 ,
2695 1475 2727 1518 :³334

1630 1516 1723 1554 illud
1756 1518 1892 1554 Matth.
1912 1529 1972 1555 χχι
1991 1517 2029 1564 *,
2057 1520 2236 1556 Eiiciebat
2270 1531 2398 1556 omnes
2429 1519 2627 1565 vendentes
2672 1517 2728 1567 ’ἷζ

1629 1576 1816 1631 ementes,
1837 1570 1927 1607 dicit
1958 1569 2063 1607 idem
2101 1570 2365 1621 Hieronymus
2383 1571 2428 1609 ·:¹⁸¹
2464 1572 2594 1614 Mlti*

1629 1624 1757 1661 omnia
1782 1624 1894 1673 signa
1921 1634 2017 1673 quae
2031 1623 2146 1671 fecit
2153 1622 2340 1667 Dominus
2365 1612 2451 1665 hoe
2448 1616 2602 1671 mffll‘m·

1629 1675 1846 1722 mirabilius,
1876 1676 1976 1725 quod
2001 1688 2096 1713 unus
2122 1677 2248 1738 homo,
2266 1683 2300 1714 et
2326 1677 2390 1714 illo
2416 1674 2585 1728 tempore

1628 1728 1846 1790 temptibilis,
1869 1731 2042 1778 potuerit,
2062 1729 2114 1766 ad
2139 1731 2247 1766 unius
2261 1730 2414 1780 flagelli
2426 1731 2597 1778 verbera,-

1628 1787 1705 1819 tam
1733 1783 1866 1819 eiicere
1893 1781 2172 1820 multitudinem.
2201 1783 2364 1833 Igneum
2381 1784 2495 1834 enim

1629 1839 1738 1882 atque
1762 1833 1948 1871 sidereum
1975 1833 2147 1872 radiabat
2174 1847 2224 1872 ex
2250 1835 2365 1872 oculis
2391 1836 2495 1883 eius,
2488 1841 2581 1878 »isat-
2698 1849 2739 1882 j-

1628 1887 1709 1923 tatis
1735 1887 1907 1925 maiestas
1933 1887 2077 1924 lucebat
2102 1889 2142 1924 in
2152 1888 2278 1935 faeie.
2306 1888 2375 1924 Et
2380 1887 2586 1936 Origenes»
2624 1928 2626 1931 ,
2655 1885 2664 1896 “

1628 2002 1727 2040 aqua
1754 2003 1935 2029 conversa
1962 1996 2013 2028 est
2040 1993 2079 2029 in
2105 1992 2257 2038 vinum:
2282 2004 2327 2030 eo
2354 2004 2402 2043 qu
2542 2032 2548 2042 ὁ
2575 2031 2576 2034 ,

1627 2045 1684 2081 stit
1711 2045 1918 2082 inanimata
1945 2045 2115 2092 materia,
2134 2044 2194 2082 hic
2210 2057 2301 2083 vero
2325 2050 2376 2085 tot
2402 2042 2610 2099 ηιιΙΙιᾲφῃ,
2711 2059 2715 2067 ²

1629 2108 1720 2135 num
1733 2095 1962 2134 domantur
1946 2098 2111 2146 ingenia.
2127 2118 2153 2125 -
2167 2096 2216 2134 Et
2228 2109 2346 2146 super
2358 2097 2453 2141 illud
2464 2095 2621 2150 {DQ

1627 2149 1810 2186 Abierant
1837 2155 2040 2186 retrorsum
2067 2155 2102 2186 et
2127 2149 2338 2187 ceciderunt
2363 2152 2402 2187 in
2453 2168 2457 2171 -

1628 2201 1865 2262 Augustinus
1888 2201 1924 2238 *ε
1964 2203 2051 2239 Una
2075 2214 2155 2240 vox
2185 2204 2332 2240 turbam
2356 2208 2375 2231 ’ἱ
2403 2200 2548 2243 nawa
2552 2222 2560 2234 ι

1627 2257 1815 2304 armisque
1841 2255 2059 2301 terribilem,
2088 2256 2168 2292 sine
2192 2255 2264 2295 telo
2291 2255 2439 2309 ullo,
2405 2257 2591 2317 perqwgf‘t

1623 2307 1738 2357 pulit,
1766 2308 1913 2345 stravit:
1944 2307 2047 2345 Deus
2074 2308 2184 2348 enim
2205 2300 2341 2355 latebat
2370 2309 2410 2346 in
2431 2309 2483 2359 gp

1628 2360 1677 2397 ad
1705 2359 1810 2397 idem
1843 2359 2006 2409 pertinet
2039 2359 2147 2409 quod
2181 2359 2318 2398 dicitur
2347 2356 2457 2405 L'uc.
2462 2320 2612 2412 iffi}

1627 2414 1732 2450 Iesus
1750 2415 1933 2450 transiens
1949 2425 2018 2462 per
2035 2413 2199 2451 medium
2225 2413 2376 2451 illorum
2391 2415 2499 2452 :hate
2494 2430 2515 2452 ι
2596 2431 2600 2438 x

1629 2465 1970 2515 Chrysostomus*
1996 2465 2104 2515 quod
2126 2471 2226 2503 stare
2243 2468 2280 2503 in
2300 2466 2422 2504 medio
2436 2467 2458 2504 >i

1629 2524 1661 2555 et
1689 2531 1763 2556 non
1789 2519 2031 2568 apprehendi,
2060 2519 2258 2557 divinitatis·
2275 2516 2559 2557 erninentiani²=⁴av

1627 2573 1699 2609 bat.
1734 2572 1783 2608 Et
1810 2571 1918 2620 quod
1946 2571 2084 2608 dicitur
2110 2571 2478 2618 loan.v111*‚1esus
2503 2573 2590 2611 ab

1626 2636 1666 2661 se
1693 2630 1726 2661 et
1759 2626 1872 2662 exivit
1898 2623 1944 2661 de
1975 2618 2151 2674 Templo:
2182 2624 2251 2661 ubi
2277 2624 2517 2673 Augustinus
2532 2624 2555 2648 ¹⁸⁸
2586 2642 2597 2656 ο

1626 2678 1717 2715 Non
1740 2677 1929 2715 abscondit
1955 2689 1995 2714 se
2021 2678 2058 2714 in
2080 2677 2222 2727 angulo
2246 2678 2393 2728 Templi
2417 2678 2524 2727 quasi
2546 2661 2578 2716 ti

1626 2731 1685 2768 vel
1706 2735 1791 2780 post
1807 2741 1958 2767 murum
1976 2735 2041 2767 aut
2057 2730 2272 2767 columnam
2290 2730 2491 2768 divertens.-
2515 2730 2592 2778 sed,

1626 2781 1729 2820 Ιιϊαθ
1758 2788 1936 2832 potestate
1968 2794 2007 2819 se
2033 2783 2250 2821 invisibilem
2283 2783 2536 2849 insidiantibus
2551 2794 2607 2825 co

1626 2841 1740 2882 tuens,
1764 2847 1838 2885 per
1863 2836 2026 2872 medium
2052 2835 2202 2873 illorum
2229 2837 2352 2874 exivit.
2538 2847 2555 2855 ‘⁴
2582 2845 2590 2854 ·

1681 2889 1739 2925 Ex
1749 2888 1892 2938 quibus
1901 2887 2084 2925 omnibus
2096 2895 2199 2948 patet
2212 2888 2320 2938 quod
2336 2880 2588 2954 Christus,
2539 2914 2626 2959 ,ᾖ

1627 2941 1759 2986 voluit,
1787 2941 1927 2978 virtute
1955 2940 2086 2978 divina
2113 2941 2262 2978 animas
2284 2939 2521 2979 hominum
2521 2960 2526 2977 ι

1626 2994 1692 3039 vit,
1714 3006 1794 3030 non
1822 2995 1950 3031 solum
1977 2993 2219 3031 iustificando
2247 3001 2285 3031 et
2311 2993 2579 3043 sapientiam
2574 3011 2594 3027 ·

1627 3047 1768 3092 dendo,
1788 3047 1895 3096 quod
1914 3046 2076 3096 pertinet
2093 3046 2143 3084 ad
2162 3046 2436 3084 miraculorum
2455 3041 2601 3085 finem

1627 3099 1741 3137 etiam
1770 3099 1933 3137 exterius
1951 3099 2151 3137 alliciendo
2178 3100 2241 3137 vel
2267 3099 2446 3136 terrendo
2473 3100 2535 3136 vel
2560 3110 2580 3137 s

1626 3152 1814 3198 faciendo,
1843 3152 1949 3202 quod
1977 3151 2140 3202 pertinet
2167 3153 2217 3190 ad
2244 3152 2327 3202 ipsa
2354 3150 2595 3197 miracula„

1681 3206 1738 3242 An
1766 3217 1956 3243 secuunun
1981 3215 2163 3243 mcenmm
2186 3205 2303 3254 :quod
2331 3204 2506 3242 Christus
2531 3204 2610 3244 <rufi

1628 3258 1774 3295 salvare
1802 3258 1997 3295 mundum
2020 3269 2100 3295 non
2127 3258 2255 3295 solum
2281 3257 2419 3294 virtute
2447 3256 2594 3305 divina,

1628 3322 1697 3360 per
1724 3310 1951 3360 mysterium
1978 3309 2248 3348 incarnationis
2275 3309 2406 3359 ipsius.
2436 3310 2484 3348 Et
2509 3309 2600 3348 ideo·

1629 3371 1791 3413 quenter
1817 3363 1857 3400 in
1878 3362 2074 3401 sanatione
2093 3362 2339 3421 infirmorum
2366 3373 2446 3400 non
2474 3363 2555 3400 sole
2590 3382 2600 3395 ι
2615 3382 2636 3394 ιη
2663 3370 2734 3414 „3455

568 3481 593 3516 ὃ)
612 3483 737 3507 omnium.
754 3497 773 3501 -
791 3483 925 3508 hominum
946 3482 985 3507 Pl.

569 3521 591 3549 ι)
611 3518 750 3542 hominem.
767 3532 786 3536 —
804 3518 922 3542 homines
941 3517 1020 3542 ⁹1⁸0.

569 3552 594 3583 ζ)
613 3556 638 3576 et
657 3553 764 3577 virtutis
786 3553 892 3578 Christi.
910 3566 930 3571 -
947 3559 964 3577 a
983 3557 1008 3577 et
1027 3552 1113 3582 tertiin
1135 3553 1235 3578 Christi
1253 3557 1279 3578 et
1298 3553 1413 3580 vir-eum.

1619 3521 1668 3553 ser
1669 3527 1750 3545 ocem.

1681 3483 1708 3518 η)
1727 3484 1874 3510 turbam-
1891 3484 2031 3510 turbarum
2045 3485 2148 3516 Auem
2167 3485 2208 3510 ed.
2221 3491 2238 3509 a
2251 3484 2326 3518 legit:
2349 3484 2408 3510 Una
2427 3491 2488 3510 voce
2501 3483 2606 3510 turbam
2617 3480 2687 3509 adm
2727 3482 2732 3507 Γ
2805 3473 2814 3507 s

1627 3589 1656 3619 E,
1678 3553 1703 3588 θ)
1721 3554 1829 3580 caelica.
1846 3554 1976 3580 -divina
1994 3554 2066 3580 ml·
2085 3537 2255 3588 praeteri.—
2235 3554 2345 3586 -aeel’,
2359 3558 2418 3580 ante
2435 3554 2609 3580 constitum
2614 3551 2687 3587 ponit
2800 3534 2808 3586 ρ’

1675 3597 1729 3614 orn.
1748 3590 1834 3615 ceteri.
2737 3606 2757 3623 μ
