2872 3970
187 542 192 550 η

122 3349 151 3362 περ
160 3362 162 3365 Ι

162 3366 215 3402 '³4

153 3399 190 3430 τὼς,

128 3428 187 3477 ’ξε
240 3436 280 3464 es
302 3426 476 3464 sacerdos
503 3426 542 3461 in
569 3429 772 3460 aeternum.

932 294 1194 341 QUAESTIO
1223 296 1343 344 XXII,
1373 296 1664 334 ARTICULUS
1691 298 1727 334 V

2341 298 2411 335 261

914 406 1246 440 Commentarios
1268 408 1520 442 cardinalis
1541 410 1743 443 Caietani

237 497 407 563 Tri-oms
436 487 538 518 clarus
561 490 623 523 est,
648 485 853 516 occasionem
880 495 1010 516 sumens
1033 496 1072 517 ex
1091 487 1219 518 diversis
1243 498 1298 518 au-

301 531 514 568 ctoritatibus,
537 529 687 571 Apostoli
716 529 836 561 scilicet
865 535 897 560 et
924 529 1062 571 Synodi,
1090 536 1127 561 ut
1149 537 1235 571 patet
1265 533 1299 562 in

233 577 393 614 articulo.

242 654 245 657 Ὗ
293 620 330 652 In
353 627 488 660 corpore
510 616 633 649 articuli
655 617 751 647 unica
775 623 821 648 est
844 617 1026 648 conclusio:
1058 619 1133 649 Non
1151 619 1300 649 convenit

235 664 369 696 Christo
393 663 539 704 effectum
561 658 736 692 sacerdotii
756 661 808 691 sui
831 662 981 702 recipere.
1015 662 1171 693 Probatur
1194 663 1298 703 dupli-

233 709 332 740 citer:
354 708 470 748 primo,
494 715 532 736 ex
548 704 734 736 conditione
750 706 930 745 recipientis
945 706 1112 737 sacerdotii
1129 705 1296 744 effectum3

233 750 391 788 secunde,
416 760 455 781 ex
477 749 663 781 excellentia
685 749 853 780 sacerdotii
877 749 1002 780 Christi.

291 795 397 826 PrIma
412 803 487 835 ergo
509 794 589 824 ratio
605 798 661 824 est.
686 793 868 833 Suscipiens
884 794 1051 824 sacerdotii
1067 794 1216 825 effectum
1231 804 1299 826 non

235 844 344 883 potest
364 848 422 879 per
444 838 586 878 seipsum
609 836 759 868 accedere
782 837 821 868 ad
845 837 961 868 Deum.
989 838 1053 868 Sed
1076 838 1219 869 Christus
1242 848 1299 879 per

235 884 379 924 seipsum
402 881 524 913 accedit
541 880 581 911 ad
595 881 712 911 Deum.
737 881 833 921 Ergo.
856 899 880 903 —
902 882 1005 912 Maior
1027 883 1189 922 probatur.
1214 882 1300 920 Quia

232 926 383 959 sacerdos
407 931 454 957 est
475 925 616 956 medius:
647 935 684 955 ac
707 934 764 965 per
787 926 864 961 hoc,
895 926 1054 966 suscipere
1079 925 1228 956 effectum
1252 936 1299 956 sa-

237 970 370 1005 cerdon'i
393 975 440 1001 est
462 970 622 1009 suscipere
646 969 796 1000 effectum
818 969 925 1000 medii.
950 970 1024 1000 Hoc
1047 975 1155 1000 autem
1179 975 1225 1000 est
1247 980 1299 1000 so-

233 1016 297 1047 lius
319 1014 506 1055 impotentis
528 1023 586 1054 per
607 1014 748 1053 seipsum
764 1013 914 1044 accedere
931 1013 970 1044 ad
986 1014 1110 1044 Deum:
1136 1014 1192 1054 qui
1213 1014 1299 1044 enim

235 1063 343 1101 potest
370 1068 428 1099 per
454 1058 615 1098 seipsum,
645 1067 714 1087 non
737 1063 809 1097 eget
830 1057 948 1088 medio.
971 1076 995 1080 —
1017 1058 1124 1088 Minor
1146 1058 1300 1098 probatur

233 1102 423 1135 auctoritate
445 1101 605 1142 Apostoli.

290 1145 439 1179 Secunda
461 1146 541 1176 ratio
565 1150 622 1176 est.
653 1145 798 1176 Primum
821 1155 917 1185 agens
946 1146 980 1176 in
1011 1146 1157 1186 quolibet
1183 1155 1299 1186 genere

233 1196 284 1224 est
303 1191 349 1223 ita
368 1189 506 1222 influens
529 1188 620 1230 quod
634 1199 702 1220 non
718 1195 765 1220 est
779 1189 935 1230 recipiens
950 1190 984 1220 in
999 1190 1055 1220 illo
1071 1199 1197 1230 genere.
1221 1190 1298 1220 Pro-

235 1236 328 1267 batur
343 1234 506 1274 inductive
521 1234 555 1264 in
566 1234 671 1274 primo
687 1233 899 1270 illuminante,
911 1234 946 1264 in
960 1234 1066 1274 primo
1079 1233 1297 1264 calefaciente:

235 1285 271 1311 et
289 1284 399 1320 posset
422 1277 524 1309 afferri
552 1278 587 1308 in
608 1278 714 1317 primo
738 1277 906 1314 alterante,
934 1278 1054 1308 scilicet
1077 1278 1181 1314 caelo,
1213 1283 1244 1308 et
1265 1279 1299 1308 in

231 1325 340 1366 primo
354 1327 507 1355 movente
521 1321 674 1358 localiter,
691 1321 811 1352 scilicet
825 1321 907 1357 Deo,
924 1331 981 1352 seu
996 1322 1212 1362 intelligentia.
1236 1321 1300 1353 Sed

233 1368 381 1403 christus
404 1372 452 1398 est
473 1366 547 1397 fons
569 1366 668 1396 totius
691 1364 868 1396 sacerdotii.
898 1365 1054 1396 Probatur
1074 1365 1237 1396 inductive
1268 1371 1300 1396 et

233 1417 383 1454 respectu
405 1409 573 1443 sacerdotii
594 1410 672 1450 legis
693 1410 818 1446 veteris,
843 1415 875 1440 et
896 1419 1010 1440 novae.

248 1472 250 1475 ·
287 1456 328 1488 11.
345 1455 492 1487 Occurrit
507 1459 615 1486 autem
630 1454 735 1485 statim
751 1453 899 1484 dubium:
921 1463 1018 1494 quare
1034 1454 1190 1484 omissum
1205 1453 1300 1484 fuerit

231 1502 270 1534 in
290 1501 351 1532 hae
372 1499 560 1532 inductione
583 1498 797 1529 sacerdotium
820 1503 893 1528 ante
915 1503 1085 1538 utramque
1104 1498 1220 1538 legem,
1240 1498 1300 1528 sci-

171 1540 178 1559 ·'
197 1543 198 1546 ’
234 1546 311 1578 licet
333 1543 569 1576 Melchisedech
593 1548 624 1574 et
645 1542 786 1573 Patrum.

291 1588 344 1620 Ad
365 1589 429 1619 hoc
451 1587 566 1619 dicitur
589 1586 688 1627 quod,
713 1587 789 1627 quia
812 1591 877 1617 erat
901 1586 1013 1617 eadem
1035 1587 1115 1617 ratio
1140 1585 1180 1616 de
1199 1596 1300 1617 sacer-

232 1633 312 1665 dote
334 1632 437 1673 legali,
455 1637 486 1663 et
501 1637 573 1662 ante
588 1631 703 1671 legem,
720 1630 828 1671 quoad
843 1631 1056 1670 propositum,
1075 1631 1150 1671 quia
1164 1635 1299 1670 uterque

233 1683 303 1710 erat
324 1676 426 1718 figura
448 1675 584 1712 Christi;
616 1674 709 1712 ideo,
737 1674 946 1715 exprimendo
969 1675 1103 1715 legalem
1134 1684 1209 1705 cum
1233 1675 1301 1704 eius

235 1722 374 1758 ratione,
398 1720 518 1752 scilicet
540 1719 616 1760 quia
637 1718 739 1759 figura
761 1724 827 1750 erat
850 1718 1016 1749 sacerdotii
1040 1718 1173 1755 Christi,
1205 1719 1300 1749 etiam

234 1765 494 1808 praedecessores
517 1762 769 1804 comprehendit.

1407 489 1459 519 ΙΙΙ.
1481 489 1517 520 In
1538 491 1799 530 responsionibus
1820 497 2080 531 argumentorum
2096 493 2122 528 *‚
2139 492 2211 523 vide
2234 492 2323 532 quod
2346 493 2414 523 Au-

1353 538 1421 563 ctor
1432 543 1500 564 non
1515 535 1652 564 totaliter
1664 534 1802 565 excludit
1815 535 1977 566 Christum
1993 536 2031 566 ab
2048 535 2163 566 effectu
2175 537 2223 567 sui
2236 536 2412 568 sacerdotii.

1352 577 1415 607 Sed
1439 577 1533 608 docet
1555 578 1647 618 loqui
1670 584 1778 609 caute:
1803 579 1893 619 quod
1915 579 2093 610 secundum
2109 579 2197 620 quid,
2220 581 2414 620 inquantum

1352 621 1471 652 scilicet
1494 627 1559 652 erat
1581 622 1745 662 passibilis,
1769 623 1966 663 participavit
1990 623 2156 654 sacerdotii
2177 625 2226 654 sui
2247 624 2412 661 effectum;

1352 665 1535 705 simpliciter
1559 671 1676 702 autem,
1700 676 1778 696 non.
1803 666 1890 696 Tum
1914 668 1989 706 quia
2011 677 2079 697 non
2101 667 2212 698 habuit
2234 674 2412 708 peccatum.

1352 708 1439 739 Tum
1463 710 1538 749 quia
1560 719 1628 740 non
1650 709 1802 750 indiguit:
1827 716 1863 740 ut
1877 712 1979 750 prima
1994 712 2073 741 ratio
2089 712 2123 741 in
2140 721 2275 751 corpore
2291 712 2414 742 articuli

1353 753 1444 783 allata
1467 754 1590 793 probat.
1615 754 1702 784 Tum
1722 754 1797 794 quia
1818 764 1885 785 non
1907 756 2102 795 congruebat
2117 756 2192 786 sibi:
2217 761 2252 786 ut
2275 756 2415 786 secunda

1351 797 1431 827 ratio
1458 798 1502 827 ibi
1525 798 1618 828 allata
1640 798 1764 838 probat.

1408 841 1460 871 IV.
1485 841 1520 871 In
1535 843 1745 881 responsione
1769 842 1808 872 ad
1824 842 2010 879 secundum,
2035 844 2179 883 perspice
2196 842 2284 883 quod
2301 843 2415 874 dicitur

1353 884 1542 915 sacrificium
1566 885 1670 916 offerri
1699 895 1756 926 per
1779 886 1915 917 modum
1938 887 2174 917 satisfactionis:
2207 892 2238 917 et
2264 887 2414 918 effectum

1352 928 1450 967 ipsius
1473 930 1640 969 proprium
1664 939 1731 960 esse
1755 930 1845 970 quod
1868 940 1905 961 ex
1928 932 1960 961 vi
1981 931 2080 971 ipsius
2111 936 2267 971 quatenus
2293 931 2414 962 satisfa-

1353 973 1490 1002 ctorium
1514 979 1569 1008 est,
1593 973 1638 1003 fit.
1662 974 1755 1004 Ratio
1772 974 1929 1014 siquidem
1945 975 2040 1005 huius
2060 981 2107 1006 est
2123 976 2198 1015 quia
2213 975 2412 1012 sacrificium,

1353 1025 1391 1045 ex
1414 1026 1471 1046 sua
1499 1017 1656 1047 essentiali
1687 1023 1718 1047 et
1746 1019 1894 1057 primaria
1916 1020 2131 1054 institutione,
2155 1019 2234 1049 nihil
2258 1019 2344 1049 aliud
2367 1024 2414 1050 est

1353 1069 1451 1099 quam
1474 1060 1631 1100 quaedam
1654 1062 1829 1101 recognitio
1853 1063 2065 1093 reverentialis
2088 1063 2187 1103 ipsius
2210 1063 2286 1093 Dei:
2319 1072 2412 1103 quae,

1353 1104 1429 1143 quia
1451 1103 1556 1134 debita
1579 1110 1625 1134 est
1648 1105 1719 1135 Deo
1749 1106 1823 1145 quia
1847 1106 1934 1136 Deus
1958 1112 2020 1142 est,
2053 1107 2128 1147 quia
2152 1106 2300 1142 Creator,
2325 1107 2413 1137 Con-

1353 1152 1502 1183 servator,
1526 1148 1735 1188 Largitorque
1759 1155 1805 1179 est
1823 1151 1980 1186 omnium,
2005 1150 2224 1180 satisfactionis
2248 1150 2414 1181 cuiusdam

1352 1192 1509 1221 rationem
1532 1192 1636 1222 habet.
1661 1192 1801 1223 Offertur
1825 1203 1899 1233 ergo
1923 1193 2113 1224 sacrificium
2135 1204 2192 1234 per
2207 1194 2342 1225 modum
2365 1204 2414 1224 sa-

1352 1234 1553 1271 tisfactionis,
1577 1245 1644 1266 non
1667 1241 1792 1266 tantum
1815 1246 1939 1276 poenae
1963 1237 2085 1268 debitae
2108 1243 2258 1277 peccato,
2287 1243 2342 1268 aut
2365 1238 2414 1268 of-

1352 1278 1460 1309 fensae
1483 1284 1594 1309 contra
1616 1280 1737 1316 Deum,
1769 1280 1824 1310 sed
1855 1281 1949 1311 etiam
1973 1281 2220 1317 beneficiorum,
2251 1287 2297 1318 et,
2325 1281 2414 1322 quod

1353 1323 1494 1363 primum
1518 1328 1574 1358 est,
1599 1323 1696 1354 debiti
1719 1324 1790 1354 Deo
1815 1324 1919 1355 cultus
1943 1326 2017 1365 quia
2040 1326 2127 1356 Deus
2151 1331 2206 1355 est.

1407 1366 1501 1397 Unde
1530 1367 1627 1398 habes
1653 1367 1742 1407 quod
1772 1367 1902 1399 effectus
1926 1378 2126 1409 consequens
2157 1379 2194 1399 ex
2216 1370 2248 1399 vi
2271 1369 2415 1400 sacrificii

1353 1416 1389 1441 ut
1412 1411 1619 1447 satisfactorii‚
1645 1417 1691 1442 est
1714 1412 1872 1442 absolutio
1896 1422 1914 1443 a
1933 1422 2049 1452 poena,
2074 1418 2128 1443 aut
2142 1413 2358 1443 reconciliatio
2375 1413 2415 1444 ad

1353 1455 1469 1485 Deum.
1493 1455 1577 1485 Nam
1599 1455 1725 1486 libertas
1748 1466 1766 1486 a
1788 1457 1958 1496 gratiarum
1973 1458 2098 1487 actione
2118 1462 2172 1487 aut
2195 1457 2302 1487 debito
2326 1457 2415 1488 cultu

1352 1509 1421 1529 non
1444 1504 1491 1529 est
1514 1499 1644 1530 effectus
1674 1499 1787 1540 aliquis
1817 1510 2018 1540 consequens
2048 1500 2255 1537 sacrificium,
2285 1502 2414 1542 proprie

1352 1543 1539 1583 loquendo:
1570 1543 1626 1574 sed
1649 1544 1830 1574 communis
1854 1550 1901 1574 est
1923 1545 2050 1585 negatio
2074 1555 2206 1575 omnem
2229 1550 2336 1575 actum
2360 1545 2415 1576 de-

1353 1588 1466 1623 bitum,
1492 1587 1622 1627 quando
1646 1587 1770 1618 solutus
1794 1593 1849 1625 est,
1874 1589 2039 1619 comitans.
2065 1589 2173 1629 Ipsum
2189 1589 2274 1619 enim
2297 1589 2414 1620 sacrifi-

1354 1632 1441 1661 cium
1465 1637 1511 1661 est
1533 1632 1703 1671 gratiarum
1727 1637 1814 1662 actus
1838 1637 1869 1662 et
1892 1633 1995 1663 cultus
2019 1633 2092 1663 Dei:
2118 1639 2149 1663 et
2170 1643 2238 1663 non
2254 1639 2300 1663 est
2323 1643 2414 1664 exso-

1354 1675 1433 1705 lutio
1449 1685 1584 1715 poenae,
1598 1675 1653 1705 sed
1669 1675 1837 1706 solutionis
1853 1686 1947 1706 causa
1971 1677 2044 1716 (nisi
2063 1678 2102 1707 sit
2116 1677 2265 1716 poenale)
2289 1686 2415 1716 poenae

1354 1720 1499 1759 propria;
1531 1729 1592 1750 nec
1620 1725 1666 1750 est
1695 1720 1931 1756 reconciliatio,
1959 1721 2015 1751 sed
2042 1721 2158 1760 gratiae
2181 1721 2414 1752 reconciliantis

1354 1763 1554 1803 provocatio.

1024 1898 1344 1941 ARTICULUS
1374 1899 1631 1950 QUINTUS

667 1991 825 2024 UTRUM
849 1990 1166 2022 SACERDOTIUM
1190 1989 1363 2021 cnms‘ri
1385 1990 1654 2020 PERMANEAT
1679 1990 1722 2020 ΙΝ
1745 1990 1988 2021 AETERNUM

811 2069 842 2094 111
863 2069 945 2099 Sem„
967 2069 1024 2094 dist.
1043 2075 1102 2099 xxii,
1122 2075 1167 2100 qu.
1185 2075 1203 2098 1,
1223 2073 1271 2093 art.
1291 2074 1314 2098 1,
1334 2068 1366 2092 ad
1385 2075 1403 2100 4
1410 2075 1417 2098 ;
1436 2068 1480 2092 Ad
1498 2068 1575 2097 Heb.‚
1595 2075 1649 2100 cap.
1668 2075 1714 2098 vu,
1733 2068 1791 2093 lect.
1809 2075 1844 2093 iv.

276 2176 333 2202 tf}
352 2174 408 2202 „A
448 2165 471 2191 D
490 2164 651 2196 Quorsum
670 2163 722 2188 sic
741 2161 977 2188 PRociznrmR.
1006 2148 1166 2186 Videtur
1193 2148 1301 2197 quod

249 2192 424 2266 *5⁴
448 2204 706 2243 sacerdotium
735 2202 875 2241 Christi
902 2214 983 2239 non
1009 2208 1233 2251 permaneat
1260 2200 1300 2237 in

258 2253 369 2309 ,ἦγ’-ριν
386 2248 660 2296 ''aetemum.
681 2256 796 2304 Quia,
814 2263 857 2293 ut
875 2255 1021 2292 dictum
1041 2261 1096 2291 est
1109 2253 1140 2300 *‚
1160 2253 1212 2290 illi
1231 2253 1301 2290 soli

260 2278 392 2351 sssf&
408 2307 589 2351 effectu
624 2309 823 2348 sacerdotii
856 2307 1026 2356 indigent
1057 2307 1125 2356 qui
1158 2306 1302 2344 habent

115 2375 199 2417 ’ἤϊ’
232 2365 499 2405 {infirmitatem
525 2363 671 2414 peccati
698 2375 799 2412 quae
826 2374 896 2411 per
927 2360 1132 2398 sacerdotis
1160 2359 1301 2396 sacrifi-

236 2419 343 2458 cium
369 2417 513 2468 expiari
539 2424 674 2467 potest.
705 2415 782 2453 Sed
810 2416 887 2452 hoc
913 2426 993 2451 non
1021 2413 1092 2450 erit
1115 2413 1155 2450 in
1183 2419 1300 2449 aeter-

215 2468 219 2472 ’
237 2485 346 2510 num.
376 2471 480 2519 Quia
498 2470 538 2508 in
557 2470 694 2508 sanctis
722 2469 827 2506 nulla
846 2467 914 2504 erit
932 2466 1145 2512 infirmitas,
1165 2477 1301 2502 secun-

238 2526 335 2563 dum
362 2524 456 2562 illud
482 2523 598 2568 Isaiae
627 2535 674 2560 Lx
692 2521 724 2568 ²¹⁶,
743 2521 907 2571 Populus
934 2527 1016 2557 tuus
1044 2532 1171 2556 omnes
1199 2520 1302 2555 iusti.-

237 2585 486 2628 peccatorum
499 2584 631 2614 autem
644 2574 845 2612 infirmitas
864 2573 1101 2623 inexpiabilis
1116 2572 1196 2617 erit,
1210 2570 1302 2620 quia

142 2618 146 2619 ⁷
187 2658 212 2668 .
238 2633 279 2669 in
305 2632 454 2680 inferno
489 2630 591 2667 nulla
619 2635 670 2666 est
697 2628 899 2677 redemptio
926 2626 957 2663 ³¹⁸.
997 2627 1098 2674 Ergo
1127 2624 1301 2662 sacerdo-

237 2684 336 2722 tium
364 2682 504 2721 Christi
531 2694 612 2720 non
640 2689 696 2718 est
715 2686 732 2703 α
759 2680 800 2717 in
827 2687 1039 2717 aeternum.

293 2749 328 2775 2.
358 2737 599 2782 Paamnnm,
629 2733 887 2772 sacerdotium
925 2731 1064 2769 Christi
1091 2730 1258 2768 maxime
1287 2729 1302 2760 β

238 2790 522 2829 manifestatum
537 2796 592 2826 est
605 2788 645 2825 in
660 2787 741 2824 eius
755 2786 933 2836 passione
949 2792 984 2822 et
998 2792 1133 2831 morte,
1143 2783 1301 2833 quando

233 2856 306 2895 per
333 2847 533 2894 proprium
565 2842 790 2891 sanguinem
827 2840 989 2876 introivit
1016 2839 1053 2874 in
1081 2843 1231 2882 sancta,
1260 2843 1303 2872 ut

238 2896 376 2934 dicitur
401 2897 500 2933 Heb.
519 2907 555 2932 1x
572 2894 604 2931 ⁹¹⁶.
635 2893 712 2932 Sed
730 2891 857 2942 passio
877 2899 914 2928 et
939 2903 1044 2928 mors
1064 2889 1203 2927 Christi
1221 2901 1302 2926 non

231 2950 310 2988 ierit
336 2949 376 2986 in
404 2956 624 2986 aeternum:
663 2953 707 2983 ut
734 2944 871 2982 dicitur
888 2949 903 2972 ἵ
929 2945 1042 2980 Rom.
1068 2955 1104 2980 vl
1122 2942 1161 2979 *t
1195 2943 1300 2979 Chri-

237 3009 312 3040 stus
339 3012 539 3051 resurgens
564 3012 588 3037 a
615 3000 770 3036 mortuis
797 2999 873 3034 iam
898 3009 972 3034 non
1001 2997 1170 3032 moritur.
1199 2995 1301 3042 Ergo

236 3054 496 3094 sacerdotium
525 3051 666 3090 Christi
692 3062 773 3088 non
800 3057 856 3086 est
883 3049 923 3086 in
951 3056 1162 3085 aeternum.

267 3138 269 3140 v
294 3109 329 3146 3.
350 3109 583 3152 PRAETEREA,
605 3103 778 3142 Christus
797 3110 853 3139 est
871 3101 1048 3138 sacerdos
1067 3113 1147 3137 non
1166 3112 1301 3137 secun-

238 3161 462 3211 dumquod
481 3160 600 3204 Deus,
615 3157 684 3194 sed
702 3155 919 3193 secundum
937 3154 1045 3203 quod
1063 3154 1196 3190 homo.
1224 3152 1302 3190 Sed

230 3214 414 3252 ,Christus
441 3211 677 3263 quandoque
709 3221 790 3246 non
816 3207 886 3244 fuit
919 3207 1060 3243 homo:
1096 3205 1235 3242 scilicet
1261 3204 1301 3241 in

230 3266 366 3305 'triduo
403 3265 548 3304 mortis.
584 3265 686 3312 Ergo
723 3259 980 3313 sacerdotium
1004 3257 1018 3281 ὅ
1047 3257 1187 3295 Christi
1220 3269 1300 3294 non

237 3327 297 3358 oet
322 3320 363 3358 in
390 3327 601 3358 aeternum.

239 3371 261 3392 ’·
294 3370 368 3411 SED
396 3383 541 3410 CONTRA
559 3382 624 3408 EST
652 3367 759 3418 quod
778 3366 915 3404 dicitur
939 3364 979 3402 in
998 3364 1150 3401 Psalmo
1169 3362 1209 3399 *ι
1242 3364 1299 3399 Tu

295 3539 323 3573 α)
343 3546 395 3565 non
414 3542 462 3565 est.
479 3553 500 3558 -
509 3539 621 3572 frustra
641 3538 790 3562 remaneret
804 3534 827 3559 G
842 3538 867 3558 et
886 3533 1024 3562 editiones3
1044 3539 1096 3556 non
1116 3534 1180 3556 est...
1203 3530 1303 3556 Christi

242 3574 468 3645 waima-xime.
485 3623 506 3628 -
519 3608 695 3642 praecipuum
714 3607 733 3638 1,
748 3605 894 3639 praecipue
913 3609 997 3629 cetera
1015 3602 1096 3627 tertia.

1408 2149 1632 2186 Rssponnsso
1660 2160 1842 2185 D1CEND1JM
1870 2149 1976 2197 quod
2005 2148 2044 2185 in
2063 2148 2191 2186 officio
2211 2151 2416 2188 sacerdotis

1353 2201 1432 2238 duo
1470 2208 1632 2250 possunt
1668 2200 1919 2237 considerari:
1955 2201 2082 2250 primo
2120 2202 2296 2250 quidem,
2333 2203 2416 2252 ipsa

1353 2253 1493 2291 oblatio
1514 2252 1706 2299 sacrificii;
1736 2254 1919 2299 secundo,
1940 2253 2023 2302 ipsa
2043 2254 2216 2291 sacrificii
2235 2267 2415 2294 consum-

1354 2306 1492 2352 matio,
1520 2318 1619 2355 quae
1648 2306 1806 2355 quidem
1840 2306 2009 2343 consistit
2042 2306 2082 2343 in
2109 2308 2185 2344 hoc
2222 2309 2328 2357 quod
2363 2309 2415 2346 illi

1353 2372 1424 2409 pro
1453 2359 1594 2408 quibus
1623 2358 1851 2395 sacrificium
1887 2360 2064 2404 offertur,
2093 2359 2214 2396 finem
2242 2361 2415 2399 sacrificii

1354 2419 1655 2461 consequuntur.
1685 2411 1789 2448 Finis
1817 2419 1947 2448 autem
1974 2411 2146 2448 sacrificii
2178 2413 2284 2460 quod
2305 2413 2413 2450 Chri-

1354 2473 1434 2502 stus
1461 2465 1614 2511 obtulit‚
1641 2476 1721 2501 non
1748 2464 1901 2501 fuerunt
1934 2464 2038 2501 bona
2073 2465 2315 2513 temporalia,
2345 2466 2413 2503 sed

1354 2526 1519 2564 aeterna,
1540 2530 1639 2566 quae
1658 2530 1728 2566 per
1746 2517 1828 2554 eius
1847 2525 2012 2554 mortem
2031 2517 2287 2566 adipiscimur,
2306 2519 2412 2555 unde

1355 2571 1502 2619 dicitur,
1521 2572 1620 2607 Heb.
1641 2583 1676 2607 1x
1693 2570 1724 2617 ³¹²,
1746 2570 1852 2619 quod
1875 2571 2038 2607 Christus
2060 2575 2111 2606 est
2128 2571 2295 2607 assistens
2315 2583 2412 2620 pon-

1354 2626 1448 2673 tifex
1464 2625 1685 2672 futurorum
1713 2626 1919 2661 bonorum:
1953 2622 2096 2660 ratione
2125 2623 2240 2659 cuius
2274 2623 2413 2660 Christi

1355 2677 1612 2715 sacerdotium
1637 2675 1774 2713 dicitur
1801 2688 1882 2713 esse
1902 2684 2111 2712 aeternum.
2141 2677 2189 2712 Et
2216 2676 2310 2712 haec
2329 2675 2412 2724 qui-

1355 2731 1446 2768 dem
1465 2730 1746 2767 consummatio
1775 2728 1947 2766 sacrificii
1967 2728 2105 2765 Christi
2132 2727 2412 2777 praefiguraba-

1354 2791 1417 2821 tur
1443 2783 1484 2820 in
1511 2784 1587 2820 hoc
1619 2782 1703 2831 ipso
1732 2782 1838 2831 quod
1865 2781 2032 2830 pontifex
2066 2781 2192 2828 legalis
2226 2782 2345 2818 semel
2371 2780 2412 2818 in

1355 2848 1457 2874 anno
1495 2848 1585 2873 cum
1623 2835 1806 2883 sanguine
1842 2834 1936 2871 hirci
1964 2841 2000 2870 et
2034 2833 2140 2869 vituli
2176 2833 2336 2870 intrabat
2372 2833 2412 2870 in

1355 2896 1484 2926 sancta
1511 2895 1752 2932 sanctorum,
1781 2894 1823 2923 ut
1854 2886 1991 2923 dicitur
2017 2887 2130 2923 Levit.
2160 2897 2219 2922 xvx
2245 2885 2283 2932 ²¹⁸,
2320 2897 2412 2922 cum

1354 2950 1484 2979 tamen
1502 2941 1653 2977 hircum
1673 2947 1709 2976 et
1735 2939 1900 2976 vitulum
1928 2950 2008 2974 non
2026 2938 2241 2974 immolaret
2267 2937 2307 2974 in
2326 2950 2411 2975 san-

1354 3002 1414 3032 cta
1440 3001 1660 3031 sanctorum
1678 2997 1702 3037 ⁶,
1723 2991 1790 3028 sed
1818 2998 1932 3028 extra.
1967 2989 2144 3027 Similiter
2172 2989 2344 3027 Christus
2371 2990 2412 3028 in

1353 3050 1483 3084 sanctd
1505 3051 1729 3090 sanctorum,
1749 3044 1844 3080 idest
1863 3043 1902 3079 in
1922 3042 2049 3092 ipsum
2075 3044 2224 3079 caelum
2247 3042 2410 3090 intravit,

1355 3107 1391 3136 et
1409 3098 1520 3136 nobis
1547 3097 1652 3134 viam
1671 3095 1817 3146 paravit
1844 3095 2008 3132 intrandi
2026 3107 2096 3144 per
2122 3095 2302 3132 virtutem
2325 3107 2410 3132 san-

1354 3151 1480 3200 guinis
1508 3150 1579 3195 sui,
1600 3161 1719 3198 quem
1746 3160 1816 3197 pro
1845 3147 1956 3185 nobis
1983 3147 2023 3184 in
2050 3155 2149 3184 terra
2176 3147 2320 3184 effudit.

1407 3205 1464 3240 AD
1484 3214 1618 3240 PthJM
1637 3213 1734 3238 ERGO
1754 3213 1934 3242 mci-„noum
1953 3200 2059 3249 quod
2079 3200 2196 3237 sancti
2214 3199 2282 3249 qui
2301 3208 2412 3237 erunt

1355 3257 1394 3294 in
1422 3255 1552 3305 patria,
1573 3266 1653 3291 non
1681 3253 1904 3302 indigebunt
1922 3253 2078 3290 ulterius
2106 3252 2248 3302 expiari
2266 3265 2336 3301 per
2354 3265 2411 3290 sa-

1355 3308 1569 3346 cerdotium
1598 3306 1757 3353 Christi,
1786 3306 1866 3352 sed,
1895 3306 2034 3355 expiati
2061 3305 2159 3352 iam,
2187 3305 2412 3353 indigebunt

1354 3359 1616 3398 consummari
1642 3371 1712 3408 per
1738 3359 1867 3409 ipsum
1896 3358 2109 3403 Christum,
2138 3370 2160 3395 a
2188 3370 2267 3406 quo
2294 3358 2412 3406 gloria

1353 3425 1490 3451 eorum
1518 3412 1724 3462 dependet:
1767 3419 1810 3449 ut
1843 3411 1990 3459 dicitur,
2016 3412 2132 3460 Apoc.
2160 3422 2218 3447 xm
2245 3410 2277 3458 ²⁸,
2305 3411 2413 3460 quod

1409 3527 1436 3562 γ)
1457 3532 1486 3553 ut
1506 3528 1612 3553 dicitur.
1630 3540 1649 3546 -
1667 3527 1810 3552 secundum
1831 3526 1896 3551 illud
1915 3526 1994 3550 tertia.

1409 3563 1434 3598 ὃ)
1453 3563 1640 3589 sacerdotium.
1658 3577 1678 3582 —
1696 3562 1767 3587 BIsG
1787 3567 1812 3587 et
1829 3567 1903 3586 vetus
1922 3561 2026 3591 Escur.;
2045 3560 2214 3593 sacrificium.

1410 3600 1433 3634 ε)
1451 3601 1546 3624 sancta
1563 3602 1726 3624 sanctorum.
1743 3611 1763 3617 -
1779 3597 1879 3622 sanctis
1897 3599 2049 3621 sanctorum
2068 3595 2142 3620 tertia
2160 3599 2261 3628 praeter
2278 3594 2297 3620 1.

2442 500 2453 512 ”
2466 499 2533 528 Resp.
2547 499 2577 522 nd
2595 506 2618 528 ι,
2628 508 2653 524 ².

2437 2581 2448 2603 ⁸.
2462 2581 2529 2604 Vers.
2546 2589 2580 2606 ιι.

2438 2893 2524 2916 ’verm
2537 2900 2559 2916 n
2575 2896 2630 2922 ηιμ

2440 3419 2450 3428 ·
2463 3417 2530 3439 ven.
2543 3423 2580 3446 ²3—
