2872 3970
966 297 1228 343 QUAESTIO
1257 298 1347 346 XX,
1376 298 1667 336 ARTICULUS
1695 299 1724 335 11

263 377 378 415 etiam
405 376 524 413 Filius
550 375 676 413 maior-
702 382 757 412 est
783 374 910 423 seipso
938 375 1154 412 secundum
1181 376 1319 412 huma-

263 427 355 483 num
380 435 570 466 naturam.

288 479 353 518 3
382 479 612 527 ptumam,
642 479 833 526 'Chi-istus,
862 478 1078 517 secundum
1106 481 1319 517 humanam

263 524 452 579 naturam,
473 540 528 571 est
555 545 689 571 servus
715 527 788 570 Dei
815 527 954 570 Patn‘s:
984 533 1200 570 secundum
1226 533 1320 570 illud

263 578 366 624 inan.
386 598 435 623 xx
452 585 490 622 *ε
519 581 688 623 Ascendo
716 585 767 622 ad
791 581 940 622 Patrem
968 597 1092 622 meum
1117 593 1153 623 et
1169 587 1320 623 Patrem

263 645 435 685 vestrum,
455 639 577 675 Deum
605 651 729 675 meum
749 644 782 675 et
798 639 922 675 Deum
940 644 1111 675 vestrum
1142 639 1218 675 Sed
1237 638 1320 687 qui-

265 703 433 740 cumque
461 698 516 727 est
543 703 676 728 servus
704 690 834 736 Patris,
864 698 919 727 est
946 703 1079 728 servus
1098 690 1200 727 Filii:
1231 691 1320 727 alio-

265 743 360 793 quin
387 755 467 780 non
495 743 626 780 omnia
663 755 763 792 quae
791 751 879 780 sunt
915 743 1035 780 Patris
1063 751 1187 780 essent
1223 743 1318 780 Filii.

265 797 367 844 Ergo
396 795 568 833 Christus
597 803 652 833 est
679 808 812 833 servus
840 796 899 833 sui
926 796 1056 845 ipsius,
1077 804 1113 833 et
1141 795 1211 832 sibi
1235 796 1320 832 sub-

265 848 377 887 ditus.

317 902 541 939 Rasroumzo
568 913 750 939 mcaNDum
778 902 896 951 quod,
921 901 1017 939 sicut
1044 902 1187 939 dictum
1217 908 1272 938 est
1290 901 1319 947 ²¹⁶,

265 965 348 990 esse
384 953 590 991 dominum
624 962 660 991 et
692 966 848 992 servum
885 954 1099 991 attribuitur
1134 966 1321 1003 personae

264 1007 327 1043 vel
354 1005 549 1056 hypostasi
570 1007 786 1044 secundum
813 1007 982 1056 aliquam
1001 1015 1188 1044 naturam.
1220 1007 1319 1043 Cum

266 1070 356 1106 ergo
395 1058 568 1096 Christus
603 1059 740 1096 dicitur
776 1072 857 1096 esse
883 1061 1068 1097 Dominus
1103 1060 1161 1098 vel
1196 1071 1323 1096 servus

264 1112 324 1148 sui
357 1112 487 1160 ipsius,
519 1112 581 1148 vel
618 1112 724 1161 quod
760 1114 919 1150 Verbum
954 1113 1028 1149 Dei
1062 1118 1113 1149 est
1139 1113 1323 1148 Dominus

265 1165 424 1201 hominis
461 1165 615 1210 Christi,
651 1165 726 1201 hoc
762 1172 886 1214 potest
921 1164 1074 1213 intelligi
1110 1164 1320 1213 dupliciter.

265 1217 354 1254 Uno
382 1216 521 1263 modo,
551 1224 593 1253 ut
620 1216 846 1265 intelligatur
879 1218 955 1254 hoc
982 1229 1064 1253 esse
1092 1217 1237 1253 dictum
1266 1229 1322 1253 ra-

265 1268 369 1306 tione
388 1269 539 1306 alterius
564 1270 778 1318 hypostasis
803 1271 865 1306 vel
891 1281 1091 1318 personae,
1115 1269 1225 1318 quasi
1252 1269 1324 1306 alia

267 1321 313 1358 sit
335 1333 500 1381 persona
526 1321 644 1359 Verbi
671 1322 743 1359 Dei
770 1322 1014 1366 dominantis,
1036 1330 1072 1358 et
1099 1322 1171 1358 alia
1198 1321 1322 1358 homi-

267 1373 326 1410 nis
345 1373 558 1411 servientis:
588 1375 695 1423 quod
720 1374 883 1424 pertinet
901 1375 950 1412 ad
975 1374 1162 1411 haeresim
1186 1375 1323 1410 Nesto-

266 1425 322 1463 rii.
365 1427 476 1464 Unde
504 1426 544 1463 in
563 1422 893 1464 condemnatione
921 1427 1088 1464 Nestorii
1120 1427 1258 1463 dicitur
1284 1426 1323 1463 in

207 1500 240 1513 «ι
268 1479 428 1528 Synodo
456 1479 652 1528 Ephesina
670 1480 709 1517 *ε
739 1482 780 1517 Si
806 1482 884 1530 quis
911 1480 996 1516 dicit
1015 1481 1137 1516 Deum
1162 1480 1221 1517 vel
1245 1481 1323 1516 Do-

266 1533 409 1569 minum
443 1544 521 1568 esse
558 1533 695 1569 Christi
728 1545 778 1570 ex
810 1534 892 1570 Deo
926 1534 1038 1569 Patre
1078 1534 1256 1577 Verbum,
1291 1538 1325 1568 et

267 1597 343 1622 non
372 1585 528 1622 eundem
555 1587 679 1634 magis
705 1587 899 1633 confitetur
924 1585 1034 1622 simul
1051 1586 1174 1621 Deum
1203 1590 1236 1621 et
1262 1586 1324 1621 ho-

267 1638 418 1684 minem,
447 1643 568 1686 utpote
589 1639 708 1674 Verbo
735 1650 851 1674 carne
863 1639 984 1686 sacto,
1001 1638 1201 1674 secundum
1227 1638 1324 1674 Scri-

262 1695 407 1739 pturas,
427 1691 624 1727 anathema
642 1692 696 1727 sit.
726 1691 774 1727 Et
792 1691 867 1727 hoc
893 1690 1012 1726 modo
1032 1697 1191 1737 negatur
1209 1702 1231 1726 a
1251 1690 1324 1738 Cy-

268 1741 350 1779 rillo
379 1749 416 1778 et
442 1743 684 1780 Damasceno
704 1742 735 1779 ²¹⁸.
773 1744 822 1780 Et
849 1742 921 1779 sub
950 1742 1089 1778 eodem
1117 1754 1232 1778 sensu
1260 1754 1325 1778 ne-

268 1795 439 1843 gandum
467 1802 523 1831 est
551 1795 748 1832 Christum
782 1807 864 1832 esse
892 1796 1075 1831 minorem
1102 1797 1237 1844 seipso,
1264 1795 1326 1830 vel

269 1859 350 1884 esse
377 1849 448 1884 sibi
472 1849 543 1897 ipsi
566 1850 776 1885 subiectum.

321 1899 407 1936 Alio
434 1900 554 1937 modo
582 1908 705 1949 potest
732 1899 884 1947 intelligi
921 1899 1137 1936 secundum
1171 1898 1326 1935 diversi-

267 1959 385 1989 tatem
412 1959 638 1989 naturarum
665 1953 705 1989 in
732 1965 811 1989 una
838 1963 1003 2001 persona
1029 1952 1091 1988 vel
1118 1950 1324 2001 hypostasi.

269 2005 318 2042 Et
336 2004 390 2042 sic
407 2004 533 2042 dicere
561 2017 782 2054 possumus,
803 2005 1018 2042 secundum
1037 2015 1158 2040 unam
1179 2015 1325 2048 earum,

268 2056 309 2094 in
336 2069 414 2107 qua
432 2069 524 2094 cum
542 2058 652 2095 Patre
676 2057 866 2103 convenit,
887 2057 1003 2093 simul
1029 2068 1122 2093 eum
1140 2068 1232 2093 cum
1257 2057 1326 2092 Pa-

268 2117 324 2147 tre
342 2122 518 2159 praeesse
538 2118 574 2147 et
592 2110 802 2148 dominari:
823 2110 1039 2147 secundum
1057 2121 1151 2145 vero
1171 2110 1327 2145 alteram

269 2170 458 2211 naturam,
479 2163 519 2200 in
547 2176 624 2213 qua
642 2163 844 2200 nobiscum
874 2161 1064 2208 convenit,
1085 2161 1215 2210 ipsum
1238 2160 1326 2197 sub-

269 2227 351 2253 esse
379 2224 416 2253 et
443 2216 595 2254 servire.
632 2217 680 2253 Et
707 2216 923 2253 secundum
951 2216 1056 2251 hunc
1082 2214 1247 2250 modum
1275 2213 1327 2249 di-

269 2267 319 2306 cit
345 2269 582 2317 Augustinus
599 2269 620 2291 *
646 2269 788 2306 Filium
817 2280 898 2305 esse
925 2269 1042 2317 seipso
1070 2269 1264 2303 minorem.

322 2398 350 2433 α)
368 2400 445 2426 sicut.
463 2414 482 2419 —-
498 2399 600 2431 Tertia3
620 2407 673 2425 om.

267 2477 309 2496 sm
321 2433 347 2495 βί)
365 2435 408 2477 sui
425 2435 515 2496 ἰιξςίιιε.
527 2449 547 2455 -
559 2439 586 2461 et
603 2442 695 2460 servus
713 2438 739 2460 et
751 2435 797 2468 pF,
811 2439 837 2460 et
851 2442 942 2460 servus
960 2434 1011 2459 sibi
1029 2434 1080 2465 ipsi
1097 2436 1123 2458 et
1136 2433 1179 2463 sF,
1193 2436 1220 2458 et
1236 2439 1328 2457 servus

334 2477 411 2503 psius
452 2489 458 2496 .

2351 310 2426 349 249

1426 375 1636 424 Sciendum
1655 383 1785 413 tamen
1802 377 1922 425 quod,
1942 387 2033 413 cum
2055 377 2131 414 hoc
2158 389 2302 415 nomen
2322 378 2428 416 Can·-

1372 434 1446 465 stws
1473 428 1519 465 sit
1546 437 1691 466 nomen
1717 438 1921 478 personae,
1950 429 2046 466 sicut
2065 433 2082 451 ²
2110 438 2145 466 et
2170 431 2247 468 hoc
2281 441 2427 472 nomen

1373 480 1509 527 Filius,
1538 481 1599 518 illa
1635 492 1704 530 per
1731 494 1770 518 se
1808 489 1844 518 et
1866 482 2043 519 'absolute
2077 492 2237 531 possunt
2274 482 2347 522 dici
2379 484 2427 523 de

1376 533 1526 570 Christo
1563 546 1662 582 quae
1699 534 1934 571 conveniunt
1968 532 2002 571 ei
2037 534 2180 572 ratione
2218 549 2308 574 suae
2342 550 2427 586 per-

1375 598 1508 632 sonae,
1536 598 1637 635 quae
1664 594 1720 623 est
1745 594 1917 624 aeterna:
1947 594 1983 624 et
2011 588 2176 624 maxime
2204 589 2427 627 huiusmodi

1374 639 1585 684 relationes,
1611 651 1710 688 quae
1738 639 1857 686 magis
1884 640 2036 688 proprie
2064 640 2241 678 videntur
2268 643 2315 678 ad
2343 655 2428 691 per—

1375 703 1512 728 sonam
1548 693 1610 728 vel
1637 692 1873 741 hypostasim
1909 692 2107 741 pertinere.
2148 694 2223 730 Sed
2252 707 2296 731 ea
2328 708 2426 743 quae

1375 744 1609 780 conveniunt
1646 744 1715 780 sibi
1744 745 1958 781 secundum
1995 746 2206 782 humanam
2239 755 2427 793 naturam,

1375 805 1463 832 sunt
1491 797 1525 833 ei
1553 797 1679 845 potius
1708 797 1945 834 attribuenda
1979 810 2069 834 cum
2102 798 2425 837 determinatione.

1375 850 1424 886 Ut
1451 849 1625 886 videlicet
1659 850 1830 887 dicamus
1864 850 2059 887 Christum
2096 850 2312 900 simpliciter
2346 865 2427 889 esse

1375 902 1604 947 Maximum,
1625 910 1661 938 et
1688 902 1914 949 Dominum,
1935 911 1971 939 et
1990 903 2292 941 Praesidentem:
2322 906 2427 954 quod

1376 962 1505 990 autem
1533 954 1579 991 sit
1601 954 1814 1000 ⁸subiectus,
1843 957 1905 992 vel
1933 968 2081 1000 servus,
2110 958 2172 993 vel
2199 957 2345 1004 minor,
2374 966 2430 994 est

1376 1006 1410 1043 ei
1429 1007 1715 1044 attribuendum
1743 1020 1833 1044 cum
1862 1007 2186 1054 determinatione,
2206 1009 2355 1057 scilicet,
2376 1023 2428 1047 se-

1376 1060 1536 1096 cundum
1564 1061 1767 1096 humanam
1797 1067 1980 1097 naturam.

1429 1113 1485 1148 An
1514 1124 1648 1149 PRIMUM
1667 1125 1764 1149 ERGO
1783 1125 1963 1155 DtCENDuM
1991 1114 2097 1162 quod
2117 1115 2278 1163 Cyrillus
2300 1123 2335 1151 et
2353 1116 2428 1152 Da-

1376 1176 1578 1201 mascenus
1613 1173 1751 1212 negant
1780 1165 1971 1202 Christum
2011 1178 2091 1202 esse
2120 1167 2333 1204 Dominum
2370 1169 2429 1204 sui

1376 1216 1506 1266 ipsius,
1527 1217 1740 1253 secundum
1760 1218 1866 1266 quod
1885 1230 1954 1266 per
1971 1219 2046 1254 hoc
2065 1218 2290 1267 importatur
2307 1222 2428 1268 plura-

1377 1270 1458 1306 litas
1487 1269 1785 1318 suppositorum‚
1807 1282 1906 1318 quae
1935 1271 2137 1319 requiritur
2164 1272 2212 1307 ad
2231 1273 2305 1309 hoc
2324 1274 2429 1321 quod

1377 1322 1512 1371 aliquis
1541 1322 1759 1371 simpliciter
1786 1322 1831 1358 sit
1858 1323 2039 1359 dominus
2067 1323 2235 1360 alicuius.

1430 1376 1487 1411 AD
1507 1387 1694 1411 SECUNDUM
1714 1387 1894 1412 DICENDUM
1913 1376 2019 1424 quod
2038 1375 2255 1424 simpliciter
2273 1377 2430 1426 quidem

1378 1434 1527 1476 oportet
1555 1439 1635 1463 esse
1664 1427 1781 1463 alium
1809 1427 2013 1465 dominum
2041 1435 2077 1464 et
2104 1429 2221 1465 alium
2253 1442 2428 1466 servum:

1378 1487 1501 1528 potest
1534 1487 1663 1516 tamen
1697 1479 1824 1528 aliqua
1858 1480 1952 1517 ratio
1984 1481 2144 1518 dominii
2176 1489 2212 1518 et
2243 1482 2430 1519 servitutis

1378 1532 1520 1568 servari
1547 1539 1661 1580 prout
1688 1532 1791 1568 idem
1820 1540 1874 1568 est
1902 1533 2082 1570 dominus
2111 1534 2169 1570 sui
2197 1533 2348 1583 ipsiusss
2374 1547 2430 1571 se-

1378 1585 1551 1621 cundum
1579 1584 1683 1621 aliud
1712 1592 1747 1620 et
1775 1585 1888 1622 aliud.

1431 1638 1488 1674 Ab
1515 1649 1673 1674 TERTIUM
1700 1649 1880 1674 DICENDUM
1917 1638 2042 1686 quod,
2071 1647 2227 1687 propter
2263 1639 2430 1676 diversas

1378 1697 1503 1738 partes
1531 1689 1710 1734 hominis,
1731 1702 1896 1738 quarum
1923 1703 2002 1727 una
2030 1699 2084 1727 est
2112 1692 2285 1740 superior
2306 1700 2342 1728 et
2360 1692 2432 1729 alia

1378 1741 1543 1787 inferior,
1572 1741 1661 1778 dicit
1688 1742 1801 1778 etiam
1829 1742 2105 1791 Philosophus,
2135 1743 2174 1780 in
2201 1745 2236 1780 V
2262 1746 2378 1781 Ethic.
2399 1745 2429 1790 ²¹⁶,

1380 1795 1486 1843 quod
1514 1796 1645 1830 iustitia
1673 1796 1830 1831 hominis
1857 1801 1907 1831 est
1934 1796 1983 1831 ad
2007 1798 2176 1844 seipsum,
2203 1796 2432 1844 inquantum

1380 1846 1574 1883 irascibilis
1602 1853 1638 1882 et
1658 1847 1961 1894 concupiscibilis
1990 1848 2173 1884 obediunt
2191 1848 2336 1885 rationi.
2368 1850 2433 1886 Se-

1380 1899 1554 1935 cundum
1574 1898 1688 1934 etiam
1713 1900 1818 1935 hunc
1836 1900 1999 1936 modum
2015 1905 2030 1927 Υ
2049 1913 2150 1936 unus
2172 1901 2291 1938 homo
2310 1910 2434 1950 potest

1380 1951 1454 1988 dici
1474 1950 1544 1987 sibi
1564 1950 1756 1988 subiectus
1775 1960 1811 1988 et
1830 1952 2010 1997 serviens,
2032 1954 2246 1990 secundum
2267 1954 2434 1991 diversas

1381 2003 1440 2040 sui
1467 2010 1603 2052 partes.

1433 2055 1494 2092 Ad
1522 2055 1594 2092 alia
1614 2063 1743 2093 autem
1763 2064 1985 2104 argumenta
2003 2057 2023 2079 '¹‘
2049 2065 2152 2106 patet
2172 2059 2369 2107 responsio
2389 2072 2435 2096 ex

1381 2107 1500 2145 dictis.
1529 2109 1634 2145 Nam
1652 2109 1886 2156 Augustinus
1906 2110 2036 2146 asserit
2062 2110 2199 2147 Filium
2222 2111 2345 2160 seipso
2365 2112 2435 2148 mi-

1380 2165 1528 2204 no‘rem,
1547 2162 1609 2197 vel
1637 2160 1708 2197 sibi
1735 2161 1961 2208 subiectum,
1981 2164 2195 2200 secundum
2223 2165 2435 2201 humanam

1380 2221 1577 2250 naturam:
1616 2225 1696 2249 non
1725 2214 1939 2250 secundum·
1974 2215 2229 2252 diversitatem
2261 2217 2434 2265 supposi-

1380 2274 1520 2302 torum.

1433 2395 1460 2429 γ)
1480 2397 1629 2421 Secundum
1649 2397 1728 2421 etiam
1742 2397 1810 2421 hunc
1823 2397 1938 2423 modum.
1949 2411 1968 2416 —
1982 2398 2131 2423 Secundum
2145 2406 2220 2430 quem
2234 2400 2340 2424 modum
2353 2400 2433 2425 etiam

1382 2431 1444 2461 Gbc,
1468 2432 1542 2456 Unde
1555 2439 1607 2463 per
1625 2432 1694 2456 hunc
1713 2433 1818 2457 modum
1838 2433 1917 2457 etiam
1935 2433 1973 2458 ΡΙ.

941 2565 1274 2598 commentaria
1296 2563 1547 2596 Cardinalis
1570 2563 1768 2596 Caietam

329 2665 436 2686 nunus
467 2655 567 2686 clarus
602 2661 649 2686 est
673 2656 707 2686 in
737 2665 781 2686 se.
811 2655 873 2686 Sed
903 2665 960 2685 sua
997 2664 1091 2685 causa
1120 2663 1158 2683 ex
1195 2652 1327 2683 articulo

330 2699 503 2740 colligitur:
535 2699 625 2740 quod
661 2705 708 2730 est
736 2699 876 2730 diversus
906 2698 1061 2738 loquendi
1090 2697 1206 2728 modus
1231 2696 1328 2727 Grae-

270 2753 383 2774 corum
407 2749 438 2774 et
459 2743 658 2774 Latinorum.
682 2743 820 2784 Cyn'llus
844 2744 929 2773 enim
953 2748 984 2773 et
1006 2743 1232 2777 Damascenus,
1253 2750 1328 2771 curn

268 2787 430 2828 Ephesina
445 2787 588 2828 Synodo,
603 2793 721 2828 negant
737 2787 899 2818 Christum
921 2787 1101 2816 subiectum
1117 2786 1192 2815 sibi:
1216 2785 1327 2825 Augu-

268 2831 369 2862 stinus
391 2841 467 2862 vero
491 2831 655 2862 Christum
682 2832 742 2862 sibi
764 2831 944 2861 subiectum
974 2830 1151 2861 secundum
1181 2829 1327 2859 humani-

268 2880 366 2906 tatem
389 2875 530 2906 affirmat.
555 2876 596 2906 Et
619 2876 694 2916 quia
715 2880 850 2915 utraque
873 2875 1028 2905 sententia
1051 2879 1098 2904 est
1119 2883 1202 2908 vera,
1224 2879 1263 2909 et,
1288 2873 1328 2903 ad

269 2918 409 2950 diversos
432 2929 543 2950 sensus
565 2919 671 2956 relata,
687 2919 913 2949 rationabiliter
933 2918 1016 2949 dicta
1030 2918 1068 2948 ab
1084 2918 1236 2957 utrisque,
1252 2916 1326 2947 ideo

268 2968 358 2993 mota
381 2969 428 2994 est
450 2964 595 3004 quaestio
621 2964 709 2994 haec.

324 3007 361 3037 11.
386 3007 422 3038 In
445 3017 580 3047 corpore
603 3007 668 3038 duo
691 3006 791 3036 fiunt:
815 3006 931 3046 primo,
954 3005 1164 3046 respondetur
1183 3005 1326 3045 quaesito

268 3050 446 3082 secundum
479 3052 663 3087 veritatem3
698 3050 858 3086 secundm
893 3050 1048 3080 docemur
1082 3049 1326 3079 convenientem

269 3094 425 3135 loquendi
447 3095 583 3126 modum
605 3095 640 3125 in
662 3095 721 3124 hac
743 3094 884 3124 materia.

324 3138 442 3177 Quoad
468 3139 618 3179 primum,
643 3147 718 3168 cum
746 3137 947 3168 distinctione
977 3136 1111 3176 duplicis
1134 3146 1243 3167 sensus
1266 3137 1326 3166 hu-

268 3181 409 3213 iusmodi
436 3183 640 3213 locutionum
669 3180 894 3220 respondetur:
927 3179 1016 3220 quod
1045 3181 1164 3211 scilicet
1191 3185 1327 3220 possunt

269 3227 401 3257 servitus
417 3231 449 3256 et
463 3225 643 3256 dominium
666 3224 773 3255 referri
788 3224 838 3254 vel
854 3223 894 3254 ad
912 3223 1122 3254 diversitatem
1145 3224 1327 3263 supposito-

269 3278 360 3306 rum,
352 3280 360 3287 ·
383 3270 435 3300 vel
450 3269 490 3300 ad
504 3269 606 3300 solam
622 3268 832 3299 diversitatem
854 3273 1037 3297 naturarum
1052 3268 1086 3297 in
1101 3277 1166 3297 una
1180 3277 1325 3306 persona.

269 3312 424 3344 Probatur
446 3314 524 3344 haec
547 3313 717 3343 distinctio.
742 3311 827 3349 Quia
849 3320 916 3341 esse
939 3310 1108 3340 dominum
1127 3310 1178 3341 vel
1201 3320 1327 3340 servum

271 3357 449 3388 attribuitur
476 3366 631 3398 personae
661 3355 838 3386 secundum
868 3355 1006 3394 aliquam
1035 3359 1189 3384 naturam.
1220 3354 1327 3384 Potest

269 3399 365 3440 igitur
386 3400 494 3431 referri
513 3400 673 3431 diversitas
695 3399 846 3439 requisita
861 3399 942 3428 inter
958 3397 1126 3428 dominum
1143 3403 1174 3427 et
1189 3407 1325 3434 servum,

269 3443 322 3474 vel
336 3443 376 3474 ad
390 3453 598 3484 personarum
615 3449 646 3474 et
660 3449 842 3474 naturarum
862 3442 955 3472 simul
972 3441 1197 3477 diversitatem3
1222 3441 1272 3471 vel
1288 3441 1327 3471 ad

271 3485 483 3519 diversitatem
504 3493 688 3518 naturarum
707 3492 841 3521 tanturn,
858 3491 958 3516 stante
976 3486 1096 3515 unitate
1118 3494 1282 3524 personae.

326 3530 367 3561 Et
381 3531 483 3572 prima
498 3531 674 3567 conclusio,
690 3531 777 3561 iuxta
791 3530 931 3570 primum
947 3538 1084 3565 sensum,
1102 3534 1164 3558 est:
1184 3529 1328 3559 Christus

272 3582 337 3604 non
353 3579 400 3605 est
412 3575 569 3606 subiectus
583 3575 651 3611 sibi,
668 3579 726 3605 aut
739 3574 899 3604 Dominus
913 3573 973 3604 sui.
998 3572 1224 3603 Manifestatur.
1244 3573 1328 3610 Quia

411 3635 520 3661 διῖκται
537 3635 638 3662 Tasci..
657 3636 688 3660 D.
703 3635 816 3660 'raons
834 3634 866 3659 T.
884 3633 948 3659 vm.

1381 2653 1425 2682 sic
1453 2658 1499 2683 est
1528 2654 1663 2683 haeresis
1692 2654 1846 2690 Nestorii,
1875 2652 2020 2684 damnata
2048 2655 2082 2684 in
2109 2653 2255 2694 Synodo,
2280 2660 2391 2694 negata
2414 2665 2432 2684 a

1382 2697 1502 2738 Cyrillo
1528 2702 1558 2727 et
1581 2698 1790 2728 Damasceno.

1435 2741 1582 2771 Secunda
1604 2751 1679 2771 vero
1703 2742 1878 2777 conclusio,
1901 2742 1987 2772 iuxta
2010 2741 2186 2772 secundum
2209 2751 2347 2777 sensum,
2368 2747 2429 2771 est:

1383 2785 1529 2815 Christus
1551 2791 1599 2815 est
1618 2786 1678 2816 sibi
1699 2786 1864 2821 subiectus,
1881 2790 1912 2815 et
1925 2786 1977 2815 sui
1990 2786 2157 2815 Dominus.
2178 2785 2265 2815 Haec
2277 2786 2432 2825 ‚probatur

1381 2839 1418 2859 ex
1441 2829 1617 2859 diversitate
1643 2835 1834 2865 naturarum,
1860 2834 1891 2858 et
1913 2829 2096 2859 auctoritate
2119 2829 2298 2868 Augustini.

1435 2873 1552 2910 Quoad
1575 2873 1761 2908 secundum,
1784 2872 1899 2902 modus
1922 2872 2075 2912 loquendi
2098 2882 2257 2912 congruus
2281 2877 2326 2902 est
2341 2877 2377 2902 ut
2392 2871 2431 2902 de

1381 2916 1508 2947 Christo
1532 2926 1568 2946 ea
1592 2926 1674 2956 quae
1701 2921 1774 2946 sunt
1804 2916 2004 2946 excellentiae
2035 2916 2178 2945 absolute
2208 2915 2366 2946 dicantur:
2395 2925 2431 2946 ea

1379 2970 1455 2990 vero
1480 2970 1561 3000 quae
1581 2965 1654 2990 sunt
1677 2960 1880 2989 subiectionis
1903 2969 1976 2989 cum
2000 2959 2260 2990 determinatione
2288 2960 2432 3000 apposita

1380 3004 1532 3039 dicantur,
1557 3004 1684 3038 scilicet,
1707 3003 1880 3033 secundum
1902 3003 2074 3033 humanam
2097 3008 2256 3033 naturam.
2289 3004 2330 3033 Et
2351 3003 2430 3033 ratio

1380 3054 1426 3078 est
1442 3048 1517 3087 quia
1534 3047 1678 3077 Christus
1702 3052 1747 3076 est
1769 3056 1888 3076 nomen
1911 3056 2074 3086 personae,
2092 3056 2173 3086 quae
2192 3048 2226 3077 in
2242 3047 2368 3077 Christo
2385 3052 2431 3077 est

1379 3097 1504 3121 aeterna
1528 3096 1558 3120 et
1580 3091 1667 3120 Deus
1690 3100 1791 3120 verus.

1434 3135 1484 3164 Ill.
1509 3134 1592 3164 Nota
1611 3135 1662 3164 hic
1678 3133 1767 3173 quod
1791 3143 1826 3164 ea
1846 3143 1928 3174 quae
1951 3139 2024 3164 sunt
2048 3134 2249 3164 excellentiae
2265 3134 2431 3174 dupliciter

1379 3177 1609 3218 significantur:
1638 3178 1688 3207 vel
1716 3178 1782 3207 sine
1813 3177 2074 3208 determinatione
2097 3188 2153 3208 seu
2176 3178 2372 3214 limitatione,
2395 3184 2431 3208 ut

1380 3231 1447 3252 esse
1477 3222 1669 3256 Dominum,
1693 3221 1943 3257 Praesidentem‚
1968 3222 2158 3258 Maximum,
2183 3227 2258 3258 etc.;
2282 3221 2333 3251 vel
2355 3231 2430 3252 cum

1379 3266 1511 3296 limitato
1542 3266 1678 3295 termino
1700 3265 1752 3295 sui
1775 3265 1881 3305 ipsius,
1906 3271 1982 3305 puta
2010 3265 2098 3305 quod
2121 3271 2168 3295 est
2189 3265 2347 3296 Dominus
2369 3265 2429 3302 sui,

1374 3309 1539 3350 praesidet
1563 3309 1631 3344 sibi,
1657 3314 1715 3339 etc.
1750 3309 1873 3339 Auctor
1894 3310 1928 3339 in
1951 3310 2052 3339 littera
2081 3310 2222 3349 loquitur
2244 3308 2282 3339 de
2305 3308 2430 3339 relatio-

1379 3354 1472 3383 nibus
1497 3352 1698 3383 excellentiae
1721 3353 1904 3392 simpliciter
1929 3358 1959 3383 et
1975 3353 2127 3388 absolute,
2146 3362 2220 3383 cum
2244 3353 2318 3382 dicit
2342 3352 2431 3392 quod

1381 3397 1420 3427 de
1450 3396 1576 3427 Chn'sto
1601 3402 1674 3426 sunt
1702 3397 1845 3427 absolute
1877 3397 2084 3433 enuntianda,
2109 3402 2139 3426 et
2162 3406 2217 3437 per
2244 3397 2430 3436 oppositum

1381 3450 1418 3470 ea
1441 3450 1523 3480 quae
1546 3445 1619 3480 sunt
1640 3441 1860 3471 minorationis
1890 3451 1957 3471 non
1986 3446 2058 3470 sunt
2080 3441 2262 3480 simpliciter
2287 3445 2318 3470 et
2339 3441 2431 3470 abso-

1380 3484 1446 3514 lute
1469 3483 1671 3519 enuntianda,
1687 3489 1764 3524 puta
1788 3484 1876 3524 quod
1900 3490 1945 3514 est
1968 3489 2117 3519 creatura,
2134 3483 2223 3523 quod
2246 3489 2292 3513 est
2312 3493 2429 3519 servus,

1381 3527 1470 3568 quod
1493 3528 1670 3558 subiectus:
1696 3533 1726 3558 et
1749 3538 1816 3558 non
1831 3528 1973 3568 loquitur
1996 3527 2034 3558 de
2057 3528 2260 3557 relationibus
2277 3527 2431 3558 excellen-

1380 3573 1440 3602 tiae
1463 3577 1609 3612 respectu
1632 3572 1690 3602 sui.
1714 3572 1795 3602 Nam
1818 3577 1882 3602 tam
1906 3572 2071 3602 relationes
2102 3571 2313 3607 excellentiae,
2335 3580 2430 3611 quam

2259 3631 2289 3656 32

2459 1749 2467 1757 '
2483 1747 2515 1769 Ca
2534 1762 2540 1768 .
2550 1753 2582 1773 xx,
2592 1753 2616 1768 n.
2627 1753 2669 1774 9.-

2459 1774 2482 1796 S.
2531 1789 2536 1795 .
2550 1774 2600 1795 lect.
2611 1779 2668 1795 xvn.

2459 2066 2634 2113 3422&ssOE
2609 2071 2634 2092 2
2649 2071 2671 2093 ³
