2872 3970
971 252 1233 298 QUAESTIO
1262 252 1327 288 VII
1337 280 1345 296 ,

315 332 459 362 Primum
481 333 633 372 probatur
655 332 709 362 sic.
733 331 812 371 Spes
836 336 883 361 est
905 331 944 361 de
969 331 1039 361 Deo
1062 341 1129 361 non
1153 332 1260 361 habito
1284 337 1320 361 ut

262 376 399 406 obiecto.
424 377 508 415 Ergo
530 377 565 406 in
581 375 707 406 Christo
723 385 790 406 non
806 375 865 405 fuit
880 384 961 414 speS.
985 393 1008 397 —
1029 375 1230 405 Antecedens
1245 385 1319 414 pro-

261 420 353 450 batur
376 419 484 459 quoad
507 419 589 450 duo:
614 419 732 450 scilicet
756 424 786 449 et
809 418 898 458 quod
921 428 993 458 spes
1016 419 1054 448 sit
1074 418 1112 449 de
1128 428 1195 449 non
1211 419 1318 448 habito

261 468 297 493 ut
319 463 464 500 obiecto;
497 469 527 493 et
550 462 639 503 quod
661 463 700 493 sit
726 462 765 492 de
789 462 859 492 Deo
889 471 956 492 non
984 462 1091 492 habito
1122 468 1158 492 ut
1181 463 1318 492 obiecto.

261 506 403 537 Primum
426 507 578 547 probatur
600 516 638 537 ex
657 506 953 546 proportionalitate
967 505 1043 536 fidei
1058 507 1091 535 in
1107 506 1318 542 assentiendo,

261 555 293 580 et
315 551 383 590 spei
405 551 439 580 in
462 550 669 590 expectando.
693 549 878 581 Secundum
901 549 996 580 etiam
1018 550 1170 589 probatur
1189 559 1226 579 ex
1242 560 1319 580 con-

261 595 420 624 venientia
447 594 700 634 theologicarum
727 594 898 631 virtutum:
930 594 1005 633 quia
1035 603 1147 623 omnes
1178 599 1251 623 sunt
1280 593 1319 624 de

261 638 332 668 Deo
362 643 398 668 ut
425 639 564 669 obiecto.
589 656 612 660 —-
635 638 875 677 Consequentia
904 643 1012 667 autern
1040 638 1202 676 probatur.
1235 637 1319 675 Quia

262 681 406 712 Christus
428 682 467 712 ab
489 682 581 712 initio
605 682 825 722 conceptionis
848 691 924 711 suae
946 681 1041 721 plene
1065 680 1250 711 fruitionem
1273 681 1319 711 di-

261 726 368 756 vinam
391 725 511 756 habuit.
958 723 960 725 ¹

315 768 499 799 Differentia
522 775 629 799 autem
659 769 800 800 secundo
824 769 898 799 loco
925 769 1090 808 proposita
1118 769 1200 798 inter
1222 767 1319 798 fidem

261 818 293 842 et
314 822 405 852 spem
427 813 461 843 in
485 813 629 849 Christo,
661 813 836 843 declaratur
857 812 1028 852 ponendo,
1052 813 1173 852 primo,
1201 822 1318 842 conve-

260 857 412 887 nientiam
436 857 628 887 extensivam
650 856 725 887 fidei
745 863 775 887 et
790 857 867 896 spei,
892 857 967 896 quia
982 856 1100 886 scilicet
1123 862 1257 895 utraque
1273 861 1319 886 est

260 900 300 930 de
323 900 394 931 solo
417 901 488 931 Deo
511 906 547 931 ut
570 901 697 932 obiecto
729 906 759 931 et
782 900 959 931 extenditur
986 900 1026 930 ad
1049 900 1108 930 alia
1136 910 1154 930 a
1176 900 1247 930 Deo
1271 909 1319 930 se-

260 943 430 981 cundario;
462 949 493 974 et
521 944 743 985 subiungendo
772 944 886 975 deinde
909 943 1133 980 differentiam,
1165 953 1239 974 cum
1263 953 1319 973 sua

259 989 399 1024 ratione,
427 987 517 1028 quod
540 988 618 1019 fides
640 999 700 1019 nec
724 994 880 1029 quantum
903 987 943 1018 ad
965 988 1139 1028 principale
1163 987 1318 1018 creditum

258 1041 319 1062 nec
335 1037 492 1071 quantum
507 1032 546 1062 ad
561 1032 748 1063 secundario
765 1032 881 1063 credita
895 1032 1006 1062 locum
1021 1032 1116 1062 habet
1130 1033 1164 1062 in
1180 1031 1318 1068 Christo,

260 1076 336 1115 quia
349 1076 413 1107 hoc
427 1082 563 1116 poneret
576 1076 853 1116 imperfectionem
865 1076 1056 1116 cognitionis
1071 1076 1157 1106 intus
1168 1076 1201 1106 in
1213 1076 1319 1106 anima

260 1119 393 1156 Christi3
418 1129 490 1160 spes
513 1125 630 1157 autem,
655 1126 812 1160 quantum
835 1119 875 1150 ad
890 1119 1077 1150 secundario
1100 1125 1225 1150 tantum
1248 1129 1319 1159 spe-

258 1169 340 1199 rata,
370 1165 404 1194 in
431 1164 558 1195 Christo
581 1165 691 1195 locum
714 1165 839 1200 habuit,
871 1165 946 1204 quia
975 1173 1043 1194 non
1066 1165 1175 1194 omnia
1197 1169 1319 1203 sperata

258 1207 394 1238 habebat
416 1213 489 1238 actu
511 1218 529 1238 a
551 1209 726 1248 principio,
757 1214 793 1238 ut
814 1214 901 1248 patet
928 1207 967 1238 de
990 1208 1226 1238 immortalitate
1249 1217 1319 1238 cor-

257 1251 345 1291 poris
368 1256 399 1282 et
422 1251 564 1282 eiusdem
583 1251 697 1292 gloria;
722 1253 838 1292 quibus
860 1257 968 1282 tamen
991 1261 1096 1282 carere
1119 1252 1240 1282 nullam
1259 1252 1319 1282 im-

257 1294 488 1334 perfectionem
510 1296 618 1335 posuit
639 1296 674 1326 in
696 1297 801 1326 anima
824 1295 957 1331 Christi,
987 1295 1042 1326 sed
1066 1301 1186 1335 spectat
1209 1295 1248 1326 ad
1272 1305 1319 1325 as-

257 1339 476 1379 sumptionem
498 1339 681 1370 defectuum
697 1340 922 1380 corporalium,
940 1349 1023 1379 quos
1039 1339 1259 1379 dispensative,
1276 1340 1318 1370 ob

257 1383 446 1414 immensam
469 1393 560 1414 suam
581 1383 841 1419 misericordiam,
865 1393 924 1423 pro
947 1383 1040 1413 nobis
1064 1384 1242 1423 assumpsit.

312 1427 349 1458 11.
375 1427 521 1458 Occurrit
543 1428 595 1458 hic
618 1428 723 1458 statim
746 1427 891 1463 dubium,
916 1437 955 1458 an
979 1437 1051 1467 spes
1074 1428 1106 1457 in
1123 1427 1251 1458 Christo
1270 1437 1318 1457 re-

257 1477 369 1511 spectu
399 1470 586 1502 secundario
617 1477 815 1511 speratorum
845 1471 940 1502 fuerit
966 1471 1090 1501 habitus
1118 1471 1247 1511 aliquis,
1279 1482 1319 1502 an

223 1535 229 1540 -
257 1513 344 1545 solus
367 1521 455 1546 actus
478 1514 624 1555 sperandi
640 1517 675 1546 *z
700 1521 731 1546 et
754 1525 794 1546 an
817 1515 1028 1555 theologicus,
1044 1525 1084 1545 an
1099 1515 1237 1551 moralis,
1254 1516 1319 1546 sive

195 1578 201 1584 -
257 1564 345 1589 actus
375 1559 440 1590 sive
469 1559 595 1590 habitus
625 1559 719 1590 fuerit
733 1561 760 1590 ἦ
790 1559 831 1590 Et
854 1565 901 1590 est
923 1559 1002 1589 ratio
1026 1559 1114 1589 dubii
1142 1560 1217 1599 quia
1239 1560 1318 1590 nihil

256 1603 404 1642 prohibet
426 1603 522 1633 fuisse
545 1603 699 1634 habitum.
723 1603 812 1641 Quin
834 1604 952 1643 potius,
969 1604 994 1632 si
1010 1612 1077 1633 non
1100 1602 1160 1633 fuit
1182 1603 1317 1639 habitus,

256 1646 380 1677 videtur
403 1646 493 1686 quod
515 1652 603 1677 actus
626 1647 679 1678 ille
702 1647 848 1687 sperandi
872 1647 932 1677 fuit
953 1647 1176 1686 imperfectus,
1204 1653 1318 1687 utpote

256 1695 349 1721 natus
373 1691 443 1721 elici
465 1700 522 1731 per
545 1691 705 1727 habitum,
736 1697 772 1721 ut
798 1697 885 1731 patet
910 1691 943 1721 in
970 1691 1080 1727 nobis,
1113 1696 1144 1721 et
1170 1690 1210 1721 de
1233 1691 1317 1721 facto

257 1735 380 1765 elicitus
403 1735 470 1765 sine
493 1735 612 1765 habitu.
635 1753 658 1757 —
681 1735 780 1773 Quod
796 1736 835 1765 sit
850 1735 945 1765 etiam
960 1735 1171 1774 theologicus,
1195 1734 1318 1765 videtur

257 1787 296 1808 ex
320 1788 359 1808 eo
392 1778 480 1818 quod
503 1784 591 1809 actus
615 1779 761 1819 sperandi
789 1784 935 1818 respectu
963 1778 1150 1808 secundario
1177 1784 1318 1818 sperato-

256 1831 328 1852 rum
359 1827 406 1852 est
433 1832 471 1852 ex
500 1832 559 1852 suo
589 1832 705 1862 genere
735 1827 824 1861 actus
850 1823 1069 1862 theologicus:
1103 1828 1139 1852 ut
1168 1827 1255 1861 patet
1284 1823 1317 1852 in

256 1866 359 1896 nobis.
383 1866 479 1906 Ergo,
503 1867 528 1896 si
552 1872 598 1896 est
621 1867 659 1896 ab
682 1867 801 1902 habitu,
826 1871 954 1906 oportet
977 1866 1066 1906 quod
1086 1866 1126 1896 sit
1147 1867 1186 1896 ab
1207 1866 1317 1896 habitu

257 1910 314 1950 qui
335 1910 434 1940 virtus
457 1915 503 1940 est
525 1910 715 1950 theologica.
820 1917 826 1921 ·

311 1953 348 1984 In
371 1955 558 1994 oppositum
579 1960 687 1985 autem
711 1960 757 1984 est
780 1954 871 1994 quia,
899 1955 926 1984 si
948 1959 995 1984 est
1017 1954 1158 1989 habitus,
1190 1958 1317 1993 oportet

256 1997 346 2037 quod
369 1998 408 2028 sit
430 1998 555 2028 habitus
578 1999 655 2038 spei.
680 1998 743 2029 Sed
765 2007 832 2028 non
853 2003 900 2028 est
922 1998 1047 2028 habitus
1063 1998 1147 2038 spei:
1173 1998 1247 2037 quia
1263 1997 1317 2028 de-

256 2041 323 2072 ficit
337 2042 416 2072 ratio
433 2041 574 2072 formalis
589 2042 716 2073 obiecti.
732 2042 829 2082 Ergo.
849 2060 873 2064 -
895 2042 936 2072 Et
953 2051 1011 2081 per
1025 2041 1111 2072 idern
1126 2047 1213 2082 patet
1228 2041 1317 2081 quod

256 2094 324 2116 non
347 2091 394 2116 est
415 2086 540 2116 habitus
562 2086 779 2126 theologicus:
810 2087 885 2126 quia
912 2086 1031 2116 scilicet
1052 2095 1120 2116 non
1148 2091 1194 2116 est
1219 2087 1317 2116 virtus

256 2129 438 2170 theologica
460 2139 543 2170 quae
567 2134 614 2161 est
636 2139 717 2170 spes.

311 2173 353 2203 Et
368 2173 457 2213 quod
480 2174 575 2204 etiam
596 2183 664 2204 non
679 2174 719 2204 sit
734 2178 822 2204 actus
844 2173 1055 2214 theologicus,
1080 2178 1210 2214 apparet
1232 2173 1316 2214 quia,

257 2216 425 2248 deficiente
453 2218 576 2248 ratione
605 2217 731 2248 formali
754 2218 871 2248 obiecti
893 2218 1083 2258 theologici,
1108 2217 1214 2248 deficit
1237 2227 1318 2258 quo-

257 2269 322 2301 que
351 2266 439 2292 actus
467 2261 677 2301 theologicus.
708 2261 771 2292 Sed
797 2267 920 2292 constat
945 2262 997 2292 hic
1023 2261 1132 2292 deesse
1162 2262 1318 2292 rationem

257 2304 426 2336 formalem
448 2305 565 2336 obiecti
587 2306 775 2345 theologici:
808 2306 883 2346 quia
905 2315 973 2336 non
997 2311 1043 2336 est
1064 2306 1116 2336 hic
1140 2306 1227 2336 Deus
1250 2315 1317 2336 non

257 2348 393 2379 habitus.
427 2349 513 2389 Ergo
543 2355 632 2380 actus
662 2348 810 2389 sperandi
837 2350 972 2389 gloriam
1003 2349 1146 2389 corporis
1176 2359 1244 2380 non
1272 2354 1319 2380 est

258 2397 346 2423 actus
368 2393 580 2433 theologicus.
603 2394 663 2424 Par
686 2393 844 2434 siquidem
867 2394 946 2424 ratio
971 2399 1017 2423 est
1039 2399 1127 2424 actus
1144 2398 1175 2423 et
1193 2393 1319 2423 habitus

258 2435 366 2476 quoad
388 2437 563 2477 specificati
586 2447 624 2467 ex
639 2438 761 2468 ratione
777 2437 902 2468 formali
917 2437 1050 2467 obiecti:
1073 2438 1117 2467 ita
1136 2437 1234 2477 quod,
1252 2447 1319 2468 ces-

256 2485 346 2511 sante
367 2481 490 2511 ratione
511 2481 638 2518 obiecti,
663 2487 763 2512 cessat
781 2480 974 2521 specificatio
993 2486 1058 2511 tam
1077 2481 1201 2511 habitus
1221 2490 1318 2521 quam

259 2529 347 2555 actus
371 2534 408 2555 ex
432 2525 569 2555 obiecto.

313 2568 364 2599 111.
389 2568 440 2599 Ad
461 2570 602 2609 primum
624 2570 741 2600 horum
765 2569 879 2600 dicitur
902 2569 991 2610 quod
1014 2570 1047 2600 in
1064 2569 1191 2600 Christo
1210 2569 1318 2600 nullus

1375 251 1666 289 ARTICULUS
1694 253 1729 288 V

1373 330 1432 361 fuit
1461 331 1586 361 habitus
1613 333 1681 372 spei
1711 338 1857 372 respectu
1887 331 2073 362 secundario
2104 338 2311 372 speratorum.
2347 332 2432 370 Quia

1372 375 1479 405 nullus
1502 376 1626 406 habitus
1649 375 1772 406 infusus
1797 376 1854 406 fuit
1883 376 1916 405 in
1940 377 2009 415 ipso
2041 377 2119 416 quin
2149 377 2258 407 similis
2281 377 2376 407 fuerit
2398 377 2432 407 in

1373 419 1557 450 hominibus
1581 420 1694 450 sanctis
1717 421 1767 450 vel
1786 420 1972 450 viatoribus:
1997 429 2072 450 curn
2088 426 2212 450 constet
2231 420 2320 460 quod
2337 421 2432 451 etiam

1373 463 1497 492 habitus
1519 464 1634 503 gratiae
1651 464 1791 503 capitalis
1810 464 1849 494 sit
1864 463 2041 493 secundum
2058 461 2225 494 essentiam
2241 464 2326 494 idem
2343 463 2432 504 quod

1372 507 1497 536 habitus
1512 508 1638 546 gratiae,
1663 513 1698 538 ut
1713 508 1793 538 infra
1805 509 1822 524 ⁴*
1837 508 1965 547 patebit.
1987 507 2119 537 Certum
2136 513 2182 537 est
2198 514 2305 538 autem
2323 508 2356 538 in
2372 508 2432 538 ho-

1372 550 1511 580 minibus
1524 560 1589 580 non
1607 561 1674 581 esse
1690 552 1785 582 talem
1800 552 1944 582 habitum
1960 552 2027 591 spei
2040 551 2199 581 diversum
2215 562 2232 581 a
2249 561 2304 591 spe
2317 553 2431 582 virtute

1373 595 1563 634 theologica.
1589 595 1685 634 Igitur
1712 605 1772 626 nec
1795 597 1828 626 in
1853 595 1980 626 Christo
2004 595 2064 625 fuit
2086 595 2271 625 huiusmodi
2295 596 2430 626 habitus.

1428 638 1468 668 Et
1491 648 1566 668 cum
1585 640 1732 669 obiicitur
1756 639 1845 679 quod
1861 645 1948 670 actus
1965 640 2032 679 spei
2048 640 2080 669 in
2098 639 2224 669 Christo
2245 639 2354 669 fuisset
2372 640 2432 669 im·

1372 681 1530 720 perfectus
1549 683 1615 712 sine
1634 683 1753 719 habitu,
1774 689 1915 723 negatur.
1940 683 1980 713 Et
2003 683 2042 713 ad
2065 684 2298 723 probationem,
2322 683 2432 714 Omnis

1372 730 1462 756 actus
1485 731 1580 756 natus
1603 726 1778 767 informari
1800 727 1917 762 habitu,
1942 727 2071 757 estsine
2085 727 2194 757 habitu
2211 727 2434 768 imperfectus:

1372 769 1582 809 respondetur
1598 770 1774 810 dupliciter,
1792 776 1822 801 et
1834 776 1972 810 utroque
1984 770 2083 801 modo
2100 771 2191 801 bene.
2209 771 2326 806 Primo,
2344 770 2432 810 quod

1371 814 1429 843 ista
1452 814 1630 853 propositio
1653 824 1719 844 non
1744 820 1790 845 est
1813 825 1886 845 vera
1907 816 1940 844 in
1960 820 2032 844 actu
2055 824 2121 844 non
2139 815 2272 844 omnino
2289 814 2432 845 eiusdem

1372 857 1516 887 rationis:
1543 858 1643 897 qualis
1668 864 1714 888 est
1737 864 1824 889 actus
1847 859 1914 898 spei
1937 859 1969 888 in
1987 858 2124 889 Christo.
2149 859 2231 889 Nam
2253 865 2340 889 actus
2365 868 2431 898 quo

1372 907 1514 940 speratur
1537 902 1755 932 immortalitas
1779 908 1810 932 et
1831 903 1931 942 gloria
1955 903 2113 942 corporis,
2136 912 2204 932 non
2228 908 2274 932 est
2297 903 2431 933 omnino

1373 944 1515 975 eiusdem
1545 946 1692 981 rationis,
1724 956 1761 976 ex
1784 952 1871 986 parte
1896 946 2027 981 obiecti,
2060 947 2093 976 in
2115 947 2208 976 nobis
2232 952 2263 976 et
2286 946 2430 977 Christo:

1373 989 1448 1027 quia
1470 989 1503 1018 in
1525 990 1618 1018 nobis
1641 990 1735 1019 habet
1757 991 1913 1020 rationem
1930 990 2017 1020 ardui
2040 990 2140 1030 gloria
2163 990 2230 1026 illa;
2254 991 2287 1020 in
2304 990 2431 1020 Christo

1373 1037 1479 1062 autem
1494 1042 1571 1063 non.
1596 1033 1636 1062 Et
1651 1034 1730 1063 ratio
1747 1039 1794 1063 est
1809 1034 1884 1073 quia
1899 1034 2026 1063 habenti
2041 1034 2175 1074 gloriam
2191 1035 2314 1064 animae
2332 1034 2433 1074 gloria

1373 1077 1515 1115 corporis
1538 1086 1672 1115 parvum
1696 1077 1773 1116 quid
1797 1083 1843 1107 est
1866 1083 1897 1108 et
1918 1077 2051 1107 videtur.

2362 262 2426 287 111

1427 1120 1595 1155 Secundo,
1627 1120 1716 1160 quod
1745 1121 1798 1151 illa
1827 1122 2005 1160 propositio
2035 1131 2102 1151 non
2129 1127 2175 1151 est
2201 1132 2274 1152 vera
2302 1121 2431 1161 quando

1372 1164 1565 1203 principium
1581 1164 1754 1194 elicitivum
1771 1170 1858 1195 actus
1874 1171 1919 1195 est
1935 1165 2049 1195 melius
2065 1165 2255 1204 dispositum
2271 1165 2310 1195 ad
2326 1171 2432 1196 actum

1372 1207 1463 1238 illum
1486 1217 1584 1247 quam
1607 1208 1633 1237 si
1657 1214 1737 1238 esset
1759 1209 1967 1238 habituatum.
1993 1208 2043 1238 Sic
2059 1215 2167 1238 autem
2191 1215 2236 1239 est
2259 1210 2292 1239 in
2312 1219 2432 1249 propo-

1372 1252 1443 1282 sito.
1479 1251 1643 1289 Quoniam
1666 1252 1813 1282 voluntas
1837 1252 1970 1287 Christi,
2002 1252 2108 1282 fruens
2132 1253 2202 1282 Deo
2230 1263 2297 1282 non
2320 1254 2353 1282 in
2376 1263 2432 1292 spe

1373 1295 1427 1326 sed
1450 1296 1483 1325 in
1506 1305 1550 1331 re,
1575 1301 1622 1325 est
1644 1296 1758 1326 melius
1774 1296 1925 1335 disposita
1941 1296 1979 1326 ad
1996 1296 2228 1335 expectandum
2245 1296 2432 1327 secundario

1372 1345 1494 1379 sperata
1524 1349 1622 1379 quam
1645 1340 1671 1369 si
1694 1341 1823 1370 haberet
1850 1340 1992 1370 habitum
2016 1341 2099 1379 spei:
2125 1346 2245 1380 quanto
2270 1341 2384 1370 certior
2403 1346 2434 1371 et

1373 1383 1577 1413 excellentior
1600 1389 1646 1413 est
1669 1393 1718 1414 res
1741 1393 1839 1424 quam
1862 1394 1943 1423 speS.
1978 1384 2139 1421 Quocirca
2162 1385 2338 1424 expectatio
2370 1394 2434 1424 qua

1371 1428 1518 1458 voluntas
1549 1427 1666 1457 Christi
1696 1428 1793 1458 fertur
1822 1429 1855 1458 in
1889 1427 2076 1458 secundario
2107 1434 2244 1468 sperata,
2276 1427 2382 1459 deficit
2416 1439 2434 1459 a

1372 1472 1494 1501 ratione
1523 1471 1654 1502 actualis
1677 1472 1744 1511 spei
1768 1477 1798 1502 et
1822 1482 1859 1502 ex
1881 1477 1969 1511 parte
1994 1472 2111 1502 obiecti
2134 1478 2165 1502 et
2188 1482 2225 1502 ex
2248 1478 2335 1512 parte
2359 1473 2433 1502 sub-

1371 1516 1460 1545 iecti:
1492 1520 1523 1545 et
1544 1516 1644 1554 magis
1667 1516 1762 1546 habet
1784 1516 1940 1546 rationem
1964 1515 2108 1546 desiderii
2132 1525 2230 1555 quam
2251 1516 2330 1556 spei.
2364 1516 2432 1547 Nec

1372 1560 1506 1589 mirum:
1541 1559 1635 1598 quia,
1666 1569 1741 1589 cum
1770 1569 1842 1599 spes
1873 1560 1911 1589 sit
1942 1559 1981 1589 de
2010 1569 2126 1599 genere
2153 1560 2430 1599 imperfectorum,

1372 1609 1493 1643 quanto
1517 1604 1623 1633 minus
1651 1604 1718 1643 spei
1748 1604 1897 1639 habetur,
1928 1609 2017 1633 tanto
2045 1604 2145 1643 magis
2176 1605 2213 1634 ab
2243 1604 2431 1644 imperfecto

1371 1647 1537 1677 receditur.

1426 1692 1568 1730 Utraque
1591 1692 1757 1730 responsio
1782 1691 1864 1721 clara
1887 1690 1922 1721 fit
1946 1691 1971 1720 si
1995 1691 2034 1721 ad
2056 1692 2166 1721 beatos
2196 1692 2368 1731 aspexeris,
2399 1692 2432 1722 in

1372 1735 1488 1774 quibus
1518 1744 1590 1774 spes
1614 1741 1660 1764 est
1683 1740 1714 1765 et
1736 1745 1804 1765 non
1827 1740 1889 1770 est,
1922 1735 2002 1765 sicut
2032 1736 2065 1764 in
2089 1735 2232 1765 Christo:
2267 1741 2432 1775 expectant

1371 1779 1457 1809 enim
1481 1779 1624 1818 corporis
1647 1778 1781 1817 gloriam
1803 1778 2027 1808 immortalem.

1426 1822 1478 1852 IV.
1502 1822 1554 1852 Ad
1572 1821 1750 1852 secundum
1766 1823 1782 1838 *
1806 1822 1920 1852 dicitur
1935 1822 2024 1861 quod
2041 1828 2128 1852 actus
2144 1827 2249 1862 potest
2265 1822 2326 1852 dici
2342 1823 2432 1853 theo-

1371 1867 1494 1906 logicus
1517 1865 1701 1905 dupliciter:
1732 1866 1783 1896 vel
1806 1876 1844 1896 ex
1867 1872 1954 1905 parte
1979 1867 2106 1896 elicitivi
2128 1867 2291 1906 principii;
2321 1867 2372 1896 vel
2396 1876 2433 1897 ex

1371 1916 1458 1950 parte
1482 1910 1663 1949 principalis
1687 1910 1813 1940 obiecti.
1849 1911 1890 1940 Et
1917 1910 2007 1950 quod
2038 1911 2167 1940 actualis
2194 1910 2246 1940 illa
2268 1920 2340 1950 spes
2364 1920 2433 1941 cor-

1370 1955 1457 1994 poris
1480 1954 1678 1990 immortalis,
1701 1954 1776 1984 licet
1800 1964 1837 1984 ex
1860 1960 1948 1994 parte
1973 1955 2100 1984 elicitivi
2123 1954 2270 1994 principii
2297 1964 2364 1984 non
2395 1955 2434 1985 sit

1372 1998 1412 2028 de
1434 1998 1519 2028 facto
1543 2003 1631 2028 actus
1659 1998 1878 2038 theologicus,
1911 1999 1986 2038 quia
2008 2008 2076 2028 non
2106 2004 2152 2028 est
2180 2003 2251 2028 actu
2279 2008 2297 2028 a
2320 1999 2433 2029 virtute

1371 2042 1568 2081 theologica:
1593 2047 1640 2072 est
1661 2047 1780 2077 tamen,
1804 2048 1961 2082 quantum
1985 2048 2031 2072 est
2055 2052 2092 2072 ex
2108 2052 2167 2072 suo
2184 2051 2310 2081 genere,
2334 2049 2432 2079 actus,

1371 2085 1576 2126 secundarius
1599 2091 1717 2122 tamen,
1741 2086 1864 2116 virtutis
1886 2086 2097 2126 theologicae.

1427 2130 1474 2160 Ex
1497 2135 1585 2169 parte
1608 2139 1684 2159 vero
1709 2130 1825 2160 obiecti
1848 2130 2006 2166 formalis,
2038 2136 2085 2160 est
2106 2130 2206 2170 magis
2233 2130 2433 2170 theologicus

1372 2179 1460 2204 actus
1483 2183 1581 2213 quam
1604 2173 1630 2203 si
1653 2178 1734 2203 esset
1754 2183 1771 2203 a
1786 2174 1901 2204 virtute
1917 2174 2107 2214 theologica.
2131 2174 2295 2212 Quoniam
2311 2175 2336 2204 si
2353 2180 2434 2210 esset

1372 2228 1390 2248 a
1412 2218 1528 2247 virtute
1551 2217 1746 2257 theologica,
1771 2218 1890 2248 scilicet
1913 2227 1985 2257 spe,
2011 2218 2173 2248 obiectum
2197 2218 2329 2248 formale
2353 2223 2434 2248 esset

1371 2262 1459 2292 Deus
1482 2261 1662 2291 habendus:
1688 2261 1763 2301 quia
1785 2262 1818 2291 in
1838 2261 1950 2292 ordine
1972 2261 2012 2291 ad
2027 2262 2134 2292 Deum
2155 2261 2339 2292 habendum
2362 2272 2433 2302 spe-

1371 2315 1478 2336 ramus
1507 2306 1641 2345 gloriam
1671 2305 1823 2344 corporis.
1860 2305 1895 2335 In
1926 2305 2053 2336 Christo
2082 2311 2205 2341 autem,
2237 2306 2319 2336 sicut
2346 2311 2377 2336 et
2398 2307 2432 2336 in

1371 2350 1480 2385 beatis,
1504 2350 1583 2379 ratio
1608 2349 1748 2379 formalis
1774 2349 1891 2379 obiecti
1914 2354 1960 2379 est
1975 2349 2062 2379 Deus
2078 2350 2212 2380 habitus.
2237 2350 2326 2380 Haec
2346 2350 2431 2380 enim

1371 2394 1451 2424 ratio
1476 2392 1617 2423 succedit
1639 2399 1764 2432 sperato
1788 2393 1971 2432 principali,
2001 2393 2090 2432 quod
2113 2394 2276 2423 obiectum
2299 2393 2431 2424 formale

1373 2443 1419 2468 est
1442 2438 1525 2478 spei:
1551 2447 1587 2467 ac
1610 2446 1666 2477 per
1689 2438 1761 2473 hoc,
1786 2443 1931 2477 respectu
1954 2437 2106 2476 sperantis
2129 2437 2246 2467 Christi
2269 2442 2300 2467 et
2322 2437 2431 2467 beato-

1371 2491 1453 2517 rum,
1477 2482 1552 2511 loco
1569 2481 1687 2511 obiecti
1709 2480 1850 2511 formalis
1866 2491 1940 2511 suae
1957 2481 2025 2520 spei
2048 2480 2217 2511 succedere
2232 2480 2365 2510 videtur.
2390 2481 2431 2511 Et

1372 2530 1606 2565 consequenter
1629 2530 1736 2555 actum
1758 2525 1981 2555 secundarium
2001 2525 2069 2565 spei
2091 2530 2308 2555 remanentem
2331 2525 2430 2564 magis

1372 2569 1591 2609 theologicum
1614 2568 1725 2599 reddit.

1044 2758 1362 2801 ARTICULUS
1392 2759 1648 2811 QUINTUS

949 2869 1104 2900 UTRUM
1127 2869 1171 2900 IN
1195 2869 1383 2901 CHRISTO
1407 2870 1596 2901 FUERINT
1620 2869 1742 2899 DONA

995 2965 1024 2989 In
1046 2965 1150 2995 lsaiam,
1171 2973 1226 2998 cap.
1244 2973 1283 2997 xi;
1304 2966 1333 2990 In
1354 2966 1436 2995 Ioan„
1456 2973 1510 2998 cap.
1530 2973 1547 2995 1.
1566 2966 1623 2990 lect.
1641 2972 1694 2990 vui.

330 3095 339 3100 »
382 3089 449 3130 ³¹³³<
472 3081 494 3106 D
523 3080 682 3111 QUINTUM
702 3080 753 3104 sm
773 3080 1006 3106 PROCEDITUR.
1035 3068 1194 3106 Videtur
1212 3070 1319 3118 quod

320 3144 322 3146 >
390 3109 453 3180 ff?
473 3121 513 3158 in
531 3121 682 3158 Christo
702 3132 782 3157 non
800 3119 938 3157 suerint
956 3120 1070 3158 dona.
1092 3121 1197 3158 Sicut
1215 3121 1319 3158 enim

280 3174 283 3178 ’
311 3170 313 3176 ’
340 3187 399 3215 v,
415 3161 441 3217 ’ἃ
456 3170 732 3211 communiter
750 3172 896 3220 dicitur,
919 3173 1023 3210 dona
1036 3173 1176 3210 dantur
1196 3174 1235 3211 in
1254 3175 1319 3211 ad-

319 3199 658 3264 ffliutorium
683 3226 879 3262 virtutum.
910 3225 986 3262 Sed
1005 3225 1043 3262 id
1072 3227 1178 3274 quod
1207 3234 1261 3263 est
1280 3226 1318 3263 in

262 3289 304 3315 se
331 3277 555 3328 perfectum,
575 3291 655 3316 non
674 3278 814 3326 indiget
842 3277 1015 3314 exteriori
1034 3277 1186 3315 auxilio.
1217 3279 1319 3315 Cum

263 3329 375 3379 igitur
393 3329 432 3367 in
452 3331 604 3369 Christo
622 3330 760 3368 suerint
777 3330 933 3367 virtutes
952 3330 1149 3379 perfectae,
1169 3329 1320 3368 videtur

263 3382 371 3432 quod
399 3381 439 3420 in
467 3395 513 3421 eo
541 3396 622 3421 non
649 3384 801 3421 fuerunt
828 3384 941 3420 dona.

319 3446 354 3472 2.
383 3435 613 3484 PRAETEREA,
634 3448 714 3474 non
741 3436 892 3473 videtur
918 3447 998 3472 esse
1027 3435 1200 3472 eiusdem
1227 3436 1318 3472 dare

264 3487 369 3524 dona
396 3495 432 3525 et
458 3488 643 3538 recipere:
681 3489 772 3538 quia
802 3489 892 3525 dare
920 3495 975 3525 est
1002 3488 1193 3535 habentis,
1223 3488 1318 3525 acci-

263 3551 356 3588 pere
384 3547 512 3578 autem
540 3553 620 3579 non
647 3540 832 3578 habentis.
863 3541 939 3578 Sed
962 3540 1111 3578 Christo
1140 3541 1318 3578 convenit

1373 3069 1463 3106 dare
1483 3069 1603 3106 dona:
1633 3069 1848 3105 secundum
1867 3068 1959 3105 illud
1978 3068 2118 3105 Psalmi
2136 3068 2173 3106 *z
2202 3069 2310 3106 Dedit
2330 3069 2429 3107 dona

1373 3123 1590 3158 hominihus.
1627 3121 1728 3169 Ergo
1758 3120 1909 3158 Christo
1941 3133 2021 3158 non
2049 3121 2228 3158 convenit
2259 3121 2429 3171 accipere

1373 3174 1476 3210 dona
1505 3173 1665 3222 Spiritus
1694 3173 1832 3210 Sancti.

1428 3227 1462 3262 3.
1497 3227 1735 3272 PRAETEREA‚
1765 3233 1930 3275 quatuor
1965 3227 2068 3264 dona
2104 3226 2282 3265 videntur
2317 3227 2428 3276 perti-

1373 3291 1463 3316 nere
1492 3279 1540 3315 ad
1568 3278 1929 3328 contemplationem
1957 3279 2053 3327 viae,
2074 3279 2211 3317 scilicet
2234 3279 2427 3329 sapientia,

1373 3330 1538 3378 scientia,
1559 3331 1765 3369 intellectus
1785 3340 1820 3368 et
1839 3331 2053 3379 consilium,
2069 3333 2175 3382 quod
2194 3332 2354 3381 pertinet
2379 3333 2427 3369 ad

1372 3383 1633 3432 prudentiam:
1661 3385 1765 3421 unde
1793 3392 1829 3421 et
1847 3384 2117 3433 Philosophus,
2138 3385 2176 3421 in
2191 3386 2240 3422 VI
2259 3386 2375 3422 Ethic.
2395 3385 2426 3432 ³¹⁶,

1373 3444 1549 3473 numerat
1567 3436 1635 3474 ista
1649 3436 1745 3474 inter
1758 3437 1914 3474 virtutes
1929 3437 2204 3474 intellectuales.
2227 3438 2303 3475 Sed
2319 3437 2427 3475 Chri-

1374 3496 1452 3525 stus
1480 3489 1613 3526 habuit
1640 3489 2001 3539 contemplationem
2029 3489 2181 3539 patriae.
2218 3491 2319 3539 Ergo
2347 3502 2427 3527 non

1374 3541 1506 3579 habuit
1533 3541 1756 3579 huiusmodi
1784 3543 1896 3579 dona.

2460 518 2470 527 ·
2482 517 2529 544 Qu.
2541 522 2590 543 viu,
2601 520 2642 538 art.
2650 522 2670 544 5.

2461 1826 2471 1837 ⁶
2485 1826 2554 1848 Num.
2570 1833 2594 1848 ιι.

2458 3074 2467 3083 ·
2481 3073 2518 3094 Ps.
2528 3079 2588 3095 vau
2607 3080 2667 3096 vera.

2459 3090 2667 3128 ¹9.-cf.ad12‘phes.,

2457 3131 2506 3153 cap.
2523 3132 2553 3153 iv,
2570 3133 2628 3148 vers.
2645 3128 2666 3150 8.

2456 3387 2466 3396 ⁸
2481 3386 2511 3407 Ca
2533 3392 2580 3409 .1n.
2592 3392 2613 3407 n.
2627 3393 2665 3408 ι.-

2455 3413 2479 3434 S.
2494 3412 2515 3434 T
2534 3429 2539 3434 .
2554 3413 2605 3433 lect.
2620 3418 2649 3433 ιιι.
