2872 3970
315 520 422 542 rrimus
445 511 547 541 clarus
571 515 626 540 est.
654 509 818 550 Adoptare
844 510 930 540 enim
952 509 1106 550 significat
1129 510 1230 541 facere
1253 512 1312 542 sibi

252 523 418 585 'Tfilium
441 553 639 594 adoptivum.

310 598 346 628 In
367 606 502 637 corpore
517 597 612 627 unica
628 602 675 627 est
690 596 872 627 conclusio:
896 597 967 627 Deo
983 599 1132 628 convenit
1146 598 1310 638 adoptare.

254 642 409 673 Probatur
432 647 463 671 et
485 640 668 671 declaratur.
693 641 847 670 Probatur
867 641 998 680 quidem
1013 642 1067 672 sic.
1092 642 1179 672 Deus
1203 652 1240 672 ex
1256 652 1312 672 sua

255 686 396 716 bonitate
423 684 558 715 admittit
580 685 727 714 homines
751 683 791 714 ad
814 684 938 715 divinae
960 685 1161 715 beatitudinis
1189 685 1312 716 heredi-

255 734 362 760 tatem.
395 728 480 768 Ergo
511 728 582 758 Deo
610 729 760 758 convenit
782 727 942 768 adoptare.
965 746 988 750 —
1010 729 1211 759 Antecedens
1235 739 1312 759 con-

254 773 334 804 tinet
355 772 429 802 tria:
457 772 573 812 primo,
598 781 736 808 causam,
761 772 879 802 scilicet
902 771 991 812 quod
1014 782 1052 802 ex
1074 773 1234 810 bonitate3
1265 782 1313 803 se-

255 815 380 850 cundo,
403 816 591 851 terminum,
620 815 739 846 scilicet
769 815 909 846 divinam
931 815 1178 852 beatitudinem;
1201 817 1312 852 tertio,

254 858 390 891 modurn
412 868 469 890 seu
491 858 643 894 formam,
667 859 787 889 scilicet
809 859 1024 890 hereditatem.
1054 860 1095 890 Et
1118 859 1226 900 quoad
1249 861 1312 890 sin-

253 903 328 944 gula
349 903 383 934 in
402 903 505 934 littera
518 903 681 943 probatur.
706 902 824 941 Quoad
840 913 984 934 causam:
1009 904 1084 943 quia
1099 904 1186 934 Deus
1203 913 1240 934 ex
1256 914 1312 934 sua

253 947 395 980 bonitate
419 946 556 977 admittit
579 955 692 977 omnes
708 952 864 977 creaturas
888 946 928 977 ad
950 956 1026 978 suae
1044 948 1194 978 bonitatis
1217 948 1312 987 parti-

255 991 458 1031 eipationem,
471 995 503 1020 et
517 991 688 1030 praecipue
703 991 881 1021 rationales.
902 990 1020 1028 Quoad
1034 991 1222 1021 terminum:
1238 992 1313 1031 quia

255 1039 415 1066 creaturae
437 1034 605 1064 rationales
626 1040 701 1064 sunt
719 1043 850 1074 capaces
867 1034 991 1065 divinae
1006 1035 1218 1071 beatitudinis,
1239 1035 1314 1074 quia

254 1083 328 1109 sunt
349 1077 390 1108 ad
409 1077 581 1116 imaginem
603 1078 664 1108 Dei
690 1077 800 1108 factae.
825 1078 943 1116 Quoad
961 1078 1098 1109 formam
1115 1078 1310 1109 hereditatis:

254 1122 330 1163 quia
347 1121 453 1152 divina
468 1121 631 1152 beatitudo
648 1127 695 1152 est
717 1131 781 1162 qua
796 1122 884 1152 Deus
900 1127 947 1152 est
961 1123 1088 1159 beatus;
1113 1132 1149 1153 ac
1165 1132 1221 1162 per
1236 1122 1310 1158 hoc,

252 1175 310 1207 per
332 1166 472 1206 seipsum
495 1165 596 1201 dives;
620 1175 657 1195 ac
678 1175 736 1205 per
754 1166 834 1200 hoc,
858 1165 1023 1196 hereditas.
1054 1166 1159 1196 Prima
1183 1165 1312 1206 sequela

253 1209 287 1240 in
308 1209 410 1240 littera
439 1218 507 1239 non
535 1209 704 1249 probatur:
738 1210 878 1240 secunda
907 1215 1014 1240 autem
1039 1211 1206 1250 probatur,
1237 1209 1311 1249 quia

253 1252 332 1294 illud
352 1258 398 1283 est
417 1253 551 1283 alicuius
572 1252 728 1283 hereditas
753 1262 819 1293 quo
843 1258 890 1284 est
905 1253 1002 1284 dives.
1024 1272 1048 1276 —
1071 1253 1311 1293 Consequentia

253 1306 329 1327 vero
350 1297 533 1337 principalis
556 1296 717 1337 probatur.
751 1297 902 1327 Humana
924 1297 1070 1337 adoptio,
1095 1297 1134 1328 ad
1157 1298 1248 1327 cuius
1271 1297 1311 1327 si-

436 1720 441 1729 «
464 1709 487 1734 D
501 1709 689 1734 SECUNDUM
708 1708 759 1734 s1c
774 1708 1008 1734 PROCEDITUR.
1028 1695 1187 1733 Videtur
1205 1697 1311 1745 quod

466 1749 647 1798 adoptare
682 1761 762 1786 non
794 1749 997 1786 conveniat
1030 1749 1097 1785 toti
1125 1748 1309 1785 Trinitati.

292 1716 298 1732 )

275 1789 434 1849 1³82&
449 1801 670 1850 Adoptatio
708 1802 812 1839 enim
846 1801 982 1839 dicitur
1015 1801 1055 1838 in
1089 1801 1226 1838 divinis
1263 1801 1311 1838 ad

314 1833 754 1892 4⁴²2ksimi1itudinem
781 1867 911 1891 rerum
932 1855 1204 1891 humanarum.
1236 1853 1311 1890 Sed

253 1909 294 1947 in
320 1908 434 1945 rebus
462 1907 643 1944 humanis
671 1907 740 1944 soli
767 1907 818 1944 illi
837 1906 1017 1944 convenit
1036 1907 1217 1955 adoptare
1245 1905 1312 1954 qui

252 1968 376 2012 potest
402 1960 502 1997 filios
529 1972 729 2008 generare:
764 1960 871 2009 quod
899 1959 939 1996 in
966 1959 1106 1996 divinis
1134 1958 1313 1995 convenit

253 2014 323 2052 soli
350 2013 462 2051 Patri.
491 2013 593 2061 Ergo
622 2012 661 2050 in
680 2012 818 2049 divinis
846 2014 950 2049 solus
970 2013 1081 2050 Pater
1107 2019 1231 2060 potest
1250 2011 1312 2048 ad-

254 2074 396 2117 optare.

76 2144 103 2162 -,
308 2131 342 2156 2.
372 2119 608 2164 PRAETEREA,
645 2117 822 2154 homines
856 2129 926 2166 per
953 2116 1201 2166 adoptionem
1234 2116 1313 2153 effi-

76 2169 109 2220 52}
126 2181 162 2205 ἢ·
253 2172 406 2210 ciuntur
418 2172 548 2208 fratres
564 2170 720 2207 Christi:
742 2170 958 2207 secundum
972 2169 1065 2206 illud
1078 2170 1189 2205 Rom.
1203 2180 1260 2205 vm
1273 2167 1311 2204 *2

257 2226 304 2264 Ut
329 2226 374 2261 sit
401 2225 477 2274 ipse
502 2225 771 2273 primogenitus
799 2224 836 2259 in
858 2222 979 2259 multis
995 2222 1193 2270 fratribus.
1223 2221 1313 2257 Fra-

253 2285 328 2315 tres
354 2283 485 2314 autem
512 2276 692 2312 dicuntur
725 2275 792 2324 qui
821 2282 908 2312 sunt
943 2274 1010 2311 filii
1038 2274 1152 2311 unius
1179 2273 1312 2322 patris:

28 2372 30 2379 .
72 2328 109 2378 ’
128 2340 160 2363 ¹⁷·
253 2330 357 2368 unde
392 2337 429 2366 et
455 2328 648 2366 Dominus
676 2327 777 2374 dicit,
806 2329 909 2364 Ioan.
931 2340 978 2364 xx
996 2326 1033 2363 *ε
1068 2326 1238 2363 Ascendo
1267 2326 1317 2362 ad

58 2378 76 2398 “⁷
253 2383 402 2420 Patrem
416 2393 540 2418 meum
555 2387 588 2418 et
601 2382 750 2418 Patrem
769 2386 940 2419 vestrum.
962 2380 1063 2427 Ergo
1083 2380 1186 2416 solus
1206 2379 1316 2415 Pater

257 2434 395 2472 Christi
422 2433 536 2471 habet
562 2433 662 2470 filios
690 2432 903 2482 adoptivos.

311 2487 346 2524 3.
375 2487 612 2533 PRAETEREA,
645 2486 765 2523 Galat.
787 2498 821 2522 ιν
838 2485 859 2506 *
887 2484 1039 2522 dicitur:
1078 2485 1183 2521 Msit
1214 2485 1316 2520 Deus

256 2539 392 2577 Filium
418 2551 537 2585 suum,
558 2545 605 2575 ut
632 2538 864 2588 adoptionem
881 2538 1055 2586 filiorum
1082 2538 1155 2574 Dei
1182 2538 1315 2585 recipe-

257 2603 390 2629 remus.
425 2593 612 2634 Quoniam
635 2597 758 2628 autem
786 2592 867 2627 estis
882 2591 962 2639 filii
979 2591 1062 2636 Dei,
1092 2590 1188 2626 misit
1214 2590 1316 2625 Deus

257 2646 432 2694 Spiritum
468 2644 556 2681 Filii
583 2646 643 2681 sui
674 2646 711 2680 in
746 2643 862 2680 corda
896 2649 1034 2689 vestra,
1070 2642 1314 2687 clamantem,

259 2711 279 2731 «
299 2698 427 2743 Abba,
455 2698 568 2734 Pater
589 2712 622 2733 ».
661 2697 763 2744 Ergo
799 2695 880 2732 eius
909 2703 964 2732 est
991 2695 1172 2743 adoptare
1207 2693 1315 2731 cuius

257 2757 312 2786 est
338 2749 479 2787 Filium
498 2757 534 2786 et
553 2749 738 2798 Spiritum
758 2749 942 2786 Sanctum
962 2749 1114 2784 habere.
1146 2747 1221 2784 Sed
1241 2747 1316 2782 hoc

257 2810 312 2840 est
329 2802 447 2840 solius
465 2814 652 2851 personae
671 2801 802 2838 Patris.
824 2802 925 2849 Ergo
940 2801 1121 2849 adoptare
1137 2798 1316 2836 convenit

256 2854 327 2892 soli
353 2866 540 2904 personae
569 2853 700 2891 Patris.

311 2908 384 2945 SED
421 2919 582 2953 CONTRA,
612 2906 693 2943 eius
729 2913 784 2942 est
818 2905 1000 2954 adoptare
1035 2917 1107 2941 nos
1143 2903 1181 2940 in
1216 2903 1315 2941 filios

257 2971 375 3009 quem
407 2972 479 2996 nos
518 2961 670 2996 Patrem
706 2970 915 3007 possumus
952 2957 1173 2995 nominare:
1211 2957 1315 2994 unde

257 3012 393 3050 dIcitur
418 3014 529 3049 Rom.
549 3011 660 3048 V111*:
688 3012 887 3059 Accepistis
914 3011 1088 3059 Spiritum
1112 3009 1316 3058 adoptionis

61 3064 99 3098 ὅ*
246 3065 431 3113 filiorum,
461 3066 498 3100 in
519 3076 590 3112 quo
613 3063 830 3108 clamamus,
863 3077 881 3095 «
902 3064 1023 3108 Abba,
1042 3063 1154 3098 Pater
1174 3077 1207 3098 ›>.
1239 3061 1315 3098 Sed

257 3129 349 3154 cum
375 3118 460 3154 Deo
489 3115 662 3162 dicimus,
690 3117 803 3152 Pater
830 3120 962 3159 noster,
992 3115 1067 3150 hoc
1087 3113 1248 3162 pertinet
1267 3113 1315 3149 ad

256 3177 376 3207 totam
403 3168 646 3206 Trinitatem:
683 3167 779 3204 sicut
807 3174 843 3204 et
870 3174 993 3203 cetera
1020 3165 1179 3203 nomina
1216 3177 1315 3214 quae

257 3221 436 3259 dicuntur
467 3221 514 3258 de
542 3221 626 3257 Deo
664 3219 816 3256 relative
849 3219 898 3255 ad
930 3226 1160 3264 creaturam,
1198 3225 1241 3254 ut
1276 3217 1315 3254 in

109 3267 111 3270 ⁸
167 3277 231 3323 ,ῗῖ-,ξν
257 3274 386 3312 Prima
413 3275 522 3311 Parte
540 3273 560 3294 ‘¹‘
587 3271 762 3309 habitum
791 3278 855 3308 est.
886 3272 987 3318 Ergo
1015 3270 1197 3319 adoptare
1225 3281 1315 3306 con-

138 3317 232 3376 ,gg-⁶:
257 3326 362 3365 venit
387 3326 455 3364 toti
482 3324 666 3363 Trinitati.

309 3381 533 3417 Responmzo
561 3389 741 3415 DICENDUM
770 3376 876 3425 quod
904 3376 999 3412 haec
1021 3382 1076 3411 est
1103 3373 1315 3410 differentia

254 3430 354 3469 inter
379 3431 504 3468 filium
531 3430 603 3467 Dei
631 3429 857 3478 adoptivum
885 3435 920 3464 et
947 3427 1087 3464 Filium
1115 3425 1186 3462 Dei
1206 3431 1223 3447 ⁴²
1250 3438 1313 3462 na-

311 3551 328 3567 α
358 3543 455 3568 Filium
476 3543 534 3569 Dei.
551 3556 572 3562 -
589 3543 651 3568 Om.
669 3542 742 3567 tertia
761 3546 861 3574 praeter
879 3541 897 3565 Ι.

312 3542 339 3612 βξ
356 3582 396 3604 est
405 3578 538 3610 possibile.
547 3578 662 3610 -potuit
673 3577 746 3604 tertia
753 3585 760 3607 ;
774 3584 821 3610 pro
833 3575 1041 3605 similitudinem,
1052 3574 1198 3600 similitudo
1210 3582 1311 3599 omnes.

398 3630 509 3655 Sumit
527 3631 629 3656 Timor...
644 3630 675 3656 D.
694 3630 809 3654 Tunius
828 3629 860 3655 T.
874 3629 939 3654 VIII.

939 295 1199 341 QUAESTIO
1228 297 1362 343 XXIII,
1391 297 1681 336 ARTICULUS
1709 300 1738 336 ΙΙ

2343 304 2416 340 265

926 424 1258 458 Commentario.
1281 425 1529 459 cardinalis
1550 427 1749 461 Caietam

1365 512 1578 543 militudinem
1601 512 1706 544 divina
1730 514 1861 552 dicitur,
1891 522 1937 547 est
1961 526 2023 556 qua
2046 518 2159 557 aliquis
2189 527 2226 548 ex
2249 528 2306 549 sua
2327 520 2419 551 boni-

1365 561 1428 586 tate
1452 557 1615 587 constituit
1638 558 1735 588 alium
1758 559 1791 588 in
1814 561 2015 590 successione
2038 570 2113 591 suae
2135 562 2322 593 hereditatis.

1420 600 1603 630 Declaratur
1626 607 1732 632 autem
1763 612 1800 632 ex
1824 603 1996 634 differentia
2018 605 2099 634 inter
2121 605 2293 636 humanam
2320 613 2351 637 et
2373 607 2419 637 di-

1365 644 1472 674 vinam
1496 644 1713 684 adoptionem.
1746 645 1830 683 Quia
1860 647 1965 677 divina
1993 648 2169 687 dignificat‚
2198 649 2351 680 idoneum
2374 651 2419 681 fa-

1367 687 1481 717 ciendo
1505 687 1692 719 hereditate:
1722 690 1861 720 humana
1890 697 1995 721 autem
2019 691 2172 722 idoneum
2192 695 2420 734 praesupponit

1367 740 1464 770 quem
1486 731 1635 762 heredem
1658 732 1741 763 facit.

1421 775 1462 805 Et
1484 781 1560 805 nota
1583 776 1634 805 hic
1657 777 1880 816 responsiones
1904 778 1942 808 ad
1966 779 2088 819 singula
2110 786 2312 819 argumenta:
2346 783 2420 821 quia

1365 820 1558 849 necessariae
1581 819 1672 850 valde
1694 826 1768 850 sunt
1791 821 1830 851 ad
1852 822 2049 853 intellectum
2072 824 2220 853 materiae
2243 825 2347 855 huius.

1421 862 1457 892 11.
1482 863 1592 893 Unum
1615 869 1721 894 tamen
1744 870 1838 894 restat
1860 865 1911 895 hic
1935 866 2068 896 dubium
2092 868 2174 897 circa
2195 867 2288 904 illud,
2312 869 2421 899 Beati-

1367 906 1443 936 tudo
1467 911 1515 936 est
1536 916 1600 946 qua
1622 907 1711 937 Deus
1734 913 1781 938 est
1802 908 1897 939 dives.
1931 909 2094 947 Quoniam
2116 910 2278 942 beatitudo
2302 918 2421 952 spectat

1367 949 1406 979 ad
1428 955 1579 986 mentem,
1604 950 1728 981 divitiae
1743 961 1820 982 vero
1844 952 1884 982 ad
1905 954 2098 992 potentiam:
2123 956 2320 986 constituunt
2335 957 2421 986 enim

1366 992 1491 1023 divitiae
1512 999 1677 1033 potentem
1696 995 1743 1025 uti
1759 995 1922 1026 affluenter
1937 998 2030 1027 rebus
2046 997 2085 1027 ad
2100 999 2334 1037 possessionem
2349 1009 2420 1040 per-

1365 1037 1548 1067 tinentibus.

1421 1079 1483 1110 Sed
1513 1081 1576 1110 hoc
1604 1080 1695 1111 facile
1725 1083 1856 1113 solvitur
1886 1083 2038 1120 dicendo,
2061 1085 2111 1115 vel
2142 1085 2230 1125 quod
2257 1086 2419 1117 beatitudo

1367 1122 1441 1153 facit
1464 1124 1627 1154 causaliter
1650 1124 1788 1156 divitem.
1813 1127 1905 1157 Unde
1924 1128 2017 1157 beato
2040 1130 2232 1168 promissum
2248 1132 2335 1161 esst:
2359 1131 2420 1161 Su·
2447 1131 2658 1159 ’Manh.eap.xx1v‚

1360 1176 1424 1206 per
1447 1167 1555 1197 omnia
1581 1168 1666 1198 bona
1687 1178 1747 1198 sua
1777 1171 1946 1200 constituet
1970 1181 2050 1201 eum.
2074 1190 2097 1194 -
2119 1173 2178 1203 Vel
2209 1173 2297 1214 quod
2323 1175 2420 1205 beati·
2446 1163 2504 1179 κη’
2518 1164 2557 1185 ⁴⁷⁴

1366 1209 1445 1240 tudo
1470 1211 1604 1241 sumitur
1627 1212 1791 1243 collective
1814 1223 1871 1243 seu
1893 1214 2092 1254 integraliter,
2116 1221 2151 1246 ut
2175 1226 2212 1246 ex
2231 1218 2294 1247 suis
2317 1219 2420 1248 omni-

1363 1254 1422 1283 bus
1445 1254 1584 1293 partibus
1608 1260 1740 1285 constat.
1773 1257 1824 1287 Ad
1854 1256 2034 1288 felicitatem
2065 1260 2149 1289 enim
2172 1262 2339 1300 requiritur
2361 1271 2420 1301 po-

1363 1297 1461 1327 tentia
1483 1298 1590 1337 plena:
1615 1299 1758 1338 alioquin
1780 1309 1848 1330 non
1872 1307 1952 1331 esset
1976 1303 2046 1341 quis
2070 1303 2251 1343 simpliciter
2274 1304 2358 1334 felix.

1019 1448 1336 1491 ARTICULUS
1366 1449 1664 1492 SECUNDUS

804 1541 960 1572 UTRUM
983 1541 1219 1572 ADOPTARE
1243 1541 1497 1573 CONVENIAT
1521 1543 1627 1573 TOTI
1651 1544 1873 1575 TRINITATI

805 1619 896 1651 Supra,
916 1626 959 1651 qu.
977 1625 1015 1649 ιη,
1035 1624 1080 1644 art.
1099 1626 1125 1650 4,
1145 1619 1176 1643 ad
1197 1618 1226 1649 33
1245 1618 1276 1643 111
1296 1619 1378 1649 Sent„
1398 1619 1455 1645 dist.
1474 1627 1497 1651 x,
1517 1628 1561 1653 qu.
1580 1628 1607 1651 ιι,
1627 1626 1671 1646 art.
1693 1628 1716 1652 1,
1736 1622 1785 1654 qu*
1806 1630 1829 1651 2,
1850 1622 1873 1647 3.

1363 1699 1543 1743 turalem‚
1582 1699 1689 1747 quod
1721 1699 1838 1736 Filius
1872 1700 1943 1737 Dei
1981 1702 2160 1738 naturalis
2194 1711 2247 1739 est
2274 1706 2419 1752 genitus

1365 1762 1439 1786 non
1458 1751 1607 1797 sactus:
1634 1751 1735 1788 filius
1763 1760 1891 1789 autern
1915 1753 2118 1802 adoptivus
2142 1762 2196 1790 est
2214 1755 2343 1800 factus,
2364 1768 2419 1792 se-

1365 1803 1538 1839 cundum
1557 1803 1649 1840 illud
1667 1805 1769 1840 Ioan.
1791 1817 1800 1840 1
1819 1805 1855 1841 *ῑ
1885 1806 1994 1842 Dedit
2021 1807 2071 1842 eis
2086 1813 2299 1855 potestatem
2316 1809 2420 1855 filios
2451 1817 2538 1839 ’Vers-
2557 1824 2589 1840 ια.

1365 1855 1438 1890 Dei
1452 1857 1556 1902 fieri.
1586 1855 1732 1892 Dicitur
1752 1864 1880 1893 tamen
1900 1858 2134 1906 quandoque
2158 1859 2258 1896 filius
2277 1860 2421 1909 adopti-

1365 1919 1438 1943 vus
1462 1919 1543 1944 esse
1562 1908 1720 1955 genitus,
1749 1917 1905 1957 propter
1924 1909 2153 1958 spiritualem
2175 1913 2422 1959 regeneratio-

1366 1971 1469 2004 nem,
1499 1972 1599 2009 quae
1628 1969 1683 1997 est
1709 1962 1878 2008 gratuita,
1908 1974 1987 1999 non
2016 1963 2214 2000 naturalis:
2245 1965 2348 2002 unde
2368 1965 2423 2002 di-

1367 2012 1463 2049 citur
1490 2013 1644 2049 Iac.1*:
1683 2014 1895 2051 Voluntarie
1929 2018 2057 2064 genuit
2091 2028 2157 2053 nos
2193 2019 2305 2054 verbo
2332 2019 2423 2055 veri·
2451 2026 2460 2036 ·
2476 2025 2591 2048 Vers-18·

1367 2067 1459 2102 tatis.
1490 2065 1680 2111 Quamvis
1701 2074 1830 2103 autem
1857 2078 2037 2114 generare
2057 2068 2096 2104 in
2116 2068 2253 2105 divinis
2273 2069 2318 2106 sit
2335 2082 2423 2119 pro-

1367 2117 1497 2169 prium
1524 2129 1711 2166 personae
1732 2119 1863 2165 Patris,
1892 2127 2021 2156 tamen
2047 2120 2169 2157 facere
2198 2133 2423 2170 quemcum-

1368 2181 1444 2218 que
1473 2169 1651 2206 effectum
1680 2170 1719 2206 in
1739 2171 1917 2207 creaturis
1946 2180 2000 2208 est
2028 2184 2236 2210 commune
2255 2174 2322 2210 toti
2341 2174 2424 2211 Tri—

1369 2221 1484 2266 nitati‚
1520 2230 1676 2270 propter
1709 2222 1894 2259 unitatem
1922 2231 2098 2261 naturae:
2135 2225 2241 2274 quia,
2275 2226 2341 2262 ubi
2370 2234 2425 2263 est

1367 2286 1446 2311 una
1473 2282 1623 2321 natura,
1661 2282 1809 2324 oportet
1844 2276 1949 2324 quod
1977 2275 2028 2312 ibi
2061 2276 2107 2313 sit
2133 2289 2212 2314 una
2239 2278 2359 2315 virtus
2387 2287 2424 2316 et

1369 2338 1447 2363 una
1484 2327 1672 2375 operatio;
1715 2328 1818 2364 unde
1852 2327 2043 2364 Dominus
2078 2328 2183 2374 dicit,
2219 2331 2322 2367 Ioan.
2342 2343 2366 2368 v
2384 2331 2421 2367 *ε
2451 2333 2540 2355 ‘Vm
2559 2340 2594 2361 ¹9·

1375 2380 1636 2428 Quaecumque
1661 2380 1759 2427 facit
1785 2381 1913 2426 Pater,
1942 2382 2033 2417 haec
2060 2386 2093 2416 et
2119 2382 2234 2418 Filius
2259 2383 2425 2419 similiter

1359 2432 1467 2480 facit.
1498 2433 1546 2468 Et
1564 2432 1651 2468 ideo
1671 2431 1847 2469 homines
1867 2432 2048 2481 adoptare
2067 2432 2106 2468 in
2125 2432 2223 2469 filios
2242 2434 2314 2470 Dei
2333 2446 2422 2471 con-

1368 2484 1473 2521 venit
1499 2484 1567 2521 toti
1594 2484 1777 2521 Trinitati.

1423 2538 1479 2574 AD
1509 2549 1642 2574 PR1MUM
1671 2549 1768 2574 ERGO
1796 2549 1974 2574 nit-,Ermum
2004 2537 2109 2585 quod
2138 2549 2272 2574 omnes
2292 2550 2422 2586 perso-

1369 2601 1441 2626 nae
1470 2590 1662 2626 humanae
1688 2602 1767 2626 non
1787 2598 1874 2626 sunt
1892 2589 2006 2626 unius
2025 2597 2180 2626 naturae
2208 2590 2422 2627 secundum

1370 2654 1591 2688 numerum,
1620 2650 1662 2678 ut
1690 2649 1861 2691 oporteat
1888 2654 2005 2679 unam
2028 2654 2108 2678 esse
2127 2642 2303 2678 omnium
2331 2654 2421 2691 ope-

1369 2694 1556 2731 rationem
1584 2701 1620 2730 et
1646 2706 1770 2731 unum
1799 2695 1990 2740 effectum,
2019 2693 2113 2731 sicut
2140 2694 2272 2730 accidit
2299 2694 2338 2730 in
2365 2694 2421 2731 di-

1368 2746 1477 2783 vinis.
1518 2747 1565 2783 Et
1591 2747 1679 2783 ideo
1714 2755 1902 2795 quantum
1930 2746 1978 2783 ad
2006 2747 2081 2783 hoc
2112 2758 2191 2783 non
2219 2754 2274 2782 est
2300 2746 2419 2794 possi-

1369 2798 1476 2836 bilei-⁸
1504 2799 1645 2835 attendi
1673 2799 1957 2835 similitudinem
1985 2798 2198 2846 utrobique.
2277 2818 2279 2821 ·
2546 2805 2561 2837 β

1421 2853 1477 2888 AD
1505 2863 1692 2888 SECUNDUM
1720 2863 1898 2888 DICENDUM
1927 2850 2032 2898 quod
2059 2862 2130 2886 nos
2157 2862 2226 2898 per
2246 2851 2419 2899 adoptio·
2532 2851 2535 2855 '

1369 2916 1460 2940 nem
1475 2903 1662 2940 efficimur
1675 2904 1802 2939 fratres
1816 2902 1953 2939 Christi
1967 2901 2075 2950 quasi
2091 2902 2257 2939 eundem
2269 2903 2420 2939 Patrem

1370 2956 1552 2992 habentes
1589 2967 1679 2992 cum
1713 2954 1816 3003 ipso:
1856 2954 1922 3003 qui
1949 2962 2077 2990 tamen
2114 2954 2187 2990 alio
2215 2955 2333 2991 modo
2367 2963 2422 2991 est

1370 3009 1480 3045 Pater
1499 3007 1650 3053 Christi,
1669 3014 1705 3042 et
1723 3007 1796 3043 alio
1811 3007 1930 3043 modo
1950 3014 2004 3043 est
2019 3007 2128 3042 Pater
2141 3014 2279 3043 noster.
2309 3007 2420 3044 Unde

1370 3060 1558 3107 signanter
1583 3059 1785 3104 Dominus,
1812 3060 1914 3095 Ioan.
1937 3070 1996 3103 xx,
2022 3070 2192 3095 seorsum
2222 3058 2324 3104 dixit,
2348 3061 2420 3096 Pa-

1369 3119 1461 3149 trem
1490 3124 1631 3147 meum:
1666 3119 1701 3147 et
1735 3123 1908 3147 seorsum
1937 3109 2045 3155 dixit,
2074 3112 2222 3148 Patrem
2249 3117 2418 3148 vestrum.

1370 3165 1436 3201 Est
1472 3163 1575 3200 enim
1612 3164 1722 3199 Pater
1759 3162 1896 3199 Christi
1932 3162 2148 3199 naturaliter
2183 3163 2419 3210 generando,

1369 3216 1475 3265 quod
1504 3223 1558 3252 est
1585 3214 1786 3264 proprium
1813 3214 1900 3252 sibi:
1931 3222 1986 3252 est
2013 3222 2141 3252 autem
2169 3223 2295 3252 noster
2313 3220 2329 3243 Υ
2355 3227 2421 3252 vo·
2545 3231 2560 3255 γ

1369 3267 1527 3305 luntarie
1549 3267 1691 3316 aliquid
1710 3267 1895 3314 faciendo,
1925 3267 2030 3316 quod
2050 3276 2104 3304 est
2123 3280 2330 3304 commune
2350 3267 2421 3304 sibi

1369 3329 1404 3357 et
1431 3319 1527 3356 Filio
1556 3327 1591 3356 et
1619 3318 1774 3368 Spiritui
1798 3320 1948 3357 Sancto.
1979 3321 2026 3356 Et
2044 3319 2130 3357 ideo
2152 3319 2322 3356 Christus
2341 3331 2421 3356 non

1369 3380 1423 3409 est
1450 3371 1551 3409 filius
1578 3371 1692 3409 totius
1719 3372 1923 3418 Trinitatis,
1952 3372 2046 3409 sicut
2073 3384 2155 3409 nos.

1421 3426 1477 3461 An
1505 3436 1662 3461 TER‘riuM
1689 3436 1868 3462 mei-:NDUM
1897 3425 2014 3474 quod,
2043 3424 2138 3461 sicut
2156 3424 2300 3461 dictum
2320 3432 2374 3461 est
2387 3424 2419 3471 ²¹⁸,
2447 3422 2523 3469 23¹·
2539 3423 2658 3450 P‘·‘⁰⁰‘³·›

1417 3537 1444 3572 γ)
1464 3541 1562 3563 noster.
1573 3551 1592 3556 -
1605 3537 1686 3562 Pater
1699 3541 1788 3562 noster
1801 3537 1870 3568 PFc;
1890 3538 1898 3561 1
1912 3537 1950 3561 bis
1964 3537 2039 3561 habet
2052 3537 2158 3560 alteram
2173 3537 2306 3561 solutionis
2322 3542 2420 3569 partem

1365 3577 1390 3599 et
1408 3580 1527 3598 seorsum
1547 3573 1622 3598 dixit
1640 3578 1697 3603 etc„
1711 3579 1735 3597 et
1754 3573 1838 3606 primo
1857 3573 1914 3596 loco
1932 3573 1992 3604 legit
2010 3575 2108 3601 noster,
2122 3572 2202 3596 altero
2220 3572 2302 3597 Pater
2321 3575 2419 3597 noster.

2247 3623 2279 3654 34
