<?xml version="1.0" encoding="UTF-8"?>
<!DOCTYPE html PUBLIC "-//W3C//DTD XHTML 1.0 Transitional//EN"
    "http://www.w3.org/TR/xhtml1/DTD/xhtml1-transitional.dtd">
<html xmlns="http://www.w3.org/1999/xhtml" xml:lang="en" lang="en">
 <head>
  <title>
</title>
<meta http-equiv="Content-Type" content="text/html;charset=utf-8" />
  <meta name='ocr-system' content='tesseract 3.04.00' />
  <meta name='ocr-capabilities' content='ocr_page ocr_carea ocr_par ocr_line ocrx_word'/>
</head>
<body>
  <div class='ocr_page' id='page_1' title='image "./operaomniaiussui11thom/operaomniaiussui11thom_0229.png"; bbox 0 0 2872 3970; ppageno 0'>
   <div class='ocr_carea' id='block_1_1' title="bbox 0 495 2 1078">
    <p class='ocr_par' dir='ltr' id='par_1_1' title="bbox 0 495 2 1078">
     <span class='ocr_line' id='line_1_1' title="bbox 0 495 2 1078; baseline 0 0"><span class='ocrx_word' id='word_1_1' title='bbox 0 495 2 1078; x_wconf 95' lang='lat' dir='ltr'> </span> 
     </span>
    </p>
   </div>
   <div class='ocr_carea' id='block_1_2' title="bbox 0 0 268 3970">
    <p class='ocr_par' dir='ltr' id='par_1_2' title="bbox 0 0 268 3970">
     <span class='ocr_line' id='line_1_2' title="bbox 0 0 268 3970; baseline 0 0"><span class='ocrx_word' id='word_1_2' title='bbox 0 0 268 3970; x_wconf 95' lang='lat' dir='ltr'> </span> 
     </span>
    </p>
   </div>
   <div class='ocr_carea' id='block_1_3' title="bbox 996 301 1385 350">
    <p class='ocr_par' dir='ltr' id='par_1_3' title="bbox 996 301 1385 350">
     <span class='ocr_line' id='line_1_3' title="bbox 996 301 1385 350; baseline 0.003 -12"><span class='ocrx_word' id='word_1_3' title='bbox 996 301 1258 347; x_wconf 89' lang='lat' dir='ltr'>QUAESTIO</span> <span class='ocrx_word' id='word_1_4' title='bbox 1286 303 1385 350; x_wconf 84' lang='lat' dir='ltr'>XIII,</span> 
     </span>
    </p>
   </div>
   <div class='ocr_carea' id='block_1_4' title="bbox 233 377 1376 3214">
    <p class='ocr_par' dir='ltr' id='par_1_4' title="bbox 293 377 1351 467">
     <span class='ocr_line' id='line_1_4' title="bbox 293 377 1351 428; baseline 0.001 -13"><span class='ocrx_word' id='word_1_5' title='bbox 293 378 339 415; x_wconf 91' lang='lat' dir='ltr'>sti</span> <span class='ocrx_word' id='word_1_6' title='bbox 366 377 504 414; x_wconf 90' lang='lat' dir='ltr'>habeat</span> <span class='ocrx_word' id='word_1_7' title='bbox 532 377 850 428; x_wconf 87' lang='lat' dir='ltr'>omnipotentiam</span> <span class='ocrx_word' id='word_1_8' title='bbox 879 385 1052 427; x_wconf 90' lang='lat' dir='ltr'>respectu</span> <span class='ocrx_word' id='word_1_9' title='bbox 1076 378 1351 416; x_wconf 86' lang='lat' dir='ltr'>immutationis</span> 
     </span>
     <span class='ocr_line' id='line_1_5' title="bbox 294 437 566 467; baseline -0.004 0"><span class='ocrx_word' id='word_1_10' title='bbox 294 437 566 467; x_wconf 89' lang='lat' dir='ltr'>creaturarum.</span> 
     </span>
    </p>

    <p class='ocr_par' dir='ltr' id='par_1_5' title="bbox 284 482 1376 1150">
     <span class='ocr_line' id='line_1_6' title="bbox 347 482 1350 533; baseline 0.002 -14"><span class='ocrx_word' id='word_1_11' title='bbox 347 494 382 519; x_wconf 88' lang='lat'>2.</span> <span class='ocrx_word' id='word_1_12' title='bbox 402 483 632 529; x_wconf 77' lang='lat' dir='ltr'>PRAETEREA,</span> <span class='ocrx_word' id='word_1_13' title='bbox 653 483 782 519; x_wconf 88' lang='lat' dir='ltr'>anima</span> <span class='ocrx_word' id='word_1_14' title='bbox 806 482 944 519; x_wconf 91' lang='lat' dir='ltr'>Christi</span> <span class='ocrx_word' id='word_1_15' title='bbox 968 490 1022 519; x_wconf 90' lang='lat' dir='ltr'>est</span> <span class='ocrx_word' id='word_1_16' title='bbox 1040 484 1239 532; x_wconf 85' lang='lat' dir='ltr'>perfectior</span> <span class='ocrx_word' id='word_1_17' title='bbox 1257 496 1350 533; x_wconf 90' lang='lat' dir='ltr'>qua-</span> 
     </span>
     <span class='ocr_line' id='line_1_7' title="bbox 292 533 1350 585; baseline 0.003 -14"><span class='ocrx_word' id='word_1_18' title='bbox 292 533 382 572; x_wconf 87' lang='lat' dir='ltr'>libet</span> <span class='ocrx_word' id='word_1_19' title='bbox 409 542 591 572; x_wconf 83' lang='lat' dir='ltr'>creatura.</span> <span class='ocrx_word' id='word_1_20' title='bbox 621 535 699 572; x_wconf 90' lang='lat' dir='ltr'>Sed</span> <span class='ocrx_word' id='word_1_21' title='bbox 726 534 916 584; x_wconf 85' lang='lat' dir='ltr'>quaelibet</span> <span class='ocrx_word' id='word_1_22' title='bbox 935 543 1107 572; x_wconf 89' lang='lat' dir='ltr'>creatura</span> <span class='ocrx_word' id='word_1_23' title='bbox 1124 543 1248 585; x_wconf 89' lang='lat' dir='ltr'>potest</span> <span class='ocrx_word' id='word_1_24' title='bbox 1266 549 1350 574; x_wconf 92' lang='lat' dir='ltr'>mo-</span> 
     </span>
     <span class='ocr_line' id='line_1_8' title="bbox 291 587 1350 637; baseline 0.002 -13"><span class='ocrx_word' id='word_1_25' title='bbox 291 587 373 624; x_wconf 89' lang='lat' dir='ltr'>veri</span> <span class='ocrx_word' id='word_1_26' title='bbox 391 587 440 624; x_wconf 90' lang='lat' dir='ltr'>ab</span> <span class='ocrx_word' id='word_1_27' title='bbox 464 587 591 636; x_wconf 84' lang='lat' dir='ltr'>aliqua</span> <span class='ocrx_word' id='word_1_28' title='bbox 615 587 688 624; x_wconf 88' lang='lat' dir='ltr'>alia</span> <span class='ocrx_word' id='word_1_29' title='bbox 706 595 898 624; x_wconf 90' lang='lat' dir='ltr'>creatura:</span> <span class='ocrx_word' id='word_1_30' title='bbox 929 587 1018 624; x_wconf 89' lang='lat' dir='ltr'>dicit</span> <span class='ocrx_word' id='word_1_31' title='bbox 1042 588 1146 624; x_wconf 91' lang='lat' dir='ltr'>enim</span> <span class='ocrx_word' id='word_1_32' title='bbox 1174 589 1350 637; x_wconf 90' lang='lat' dir='ltr'>Augusti-</span> 
     </span>
     <span class='ocr_line' id='line_1_9' title="bbox 291 639 1349 690; baseline 0.002 -14"><span class='ocrx_word' id='word_1_33' title='bbox 291 651 376 686; x_wconf 89' lang='lat' dir='ltr'>nus,</span> <span class='ocrx_word' id='word_1_34' title='bbox 391 639 431 676; x_wconf 91' lang='lat' dir='ltr'>in</span> <span class='ocrx_word' id='word_1_35' title='bbox 446 641 491 676; x_wconf 95' lang='lat' dir='ltr'>III</span> <span class='ocrx_word' id='word_1_36' title='bbox 505 640 551 676; x_wconf 88' lang='lat' dir='ltr'>de</span> <span class='ocrx_word' id='word_1_37' title='bbox 564 641 599 677; x_wconf 89' lang='grc' dir='ltr'><em>Τ</em></span> <span class='ocrx_word' id='word_1_38' title='bbox 597 641 667 676; x_wconf 91' lang='lat' dir='ltr'>rin.</span> <span class='ocrx_word' id='word_1_39' title='bbox 678 639 709 685; x_wconf 71' lang='lat'>²¹⁴,</span> <span class='ocrx_word' id='word_1_40' title='bbox 728 640 835 688; x_wconf 90' lang='lat' dir='ltr'>quod</span> <span class='ocrx_word' id='word_1_41' title='bbox 848 641 939 676; x_wconf 87' lang='lat' dir='ltr'>sicut</span> <span class='ocrx_word' id='word_1_42' title='bbox 952 652 1112 689; x_wconf 86' lang='lat' dir='ltr'>corpora</span> <span class='ocrx_word' id='word_1_43' title='bbox 1125 643 1317 690; x_wconf 81' lang='lat' dir='ltr'>grossiora</span> <span class='ocrx_word' id='word_1_44' title='bbox 1333 648 1349 674; x_wconf 63' lang='lat'>5²</span> 
     </span>
     <span class='ocr_line' id='line_1_10' title="bbox 292 692 1349 742; baseline 0.003 -14"><span class='ocrx_word' id='word_1_45' title='bbox 292 697 325 729; x_wconf 86' lang='lat' dir='ltr'>et</span> <span class='ocrx_word' id='word_1_46' title='bbox 343 693 523 740; x_wconf 86' lang='lat' dir='ltr'>inferiora</span> <span class='ocrx_word' id='word_1_47' title='bbox 535 704 609 741; x_wconf 81' lang='lat' dir='ltr'>per</span> <span class='ocrx_word' id='word_1_48' title='bbox 625 692 815 729; x_wconf 83' lang='lat' dir='ltr'>subtiliora</span> <span class='ocrx_word' id='word_1_49' title='bbox 835 698 868 728; x_wconf 85' lang='lat' dir='ltr'>et</span> <span class='ocrx_word' id='word_1_50' title='bbox 880 695 1091 742; x_wconf 84' lang='lat' dir='ltr'>potentiora</span> <span class='ocrx_word' id='word_1_51' title='bbox 1113 695 1272 742; x_wconf 86' lang='lat' dir='ltr'>quodam</span> <span class='ocrx_word' id='word_1_52' title='bbox 1291 707 1349 731; x_wconf 88' lang='lat' dir='ltr'>or-</span> 
     </span>
     <span class='ocr_line' id='line_1_11' title="bbox 291 745 1349 795; baseline 0.002 -13"><span class='ocrx_word' id='word_1_53' title='bbox 291 745 377 782; x_wconf 87' lang='lat' dir='ltr'>dine</span> <span class='ocrx_word' id='word_1_54' title='bbox 402 749 594 794; x_wconf 86' lang='lat' dir='ltr'>reguntur,</span> <span class='ocrx_word' id='word_1_55' title='bbox 614 746 664 781; x_wconf 86' lang='lat' dir='ltr'>ita</span> <span class='ocrx_word' id='word_1_56' title='bbox 689 746 815 781; x_wconf 89' lang='lat' dir='ltr'>omnia</span> <span class='ocrx_word' id='word_1_57' title='bbox 840 757 1000 794; x_wconf 87' lang='lat' dir='ltr'>corpora</span> <span class='ocrx_word' id='word_1_58' title='bbox 1018 758 1091 794; x_wconf 80' lang='lat' dir='ltr'>per</span> <span class='ocrx_word' id='word_1_59' title='bbox 1114 748 1281 795; x_wconf 85' lang='lat' dir='ltr'>spiritum</span> <span class='ocrx_word' id='word_1_60' title='bbox 1299 749 1349 784; x_wconf 79' lang='lat' dir='ltr'>vi-</span> 
     </span>
     <span class='ocr_line' id='line_1_12' title="bbox 290 797 1376 851; baseline 0.002 -17"><span class='ocrx_word' id='word_1_61' title='bbox 290 803 350 835; x_wconf 86' lang='lat' dir='ltr'>tae</span> <span class='ocrx_word' id='word_1_62' title='bbox 376 797 618 841; x_wconf 83' lang='lat' dir='ltr'>rationalem,·</span> <span class='ocrx_word' id='word_1_63' title='bbox 649 802 683 834; x_wconf 88' lang='lat' dir='ltr'>et</span> <span class='ocrx_word' id='word_1_64' title='bbox 708 799 854 846; x_wconf 81' lang='lat' dir='ltr'>spiritus</span> <span class='ocrx_word' id='word_1_65' title='bbox 885 799 981 835; x_wconf 79' lang='lat' dir='ltr'>vitae</span> <span class='ocrx_word' id='word_1_66' title='bbox 1014 800 1204 836; x_wconf 85' lang='lat' dir='ltr'>rationalis</span> <span class='ocrx_word' id='word_1_67' title='bbox 1232 800 1348 836; x_wconf 88' lang='lat' dir='ltr'>deser·</span> <span class='ocrx_word' id='word_1_68' title='bbox 1373 799 1376 851; x_wconf 75' lang='grc' dir='ltr'>Ι</span> 
     </span>
     <span class='ocr_line' id='line_1_13' title="bbox 290 851 1347 899; baseline 0.003 -13"><span class='ocrx_word' id='word_1_69' title='bbox 290 855 349 887; x_wconf 89' lang='lat' dir='ltr'>tor</span> <span class='ocrx_word' id='word_1_70' title='bbox 375 855 483 899; x_wconf 85' lang='lat' dir='ltr'>atque</span> <span class='ocrx_word' id='word_1_71' title='bbox 503 855 681 898; x_wconf 85' lang='lat' dir='ltr'>peccator</span> <span class='ocrx_word' id='word_1_72' title='bbox 701 862 774 899; x_wconf 86' lang='lat' dir='ltr'>per</span> <span class='ocrx_word' id='word_1_73' title='bbox 798 851 966 899; x_wconf 86' lang='lat' dir='ltr'>spiritum</span> <span class='ocrx_word' id='word_1_74' title='bbox 993 852 1089 887; x_wconf 76' lang='lat' dir='ltr'>vitae</span> <span class='ocrx_word' id='word_1_75' title='bbox 1116 852 1347 898; x_wconf 85' lang='lat' dir='ltr'>rationalem,</span> 
     </span>
     <span class='ocr_line' id='line_1_14' title="bbox 284 902 1349 953; baseline 0.003 -15"><span class='ocrx_word' id='word_1_76' title='bbox 284 904 392 952; x_wconf 84' lang='lat' dir='ltr'>pium</span> <span class='ocrx_word' id='word_1_77' title='bbox 411 908 446 938; x_wconf 86' lang='lat' dir='ltr'>et</span> <span class='ocrx_word' id='word_1_78' title='bbox 462 903 606 938; x_wconf 90' lang='lat' dir='ltr'>iustum.</span> <span class='ocrx_word' id='word_1_79' title='bbox 636 902 777 938; x_wconf 90' lang='lat' dir='ltr'>Anima</span> <span class='ocrx_word' id='word_1_80' title='bbox 796 910 925 939; x_wconf 90' lang='lat' dir='ltr'>autem</span> <span class='ocrx_word' id='word_1_81' title='bbox 946 902 1085 939; x_wconf 88' lang='lat' dir='ltr'>Christi</span> <span class='ocrx_word' id='word_1_82' title='bbox 1104 904 1218 940; x_wconf 89' lang='lat' dir='ltr'>etiam</span> <span class='ocrx_word' id='word_1_83' title='bbox 1246 904 1349 953; x_wconf 91' lang='lat' dir='ltr'>ipsos</span> 
     </span>
     <span class='ocr_line' id='line_1_15' title="bbox 291 953 1350 1004; baseline 0.002 -13"><span class='ocrx_word' id='word_1_84' title='bbox 291 966 494 1004; x_wconf 89' lang='lat' dir='ltr'>supremos</span> <span class='ocrx_word' id='word_1_85' title='bbox 531 953 683 1003; x_wconf 88' lang='lat' dir='ltr'>spiritus</span> <span class='ocrx_word' id='word_1_86' title='bbox 720 963 867 1002; x_wconf 90' lang='lat' dir='ltr'>movet,</span> <span class='ocrx_word' id='word_1_87' title='bbox 897 955 1148 992; x_wconf 90' lang='lat' dir='ltr'>illuminando</span> <span class='ocrx_word' id='word_1_88' title='bbox 1185 968 1268 993; x_wconf 88' lang='lat' dir='ltr'>eos:</span> <span class='ocrx_word' id='word_1_89' title='bbox 1307 965 1350 993; x_wconf 92' lang='lat' dir='ltr'>ut</span> 
     </span>
     <span class='ocr_line' id='line_1_16' title="bbox 291 1006 1350 1056; baseline 0.002 -12"><span class='ocrx_word' id='word_1_90' title='bbox 291 1006 379 1044; x_wconf 90' lang='lat' dir='ltr'>dicit</span> <span class='ocrx_word' id='word_1_91' title='bbox 406 1007 625 1056; x_wconf 87' lang='lat' dir='ltr'>Dionysius,</span> <span class='ocrx_word' id='word_1_92' title='bbox 645 1019 690 1044; x_wconf 84' lang='lat' dir='ltr'>vn</span> <span class='ocrx_word' id='word_1_93' title='bbox 709 1019 791 1056; x_wconf 89' lang='lat' dir='ltr'>cap.</span> <span class='ocrx_word' id='word_1_94' title='bbox 816 1008 915 1044; x_wconf 88' lang='lat' dir='ltr'>Cael.</span> <span class='ocrx_word' id='word_1_95' title='bbox 935 1008 1044 1044; x_wconf 89' lang='lat' dir='ltr'>Hier.</span> <span class='ocrx_word' id='word_1_96' title='bbox 1074 1009 1175 1056; x_wconf 90' lang='lat' dir='ltr'>Ergo</span> <span class='ocrx_word' id='word_1_97' title='bbox 1199 1009 1350 1046; x_wconf 91' lang='lat' dir='ltr'>videtur</span> 
     </span>
     <span class='ocr_line' id='line_1_17' title="bbox 290 1059 1349 1111; baseline 0.003 -15"><span class='ocrx_word' id='word_1_98' title='bbox 290 1060 398 1109; x_wconf 92' lang='lat' dir='ltr'>quod</span> <span class='ocrx_word' id='word_1_99' title='bbox 424 1059 552 1096; x_wconf 90' lang='lat' dir='ltr'>anima</span> <span class='ocrx_word' id='word_1_100' title='bbox 572 1059 710 1097; x_wconf 89' lang='lat' dir='ltr'>Christi</span> <span class='ocrx_word' id='word_1_101' title='bbox 728 1060 867 1097; x_wconf 90' lang='lat' dir='ltr'>habeat</span> <span class='ocrx_word' id='word_1_102' title='bbox 886 1060 1204 1109; x_wconf 87' lang='lat' dir='ltr'>omnipotentiam</span> <span class='ocrx_word' id='word_1_103' title='bbox 1224 1073 1349 1111; x_wconf 90' lang='lat' dir='ltr'>respe-</span> 
     </span>
     <span class='ocr_line' id='line_1_18' title="bbox 291 1120 956 1150; baseline 0.002 -1"><span class='ocrx_word' id='word_1_104' title='bbox 291 1120 354 1150; x_wconf 89' lang='lat' dir='ltr'>ctu</span> <span class='ocrx_word' id='word_1_105' title='bbox 381 1120 657 1149; x_wconf 78' lang='lat' dir='ltr'>lmmutatloms</span> <span class='ocrx_word' id='word_1_106' title='bbox 685 1121 956 1150; x_wconf 89' lang='lat' dir='ltr'>creaturarum.</span> 
     </span>
    </p>

    <p class='ocr_par' dir='ltr' id='par_1_6' title="bbox 233 1165 1352 1582">
     <span class='ocr_line' id='line_1_19' title="bbox 346 1165 1349 1215; baseline 0.002 -14"><span class='ocrx_word' id='word_1_107' title='bbox 346 1165 380 1201; x_wconf 87' lang='lat'>3.</span> <span class='ocrx_word' id='word_1_108' title='bbox 409 1166 639 1212; x_wconf 78' lang='lat' dir='ltr'>PRAETEREA,</span> <span class='ocrx_word' id='word_1_109' title='bbox 660 1165 790 1202; x_wconf 85' lang='lat' dir='ltr'>anima</span> <span class='ocrx_word' id='word_1_110' title='bbox 809 1165 948 1202; x_wconf 87' lang='lat' dir='ltr'>Christi</span> <span class='ocrx_word' id='word_1_111' title='bbox 975 1166 1108 1203; x_wconf 89' lang='lat' dir='ltr'>habuit</span> <span class='ocrx_word' id='word_1_112' title='bbox 1131 1166 1349 1215; x_wconf 87' lang='lat' dir='ltr'>plenissime</span> 
     </span>
     <span class='ocr_line' id='line_1_20' title="bbox 290 1217 1349 1266; baseline 0.002 -12"><span class='ocrx_word' id='word_1_113' title='bbox 290 1217 449 1266; x_wconf 85' lang='lat' dir='ltr'>gratiam</span> <span class='ocrx_word' id='word_1_114' title='bbox 467 1217 743 1254; x_wconf 85' lang='lat' dir='ltr'>miraculorum</span> <span class='ocrx_word' id='word_1_115' title='bbox 769 1230 837 1255; x_wconf 87' lang='lat' dir='ltr'>seu</span> <span class='ocrx_word' id='word_1_116' title='bbox 861 1220 1035 1256; x_wconf 80' lang='lat' dir='ltr'>virtutum</span> <span class='ocrx_word' id='word_1_117' title='bbox 1054 1219 1091 1255; x_wconf 77' lang='lat' dir='ltr'>*t</span> <span class='ocrx_word' id='word_1_118' title='bbox 1121 1219 1217 1255; x_wconf 89' lang='lat' dir='ltr'>sieut</span> <span class='ocrx_word' id='word_1_119' title='bbox 1236 1226 1271 1255; x_wconf 91' lang='lat' dir='ltr'>et</span> <span class='ocrx_word' id='word_1_120' title='bbox 1290 1231 1349 1256; x_wconf 90' lang='lat' dir='ltr'>ce-</span> 
     </span>
     <span class='ocr_line' id='line_1_21' title="bbox 289 1269 1349 1321; baseline 0.001 -14"><span class='ocrx_word' id='word_1_121' title='bbox 289 1278 388 1307; x_wconf 90' lang='lat' dir='ltr'>teras</span> <span class='ocrx_word' id='word_1_122' title='bbox 406 1269 552 1318; x_wconf 86' lang='lat' dir='ltr'>gratias.</span> <span class='ocrx_word' id='word_1_123' title='bbox 582 1270 659 1307; x_wconf 93' lang='lat' dir='ltr'>Sed</span> <span class='ocrx_word' id='word_1_124' title='bbox 687 1270 813 1307; x_wconf 91' lang='lat' dir='ltr'>omnis</span> <span class='ocrx_word' id='word_1_125' title='bbox 832 1270 1048 1308; x_wconf 88' lang='lat' dir='ltr'>immutatio</span> <span class='ocrx_word' id='word_1_126' title='bbox 1068 1279 1261 1308; x_wconf 87' lang='lat' dir='ltr'>creaturae</span> <span class='ocrx_word' id='word_1_127' title='bbox 1280 1283 1349 1321; x_wconf 91' lang='lat' dir='ltr'>po-</span> 
     </span>
     <span class='ocr_line' id='line_1_22' title="bbox 289 1322 1349 1372; baseline 0.001 -12"><span class='ocrx_word' id='word_1_128' title='bbox 289 1330 360 1360; x_wconf 91' lang='lat' dir='ltr'>test</span> <span class='ocrx_word' id='word_1_129' title='bbox 373 1322 423 1360; x_wconf 88' lang='lat' dir='ltr'>ad</span> <span class='ocrx_word' id='word_1_130' title='bbox 435 1322 594 1370; x_wconf 85' lang='lat' dir='ltr'>gratiam</span> <span class='ocrx_word' id='word_1_131' title='bbox 609 1322 884 1360; x_wconf 88' lang='lat' dir='ltr'>miraculorum</span> <span class='ocrx_word' id='word_1_132' title='bbox 897 1323 1103 1372; x_wconf 89' lang='lat' dir='ltr'>pertinere:</span> <span class='ocrx_word' id='word_1_133' title='bbox 1129 1336 1220 1360; x_wconf 91' lang='lat' dir='ltr'>cum</span> <span class='ocrx_word' id='word_1_134' title='bbox 1235 1324 1349 1361; x_wconf 88' lang='lat' dir='ltr'>etiam</span> 
     </span>
     <span class='ocr_line' id='line_1_23' title="bbox 290 1375 1349 1424; baseline 0.001 -12"><span class='ocrx_word' id='word_1_135' title='bbox 290 1375 518 1412; x_wconf 89' lang='lat' dir='ltr'>miraculose</span> <span class='ocrx_word' id='word_1_136' title='bbox 543 1375 716 1412; x_wconf 89' lang='lat' dir='ltr'>caelestia</span> <span class='ocrx_word' id='word_1_137' title='bbox 735 1388 897 1424; x_wconf 90' lang='lat' dir='ltr'>corpora</span> <span class='ocrx_word' id='word_1_138' title='bbox 919 1388 941 1412; x_wconf 94' lang='lat' dir='ltr'>a</span> <span class='ocrx_word' id='word_1_139' title='bbox 959 1388 1032 1412; x_wconf 91' lang='lat' dir='ltr'>suo</span> <span class='ocrx_word' id='word_1_140' title='bbox 1056 1376 1189 1413; x_wconf 91' lang='lat' dir='ltr'>ordine</span> <span class='ocrx_word' id='word_1_141' title='bbox 1208 1376 1349 1413; x_wconf 90' lang='lat' dir='ltr'>immu-</span> 
     </span>
     <span class='ocr_line' id='line_1_24' title="bbox 233 1427 1352 1478; baseline 0.002 -14"><span class='ocrx_word' id='word_1_142' title='bbox 233 1476 236 1478; x_wconf 63' lang='lat'><em>,</em></span> <span class='ocrx_word' id='word_1_143' title='bbox 289 1435 365 1465; x_wconf 87' lang='lat' dir='ltr'>tata</span> <span class='ocrx_word' id='word_1_144' title='bbox 378 1427 525 1474; x_wconf 85' lang='lat' dir='ltr'>fuerint,</span> <span class='ocrx_word' id='word_1_145' title='bbox 541 1427 638 1464; x_wconf 89' lang='lat' dir='ltr'>sicut</span> <span class='ocrx_word' id='word_1_146' title='bbox 655 1428 793 1476; x_wconf 91' lang='lat' dir='ltr'>probat</span> <span class='ocrx_word' id='word_1_147' title='bbox 811 1428 1030 1477; x_wconf 90' lang='lat' dir='ltr'>Dionysius,</span> <span class='ocrx_word' id='word_1_148' title='bbox 1047 1429 1086 1465; x_wconf 92' lang='lat' dir='ltr'>in</span> <span class='ocrx_word' id='word_1_149' title='bbox 1113 1429 1283 1478; x_wconf 88' lang='lat' dir='ltr'>Epistola</span> <span class='ocrx_word' id='word_1_150' title='bbox 1302 1430 1352 1466; x_wconf 85' lang='lat' dir='ltr'>ad</span> 
     </span>
     <span class='ocr_line' id='line_1_25' title="bbox 289 1480 1349 1530; baseline 0 -12"><span class='ocrx_word' id='word_1_151' title='bbox 289 1481 543 1530; x_wconf 84' lang='lat' dir='ltr'>Polycarpum</span> <span class='ocrx_word' id='word_1_152' title='bbox 556 1480 587 1517; x_wconf 65' lang='lat'>²⁸.</span> <span class='ocrx_word' id='word_1_153' title='bbox 608 1481 709 1528; x_wconf 87' lang='lat' dir='ltr'>Ergo</span> <span class='ocrx_word' id='word_1_154' title='bbox 725 1481 852 1518; x_wconf 85' lang='lat' dir='ltr'>anima</span> <span class='ocrx_word' id='word_1_155' title='bbox 868 1481 1006 1518; x_wconf 90' lang='lat' dir='ltr'>Christi</span> <span class='ocrx_word' id='word_1_156' title='bbox 1025 1481 1158 1518; x_wconf 85' lang='lat' dir='ltr'>habuit</span> <span class='ocrx_word' id='word_1_157' title='bbox 1172 1482 1349 1530; x_wconf 89' lang='lat' dir='ltr'>omnipo-</span> 
     </span>
     <span class='ocr_line' id='line_1_26' title="bbox 289 1532 1267 1582; baseline 0.001 -12"><span class='ocrx_word' id='word_1_158' title='bbox 289 1533 446 1570; x_wconf 87' lang='lat' dir='ltr'>tentiam</span> <span class='ocrx_word' id='word_1_159' title='bbox 471 1540 646 1582; x_wconf 88' lang='lat' dir='ltr'>respectu</span> <span class='ocrx_word' id='word_1_160' title='bbox 672 1533 947 1570; x_wconf 90' lang='lat' dir='ltr'>immutationis</span> <span class='ocrx_word' id='word_1_161' title='bbox 962 1532 978 1563; x_wconf 76' lang='grc' dir='ltr'><strong>β</strong></span> <span class='ocrx_word' id='word_1_162' title='bbox 996 1541 1267 1571; x_wconf 89' lang='lat' dir='ltr'>creaturarum.</span> 
     </span>
    </p>

    <p class='ocr_par' dir='ltr' id='par_1_7' title="bbox 289 1585 1350 1897">
     <span class='ocr_line' id='line_1_27' title="bbox 344 1585 1348 1635; baseline 0.002 -13"><span class='ocrx_word' id='word_1_163' title='bbox 344 1586 418 1623; x_wconf 81' lang='lat' dir='ltr'>SED</span> <span class='ocrx_word' id='word_1_164' title='bbox 447 1597 590 1623; x_wconf 79' lang='lat' dir='ltr'>CONTRA</span> <span class='ocrx_word' id='word_1_165' title='bbox 618 1597 683 1623; x_wconf 84' lang='lat' dir='ltr'>EST</span> <span class='ocrx_word' id='word_1_166' title='bbox 702 1586 810 1635; x_wconf 92' lang='lat' dir='ltr'>quod</span> <span class='ocrx_word' id='word_1_167' title='bbox 829 1585 1004 1623; x_wconf 89' lang='lat' dir='ltr'>eiusdem</span> <span class='ocrx_word' id='word_1_168' title='bbox 1024 1595 1079 1623; x_wconf 92' lang='lat' dir='ltr'>est</span> <span class='ocrx_word' id='word_1_169' title='bbox 1097 1594 1348 1624; x_wconf 87' lang='lat' dir='ltr'>transmutare</span> 
     </span>
     <span class='ocr_line' id='line_1_28' title="bbox 291 1638 1350 1677; baseline 0.002 -2"><span class='ocrx_word' id='word_1_170' title='bbox 291 1646 481 1675; x_wconf 89' lang='lat' dir='ltr'>creaturas</span> <span class='ocrx_word' id='word_1_171' title='bbox 509 1638 618 1675; x_wconf 88' lang='lat' dir='ltr'>cuius</span> <span class='ocrx_word' id='word_1_172' title='bbox 647 1646 702 1675; x_wconf 91' lang='lat' dir='ltr'>est</span> <span class='ocrx_word' id='word_1_173' title='bbox 729 1651 955 1676; x_wconf 85' lang='lat' dir='ltr'>conservare</span> <span class='ocrx_word' id='word_1_174' title='bbox 982 1651 1056 1676; x_wconf 90' lang='lat' dir='ltr'>eas.</span> <span class='ocrx_word' id='word_1_175' title='bbox 1087 1640 1164 1677; x_wconf 89' lang='lat' dir='ltr'>Sed</span> <span class='ocrx_word' id='word_1_176' title='bbox 1191 1640 1267 1676; x_wconf 91' lang='lat' dir='ltr'>hoc</span> <span class='ocrx_word' id='word_1_177' title='bbox 1295 1648 1350 1677; x_wconf 88' lang='lat' dir='ltr'>est</span> 
     </span>
     <span class='ocr_line' id='line_1_29' title="bbox 291 1691 1350 1730; baseline 0.002 -3"><span class='ocrx_word' id='word_1_178' title='bbox 291 1691 409 1728; x_wconf 90' lang='lat' dir='ltr'>solius</span> <span class='ocrx_word' id='word_1_179' title='bbox 445 1691 538 1728; x_wconf 87' lang='lat' dir='ltr'>Dei:</span> <span class='ocrx_word' id='word_1_180' title='bbox 577 1691 792 1728; x_wconf 92' lang='lat' dir='ltr'>secundum</span> <span class='ocrx_word' id='word_1_181' title='bbox 829 1691 921 1728; x_wconf 92' lang='lat' dir='ltr'>illud</span> <span class='ocrx_word' id='word_1_182' title='bbox 957 1693 1055 1728; x_wconf 84' lang='lat' dir='ltr'>Heb.</span> <span class='ocrx_word' id='word_1_183' title='bbox 1085 1692 1155 1728; x_wconf 68' lang='lat'><strong>1³¹⁶:</strong></span> <span class='ocrx_word' id='word_1_184' title='bbox 1191 1694 1350 1730; x_wconf 87' lang='lat' dir='ltr'>Portans</span> 
     </span>
     <span class='ocr_line' id='line_1_30' title="bbox 291 1744 1348 1792; baseline 0.002 -12"><span class='ocrx_word' id='word_1_185' title='bbox 291 1745 417 1781; x_wconf 88' lang='lat' dir='ltr'>omnia</span> <span class='ocrx_word' id='word_1_186' title='bbox 435 1745 547 1781; x_wconf 84' lang='lat' dir='ltr'>verbo</span> <span class='ocrx_word' id='word_1_187' title='bbox 575 1745 714 1781; x_wconf 80' lang='lat' dir='ltr'>virtutis</span> <span class='ocrx_word' id='word_1_188' title='bbox 731 1756 830 1781; x_wconf 82' lang='lat' dir='ltr'>suae.</span> <span class='ocrx_word' id='word_1_189' title='bbox 861 1745 962 1792; x_wconf 90' lang='lat' dir='ltr'>Ergo</span> <span class='ocrx_word' id='word_1_190' title='bbox 982 1744 1099 1781; x_wconf 90' lang='lat' dir='ltr'>solius</span> <span class='ocrx_word' id='word_1_191' title='bbox 1118 1745 1190 1781; x_wconf 91' lang='lat' dir='ltr'>Dei</span> <span class='ocrx_word' id='word_1_192' title='bbox 1209 1753 1264 1782; x_wconf 90' lang='lat' dir='ltr'>est</span> <span class='ocrx_word' id='word_1_193' title='bbox 1282 1746 1348 1782; x_wconf 92' lang='lat' dir='ltr'>ha-</span> 
     </span>
     <span class='ocr_line' id='line_1_31' title="bbox 290 1796 1348 1845; baseline 0.001 -12"><span class='ocrx_word' id='word_1_194' title='bbox 290 1797 380 1833; x_wconf 91' lang='lat' dir='ltr'>bere</span> <span class='ocrx_word' id='word_1_195' title='bbox 410 1796 727 1845; x_wconf 89' lang='lat' dir='ltr'>omnipotentiam</span> <span class='ocrx_word' id='word_1_196' title='bbox 749 1804 923 1845; x_wconf 88' lang='lat' dir='ltr'>respectu</span> <span class='ocrx_word' id='word_1_197' title='bbox 950 1797 1227 1834; x_wconf 86' lang='lat' dir='ltr'>immutationis</span> <span class='ocrx_word' id='word_1_198' title='bbox 1246 1810 1348 1835; x_wconf 89' lang='lat' dir='ltr'>crea-</span> 
     </span>
     <span class='ocr_line' id='line_1_32' title="bbox 289 1849 1346 1897; baseline 0.002 -12"><span class='ocrx_word' id='word_1_199' title='bbox 289 1856 475 1886; x_wconf 90' lang='lat' dir='ltr'>turarum.</span> <span class='ocrx_word' id='word_1_200' title='bbox 504 1849 597 1886; x_wconf 94' lang='lat' dir='ltr'>Non</span> <span class='ocrx_word' id='word_1_201' title='bbox 616 1861 705 1897; x_wconf 91' lang='lat' dir='ltr'>ergo</span> <span class='ocrx_word' id='word_1_202' title='bbox 725 1850 802 1886; x_wconf 88' lang='lat' dir='ltr'>hoc</span> <span class='ocrx_word' id='word_1_203' title='bbox 829 1849 1008 1886; x_wconf 90' lang='lat' dir='ltr'>convenit</span> <span class='ocrx_word' id='word_1_204' title='bbox 1027 1849 1176 1886; x_wconf 89' lang='lat' dir='ltr'>animae</span> <span class='ocrx_word' id='word_1_205' title='bbox 1198 1850 1346 1887; x_wconf 90' lang='lat' dir='ltr'>Christi.</span> 
     </span>
    </p>

    <p class='ocr_par' dir='ltr' id='par_1_8' title="bbox 288 1898 1348 2413">
     <span class='ocr_line' id='line_1_33' title="bbox 342 1898 1347 1950; baseline 0 -12"><span class='ocrx_word' id='word_1_206' title='bbox 342 1898 567 1939; x_wconf 63' lang='lat' dir='ltr'>Responm-io</span> <span class='ocrx_word' id='word_1_207' title='bbox 595 1913 776 1938; x_wconf 78' lang='lat' dir='ltr'><strong>DICENDUM</strong></span> <span class='ocrx_word' id='word_1_208' title='bbox 814 1902 921 1950; x_wconf 90' lang='lat' dir='ltr'>quod</span> <span class='ocrx_word' id='word_1_209' title='bbox 949 1901 1011 1938; x_wconf 90' lang='lat' dir='ltr'>hic</span> <span class='ocrx_word' id='word_1_210' title='bbox 1043 1902 1183 1950; x_wconf 86' lang='lat' dir='ltr'>duplici</span> <span class='ocrx_word' id='word_1_211' title='bbox 1220 1902 1347 1939; x_wconf 89' lang='lat' dir='ltr'>distin-</span> 
     </span>
     <span class='ocr_line' id='line_1_34' title="bbox 290 1953 1348 2004; baseline 0.001 -13"><span class='ocrx_word' id='word_1_212' title='bbox 290 1953 415 1991; x_wconf 91' lang='lat' dir='ltr'>ctione</span> <span class='ocrx_word' id='word_1_213' title='bbox 453 1961 508 1991; x_wconf 90' lang='lat' dir='ltr'>est</span> <span class='ocrx_word' id='word_1_214' title='bbox 543 1966 652 2003; x_wconf 89' lang='lat' dir='ltr'>opus.</span> <span class='ocrx_word' id='word_1_215' title='bbox 692 1954 871 2000; x_wconf 89' lang='lat' dir='ltr'>Quarum</span> <span class='ocrx_word' id='word_1_216' title='bbox 907 1954 1032 2003; x_wconf 89' lang='lat' dir='ltr'>prima</span> <span class='ocrx_word' id='word_1_217' title='bbox 1068 1962 1123 1991; x_wconf 91' lang='lat' dir='ltr'>est</span> <span class='ocrx_word' id='word_1_218' title='bbox 1160 1967 1206 1991; x_wconf 88' lang='lat' dir='ltr'>ex</span> <span class='ocrx_word' id='word_1_219' title='bbox 1242 1963 1348 2004; x_wconf 89' lang='lat' dir='ltr'>parte</span> 
     </span>
     <span class='ocr_line' id='line_1_35' title="bbox 289 2006 1346 2056; baseline 0.001 -12"><span class='ocrx_word' id='word_1_220' title='bbox 289 2006 614 2044; x_wconf 87' lang='lat' dir='ltr'>transmutationis</span> <span class='ocrx_word' id='word_1_221' title='bbox 650 2014 929 2044; x_wconf 87' lang='lat' dir='ltr'>creaturarum:</span> <span class='ocrx_word' id='word_1_222' title='bbox 973 2019 1072 2056; x_wconf 87' lang='lat' dir='ltr'>quae</span> <span class='ocrx_word' id='word_1_223' title='bbox 1110 2007 1244 2056; x_wconf 86' lang='lat' dir='ltr'>triplex</span> <span class='ocrx_word' id='word_1_224' title='bbox 1281 2016 1346 2045; x_wconf 90' lang='lat' dir='ltr'>est.</span> 
     </span>
     <span class='ocr_line' id='line_1_36' title="bbox 288 2059 1348 2109; baseline 0.001 -12"><span class='ocrx_word' id='word_1_225' title='bbox 288 2060 375 2098; x_wconf 87' lang='lat' dir='ltr'>Una</span> <span class='ocrx_word' id='word_1_226' title='bbox 411 2059 569 2109; x_wconf 89' lang='lat' dir='ltr'>quidem</span> <span class='ocrx_word' id='word_1_227' title='bbox 607 2067 662 2096; x_wconf 88' lang='lat' dir='ltr'>est</span> <span class='ocrx_word' id='word_1_228' title='bbox 698 2059 897 2096; x_wconf 89' lang='lat' dir='ltr'>naturalis:</span> <span class='ocrx_word' id='word_1_229' title='bbox 937 2072 1036 2108; x_wconf 91' lang='lat' dir='ltr'>quae</span> <span class='ocrx_word' id='word_1_230' title='bbox 1074 2060 1211 2096; x_wconf 90' lang='lat' dir='ltr'>scilicet</span> <span class='ocrx_word' id='word_1_231' title='bbox 1246 2060 1290 2097; x_wconf 92' lang='lat' dir='ltr'>fit</span> <span class='ocrx_word' id='word_1_232' title='bbox 1326 2074 1348 2098; x_wconf 88' lang='lat' dir='ltr'>a</span> 
     </span>
     <span class='ocr_line' id='line_1_37' title="bbox 289 2112 1348 2163; baseline 0.001 -14"><span class='ocrx_word' id='word_1_233' title='bbox 289 2112 446 2163; x_wconf 90' lang='lat' dir='ltr'>proprio</span> <span class='ocrx_word' id='word_1_234' title='bbox 466 2120 598 2160; x_wconf 87' lang='lat' dir='ltr'>agente</span> <span class='ocrx_word' id='word_1_235' title='bbox 624 2113 839 2149; x_wconf 89' lang='lat' dir='ltr'>secundum</span> <span class='ocrx_word' id='word_1_236' title='bbox 863 2112 1040 2149; x_wconf 91' lang='lat' dir='ltr'>ordinem</span> <span class='ocrx_word' id='word_1_237' title='bbox 1066 2120 1234 2149; x_wconf 90' lang='lat' dir='ltr'>naturae.</span> <span class='ocrx_word' id='word_1_238' title='bbox 1263 2113 1348 2150; x_wconf 92' lang='lat' dir='ltr'>Alia</span> 
     </span>
     <span class='ocr_line' id='line_1_38' title="bbox 289 2165 1347 2214; baseline 0 -12"><span class='ocrx_word' id='word_1_239' title='bbox 289 2177 383 2202; x_wconf 91' lang='lat' dir='ltr'>vero</span> <span class='ocrx_word' id='word_1_240' title='bbox 411 2173 467 2202; x_wconf 91' lang='lat' dir='ltr'>est</span> <span class='ocrx_word' id='word_1_241' title='bbox 485 2165 725 2212; x_wconf 87' lang='lat' dir='ltr'>miraculosa,</span> <span class='ocrx_word' id='word_1_242' title='bbox 746 2178 845 2214; x_wconf 89' lang='lat' dir='ltr'>quae</span> <span class='ocrx_word' id='word_1_243' title='bbox 873 2165 917 2201; x_wconf 91' lang='lat' dir='ltr'>fit</span> <span class='ocrx_word' id='word_1_244' title='bbox 936 2165 984 2201; x_wconf 89' lang='lat' dir='ltr'>ab</span> <span class='ocrx_word' id='word_1_245' title='bbox 1004 2173 1136 2213; x_wconf 85' lang='lat' dir='ltr'>agente</span> <span class='ocrx_word' id='word_1_246' title='bbox 1165 2178 1347 2214; x_wconf 90' lang='lat' dir='ltr'>superna-</span> 
     </span>
     <span class='ocr_line' id='line_1_39' title="bbox 289 2217 1347 2267; baseline 0 -13"><span class='ocrx_word' id='word_1_247' title='bbox 289 2217 411 2264; x_wconf 89' lang='lat' dir='ltr'>turali,</span> <span class='ocrx_word' id='word_1_248' title='bbox 441 2229 558 2267; x_wconf 88' lang='lat' dir='ltr'>supra</span> <span class='ocrx_word' id='word_1_249' title='bbox 585 2225 815 2254; x_wconf 91' lang='lat' dir='ltr'>consuetum</span> <span class='ocrx_word' id='word_1_250' title='bbox 843 2217 1019 2254; x_wconf 89' lang='lat' dir='ltr'>ordinem</span> <span class='ocrx_word' id='word_1_251' title='bbox 1043 2225 1079 2254; x_wconf 92' lang='lat' dir='ltr'>et</span> <span class='ocrx_word' id='word_1_252' title='bbox 1097 2230 1254 2254; x_wconf 90' lang='lat' dir='ltr'>cursum</span> <span class='ocrx_word' id='word_1_253' title='bbox 1282 2230 1347 2255; x_wconf 90' lang='lat' dir='ltr'>na-</span> 
     </span>
     <span class='ocr_line' id='line_1_40' title="bbox 289 2270 1346 2320; baseline 0.001 -13"><span class='ocrx_word' id='word_1_254' title='bbox 289 2278 416 2320; x_wconf 73' lang='lat' dir='ltr'>turae;</span> <span class='ocrx_word' id='word_1_255' title='bbox 447 2270 542 2307; x_wconf 91' lang='lat' dir='ltr'>sicut</span> <span class='ocrx_word' id='word_1_256' title='bbox 570 2270 803 2307; x_wconf 88' lang='lat' dir='ltr'>resuscitatio</span> <span class='ocrx_word' id='word_1_257' title='bbox 831 2278 1087 2307; x_wconf 87' lang='lat' dir='ltr'>mortuorum.</span> <span class='ocrx_word' id='word_1_258' title='bbox 1124 2270 1253 2308; x_wconf 87' lang='lat' dir='ltr'>Tertia</span> <span class='ocrx_word' id='word_1_259' title='bbox 1281 2283 1346 2308; x_wconf 87' lang='lat' dir='ltr'>au-</span> 
     </span>
     <span class='ocr_line' id='line_1_41' title="bbox 289 2322 1347 2372; baseline -0.001 -12"><span class='ocrx_word' id='word_1_260' title='bbox 289 2331 368 2360; x_wconf 90' lang='lat' dir='ltr'>tem</span> <span class='ocrx_word' id='word_1_261' title='bbox 405 2330 460 2360; x_wconf 91' lang='lat' dir='ltr'>est</span> <span class='ocrx_word' id='word_1_262' title='bbox 487 2323 703 2360; x_wconf 89' lang='lat' dir='ltr'>secundum</span> <span class='ocrx_word' id='word_1_263' title='bbox 740 2323 847 2372; x_wconf 91' lang='lat' dir='ltr'>quod</span> <span class='ocrx_word' id='word_1_264' title='bbox 876 2322 1002 2360; x_wconf 91' lang='lat' dir='ltr'>omnis</span> <span class='ocrx_word' id='word_1_265' title='bbox 1039 2330 1210 2360; x_wconf 87' lang='lat' dir='ltr'>creatura</span> <span class='ocrx_word' id='word_1_266' title='bbox 1237 2323 1347 2360; x_wconf 87' lang='lat' dir='ltr'>verti-</span> 
     </span>
     <span class='ocr_line' id='line_1_42' title="bbox 289 2375 654 2413; baseline -0.003 0"><span class='ocrx_word' id='word_1_267' title='bbox 289 2375 374 2413; x_wconf 90' lang='lat' dir='ltr'>bilis</span> <span class='ocrx_word' id='word_1_268' title='bbox 402 2383 457 2412; x_wconf 89' lang='lat' dir='ltr'>est</span> <span class='ocrx_word' id='word_1_269' title='bbox 483 2375 523 2412; x_wconf 93' lang='lat' dir='ltr'>in</span> <span class='ocrx_word' id='word_1_270' title='bbox 550 2375 654 2412; x_wconf 91' lang='lat' dir='ltr'>nihil.</span> 
     </span>
    </p>

    <p class='ocr_par' dir='ltr' id='par_1_9' title="bbox 289 2427 1347 2741">
     <span class='ocr_line' id='line_1_43' title="bbox 343 2427 1347 2476; baseline 0.001 -11"><span class='ocrx_word' id='word_1_271' title='bbox 343 2428 522 2466; x_wconf 88' lang='lat' dir='ltr'>Secunda</span> <span class='ocrx_word' id='word_1_272' title='bbox 559 2436 688 2465; x_wconf 88' lang='lat' dir='ltr'>autem</span> <span class='ocrx_word' id='word_1_273' title='bbox 726 2428 913 2465; x_wconf 89' lang='lat' dir='ltr'>distinctio</span> <span class='ocrx_word' id='word_1_274' title='bbox 956 2435 1010 2465; x_wconf 92' lang='lat' dir='ltr'>est</span> <span class='ocrx_word' id='word_1_275' title='bbox 1044 2427 1264 2476; x_wconf 89' lang='lat' dir='ltr'>accipienda</span> <span class='ocrx_word' id='word_1_276' title='bbox 1301 2441 1347 2466; x_wconf 87' lang='lat' dir='ltr'>ex</span> 
     </span>
     <span class='ocr_line' id='line_1_44' title="bbox 289 2480 1347 2530; baseline 0.001 -12"><span class='ocrx_word' id='word_1_277' title='bbox 289 2489 395 2530; x_wconf 90' lang='lat' dir='ltr'>parte</span> <span class='ocrx_word' id='word_1_278' title='bbox 415 2481 565 2518; x_wconf 89' lang='lat' dir='ltr'>animae</span> <span class='ocrx_word' id='word_1_279' title='bbox 586 2481 744 2518; x_wconf 85' lang='lat' dir='ltr'>Christi:</span> <span class='ocrx_word' id='word_1_280' title='bbox 774 2493 874 2530; x_wconf 90' lang='lat' dir='ltr'>quae</span> <span class='ocrx_word' id='word_1_281' title='bbox 893 2480 1093 2530; x_wconf 89' lang='lat' dir='ltr'>dupliciter</span> <span class='ocrx_word' id='word_1_282' title='bbox 1116 2481 1347 2519; x_wconf 90' lang='lat' dir='ltr'>considerari</span> 
     </span>
     <span class='ocr_line' id='line_1_45' title="bbox 289 2533 1347 2583; baseline 0.001 -13"><span class='ocrx_word' id='word_1_283' title='bbox 289 2541 423 2583; x_wconf 91' lang='lat' dir='ltr'>potest.</span> <span class='ocrx_word' id='word_1_284' title='bbox 452 2535 540 2571; x_wconf 89' lang='lat' dir='ltr'>Uno</span> <span class='ocrx_word' id='word_1_285' title='bbox 557 2534 691 2580; x_wconf 87' lang='lat' dir='ltr'>modo,</span> <span class='ocrx_word' id='word_1_286' title='bbox 712 2534 927 2571; x_wconf 89' lang='lat' dir='ltr'>secundum</span> <span class='ocrx_word' id='word_1_287' title='bbox 945 2533 1141 2583; x_wconf 88' lang='lat' dir='ltr'>propriam</span> <span class='ocrx_word' id='word_1_288' title='bbox 1170 2542 1347 2571; x_wconf 90' lang='lat' dir='ltr'>naturam</span> 
     </span>
     <span class='ocr_line' id='line_1_46' title="bbox 290 2585 1347 2634; baseline 0.001 -11"><span class='ocrx_word' id='word_1_289' title='bbox 290 2594 327 2623; x_wconf 91' lang='lat' dir='ltr'>et</span> <span class='ocrx_word' id='word_1_290' title='bbox 344 2586 536 2633; x_wconf 89' lang='lat' dir='ltr'>virtutem,</span> <span class='ocrx_word' id='word_1_291' title='bbox 557 2586 636 2623; x_wconf 88' lang='lat' dir='ltr'>sive</span> <span class='ocrx_word' id='word_1_292' title='bbox 655 2588 867 2624; x_wconf 91' lang='lat' dir='ltr'>naturalem</span> <span class='ocrx_word' id='word_1_293' title='bbox 896 2587 974 2623; x_wconf 91' lang='lat' dir='ltr'>sive</span> <span class='ocrx_word' id='word_1_294' title='bbox 993 2585 1193 2634; x_wconf 87' lang='lat' dir='ltr'>gratuitam</span> <span class='ocrx_word' id='word_1_295' title='bbox 1208 2592 1234 2623; x_wconf 74' lang='grc' dir='ltr'>Ὺ.</span> <span class='ocrx_word' id='word_1_296' title='bbox 1262 2587 1347 2624; x_wconf 91' lang='lat' dir='ltr'>Alio</span> 
     </span>
     <span class='ocr_line' id='line_1_47' title="bbox 290 2638 1347 2688; baseline 0 -12"><span class='ocrx_word' id='word_1_297' title='bbox 290 2639 429 2685; x_wconf 91' lang='lat' dir='ltr'>modo,</span> <span class='ocrx_word' id='word_1_298' title='bbox 458 2646 573 2688; x_wconf 91' lang='lat' dir='ltr'>prout</span> <span class='ocrx_word' id='word_1_299' title='bbox 606 2647 662 2676; x_wconf 91' lang='lat' dir='ltr'>est</span> <span class='ocrx_word' id='word_1_300' title='bbox 695 2639 991 2677; x_wconf 89' lang='lat' dir='ltr'>instrumentum</span> <span class='ocrx_word' id='word_1_301' title='bbox 1019 2638 1135 2675; x_wconf 92' lang='lat' dir='ltr'>Verbi</span> <span class='ocrx_word' id='word_1_302' title='bbox 1170 2639 1242 2676; x_wconf 90' lang='lat' dir='ltr'>Dei</span> <span class='ocrx_word' id='word_1_303' title='bbox 1277 2640 1347 2677; x_wconf 91' lang='lat' dir='ltr'>sibi</span> 
     </span>
     <span class='ocr_line' id='line_1_48' title="bbox 289 2691 671 2741; baseline 0 -13"><span class='ocrx_word' id='word_1_304' title='bbox 289 2691 537 2741; x_wconf 87' lang='lat' dir='ltr'>personaliter</span> <span class='ocrx_word' id='word_1_305' title='bbox 563 2691 671 2728; x_wconf 92' lang='lat' dir='ltr'>uniti.</span> 
     </span>
    </p>

    <p class='ocr_par' dir='ltr' id='par_1_10' title="bbox 257 2744 1348 3214">
     <span class='ocr_line' id='line_1_49' title="bbox 344 2744 1347 2792; baseline 0.001 -11"><span class='ocrx_word' id='word_1_306' title='bbox 344 2744 384 2782; x_wconf 91' lang='lat' dir='ltr'>Si</span> <span class='ocrx_word' id='word_1_307' title='bbox 412 2755 502 2792; x_wconf 91' lang='lat' dir='ltr'>ergo</span> <span class='ocrx_word' id='word_1_308' title='bbox 521 2745 729 2792; x_wconf 90' lang='lat' dir='ltr'>loquamur</span> <span class='ocrx_word' id='word_1_309' title='bbox 756 2745 804 2781; x_wconf 92' lang='lat' dir='ltr'>de</span> <span class='ocrx_word' id='word_1_310' title='bbox 825 2744 954 2782; x_wconf 87' lang='lat' dir='ltr'>anima</span> <span class='ocrx_word' id='word_1_311' title='bbox 974 2745 1112 2782; x_wconf 88' lang='lat' dir='ltr'>Christi</span> <span class='ocrx_word' id='word_1_312' title='bbox 1132 2745 1347 2782; x_wconf 88' lang='lat' dir='ltr'>secundum</span> 
     </span>
     <span class='ocr_line' id='line_1_50' title="bbox 289 2796 1347 2846; baseline 0.001 -13"><span class='ocrx_word' id='word_1_313' title='bbox 289 2797 486 2846; x_wconf 90' lang='lat' dir='ltr'>propriam</span> <span class='ocrx_word' id='word_1_314' title='bbox 524 2804 701 2833; x_wconf 89' lang='lat' dir='ltr'>naturam</span> <span class='ocrx_word' id='word_1_315' title='bbox 729 2805 766 2833; x_wconf 91' lang='lat' dir='ltr'>et</span> <span class='ocrx_word' id='word_1_316' title='bbox 792 2796 990 2844; x_wconf 87' lang='lat' dir='ltr'>virtutem,</span> <span class='ocrx_word' id='word_1_317' title='bbox 1020 2797 1100 2835; x_wconf 91' lang='lat' dir='ltr'>sive</span> <span class='ocrx_word' id='word_1_318' title='bbox 1134 2799 1347 2834; x_wconf 90' lang='lat' dir='ltr'>naturalem</span> 
     </span>
     <span class='ocr_line' id='line_1_51' title="bbox 289 2849 1347 2898; baseline 0.001 -12"><span class='ocrx_word' id='word_1_319' title='bbox 289 2849 370 2886; x_wconf 89' lang='lat' dir='ltr'>sive</span> <span class='ocrx_word' id='word_1_320' title='bbox 389 2849 600 2898; x_wconf 79' lang='lat' dir='ltr'>gratuitam,</span> <span class='ocrx_word' id='word_1_321' title='bbox 621 2849 831 2898; x_wconf 91' lang='lat' dir='ltr'>potentiam</span> <span class='ocrx_word' id='word_1_322' title='bbox 859 2850 993 2886; x_wconf 90' lang='lat' dir='ltr'>habuit</span> <span class='ocrx_word' id='word_1_323' title='bbox 1011 2851 1059 2887; x_wconf 86' lang='lat' dir='ltr'>ad</span> <span class='ocrx_word' id='word_1_324' title='bbox 1087 2851 1170 2888; x_wconf 88' lang='lat' dir='ltr'>illos</span> <span class='ocrx_word' id='word_1_325' title='bbox 1190 2851 1347 2887; x_wconf 85' lang='lat' dir='ltr'>effectus</span> 
     </span>
     <span class='ocr_line' id='line_1_52' title="bbox 289 2901 1347 2953; baseline 0.002 -15"><span class='ocrx_word' id='word_1_326' title='bbox 289 2901 482 2939; x_wconf 89' lang='lat' dir='ltr'>faciendos</span> <span class='ocrx_word' id='word_1_327' title='bbox 502 2901 568 2950; x_wconf 92' lang='lat' dir='ltr'>qui</span> <span class='ocrx_word' id='word_1_328' title='bbox 587 2909 675 2938; x_wconf 88' lang='lat' dir='ltr'>sunt</span> <span class='ocrx_word' id='word_1_329' title='bbox 693 2901 844 2938; x_wconf 88' lang='lat' dir='ltr'>animae</span> <span class='ocrx_word' id='word_1_330' title='bbox 868 2903 1157 2940; x_wconf 89' lang='lat' dir='ltr'>convenientes:</span> <span class='ocrx_word' id='word_1_331' title='bbox 1187 2910 1280 2953; x_wconf 90' lang='lat' dir='ltr'>puta</span> <span class='ocrx_word' id='word_1_332' title='bbox 1299 2903 1347 2940; x_wconf 88' lang='lat' dir='ltr'>ad</span> 
     </span>
     <span class='ocr_line' id='line_1_53' title="bbox 289 2954 1348 3004; baseline -0.001 -12"><span class='ocrx_word' id='word_1_333' title='bbox 289 2954 584 3003; x_wconf 83' lang='lat' dir='ltr'>gubernandum</span> <span class='ocrx_word' id='word_1_334' title='bbox 613 2966 764 3003; x_wconf 90' lang='lat' dir='ltr'>eorpus,</span> <span class='ocrx_word' id='word_1_335' title='bbox 785 2961 821 2990; x_wconf 89' lang='lat' dir='ltr'>et</span> <span class='ocrx_word' id='word_1_336' title='bbox 855 2955 905 2991; x_wconf 91' lang='lat' dir='ltr'>ad</span> <span class='ocrx_word' id='word_1_337' title='bbox 933 2954 1218 3004; x_wconf 89' lang='lat' dir='ltr'>disponendum</span> <span class='ocrx_word' id='word_1_338' title='bbox 1242 2963 1348 2992; x_wconf 90' lang='lat' dir='ltr'>actus</span> 
     </span>
     <span class='ocr_line' id='line_1_54' title="bbox 289 3006 1348 3057; baseline 0 -13"><span class='ocrx_word' id='word_1_339' title='bbox 289 3008 501 3053; x_wconf 87' lang='lat' dir='ltr'>humanos;</span> <span class='ocrx_word' id='word_1_340' title='bbox 531 3014 567 3044; x_wconf 90' lang='lat' dir='ltr'>et</span> <span class='ocrx_word' id='word_1_341' title='bbox 593 3006 707 3044; x_wconf 84' lang='lat' dir='ltr'>etiam</span> <span class='ocrx_word' id='word_1_342' title='bbox 726 3007 775 3044; x_wconf 91' lang='lat' dir='ltr'>ad</span> <span class='ocrx_word' id='word_1_343' title='bbox 796 3006 1102 3054; x_wconf 89' lang='lat' dir='ltr'>illuminandum,</span> <span class='ocrx_word' id='word_1_344' title='bbox 1122 3020 1192 3057; x_wconf 91' lang='lat' dir='ltr'>per</span> <span class='ocrx_word' id='word_1_345' title='bbox 1209 3008 1348 3056; x_wconf 87' lang='lat' dir='ltr'>gratiae</span> 
     </span>
     <span class='ocr_line' id='line_1_55' title="bbox 289 3059 1348 3108; baseline 0.001 -12"><span class='ocrx_word' id='word_1_346' title='bbox 289 3067 327 3096; x_wconf 89' lang='lat' dir='ltr'>et</span> <span class='ocrx_word' id='word_1_347' title='bbox 352 3059 527 3096; x_wconf 90' lang='lat' dir='ltr'>scientiae</span> <span class='ocrx_word' id='word_1_348' title='bbox 550 3059 838 3108; x_wconf 81' lang='lat' dir='ltr'>plenitudinem,</span> <span class='ocrx_word' id='word_1_349' title='bbox 859 3071 994 3096; x_wconf 92' lang='lat' dir='ltr'>omnes</span> <span class='ocrx_word' id='word_1_350' title='bbox 1020 3068 1210 3097; x_wconf 87' lang='lat' dir='ltr'>creaturas</span> <span class='ocrx_word' id='word_1_351' title='bbox 1237 3060 1348 3097; x_wconf 87' lang='lat' dir='ltr'>ratio-</span> 
     </span>
     <span class='ocr_line' id='line_1_56' title="bbox 257 3111 1348 3161; baseline -0.001 -11"><span class='ocrx_word' id='word_1_352' title='bbox 257 3132 263 3139; x_wconf 92' lang='lat'><strong>·</strong></span> <span class='ocrx_word' id='word_1_353' title='bbox 289 3113 395 3150; x_wconf 87' lang='lat' dir='ltr'>nales</span> <span class='ocrx_word' id='word_1_354' title='bbox 408 3112 429 3134; x_wconf 83' lang='grc'>*</span> <span class='ocrx_word' id='word_1_355' title='bbox 447 3112 496 3149; x_wconf 91' lang='lat' dir='ltr'>ab</span> <span class='ocrx_word' id='word_1_356' title='bbox 511 3111 592 3149; x_wconf 90' lang='lat' dir='ltr'>eius</span> <span class='ocrx_word' id='word_1_357' title='bbox 611 3111 840 3161; x_wconf 86' lang='lat' dir='ltr'>perfectione</span> <span class='ocrx_word' id='word_1_358' title='bbox 856 3111 1085 3160; x_wconf 88' lang='lat' dir='ltr'>deficientes,</span> <span class='ocrx_word' id='word_1_359' title='bbox 1100 3124 1170 3161; x_wconf 90' lang='lat' dir='ltr'>per</span> <span class='ocrx_word' id='word_1_360' title='bbox 1183 3113 1348 3149; x_wconf 90' lang='lat' dir='ltr'>modum</span> 
     </span>
     <span class='ocr_line' id='line_1_57' title="bbox 290 3163 1264 3214; baseline 0 -12"><span class='ocrx_word' id='word_1_361' title='bbox 290 3176 370 3214; x_wconf 93' lang='lat' dir='ltr'>quo</span> <span class='ocrx_word' id='word_1_362' title='bbox 405 3165 482 3202; x_wconf 90' lang='lat' dir='ltr'>hoc</span> <span class='ocrx_word' id='word_1_363' title='bbox 509 3172 564 3201; x_wconf 91' lang='lat' dir='ltr'>est</span> <span class='ocrx_word' id='word_1_364' title='bbox 591 3163 823 3201; x_wconf 89' lang='lat' dir='ltr'>conveniens</span> <span class='ocrx_word' id='word_1_365' title='bbox 860 3171 1052 3200; x_wconf 89' lang='lat' dir='ltr'>creaturae</span> <span class='ocrx_word' id='word_1_366' title='bbox 1081 3164 1264 3202; x_wconf 79' lang='lat' dir='ltr'>rationaii.</span> 
     </span>
    </p>
   </div>
   <div class='ocr_carea' id='block_1_5' title="bbox 1374 380 1378 1273">
    <p class='ocr_par' dir='ltr' id='par_1_11' title="bbox 1374 380 1378 1273">
     <span class='ocr_line' id='line_1_58' title="bbox 1374 380 1378 1273; baseline 0 0"><span class='ocrx_word' id='word_1_367' title='bbox 1374 380 1378 1273; x_wconf 95' lang='lat' dir='ltr'> </span> 
     </span>
    </p>
   </div>
   <div class='ocr_carea' id='block_1_6' title="bbox 291 3329 1346 3572">
    <p class='ocr_par' dir='ltr' id='par_1_12' title="bbox 342 3329 1198 3434">
     <span class='ocr_line' id='line_1_59' title="bbox 342 3329 1198 3364; baseline -0.002 -8"><span class='ocrx_word' id='word_1_368' title='bbox 342 3329 371 3364; x_wconf 86' lang='grc' dir='ltr'>α)</span> <span class='ocrx_word' id='word_1_369' title='bbox 389 3331 535 3364; x_wconf 67' lang='lat' dir='ltr'>grossiora.</span> <span class='ocrx_word' id='word_1_370' title='bbox 553 3344 573 3350; x_wconf 87' lang='lat'>—·</span> <span class='ocrx_word' id='word_1_371' title='bbox 589 3331 728 3364; x_wconf 66' lang='lat' dir='ltr'>grauiora</span> <span class='ocrx_word' id='word_1_372' title='bbox 746 3330 799 3359; x_wconf 82' lang='lat' dir='ltr'>FG,</span> <span class='ocrx_word' id='word_1_373' title='bbox 818 3330 947 3363; x_wconf 79' lang='lat' dir='ltr'>grauiora</span> <span class='ocrx_word' id='word_1_374' title='bbox 965 3330 998 3360; x_wconf 85' lang='lat' dir='ltr'>H,</span> <span class='ocrx_word' id='word_1_375' title='bbox 1016 3330 1151 3355; x_wconf 81' lang='lat' dir='ltr'>crassiora</span> <span class='ocrx_word' id='word_1_376' title='bbox 1170 3329 1198 3355; x_wconf 86' lang='grc' dir='ltr'>Ρ,</span> 
     </span>
     <span class='ocr_line' id='line_1_60' title="bbox 344 3365 913 3399; baseline -0.004 -7"><span class='ocrx_word' id='word_1_377' title='bbox 344 3365 359 3399; x_wconf 85' lang='grc' dir='ltr'><strong>β</strong></span> <span class='ocrx_word' id='word_1_378' title='bbox 389 3366 588 3393; x_wconf 73' lang='lat' dir='ltr'>immutationis.</span> <span class='ocrx_word' id='word_1_379' title='bbox 606 3380 626 3385; x_wconf 88' lang='lat'>—-</span> <span class='ocrx_word' id='word_1_380' title='bbox 644 3366 798 3391; x_wconf 68' lang='lat' dir='ltr'>mutationis</span> <span class='ocrx_word' id='word_1_381' title='bbox 816 3365 913 3390; x_wconf 85' lang='lat' dir='ltr'>ABCE.</span> 
     </span>
     <span class='ocr_line' id='line_1_61' title="bbox 389 3399 1078 3434; baseline -0.006 -6"><span class='ocrx_word' id='word_1_382' title='bbox 389 3402 444 3428; x_wconf 77' lang='lat' dir='ltr'>sive</span> <span class='ocrx_word' id='word_1_383' title='bbox 463 3402 613 3428; x_wconf 73' lang='lat' dir='ltr'>naturalem</span> <span class='ocrx_word' id='word_1_384' title='bbox 632 3401 687 3426; x_wconf 78' lang='lat' dir='ltr'>sive</span> <span class='ocrx_word' id='word_1_385' title='bbox 704 3401 863 3434; x_wconf 78' lang='lat' dir='ltr'>gratuitam.</span> <span class='ocrx_word' id='word_1_386' title='bbox 880 3414 900 3419; x_wconf 85' lang='lat'><em>-</em></span> <span class='ocrx_word' id='word_1_387' title='bbox 918 3400 980 3426; x_wconf 91' lang='lat' dir='ltr'>Om.</span> <span class='ocrx_word' id='word_1_388' title='bbox 997 3399 1078 3425; x_wconf 79' lang='lat' dir='ltr'>tertia.</span> 
     </span>
    </p>

    <p class='ocr_par' dir='ltr' id='par_1_13' title="bbox 291 3409 1346 3572">
     <span class='ocr_line' id='line_1_62' title="bbox 343 3409 1346 3467; baseline -0.002 -7"><span class='ocrx_word' id='word_1_389' title='bbox 343 3409 360 3460; x_wconf 42' lang='grc' dir='ltr'>,δῖ</span> <span class='ocrx_word' id='word_1_390' title='bbox 388 3436 482 3462; x_wconf 77' lang='lat' dir='ltr'>idest...</span> <span class='ocrx_word' id='word_1_391' title='bbox 499 3437 573 3463; x_wconf 82' lang='lat' dir='ltr'>data.</span> <span class='ocrx_word' id='word_1_392' title='bbox 590 3431 610 3456; x_wconf 50' lang='grc' dir='ltr'>ἶ-</span> <span class='ocrx_word' id='word_1_393' title='bbox 627 3436 773 3466; x_wconf 77' lang='lat' dir='ltr'>Editiones;</span> <span class='ocrx_word' id='word_1_394' title='bbox 792 3435 860 3460; x_wconf 81' lang='lat' dir='ltr'>idest</span> <span class='ocrx_word' id='word_1_395' title='bbox 880 3434 1000 3460; x_wconf 77' lang='lat' dir='ltr'>Christus</span> <span class='ocrx_word' id='word_1_396' title='bbox 1018 3434 1161 3460; x_wconf 84' lang='lat' dir='ltr'>secundum</span> <span class='ocrx_word' id='word_1_397' title='bbox 1179 3434 1251 3467; x_wconf 79' lang='lat' dir='ltr'>quod</span> <span class='ocrx_word' id='word_1_398' title='bbox 1269 3434 1346 3459; x_wconf 88' lang='lat' dir='ltr'>homo</span> 
     </span>
     <span class='ocr_line' id='line_1_63' title="bbox 292 3469 1345 3505; baseline -0.004 -8"><span class='ocrx_word' id='word_1_399' title='bbox 292 3470 391 3496; x_wconf 77' lang='lat' dir='ltr'>dicitur</span> <span class='ocrx_word' id='word_1_400' title='bbox 409 3470 485 3505; x_wconf 76' lang='lat' dir='ltr'>(ergo</span> <span class='ocrx_word' id='word_1_401' title='bbox 504 3472 574 3497; x_wconf 73' lang='lat' dir='ltr'>addit</span> <span class='ocrx_word' id='word_1_402' title='bbox 591 3470 624 3505; x_wconf 78' lang='lat' dir='ltr'>E)</span> <span class='ocrx_word' id='word_1_403' title='bbox 642 3471 693 3496; x_wconf 75' lang='lat' dir='ltr'>sibi</span> <span class='ocrx_word' id='word_1_404' title='bbox 711 3471 777 3496; x_wconf 84' lang='lat' dir='ltr'>data</span> <span class='ocrx_word' id='word_1_405' title='bbox 796 3473 914 3502; x_wconf 78' lang='lat' dir='ltr'>potestas</span> <span class='ocrx_word' id='word_1_406' title='bbox 936 3470 1018 3502; x_wconf 74' lang='lat' dir='ltr'>prima</span> <span class='ocrx_word' id='word_1_407' title='bbox 1036 3474 1061 3494; x_wconf 90' lang='lat' dir='ltr'>et</span> <span class='ocrx_word' id='word_1_408' title='bbox 1079 3469 1114 3499; x_wconf 72' lang='lat'>133</span> <span class='ocrx_word' id='word_1_409' title='bbox 1134 3470 1157 3494; x_wconf 93' lang='lat' dir='ltr'>G</span> <span class='ocrx_word' id='word_1_410' title='bbox 1175 3474 1204 3494; x_wconf 87' lang='lat' dir='ltr'>ut</span> <span class='ocrx_word' id='word_1_411' title='bbox 1221 3469 1345 3494; x_wconf 82' lang='lat' dir='ltr'>editiones</span> 
     </span>
     <span class='ocr_line' id='line_1_64' title="bbox 291 3505 1344 3538; baseline -0.002 -8"><span class='ocrx_word' id='word_1_412' title='bbox 291 3505 391 3531; x_wconf 69' lang='lat' dir='ltr'>omisso</span> <span class='ocrx_word' id='word_1_413' title='bbox 405 3509 540 3538; x_wconf 69' lang='lat' dir='ltr'>pomtas:</span> <span class='ocrx_word' id='word_1_414' title='bbox 551 3507 587 3531; x_wconf 83' lang='lat' dir='ltr'>HI</span> <span class='ocrx_word' id='word_1_415' title='bbox 598 3512 628 3531; x_wconf 86' lang='lat' dir='ltr'>ut</span> <span class='ocrx_word' id='word_1_416' title='bbox 640 3506 764 3531; x_wconf 78' lang='lat' dir='ltr'>editiones</span> <span class='ocrx_word' id='word_1_417' title='bbox 779 3506 825 3530; x_wconf 86' lang='lat' dir='ltr'>sed</span> <span class='ocrx_word' id='word_1_418' title='bbox 841 3505 961 3530; x_wconf 77' lang='lat' dir='ltr'>Christus</span> <span class='ocrx_word' id='word_1_419' title='bbox 966 3512 976 3534; x_wconf 89' lang='lat'>,·</span> <span class='ocrx_word' id='word_1_420' title='bbox 987 3505 1021 3529; x_wconf 78' lang='lat' dir='ltr'>F:</span> <span class='ocrx_word' id='word_1_421' title='bbox 1040 3505 1066 3529; x_wconf 80' lang='lat' dir='ltr'>in</span> <span class='ocrx_word' id='word_1_422' title='bbox 1083 3505 1188 3530; x_wconf 83' lang='lat' dir='ltr'>Christo</span> <span class='ocrx_word' id='word_1_423' title='bbox 1201 3505 1344 3530; x_wconf 80' lang='lat' dir='ltr'>secundum</span> 
     </span>
     <span class='ocr_line' id='line_1_65' title="bbox 291 3541 1064 3572; baseline -0.003 -5"><span class='ocrx_word' id='word_1_424' title='bbox 291 3541 363 3572; x_wconf 72' lang='lat' dir='ltr'>quod</span> <span class='ocrx_word' id='word_1_425' title='bbox 382 3541 475 3571; x_wconf 57' lang='lat' dir='ltr'>nomm·</span> <span class='ocrx_word' id='word_1_426' title='bbox 493 3542 592 3567; x_wconf 79' lang='lat' dir='ltr'>dieitur</span> <span class='ocrx_word' id='word_1_427' title='bbox 609 3545 698 3567; x_wconf 85' lang='lat' dir='ltr'>autem</span> <span class='ocrx_word' id='word_1_428' title='bbox 716 3541 767 3566; x_wconf 77' lang='lat' dir='ltr'>sibi</span> <span class='ocrx_word' id='word_1_429' title='bbox 784 3541 849 3566; x_wconf 81' lang='lat' dir='ltr'>data</span> <span class='ocrx_word' id='word_1_430' title='bbox 867 3547 922 3565; x_wconf 82' lang='lat' dir='ltr'>esse</span> <span class='ocrx_word' id='word_1_431' title='bbox 935 3543 1064 3572; x_wconf 78' lang='lat' dir='ltr'>potestas.</span> 
     </span>
    </p>
   </div>
   <div class='ocr_carea' id='block_1_7' title="bbox 1414 303 1763 341">
    <p class='ocr_par' dir='ltr' id='par_1_14' title="bbox 1414 303 1763 341">
     <span class='ocr_line' id='line_1_66' title="bbox 1414 303 1763 341; baseline 0.003 -2"><span class='ocrx_word' id='word_1_432' title='bbox 1414 303 1705 341; x_wconf 90' lang='lat' dir='ltr'>ARTICULUS</span> <span class='ocrx_word' id='word_1_433' title='bbox 1733 304 1763 340; x_wconf 94' lang='lat' dir='ltr'>II</span> 
     </span>
    </p>
   </div>
   <div class='ocr_carea' id='block_1_8' title="bbox 1401 379 2462 1003">
    <p class='ocr_par' dir='ltr' id='par_1_15' title="bbox 1401 379 2462 692">
     <span class='ocr_line' id='line_1_67' title="bbox 1458 379 2462 429; baseline 0 -12"><span class='ocrx_word' id='word_1_434' title='bbox 1458 380 1498 417; x_wconf 90' lang='lat' dir='ltr'>Si</span> <span class='ocrx_word' id='word_1_435' title='bbox 1525 387 1654 417; x_wconf 92' lang='lat' dir='ltr'>autem</span> <span class='ocrx_word' id='word_1_436' title='bbox 1690 382 1898 429; x_wconf 90' lang='lat' dir='ltr'>loquamur</span> <span class='ocrx_word' id='word_1_437' title='bbox 1925 379 1972 415; x_wconf 92' lang='lat' dir='ltr'>de</span> <span class='ocrx_word' id='word_1_438' title='bbox 2001 379 2129 416; x_wconf 89' lang='lat' dir='ltr'>anima</span> <span class='ocrx_word' id='word_1_439' title='bbox 2159 379 2295 416; x_wconf 88' lang='lat' dir='ltr'>Christi</span> <span class='ocrx_word' id='word_1_440' title='bbox 2328 392 2462 417; x_wconf 90' lang='lat' dir='ltr'>secun—</span> 
     </span>
     <span class='ocr_line' id='line_1_68' title="bbox 1404 432 2460 481; baseline 0 -12"><span class='ocrx_word' id='word_1_441' title='bbox 1404 433 1499 469; x_wconf 94' lang='lat' dir='ltr'>dum</span> <span class='ocrx_word' id='word_1_442' title='bbox 1535 433 1642 481; x_wconf 93' lang='lat' dir='ltr'>quod</span> <span class='ocrx_word' id='word_1_443' title='bbox 1677 440 1732 469; x_wconf 90' lang='lat' dir='ltr'>est</span> <span class='ocrx_word' id='word_1_444' title='bbox 1766 432 2062 469; x_wconf 90' lang='lat' dir='ltr'>instrumentum</span> <span class='ocrx_word' id='word_1_445' title='bbox 2091 432 2207 468; x_wconf 87' lang='lat' dir='ltr'>Verbi</span> <span class='ocrx_word' id='word_1_446' title='bbox 2242 433 2312 469; x_wconf 90' lang='lat' dir='ltr'>sibi</span> <span class='ocrx_word' id='word_1_447' title='bbox 2351 433 2460 480; x_wconf 79' lang='lat' dir='ltr'>uniti,</span> 
     </span>
     <span class='ocr_line' id='line_1_69' title="bbox 1403 479 2461 523; baseline 0.001 -2"><span class='ocrx_word' id='word_1_448' title='bbox 1403 485 1457 521; x_wconf 91' lang='lat' dir='ltr'>sic</span> <span class='ocrx_word' id='word_1_449' title='bbox 1493 479 1626 522; x_wconf 83' lang='lat' dir='ltr'>habuit</span> <span class='ocrx_word' id='word_1_450' title='bbox 1662 484 1989 522; x_wconf 88' lang='lat' dir='ltr'>instrumentalem</span> <span class='ocrx_word' id='word_1_451' title='bbox 2021 484 2200 521; x_wconf 87' lang='lat' dir='ltr'>virtutem</span> <span class='ocrx_word' id='word_1_452' title='bbox 2239 486 2287 521; x_wconf 89' lang='lat' dir='ltr'>ad</span> <span class='ocrx_word' id='word_1_453' title='bbox 2325 498 2461 523; x_wconf 91' lang='lat' dir='ltr'>omnes</span> 
     </span>
     <span class='ocr_line' id='line_1_70' title="bbox 1403 537 2461 575; baseline 0.001 -1"><span class='ocrx_word' id='word_1_454' title='bbox 1403 537 1686 574; x_wconf 90' lang='lat' dir='ltr'>immutationes</span> <span class='ocrx_word' id='word_1_455' title='bbox 1723 537 1970 574; x_wconf 90' lang='lat' dir='ltr'>miraculosas</span> <span class='ocrx_word' id='word_1_456' title='bbox 2006 537 2196 574; x_wconf 84' lang='lat' dir='ltr'>faciendas</span> <span class='ocrx_word' id='word_1_457' title='bbox 2232 538 2461 575; x_wconf 89' lang='lat' dir='ltr'>ordinabiles</span> 
     </span>
     <span class='ocr_line' id='line_1_71' title="bbox 1402 589 2459 638; baseline 0.002 -12"><span class='ocrx_word' id='word_1_458' title='bbox 1402 590 1451 626; x_wconf 92' lang='lat' dir='ltr'>ad</span> <span class='ocrx_word' id='word_1_459' title='bbox 1478 589 1745 627; x_wconf 88' lang='lat' dir='ltr'>incarnationis</span> <span class='ocrx_word' id='word_1_460' title='bbox 1765 589 1896 636; x_wconf 91' lang='lat' dir='ltr'>finem,</span> <span class='ocrx_word' id='word_1_461' title='bbox 1917 589 1984 638; x_wconf 91' lang='lat' dir='ltr'>qui</span> <span class='ocrx_word' id='word_1_462' title='bbox 2012 597 2066 626; x_wconf 93' lang='lat' dir='ltr'>est</span> <span class='ocrx_word' id='word_1_463' title='bbox 2085 592 2294 627; x_wconf 87' lang='lat' dir='ltr'>instaurare</span> <span class='ocrx_word' id='word_1_464' title='bbox 2321 593 2459 637; x_wconf 86' lang='lat' dir='ltr'>omnia,</span> 
     </span>
     <span class='ocr_line' id='line_1_72' title="bbox 1401 643 2353 692; baseline 0 -13"><span class='ocrx_word' id='word_1_465' title='bbox 1401 644 1477 679; x_wconf 83' lang='lat' dir='ltr'>sive</span> <span class='ocrx_word' id='word_1_466' title='bbox 1504 655 1598 692; x_wconf 85' lang='lat' dir='ltr'>quae</span> <span class='ocrx_word' id='word_1_467' title='bbox 1625 645 1662 679; x_wconf 89' lang='lat' dir='ltr'>in</span> <span class='ocrx_word' id='word_1_468' title='bbox 1682 643 1791 679; x_wconf 85' lang='lat' dir='ltr'>caelis</span> <span class='ocrx_word' id='word_1_469' title='bbox 1815 644 1891 679; x_wconf 80' lang='lat' dir='ltr'>sive</span> <span class='ocrx_word' id='word_1_470' title='bbox 1918 655 2012 691; x_wconf 87' lang='lat' dir='ltr'>quae</span> <span class='ocrx_word' id='word_1_471' title='bbox 2034 644 2070 678; x_wconf 90' lang='lat' dir='ltr'>in</span> <span class='ocrx_word' id='word_1_472' title='bbox 2091 644 2196 679; x_wconf 81' lang='lat' dir='ltr'>terris</span> <span class='ocrx_word' id='word_1_473' title='bbox 2222 649 2306 679; x_wconf 85' lang='lat' dir='ltr'>sunt</span> <span class='ocrx_word' id='word_1_474' title='bbox 2323 643 2353 679; x_wconf 62' lang='lat'>²⁸.</span> 
     </span>
    </p>

    <p class='ocr_par' dir='ltr' id='par_1_16' title="bbox 1401 695 2461 1003">
     <span class='ocr_line' id='line_1_73' title="bbox 1462 695 2460 732; baseline 0.001 -1"><span class='ocrx_word' id='word_1_475' title='bbox 1462 695 1750 731; x_wconf 89' lang='lat' dir='ltr'>Immutationes</span> <span class='ocrx_word' id='word_1_476' title='bbox 1798 707 1890 731; x_wconf 92' lang='lat' dir='ltr'>vero</span> <span class='ocrx_word' id='word_1_477' title='bbox 1939 702 2200 732; x_wconf 89' lang='lat' dir='ltr'>creaturarum</span> <span class='ocrx_word' id='word_1_478' title='bbox 2246 696 2460 732; x_wconf 91' lang='lat' dir='ltr'>secundum</span> 
     </span>
     <span class='ocr_line' id='line_1_74' title="bbox 1402 747 2460 796; baseline 0.001 -13"><span class='ocrx_word' id='word_1_479' title='bbox 1402 747 1509 795; x_wconf 91' lang='lat' dir='ltr'>quod</span> <span class='ocrx_word' id='word_1_480' title='bbox 1529 755 1616 783; x_wconf 90' lang='lat' dir='ltr'>sunt</span> <span class='ocrx_word' id='word_1_481' title='bbox 1634 747 1823 784; x_wconf 88' lang='lat' dir='ltr'>vertibiles</span> <span class='ocrx_word' id='word_1_482' title='bbox 1848 747 1887 784; x_wconf 90' lang='lat' dir='ltr'>in</span> <span class='ocrx_word' id='word_1_483' title='bbox 1906 747 2009 794; x_wconf 87' lang='lat' dir='ltr'>nihil,</span> <span class='ocrx_word' id='word_1_484' title='bbox 2031 748 2331 796; x_wconf 88' lang='lat' dir='ltr'>correspondent</span> <span class='ocrx_word' id='word_1_485' title='bbox 2359 760 2460 785; x_wconf 89' lang='lat' dir='ltr'>crea-</span> 
     </span>
     <span class='ocr_line' id='line_1_75' title="bbox 1401 799 2458 849; baseline 0.002 -14"><span class='ocrx_word' id='word_1_486' title='bbox 1401 799 1494 836; x_wconf 90' lang='lat' dir='ltr'>tioni</span> <span class='ocrx_word' id='word_1_487' title='bbox 1513 812 1652 846; x_wconf 89' lang='lat' dir='ltr'>rerum,</span> <span class='ocrx_word' id='word_1_488' title='bbox 1673 807 1788 848; x_wconf 92' lang='lat' dir='ltr'>prout</span> <span class='ocrx_word' id='word_1_489' title='bbox 1807 799 1944 836; x_wconf 88' lang='lat' dir='ltr'>scilieet</span> <span class='ocrx_word' id='word_1_490' title='bbox 1961 800 2229 849; x_wconf 89' lang='lat' dir='ltr'>producuntur</span> <span class='ocrx_word' id='word_1_491' title='bbox 2254 813 2300 837; x_wconf 85' lang='lat' dir='ltr'>ex</span> <span class='ocrx_word' id='word_1_492' title='bbox 2327 800 2458 837; x_wconf 90' lang='lat' dir='ltr'>nihilo.</span> 
     </span>
     <span class='ocr_line' id='line_1_76' title="bbox 1402 852 2461 901; baseline 0.002 -13"><span class='ocrx_word' id='word_1_493' title='bbox 1402 853 1450 888; x_wconf 91' lang='lat' dir='ltr'>Et</span> <span class='ocrx_word' id='word_1_494' title='bbox 1469 852 1566 898; x_wconf 91' lang='lat' dir='ltr'>ideo,</span> <span class='ocrx_word' id='word_1_495' title='bbox 1588 852 1683 889; x_wconf 92' lang='lat' dir='ltr'>sicut</span> <span class='ocrx_word' id='word_1_496' title='bbox 1715 854 1818 889; x_wconf 90' lang='lat' dir='ltr'>solus</span> <span class='ocrx_word' id='word_1_497' title='bbox 1837 853 1943 889; x_wconf 90' lang='lat' dir='ltr'>Deus</span> <span class='ocrx_word' id='word_1_498' title='bbox 1971 860 2094 901; x_wconf 89' lang='lat' dir='ltr'>potest</span> <span class='ocrx_word' id='word_1_499' title='bbox 2113 865 2253 899; x_wconf 91' lang='lat' dir='ltr'>creare,</span> <span class='ocrx_word' id='word_1_500' title='bbox 2274 853 2324 889; x_wconf 88' lang='lat' dir='ltr'>ita</span> <span class='ocrx_word' id='word_1_501' title='bbox 2357 855 2461 890; x_wconf 90' lang='lat' dir='ltr'>solus</span> 
     </span>
     <span class='ocr_line' id='line_1_77' title="bbox 1401 905 2461 954; baseline 0.003 -14"><span class='ocrx_word' id='word_1_502' title='bbox 1401 912 1525 952; x_wconf 92' lang='lat' dir='ltr'>potest</span> <span class='ocrx_word' id='word_1_503' title='bbox 1552 912 1741 942; x_wconf 89' lang='lat' dir='ltr'>creaturas</span> <span class='ocrx_word' id='word_1_504' title='bbox 1761 905 1799 941; x_wconf 92' lang='lat' dir='ltr'>in</span> <span class='ocrx_word' id='word_1_505' title='bbox 1818 905 1981 941; x_wconf 91' lang='lat' dir='ltr'>nihilum</span> <span class='ocrx_word' id='word_1_506' title='bbox 2007 905 2174 953; x_wconf 90' lang='lat' dir='ltr'>redigere</span> <span class='ocrx_word' id='word_1_507' title='bbox 2194 906 2230 942; x_wconf 72' lang='lat' dir='ltr'>*z</span> <span class='ocrx_word' id='word_1_508' title='bbox 2261 906 2327 954; x_wconf 93' lang='lat' dir='ltr'>qui</span> <span class='ocrx_word' id='word_1_509' title='bbox 2346 906 2461 943; x_wconf 88' lang='lat' dir='ltr'>etiam</span> 
     </span>
     <span class='ocr_line' id='line_1_78' title="bbox 1402 957 2460 1003; baseline 0.002 -10"><span class='ocrx_word' id='word_1_510' title='bbox 1402 958 1505 993; x_wconf 91' lang='lat' dir='ltr'>solus</span> <span class='ocrx_word' id='word_1_511' title='bbox 1534 969 1597 993; x_wconf 88' lang='lat' dir='ltr'>eas</span> <span class='ocrx_word' id='word_1_512' title='bbox 1625 957 1663 993; x_wconf 89' lang='lat' dir='ltr'>in</span> <span class='ocrx_word' id='word_1_513' title='bbox 1692 970 1772 994; x_wconf 92' lang='lat' dir='ltr'>esse</span> <span class='ocrx_word' id='word_1_514' title='bbox 1801 965 2010 1003; x_wconf 87' lang='lat' dir='ltr'>conservat,</span> <span class='ocrx_word' id='word_1_515' title='bbox 2031 970 2079 994; x_wconf 91' lang='lat' dir='ltr'>ne</span> <span class='ocrx_word' id='word_1_516' title='bbox 2108 958 2146 994; x_wconf 90' lang='lat' dir='ltr'>in</span> <span class='ocrx_word' id='word_1_517' title='bbox 2170 958 2332 995; x_wconf 90' lang='lat' dir='ltr'>nihilum</span> <span class='ocrx_word' id='word_1_518' title='bbox 2361 958 2460 995; x_wconf 90' lang='lat' dir='ltr'>deci-</span> 
     </span>
    </p>
   </div>
   <div class='ocr_carea' id='block_1_9' title="bbox 2394 303 2462 351">
    <p class='ocr_par' dir='ltr' id='par_1_17' title="bbox 2394 303 2462 351">
     <span class='ocr_line' id='line_1_79' title="bbox 2394 303 2462 351; baseline 0.015 -12"><span class='ocrx_word' id='word_1_519' title='bbox 2394 303 2462 351; x_wconf 91' lang='lat'>173</span> 
     </span>
    </p>
   </div>
   <div class='ocr_carea' id='block_1_10' title="bbox 1400 1009 2461 3209">
    <p class='ocr_par' dir='ltr' id='par_1_18' title="bbox 1402 1009 2461 1150">
     <span class='ocr_line' id='line_1_80' title="bbox 1402 1009 2461 1059; baseline 0.002 -14"><span class='ocrx_word' id='word_1_520' title='bbox 1402 1009 1502 1045; x_wconf 89' lang='lat' dir='ltr'>dant.</span> <span class='ocrx_word' id='word_1_521' title='bbox 1533 1009 1595 1046; x_wconf 92' lang='lat' dir='ltr'>Sic</span> <span class='ocrx_word' id='word_1_522' title='bbox 1623 1021 1711 1057; x_wconf 90' lang='lat' dir='ltr'>ergo</span> <span class='ocrx_word' id='word_1_523' title='bbox 1741 1010 1947 1046; x_wconf 91' lang='lat' dir='ltr'>dicendum</span> <span class='ocrx_word' id='word_1_524' title='bbox 1967 1018 2022 1046; x_wconf 89' lang='lat' dir='ltr'>est</span> <span class='ocrx_word' id='word_1_525' title='bbox 2040 1011 2147 1059; x_wconf 93' lang='lat' dir='ltr'>quod</span> <span class='ocrx_word' id='word_1_526' title='bbox 2175 1011 2303 1048; x_wconf 90' lang='lat' dir='ltr'>anima</span> <span class='ocrx_word' id='word_1_527' title='bbox 2323 1011 2461 1048; x_wconf 90' lang='lat' dir='ltr'>Christi</span> 
     </span>
     <span class='ocr_line' id='line_1_81' title="bbox 1402 1062 2460 1111; baseline 0.003 -14"><span class='ocrx_word' id='word_1_528' title='bbox 1402 1073 1482 1098; x_wconf 91' lang='lat' dir='ltr'>non</span> <span class='ocrx_word' id='word_1_529' title='bbox 1501 1062 1615 1098; x_wconf 89' lang='lat' dir='ltr'>habet</span> <span class='ocrx_word' id='word_1_530' title='bbox 1637 1062 1956 1111; x_wconf 88' lang='lat' dir='ltr'>omnipotentiam</span> <span class='ocrx_word' id='word_1_531' title='bbox 1984 1070 2157 1111; x_wconf 89' lang='lat' dir='ltr'>respectu</span> <span class='ocrx_word' id='word_1_532' title='bbox 2185 1063 2460 1100; x_wconf 91' lang='lat' dir='ltr'>immutationis</span> 
     </span>
     <span class='ocr_line' id='line_1_82' title="bbox 1402 1121 1672 1150; baseline 0 0"><span class='ocrx_word' id='word_1_533' title='bbox 1402 1121 1672 1150; x_wconf 88' lang='lat' dir='ltr'>creaturarum.</span> 
     </span>
    </p>

    <p class='ocr_par' dir='ltr' id='par_1_19' title="bbox 1401 1167 2461 1834">
     <span class='ocr_line' id='line_1_83' title="bbox 1455 1167 2460 1216; baseline 0.003 -14"><span class='ocrx_word' id='word_1_534' title='bbox 1455 1167 1511 1203; x_wconf 85' lang='lat' dir='ltr'>AD</span> <span class='ocrx_word' id='word_1_535' title='bbox 1547 1179 1681 1203; x_wconf 73' lang='lat' dir='ltr'>Palmum</span> <span class='ocrx_word' id='word_1_536' title='bbox 1718 1179 1815 1204; x_wconf 86' lang='lat' dir='ltr'>ERGO</span> <span class='ocrx_word' id='word_1_537' title='bbox 1853 1179 2032 1204; x_wconf 81' lang='lat' dir='ltr'><strong>DICENDUM</strong></span> <span class='ocrx_word' id='word_1_538' title='bbox 2073 1168 2198 1216; x_wconf 91' lang='lat' dir='ltr'>quod,</span> <span class='ocrx_word' id='word_1_539' title='bbox 2237 1168 2332 1204; x_wconf 91' lang='lat' dir='ltr'>sicut</span> <span class='ocrx_word' id='word_1_540' title='bbox 2373 1168 2460 1205; x_wconf 90' lang='lat' dir='ltr'>dicit</span> 
     </span>
     <span class='ocr_line' id='line_1_84' title="bbox 1402 1218 2461 1269; baseline 0.002 -14"><span class='ocrx_word' id='word_1_541' title='bbox 1402 1218 1663 1267; x_wconf 90' lang='lat' dir='ltr'>Hieronymus</span> <span class='ocrx_word' id='word_1_542' title='bbox 1681 1218 1711 1265; x_wconf 69' lang='lat'>²⁸,</span> <span class='ocrx_word' id='word_1_543' title='bbox 1742 1219 1796 1255; x_wconf 87' lang='lat' dir='ltr'>illi</span> <span class='ocrx_word' id='word_1_544' title='bbox 1815 1225 1975 1268; x_wconf 85' lang='lat' dir='ltr'>potestas</span> <span class='ocrx_word' id='word_1_545' title='bbox 1993 1221 2079 1256; x_wconf 88' lang='lat' dir='ltr'>data</span> <span class='ocrx_word' id='word_1_546' title='bbox 2098 1226 2148 1256; x_wconf 85' lang='lat' dir='ltr'>est</span> <span class='ocrx_word' id='word_1_547' title='bbox 2167 1222 2230 1269; x_wconf 83' lang='lat' dir='ltr'>qui</span> <span class='ocrx_word' id='word_1_548' title='bbox 2241 1221 2357 1269; x_wconf 86' lang='lat' dir='ltr'>paulo</span> <span class='ocrx_word' id='word_1_549' title='bbox 2376 1227 2461 1258; x_wconf 89' lang='lat' dir='ltr'>ante</span> 
     </span>
     <span class='ocr_line' id='line_1_85' title="bbox 1401 1272 2460 1321; baseline 0.002 -14"><span class='ocrx_word' id='word_1_550' title='bbox 1401 1273 1602 1319; x_wconf 82' lang='lat' dir='ltr'>crucifixus</span> <span class='ocrx_word' id='word_1_551' title='bbox 1629 1277 1662 1307; x_wconf 93' lang='lat' dir='ltr'>et</span> <span class='ocrx_word' id='word_1_552' title='bbox 1688 1272 1846 1320; x_wconf 87' lang='lat' dir='ltr'>sepultus</span> <span class='ocrx_word' id='word_1_553' title='bbox 1872 1274 1908 1308; x_wconf 85' lang='lat' dir='ltr'>in</span> <span class='ocrx_word' id='word_1_554' title='bbox 1937 1273 2088 1318; x_wconf 88' lang='lat' dir='ltr'>tumulo,</span> <span class='ocrx_word' id='word_1_555' title='bbox 2110 1274 2173 1321; x_wconf 88' lang='lat' dir='ltr'>qui</span> <span class='ocrx_word' id='word_1_556' title='bbox 2192 1278 2321 1321; x_wconf 80' lang='lat' dir='ltr'>postea</span> <span class='ocrx_word' id='word_1_557' title='bbox 2343 1285 2460 1310; x_wconf 87' lang='lat' dir='ltr'>resur-</span> 
     </span>
     <span class='ocr_line' id='line_1_86' title="bbox 1403 1323 2459 1373; baseline 0.002 -13"><span class='ocrx_word' id='word_1_558' title='bbox 1403 1325 1519 1360; x_wconf 85' lang='lat' dir='ltr'>rexit:</span> <span class='ocrx_word' id='word_1_559' title='bbox 1546 1323 1650 1368; x_wconf 90' lang='lat' dir='ltr'>idest‚</span> <span class='ocrx_word' id='word_1_560' title='bbox 1682 1324 1831 1360; x_wconf 87' lang='lat' dir='ltr'>Christo</span> <span class='ocrx_word' id='word_1_561' title='bbox 1861 1325 2075 1361; x_wconf 91' lang='lat' dir='ltr'>secundum</span> <span class='ocrx_word' id='word_1_562' title='bbox 2103 1325 2210 1373; x_wconf 92' lang='lat' dir='ltr'>quod</span> <span class='ocrx_word' id='word_1_563' title='bbox 2234 1326 2365 1362; x_wconf 89' lang='lat' dir='ltr'>homo.</span> <span class='ocrx_word' id='word_1_564' title='bbox 2395 1326 2459 1362; x_wconf 94' lang='lat' dir='ltr'>Di-</span> 
     </span>
     <span class='ocr_line' id='line_1_87' title="bbox 1402 1375 2459 1426; baseline 0.003 -14"><span class='ocrx_word' id='word_1_565' title='bbox 1402 1375 1498 1413; x_wconf 90' lang='lat' dir='ltr'>citur</span> <span class='ocrx_word' id='word_1_566' title='bbox 1534 1385 1664 1413; x_wconf 91' lang='lat' dir='ltr'>autem</span> <span class='ocrx_word' id='word_1_567' title='bbox 1702 1376 1772 1413; x_wconf 90' lang='lat' dir='ltr'>sibi</span> <span class='ocrx_word' id='word_1_568' title='bbox 1800 1377 1926 1413; x_wconf 88' lang='lat' dir='ltr'>omnis</span> <span class='ocrx_word' id='word_1_569' title='bbox 1963 1384 2128 1426; x_wconf 89' lang='lat' dir='ltr'>potestas</span> <span class='ocrx_word' id='word_1_570' title='bbox 2166 1378 2252 1414; x_wconf 90' lang='lat' dir='ltr'>data</span> <span class='ocrx_word' id='word_1_571' title='bbox 2273 1376 2286 1399; x_wconf 75' lang='grc' dir='ltr'><strong>δ</strong></span> <span class='ocrx_word' id='word_1_572' title='bbox 2314 1377 2459 1415; x_wconf 89' lang='lat' dir='ltr'>ratione</span> 
     </span>
     <span class='ocr_line' id='line_1_88' title="bbox 1402 1429 2460 1478; baseline 0.002 -13"><span class='ocrx_word' id='word_1_573' title='bbox 1402 1429 1574 1475; x_wconf 77' lang='lat' dir='ltr'>unionis,</span> <span class='ocrx_word' id='word_1_574' title='bbox 1603 1441 1672 1478; x_wconf 92' lang='lat' dir='ltr'>per</span> <span class='ocrx_word' id='word_1_575' title='bbox 1709 1441 1828 1478; x_wconf 90' lang='lat' dir='ltr'>quam</span> <span class='ocrx_word' id='word_1_576' title='bbox 1865 1430 2006 1466; x_wconf 86' lang='lat' dir='ltr'>factum</span> <span class='ocrx_word' id='word_1_577' title='bbox 2043 1437 2098 1466; x_wconf 91' lang='lat' dir='ltr'>est</span> <span class='ocrx_word' id='word_1_578' title='bbox 2133 1438 2175 1466; x_wconf 92' lang='lat' dir='ltr'>ut</span> <span class='ocrx_word' id='word_1_579' title='bbox 2209 1431 2330 1467; x_wconf 91' lang='lat' dir='ltr'>homo</span> <span class='ocrx_word' id='word_1_580' title='bbox 2363 1438 2460 1467; x_wconf 89' lang='lat' dir='ltr'>esset</span> 
     </span>
     <span class='ocr_line' id='line_1_89' title="bbox 1402 1482 2459 1531; baseline 0.002 -13"><span class='ocrx_word' id='word_1_581' title='bbox 1402 1482 1657 1530; x_wconf 90' lang='lat' dir='ltr'>omnipotens,</span> <span class='ocrx_word' id='word_1_582' title='bbox 1687 1489 1729 1518; x_wconf 92' lang='lat' dir='ltr'>ut</span> <span class='ocrx_word' id='word_1_583' title='bbox 1756 1494 1871 1530; x_wconf 92' lang='lat' dir='ltr'>supra</span> <span class='ocrx_word' id='word_1_584' title='bbox 1890 1482 1910 1504; x_wconf 75' lang='lat'>&#39;¹‘</span> <span class='ocrx_word' id='word_1_585' title='bbox 1938 1482 2083 1519; x_wconf 91' lang='lat' dir='ltr'>dictum</span> <span class='ocrx_word' id='word_1_586' title='bbox 2111 1490 2176 1519; x_wconf 90' lang='lat' dir='ltr'>est.</span> <span class='ocrx_word' id='word_1_587' title='bbox 2206 1484 2254 1519; x_wconf 91' lang='lat' dir='ltr'>Et</span> <span class='ocrx_word' id='word_1_588' title='bbox 2281 1484 2459 1531; x_wconf 92' lang='lat' dir='ltr'>quamvis</span> 
     </span>
     <span class='ocr_line' id='line_1_90' title="bbox 1402 1534 2459 1585; baseline 0.003 -15"><span class='ocrx_word' id='word_1_589' title='bbox 1402 1534 1478 1570; x_wconf 92' lang='lat' dir='ltr'>hoc</span> <span class='ocrx_word' id='word_1_590' title='bbox 1505 1542 1590 1571; x_wconf 91' lang='lat' dir='ltr'>ante</span> <span class='ocrx_word' id='word_1_591' title='bbox 1619 1535 1936 1571; x_wconf 89' lang='lat' dir='ltr'>resurrectionem</span> <span class='ocrx_word' id='word_1_592' title='bbox 1964 1535 2168 1572; x_wconf 90' lang='lat' dir='ltr'>innotuerit</span> <span class='ocrx_word' id='word_1_593' title='bbox 2195 1535 2345 1583; x_wconf 87' lang='lat' dir='ltr'>angelis,</span> <span class='ocrx_word' id='word_1_594' title='bbox 2373 1543 2459 1585; x_wconf 89' lang='lat' dir='ltr'>post</span> 
     </span>
     <span class='ocr_line' id='line_1_91' title="bbox 1402 1586 2458 1635; baseline 0.002 -12"><span class='ocrx_word' id='word_1_595' title='bbox 1402 1586 1718 1624; x_wconf 87' lang='lat' dir='ltr'>resurrectionem</span> <span class='ocrx_word' id='word_1_596' title='bbox 1737 1592 1749 1608; x_wconf 52' lang='grc' dir='ltr'><strong>ι</strong></span> <span class='ocrx_word' id='word_1_597' title='bbox 1775 1587 1938 1624; x_wconf 89' lang='lat' dir='ltr'>innotuit</span> <span class='ocrx_word' id='word_1_598' title='bbox 1957 1587 2138 1624; x_wconf 92' lang='lat' dir='ltr'>omnibus</span> <span class='ocrx_word' id='word_1_599' title='bbox 2162 1588 2395 1635; x_wconf 87' lang='lat' dir='ltr'>hominibus,</span> <span class='ocrx_word' id='word_1_600' title='bbox 2417 1596 2458 1625; x_wconf 94' lang='lat' dir='ltr'>ut</span> 
     </span>
     <span class='ocr_line' id='line_1_92' title="bbox 1402 1639 2456 1689; baseline 0.001 -13"><span class='ocrx_word' id='word_1_601' title='bbox 1402 1639 1599 1687; x_wconf 91' lang='lat' dir='ltr'>Remigius</span> <span class='ocrx_word' id='word_1_602' title='bbox 1627 1639 1714 1676; x_wconf 92' lang='lat' dir='ltr'>dicit</span> <span class='ocrx_word' id='word_1_603' title='bbox 1732 1639 1762 1676; x_wconf 72' lang='lat'>²³².</span> <span class='ocrx_word' id='word_1_604' title='bbox 1796 1642 1831 1677; x_wconf 94' lang='lat' dir='ltr'><em>T</em></span> <span class='ocrx_word' id='word_1_605' title='bbox 1829 1652 1901 1676; x_wconf 89' lang='lat' dir='ltr'>unc</span> <span class='ocrx_word' id='word_1_606' title='bbox 1919 1647 2046 1676; x_wconf 87' lang='lat' dir='ltr'>autern</span> <span class='ocrx_word' id='word_1_607' title='bbox 2076 1641 2247 1677; x_wconf 87' lang='lat' dir='ltr'>dicuntur</span> <span class='ocrx_word' id='word_1_608' title='bbox 2274 1653 2332 1677; x_wconf 86' lang='lat' dir='ltr'>res</span> <span class='ocrx_word' id='word_1_609' title='bbox 2351 1643 2456 1689; x_wconf 88' lang='lat' dir='ltr'>fieri,</span> 
     </span>
     <span class='ocr_line' id='line_1_93' title="bbox 1402 1692 2458 1741; baseline 0.001 -13"><span class='ocrx_word' id='word_1_610' title='bbox 1402 1693 1549 1741; x_wconf 84' lang='lat' dir='ltr'>quando</span> <span class='ocrx_word' id='word_1_611' title='bbox 1568 1694 1795 1729; x_wconf 87' lang='lat' dir='ltr'>innotescunt</span> <span class='ocrx_word' id='word_1_612' title='bbox 1812 1692 1842 1729; x_wconf 64' lang='lat'>³⁸.</span> <span class='ocrx_word' id='word_1_613' title='bbox 1866 1693 1913 1729; x_wconf 91' lang='lat' dir='ltr'>Et</span> <span class='ocrx_word' id='word_1_614' title='bbox 1932 1692 2018 1729; x_wconf 90' lang='lat' dir='ltr'>ideo</span> <span class='ocrx_word' id='word_1_615' title='bbox 2038 1700 2123 1741; x_wconf 91' lang='lat' dir='ltr'>post</span> <span class='ocrx_word' id='word_1_616' title='bbox 2143 1693 2458 1730; x_wconf 88' lang='lat' dir='ltr'>resurrectionem</span> 
     </span>
     <span class='ocr_line' id='line_1_94' title="bbox 1401 1744 2457 1793; baseline 0.001 -12"><span class='ocrx_word' id='word_1_617' title='bbox 1401 1745 1593 1781; x_wconf 89' lang='lat' dir='ltr'>Dominus</span> <span class='ocrx_word' id='word_1_618' title='bbox 1630 1744 1717 1781; x_wconf 87' lang='lat' dir='ltr'>dicit</span> <span class='ocrx_word' id='word_1_619' title='bbox 1755 1744 1824 1781; x_wconf 89' lang='lat' dir='ltr'>sibi</span> <span class='ocrx_word' id='word_1_620' title='bbox 1861 1752 2085 1793; x_wconf 88' lang='lat' dir='ltr'>potestatem</span> <span class='ocrx_word' id='word_1_621' title='bbox 2115 1757 2195 1782; x_wconf 90' lang='lat' dir='ltr'>esse</span> <span class='ocrx_word' id='word_1_622' title='bbox 2233 1745 2391 1782; x_wconf 60' lang='lat' dir='ltr'>datamt</span> <span class='ocrx_word' id='word_1_623' title='bbox 2420 1747 2457 1782; x_wconf 86' lang='lat' dir='ltr'>in</span> 
     </span>
     <span class='ocr_line' id='line_1_95' title="bbox 1401 1797 1768 1834; baseline 0 -1"><span class='ocrx_word' id='word_1_624' title='bbox 1401 1797 1503 1834; x_wconf 90' lang='lat' dir='ltr'>caelo</span> <span class='ocrx_word' id='word_1_625' title='bbox 1532 1803 1565 1833; x_wconf 88' lang='lat' dir='ltr'>et</span> <span class='ocrx_word' id='word_1_626' title='bbox 1592 1799 1629 1833; x_wconf 88' lang='lat' dir='ltr'>in</span> <span class='ocrx_word' id='word_1_627' title='bbox 1658 1803 1768 1833; x_wconf 90' lang='lat' dir='ltr'>terra.</span> 
     </span>
    </p>

    <p class='ocr_par' dir='ltr' id='par_1_20' title="bbox 1401 1849 2460 2582">
     <span class='ocr_line' id='line_1_96' title="bbox 1454 1849 2458 1898; baseline 0.001 -12"><span class='ocrx_word' id='word_1_628' title='bbox 1454 1850 1510 1886; x_wconf 85' lang='lat' dir='ltr'>AD</span> <span class='ocrx_word' id='word_1_629' title='bbox 1539 1861 1728 1886; x_wconf 79' lang='lat' dir='ltr'>SECUNDUM</span> <span class='ocrx_word' id='word_1_630' title='bbox 1755 1861 1936 1886; x_wconf 81' lang='lat' dir='ltr'>DICENDUM</span> <span class='ocrx_word' id='word_1_631' title='bbox 1956 1850 2074 1898; x_wconf 91' lang='lat' dir='ltr'>quod,</span> <span class='ocrx_word' id='word_1_632' title='bbox 2094 1849 2179 1886; x_wconf 89' lang='lat' dir='ltr'>licet</span> <span class='ocrx_word' id='word_1_633' title='bbox 2207 1849 2332 1886; x_wconf 87' lang='lat' dir='ltr'>omnis</span> <span class='ocrx_word' id='word_1_634' title='bbox 2357 1862 2458 1887; x_wconf 90' lang='lat' dir='ltr'>crea-</span> 
     </span>
     <span class='ocr_line' id='line_1_97' title="bbox 1402 1901 2458 1951; baseline 0.001 -13"><span class='ocrx_word' id='word_1_635' title='bbox 1402 1909 1487 1938; x_wconf 92' lang='lat' dir='ltr'>tura</span> <span class='ocrx_word' id='word_1_636' title='bbox 1515 1901 1559 1938; x_wconf 90' lang='lat' dir='ltr'>sit</span> <span class='ocrx_word' id='word_1_637' title='bbox 1586 1901 1778 1938; x_wconf 87' lang='lat' dir='ltr'>mutabilis</span> <span class='ocrx_word' id='word_1_638' title='bbox 1815 1902 1863 1938; x_wconf 93' lang='lat' dir='ltr'>ab</span> <span class='ocrx_word' id='word_1_639' title='bbox 1891 1901 1963 1938; x_wconf 90' lang='lat' dir='ltr'>alia</span> <span class='ocrx_word' id='word_1_640' title='bbox 1997 1909 2184 1948; x_wconf 89' lang='lat' dir='ltr'>creatura,</span> <span class='ocrx_word' id='word_1_641' title='bbox 2213 1909 2361 1951; x_wconf 89' lang='lat' dir='ltr'>praeter</span> <span class='ocrx_word' id='word_1_642' title='bbox 2397 1915 2458 1939; x_wconf 90' lang='lat' dir='ltr'>su-</span> 
     </span>
     <span class='ocr_line' id='line_1_98' title="bbox 1402 1954 2460 2004; baseline 0.001 -14"><span class='ocrx_word' id='word_1_643' title='bbox 1402 1966 1583 2004; x_wconf 90' lang='lat' dir='ltr'>premum</span> <span class='ocrx_word' id='word_1_644' title='bbox 1618 1956 1813 2002; x_wconf 86' lang='lat' dir='ltr'>angelum,</span> <span class='ocrx_word' id='word_1_645' title='bbox 1843 1955 1910 2003; x_wconf 92' lang='lat' dir='ltr'>qui</span> <span class='ocrx_word' id='word_1_646' title='bbox 1937 1962 2065 1991; x_wconf 91' lang='lat' dir='ltr'>tamen</span> <span class='ocrx_word' id='word_1_647' title='bbox 2099 1962 2223 2003; x_wconf 90' lang='lat' dir='ltr'>potest</span> <span class='ocrx_word' id='word_1_648' title='bbox 2257 1954 2460 1992; x_wconf 89' lang='lat' dir='ltr'>illuminari</span> 
     </span>
     <span class='ocr_line' id='line_1_99' title="bbox 1403 2006 2458 2052; baseline 0 -9"><span class='ocrx_word' id='word_1_649' title='bbox 1403 2008 1450 2044; x_wconf 92' lang='lat' dir='ltr'>ab</span> <span class='ocrx_word' id='word_1_650' title='bbox 1479 2007 1608 2044; x_wconf 91' lang='lat' dir='ltr'>anima</span> <span class='ocrx_word' id='word_1_651' title='bbox 1637 2007 1775 2044; x_wconf 90' lang='lat' dir='ltr'>Christi</span> <span class='ocrx_word' id='word_1_652' title='bbox 1793 2006 1833 2052; x_wconf 71' lang='lat'>*3</span> <span class='ocrx_word' id='word_1_653' title='bbox 1863 2019 1942 2043; x_wconf 89' lang='lat' dir='ltr'>non</span> <span class='ocrx_word' id='word_1_654' title='bbox 1970 2015 2098 2044; x_wconf 90' lang='lat' dir='ltr'>tamen</span> <span class='ocrx_word' id='word_1_655' title='bbox 2127 2006 2253 2043; x_wconf 91' lang='lat' dir='ltr'>omnis</span> <span class='ocrx_word' id='word_1_656' title='bbox 2280 2007 2458 2044; x_wconf 89' lang='lat' dir='ltr'>immuta-</span> 
     </span>
     <span class='ocr_line' id='line_1_100' title="bbox 1402 2059 2459 2108; baseline 0 -12"><span class='ocrx_word' id='word_1_657' title='bbox 1402 2060 1453 2096; x_wconf 91' lang='lat' dir='ltr'>tio</span> <span class='ocrx_word' id='word_1_658' title='bbox 1483 2072 1582 2108; x_wconf 92' lang='lat' dir='ltr'>quae</span> <span class='ocrx_word' id='word_1_659' title='bbox 1609 2067 1734 2108; x_wconf 92' lang='lat' dir='ltr'>potest</span> <span class='ocrx_word' id='word_1_660' title='bbox 1751 2059 1835 2096; x_wconf 93' lang='lat' dir='ltr'>fieri</span> <span class='ocrx_word' id='word_1_661' title='bbox 1862 2059 1961 2096; x_wconf 90' lang='lat' dir='ltr'>circa</span> <span class='ocrx_word' id='word_1_662' title='bbox 1982 2067 2205 2106; x_wconf 88' lang='lat' dir='ltr'>creaturam,</span> <span class='ocrx_word' id='word_1_663' title='bbox 2225 2067 2349 2108; x_wconf 90' lang='lat' dir='ltr'>potest</span> <span class='ocrx_word' id='word_1_664' title='bbox 2375 2060 2459 2096; x_wconf 91' lang='lat' dir='ltr'>fieri</span> 
     </span>
     <span class='ocr_line' id='line_1_101' title="bbox 1402 2112 2459 2161; baseline 0 -13"><span class='ocrx_word' id='word_1_665' title='bbox 1402 2125 1425 2149; x_wconf 91' lang='lat' dir='ltr'>a</span> <span class='ocrx_word' id='word_1_666' title='bbox 1452 2119 1642 2158; x_wconf 79' lang='lat' dir='ltr'>creatura3</span> <span class='ocrx_word' id='word_1_667' title='bbox 1672 2112 1739 2148; x_wconf 90' lang='lat' dir='ltr'>sed</span> <span class='ocrx_word' id='word_1_668' title='bbox 1766 2113 1955 2160; x_wconf 90' lang='lat' dir='ltr'>quaedam</span> <span class='ocrx_word' id='word_1_669' title='bbox 1987 2112 2271 2149; x_wconf 90' lang='lat' dir='ltr'>immutationes</span> <span class='ocrx_word' id='word_1_670' title='bbox 2298 2120 2459 2161; x_wconf 90' lang='lat' dir='ltr'>possunt</span> 
     </span>
     <span class='ocr_line' id='line_1_102' title="bbox 1401 2164 2458 2213; baseline 0 -12"><span class='ocrx_word' id='word_1_671' title='bbox 1401 2164 1484 2201; x_wconf 92' lang='lat' dir='ltr'>fieri</span> <span class='ocrx_word' id='word_1_672' title='bbox 1512 2177 1535 2202; x_wconf 91' lang='lat' dir='ltr'>a</span> <span class='ocrx_word' id='word_1_673' title='bbox 1562 2166 1644 2201; x_wconf 89' lang='lat' dir='ltr'>solo</span> <span class='ocrx_word' id='word_1_674' title='bbox 1673 2165 1768 2201; x_wconf 89' lang='lat' dir='ltr'>Deo.</span> <span class='ocrx_word' id='word_1_675' title='bbox 1806 2165 2087 2213; x_wconf 89' lang='lat' dir='ltr'>Quaecumque</span> <span class='ocrx_word' id='word_1_676' title='bbox 2119 2172 2247 2201; x_wconf 91' lang='lat' dir='ltr'>tamen</span> <span class='ocrx_word' id='word_1_677' title='bbox 2280 2164 2458 2202; x_wconf 90' lang='lat' dir='ltr'>immuta-</span> 
     </span>
     <span class='ocr_line' id='line_1_103' title="bbox 1401 2217 2456 2265; baseline 0.001 -12"><span class='ocrx_word' id='word_1_678' title='bbox 1401 2217 1523 2254; x_wconf 90' lang='lat' dir='ltr'>tiones</span> <span class='ocrx_word' id='word_1_679' title='bbox 1551 2224 1812 2254; x_wconf 87' lang='lat' dir='ltr'>creaturarum</span> <span class='ocrx_word' id='word_1_680' title='bbox 1831 2222 1850 2244; x_wconf 66' lang='grc' dir='ltr'><strong>η</strong></span> <span class='ocrx_word' id='word_1_681' title='bbox 1877 2225 2038 2265; x_wconf 88' lang='lat' dir='ltr'>possunt</span> <span class='ocrx_word' id='word_1_682' title='bbox 2057 2217 2141 2253; x_wconf 90' lang='lat' dir='ltr'>fieri</span> <span class='ocrx_word' id='word_1_683' title='bbox 2168 2229 2237 2265; x_wconf 92' lang='lat' dir='ltr'>per</span> <span class='ocrx_word' id='word_1_684' title='bbox 2255 2225 2456 2265; x_wconf 84' lang='lat' dir='ltr'>creaturas,</span> 
     </span>
     <span class='ocr_line' id='line_1_104' title="bbox 1401 2269 2458 2318; baseline 0 -12"><span class='ocrx_word' id='word_1_685' title='bbox 1401 2278 1563 2318; x_wconf 91' lang='lat' dir='ltr'>possunt</span> <span class='ocrx_word' id='word_1_686' title='bbox 1598 2269 1709 2306; x_wconf 88' lang='lat' dir='ltr'>etiam</span> <span class='ocrx_word' id='word_1_687' title='bbox 1739 2269 1822 2306; x_wconf 92' lang='lat' dir='ltr'>fieri</span> <span class='ocrx_word' id='word_1_688' title='bbox 1849 2281 1918 2318; x_wconf 91' lang='lat' dir='ltr'>per</span> <span class='ocrx_word' id='word_1_689' title='bbox 1949 2269 2119 2306; x_wconf 89' lang='lat' dir='ltr'>animam</span> <span class='ocrx_word' id='word_1_690' title='bbox 2149 2269 2287 2306; x_wconf 89' lang='lat' dir='ltr'>Christi</span> <span class='ocrx_word' id='word_1_691' title='bbox 2324 2282 2458 2306; x_wconf 91' lang='lat' dir='ltr'>secun-</span> 
     </span>
     <span class='ocr_line' id='line_1_105' title="bbox 1402 2322 2457 2372; baseline -0.001 -13"><span class='ocrx_word' id='word_1_692' title='bbox 1402 2323 1498 2360; x_wconf 91' lang='lat' dir='ltr'>dum</span> <span class='ocrx_word' id='word_1_693' title='bbox 1526 2323 1632 2372; x_wconf 92' lang='lat' dir='ltr'>quod</span> <span class='ocrx_word' id='word_1_694' title='bbox 1660 2330 1715 2358; x_wconf 92' lang='lat' dir='ltr'>est</span> <span class='ocrx_word' id='word_1_695' title='bbox 1737 2322 2033 2358; x_wconf 87' lang='lat' dir='ltr'>instrumentum</span> <span class='ocrx_word' id='word_1_696' title='bbox 2060 2322 2186 2358; x_wconf 91' lang='lat' dir='ltr'>Verbi.</span> <span class='ocrx_word' id='word_1_697' title='bbox 2216 2323 2308 2358; x_wconf 92' lang='lat' dir='ltr'>Non</span> <span class='ocrx_word' id='word_1_698' title='bbox 2328 2330 2457 2359; x_wconf 89' lang='lat' dir='ltr'>autem</span> 
     </span>
     <span class='ocr_line' id='line_1_106' title="bbox 1402 2374 2457 2424; baseline -0.002 -12"><span class='ocrx_word' id='word_1_699' title='bbox 1402 2376 1617 2412; x_wconf 91' lang='lat' dir='ltr'>secundum</span> <span class='ocrx_word' id='word_1_700' title='bbox 1644 2374 1840 2424; x_wconf 91' lang='lat' dir='ltr'>propriam</span> <span class='ocrx_word' id='word_1_701' title='bbox 1868 2382 2045 2411; x_wconf 89' lang='lat' dir='ltr'>naturam</span> <span class='ocrx_word' id='word_1_702' title='bbox 2073 2381 2109 2410; x_wconf 92' lang='lat' dir='ltr'>et</span> <span class='ocrx_word' id='word_1_703' title='bbox 2136 2374 2335 2410; x_wconf 90' lang='lat' dir='ltr'>virtutem:</span> <span class='ocrx_word' id='word_1_704' title='bbox 2366 2374 2457 2423; x_wconf 90' lang='lat' dir='ltr'>quia</span> 
     </span>
     <span class='ocr_line' id='line_1_107' title="bbox 1401 2426 2456 2477; baseline -0.002 -12"><span class='ocrx_word' id='word_1_705' title='bbox 1401 2428 1594 2477; x_wconf 89' lang='lat' dir='ltr'>quaedam</span> <span class='ocrx_word' id='word_1_706' title='bbox 1630 2426 1853 2464; x_wconf 88' lang='lat' dir='ltr'>huiusmodi</span> <span class='ocrx_word' id='word_1_707' title='bbox 1889 2426 2202 2463; x_wconf 89' lang='lat' dir='ltr'>immutationum</span> <span class='ocrx_word' id='word_1_708' title='bbox 2237 2438 2317 2463; x_wconf 93' lang='lat' dir='ltr'>non</span> <span class='ocrx_word' id='word_1_709' title='bbox 2344 2426 2456 2475; x_wconf 91' lang='lat' dir='ltr'>perti-</span> 
     </span>
     <span class='ocr_line' id='line_1_108' title="bbox 1401 2478 2455 2528; baseline -0.002 -10"><span class='ocrx_word' id='word_1_710' title='bbox 1401 2488 1492 2518; x_wconf 90' lang='lat' dir='ltr'>nent</span> <span class='ocrx_word' id='word_1_711' title='bbox 1520 2481 1568 2518; x_wconf 90' lang='lat' dir='ltr'>ad</span> <span class='ocrx_word' id='word_1_712' title='bbox 1596 2480 1784 2526; x_wconf 84' lang='lat' dir='ltr'>animam,</span> <span class='ocrx_word' id='word_1_713' title='bbox 1814 2491 1939 2528; x_wconf 90' lang='lat' dir='ltr'>neque</span> <span class='ocrx_word' id='word_1_714' title='bbox 1976 2486 2164 2527; x_wconf 88' lang='lat' dir='ltr'>quantum</span> <span class='ocrx_word' id='word_1_715' title='bbox 2199 2479 2248 2516; x_wconf 90' lang='lat' dir='ltr'>ad</span> <span class='ocrx_word' id='word_1_716' title='bbox 2280 2478 2455 2516; x_wconf 91' lang='lat' dir='ltr'>ordinem</span> 
     </span>
     <span class='ocr_line' id='line_1_109' title="bbox 1401 2531 2387 2582; baseline -0.004 -11"><span class='ocrx_word' id='word_1_717' title='bbox 1401 2541 1559 2571; x_wconf 89' lang='lat' dir='ltr'>naturae</span> <span class='ocrx_word' id='word_1_718' title='bbox 1587 2545 1713 2582; x_wconf 90' lang='lat' dir='ltr'>neque</span> <span class='ocrx_word' id='word_1_719' title='bbox 1742 2540 1930 2581; x_wconf 89' lang='lat' dir='ltr'>quantum</span> <span class='ocrx_word' id='word_1_720' title='bbox 1958 2532 2007 2568; x_wconf 89' lang='lat' dir='ltr'>ad</span> <span class='ocrx_word' id='word_1_721' title='bbox 2035 2531 2210 2568; x_wconf 91' lang='lat' dir='ltr'>ordinem</span> <span class='ocrx_word' id='word_1_722' title='bbox 2237 2531 2387 2578; x_wconf 87' lang='lat' dir='ltr'>gratiae.</span> 
     </span>
    </p>

    <p class='ocr_par' dir='ltr' id='par_1_21' title="bbox 1400 2583 2456 3209">
     <span class='ocr_line' id='line_1_110' title="bbox 1454 2583 2455 2633; baseline -0.003 -10"><span class='ocrx_word' id='word_1_723' title='bbox 1454 2588 1511 2623; x_wconf 83' lang='lat' dir='ltr'>AD</span> <span class='ocrx_word' id='word_1_724' title='bbox 1538 2597 1696 2623; x_wconf 76' lang='lat' dir='ltr'>TERTIUM</span> <span class='ocrx_word' id='word_1_725' title='bbox 1731 2597 1911 2622; x_wconf 83' lang='lat' dir='ltr'>D1CENDUM</span> <span class='ocrx_word' id='word_1_726' title='bbox 1939 2584 2062 2633; x_wconf 91' lang='lat' dir='ltr'>quod,</span> <span class='ocrx_word' id='word_1_727' title='bbox 2093 2583 2188 2620; x_wconf 89' lang='lat' dir='ltr'>sicut</span> <span class='ocrx_word' id='word_1_728' title='bbox 2222 2583 2366 2620; x_wconf 91' lang='lat' dir='ltr'>dictum</span> <span class='ocrx_word' id='word_1_729' title='bbox 2401 2591 2455 2620; x_wconf 90' lang='lat' dir='ltr'>est</span> 
     </span>
     <span class='ocr_line' id='line_1_111' title="bbox 1401 2635 2454 2685; baseline -0.005 -9"><span class='ocrx_word' id='word_1_730' title='bbox 1401 2639 1440 2676; x_wconf 93' lang='lat' dir='ltr'>in</span> <span class='ocrx_word' id='word_1_731' title='bbox 1468 2639 1647 2676; x_wconf 90' lang='lat' dir='ltr'>Secunda</span> <span class='ocrx_word' id='word_1_732' title='bbox 1681 2639 1790 2675; x_wconf 90' lang='lat' dir='ltr'>Parte</span> <span class='ocrx_word' id='word_1_733' title='bbox 1809 2637 1838 2684; x_wconf 80' lang='lat'>*,</span> <span class='ocrx_word' id='word_1_734' title='bbox 1868 2637 1984 2685; x_wconf 89' lang='lat' dir='ltr'>gratia</span> <span class='ocrx_word' id='word_1_735' title='bbox 2010 2637 2212 2682; x_wconf 86' lang='lat' dir='ltr'>virtutum,</span> <span class='ocrx_word' id='word_1_736' title='bbox 2242 2648 2310 2672; x_wconf 92' lang='lat' dir='ltr'>seu</span> <span class='ocrx_word' id='word_1_737' title='bbox 2342 2635 2454 2672; x_wconf 89' lang='lat' dir='ltr'>mira-</span> 
     </span>
     <span class='ocr_line' id='line_1_112' title="bbox 1401 2688 2456 2738; baseline -0.004 -10"><span class='ocrx_word' id='word_1_738' title='bbox 1401 2693 1598 2738; x_wconf 91' lang='lat' dir='ltr'>culorum,</span> <span class='ocrx_word' id='word_1_739' title='bbox 1629 2691 1740 2728; x_wconf 90' lang='lat' dir='ltr'>datur</span> <span class='ocrx_word' id='word_1_740' title='bbox 1766 2689 1916 2727; x_wconf 90' lang='lat' dir='ltr'>animae</span> <span class='ocrx_word' id='word_1_741' title='bbox 1954 2689 2111 2726; x_wconf 89' lang='lat' dir='ltr'>alicuius</span> <span class='ocrx_word' id='word_1_742' title='bbox 2143 2688 2276 2735; x_wconf 89' lang='lat' dir='ltr'>sancti,</span> <span class='ocrx_word' id='word_1_743' title='bbox 2306 2700 2386 2725; x_wconf 91' lang='lat' dir='ltr'>non</span> <span class='ocrx_word' id='word_1_744' title='bbox 2414 2695 2456 2724; x_wconf 92' lang='lat' dir='ltr'>ut</span> 
     </span>
     <span class='ocr_line' id='line_1_113' title="bbox 1400 2740 2454 2793; baseline -0.005 -12"><span class='ocrx_word' id='word_1_745' title='bbox 1400 2744 1555 2793; x_wconf 88' lang='lat' dir='ltr'>propria</span> <span class='ocrx_word' id='word_1_746' title='bbox 1582 2743 1719 2780; x_wconf 88' lang='lat' dir='ltr'>virtute</span> <span class='ocrx_word' id='word_1_747' title='bbox 1748 2742 1830 2779; x_wconf 91' lang='lat' dir='ltr'>eius</span> <span class='ocrx_word' id='word_1_748' title='bbox 1844 2741 1868 2789; x_wconf 75' lang='lat'>⁰,</span> <span class='ocrx_word' id='word_1_749' title='bbox 1898 2742 1965 2779; x_wconf 90' lang='lat' dir='ltr'>sed</span> <span class='ocrx_word' id='word_1_750' title='bbox 1992 2750 2034 2778; x_wconf 89' lang='lat' dir='ltr'>ut</span> <span class='ocrx_word' id='word_1_751' title='bbox 2060 2754 2129 2791; x_wconf 93' lang='lat' dir='ltr'>per</span> <span class='ocrx_word' id='word_1_752' title='bbox 2155 2741 2332 2778; x_wconf 89' lang='lat' dir='ltr'>virtutem</span> <span class='ocrx_word' id='word_1_753' title='bbox 2361 2740 2454 2777; x_wconf 91' lang='lat' dir='ltr'>divi-</span> 
     </span>
     <span class='ocr_line' id='line_1_114' title="bbox 1400 2793 2455 2842; baseline -0.005 -8"><span class='ocrx_word' id='word_1_754' title='bbox 1400 2809 1491 2834; x_wconf 89' lang='lat' dir='ltr'>nam</span> <span class='ocrx_word' id='word_1_755' title='bbox 1520 2795 1743 2833; x_wconf 91' lang='lat' dir='ltr'>huiusmodi</span> <span class='ocrx_word' id='word_1_756' title='bbox 1770 2795 1953 2832; x_wconf 89' lang='lat' dir='ltr'>miracula</span> <span class='ocrx_word' id='word_1_757' title='bbox 1979 2794 2082 2831; x_wconf 91' lang='lat' dir='ltr'>fiant.</span> <span class='ocrx_word' id='word_1_758' title='bbox 2112 2795 2159 2830; x_wconf 91' lang='lat' dir='ltr'>Et</span> <span class='ocrx_word' id='word_1_759' title='bbox 2183 2795 2278 2830; x_wconf 88' lang='lat' dir='ltr'>haec</span> <span class='ocrx_word' id='word_1_760' title='bbox 2296 2793 2455 2842; x_wconf 91' lang='lat' dir='ltr'>quidem</span> 
     </span>
     <span class='ocr_line' id='line_1_115' title="bbox 1400 2845 2452 2898; baseline -0.006 -11"><span class='ocrx_word' id='word_1_761' title='bbox 1400 2850 1516 2898; x_wconf 89' lang='lat' dir='ltr'>gratia</span> <span class='ocrx_word' id='word_1_762' title='bbox 1553 2847 1861 2885; x_wconf 91' lang='lat' dir='ltr'>excellentissime</span> <span class='ocrx_word' id='word_1_763' title='bbox 1899 2847 1986 2884; x_wconf 89' lang='lat' dir='ltr'>data</span> <span class='ocrx_word' id='word_1_764' title='bbox 2022 2854 2077 2883; x_wconf 90' lang='lat' dir='ltr'>est</span> <span class='ocrx_word' id='word_1_765' title='bbox 2108 2846 2256 2883; x_wconf 90' lang='lat' dir='ltr'>animae</span> <span class='ocrx_word' id='word_1_766' title='bbox 2295 2845 2452 2882; x_wconf 88' lang='lat' dir='ltr'>Christi:</span> 
     </span>
     <span class='ocr_line' id='line_1_116' title="bbox 1401 2897 2454 2948; baseline -0.005 -9"><span class='ocrx_word' id='word_1_767' title='bbox 1401 2910 1443 2939; x_wconf 92' lang='lat' dir='ltr'>ut</span> <span class='ocrx_word' id='word_1_768' title='bbox 1471 2901 1609 2938; x_wconf 92' lang='lat' dir='ltr'>scilicet</span> <span class='ocrx_word' id='word_1_769' title='bbox 1637 2912 1715 2937; x_wconf 92' lang='lat' dir='ltr'>non</span> <span class='ocrx_word' id='word_1_770' title='bbox 1744 2901 1870 2936; x_wconf 90' lang='lat' dir='ltr'>solum</span> <span class='ocrx_word' id='word_1_771' title='bbox 1897 2899 1977 2948; x_wconf 89' lang='lat' dir='ltr'>ipse</span> <span class='ocrx_word' id='word_1_772' title='bbox 2005 2898 2187 2935; x_wconf 90' lang='lat' dir='ltr'>miracula</span> <span class='ocrx_word' id='word_1_773' title='bbox 2213 2899 2365 2944; x_wconf 86' lang='lat' dir='ltr'>faceret,</span> <span class='ocrx_word' id='word_1_774' title='bbox 2386 2897 2454 2934; x_wconf 90' lang='lat' dir='ltr'>sed</span> 
     </span>
     <span class='ocr_line' id='line_1_117' title="bbox 1402 2950 2453 3000; baseline -0.005 -8"><span class='ocrx_word' id='word_1_775' title='bbox 1402 2955 1516 2992; x_wconf 86' lang='lat' dir='ltr'>etiam</span> <span class='ocrx_word' id='word_1_776' title='bbox 1543 2955 1644 2991; x_wconf 89' lang='lat' dir='ltr'>hanc</span> <span class='ocrx_word' id='word_1_777' title='bbox 1661 2952 1820 3000; x_wconf 88' lang='lat' dir='ltr'>gratiam</span> <span class='ocrx_word' id='word_1_778' title='bbox 1846 2952 1885 2988; x_wconf 91' lang='lat' dir='ltr'>in</span> <span class='ocrx_word' id='word_1_779' title='bbox 1913 2951 2005 2988; x_wconf 91' lang='lat' dir='ltr'>alios</span> <span class='ocrx_word' id='word_1_780' title='bbox 2029 2950 2314 2988; x_wconf 88' lang='lat' dir='ltr'>transfunderet.</span> <span class='ocrx_word' id='word_1_781' title='bbox 2343 2951 2453 2988; x_wconf 92' lang='lat' dir='ltr'>Unde</span> 
     </span>
     <span class='ocr_line' id='line_1_118' title="bbox 1402 3003 2454 3053; baseline -0.005 -9"><span class='ocrx_word' id='word_1_782' title='bbox 1402 3007 1548 3053; x_wconf 87' lang='lat' dir='ltr'>dicitur,</span> <span class='ocrx_word' id='word_1_783' title='bbox 1577 3006 1710 3042; x_wconf 91' lang='lat' dir='ltr'>Matth.</span> <span class='ocrx_word' id='word_1_784' title='bbox 1731 3017 1754 3041; x_wconf 86' lang='lat' dir='ltr'>x</span> <span class='ocrx_word' id='word_1_785' title='bbox 1771 3004 1802 3050; x_wconf 75' lang='lat'>³¹⁶,</span> <span class='ocrx_word' id='word_1_786' title='bbox 1831 3004 1948 3052; x_wconf 91' lang='lat' dir='ltr'>quod,</span> <span class='ocrx_word' id='word_1_787' title='bbox 1969 3005 2176 3040; x_wconf 82' lang='lat' dir='ltr'>convocatis</span> <span class='ocrx_word' id='word_1_788' title='bbox 2194 3003 2385 3040; x_wconf 86' lang='lat' dir='ltr'>duodecim</span> <span class='ocrx_word' id='word_1_789' title='bbox 2404 3003 2454 3039; x_wconf 83' lang='lat' dir='ltr'>di-</span> 
     </span>
     <span class='ocr_line' id='line_1_119' title="bbox 1400 3055 2454 3108; baseline -0.004 -12"><span class='ocrx_word' id='word_1_790' title='bbox 1400 3059 1557 3108; x_wconf 81' lang='lat' dir='ltr'>scipulis,</span> <span class='ocrx_word' id='word_1_791' title='bbox 1587 3058 1682 3094; x_wconf 83' lang='lat' dir='ltr'>dedit</span> <span class='ocrx_word' id='word_1_792' title='bbox 1708 3057 1777 3093; x_wconf 82' lang='lat' dir='ltr'>illis</span> <span class='ocrx_word' id='word_1_793' title='bbox 1798 3062 2011 3105; x_wconf 80' lang='lat' dir='ltr'>potestatem</span> <span class='ocrx_word' id='word_1_794' title='bbox 2038 3057 2230 3106; x_wconf 82' lang='lat' dir='ltr'>spirituum</span> <span class='ocrx_word' id='word_1_795' title='bbox 2249 3055 2454 3092; x_wconf 86' lang='lat' dir='ltr'>immundo-</span> 
     </span>
     <span class='ocr_line' id='line_1_120' title="bbox 1403 3108 2454 3157; baseline -0.004 -9"><span class='ocrx_word' id='word_1_796' title='bbox 1403 3124 1497 3157; x_wconf 88' lang='lat' dir='ltr'>rum,</span> <span class='ocrx_word' id='word_1_797' title='bbox 1519 3117 1556 3147; x_wconf 88' lang='lat' dir='ltr'>ut</span> <span class='ocrx_word' id='word_1_798' title='bbox 1583 3111 1752 3146; x_wconf 86' lang='lat' dir='ltr'>eiicerent</span> <span class='ocrx_word' id='word_1_799' title='bbox 1779 3121 1858 3153; x_wconf 87' lang='lat' dir='ltr'>eos,·</span> <span class='ocrx_word' id='word_1_800' title='bbox 1885 3114 1919 3145; x_wconf 88' lang='lat' dir='ltr'>et</span> <span class='ocrx_word' id='word_1_801' title='bbox 1936 3114 2110 3145; x_wconf 84' lang='lat' dir='ltr'>curarent</span> <span class='ocrx_word' id='word_1_802' title='bbox 2128 3120 2274 3145; x_wconf 87' lang='lat' dir='ltr'>omnem</span> <span class='ocrx_word' id='word_1_803' title='bbox 2298 3108 2454 3157; x_wconf 79' lang='lat' dir='ltr'>languo-</span> 
     </span>
     <span class='ocr_line' id='line_1_121' title="bbox 1403 3163 2004 3209; baseline -0.007 -8"><span class='ocrx_word' id='word_1_804' title='bbox 1403 3176 1481 3201; x_wconf 86' lang='lat' dir='ltr'>rem</span> <span class='ocrx_word' id='word_1_805' title='bbox 1509 3169 1543 3199; x_wconf 88' lang='lat' dir='ltr'>et</span> <span class='ocrx_word' id='word_1_806' title='bbox 1569 3174 1716 3199; x_wconf 90' lang='lat' dir='ltr'>omnem</span> <span class='ocrx_word' id='word_1_807' title='bbox 1745 3163 2004 3209; x_wconf 87' lang='lat' dir='ltr'>infirmitatem.</span> 
     </span>
    </p>
   </div>
   <div class='ocr_carea' id='block_1_11' title="bbox 1398 3327 2455 3502">
    <p class='ocr_par' dir='ltr' id='par_1_22' title="bbox 1452 3327 2051 3358">
     <span class='ocr_line' id='line_1_122' title="bbox 1452 3327 2051 3358; baseline 0 -6"><span class='ocrx_word' id='word_1_808' title='bbox 1452 3327 1475 3358; x_wconf 83' lang='grc' dir='ltr'>ε)</span> <span class='ocrx_word' id='word_1_809' title='bbox 1493 3328 1722 3353; x_wconf 80' lang='lat' dir='ltr'>resurrectionem.</span> <span class='ocrx_word' id='word_1_810' title='bbox 1739 3341 1759 3346; x_wconf 89' lang='lat'><em>-</em></span> <span class='ocrx_word' id='word_1_811' title='bbox 1776 3331 1863 3352; x_wconf 87' lang='lat' dir='ltr'>tamen</span> <span class='ocrx_word' id='word_1_812' title='bbox 1883 3328 1953 3352; x_wconf 84' lang='lat' dir='ltr'>addit</span> <span class='ocrx_word' id='word_1_813' title='bbox 1970 3328 2051 3353; x_wconf 80' lang='lat' dir='ltr'>tertia.</span> 
     </span>
    </p>

    <p class='ocr_par' dir='ltr' id='par_1_23' title="bbox 1398 3359 2455 3430">
     <span class='ocr_line' id='line_1_123' title="bbox 1451 3359 2455 3396; baseline -0.003 -8"><span class='ocrx_word' id='word_1_814' title='bbox 1451 3359 1477 3396; x_wconf 74' lang='grc' dir='ltr'>ζ’)</span> <span class='ocrx_word' id='word_1_815' title='bbox 1491 3366 1652 3395; x_wconf 76' lang='lat' dir='ltr'>potestatem</span> <span class='ocrx_word' id='word_1_816' title='bbox 1677 3370 1732 3388; x_wconf 80' lang='lat' dir='ltr'>esse</span> <span class='ocrx_word' id='word_1_817' title='bbox 1755 3363 1857 3389; x_wconf 83' lang='lat' dir='ltr'>datam.</span> <span class='ocrx_word' id='word_1_818' title='bbox 1874 3377 1893 3382; x_wconf 94' lang='lat'><em>-</em></span> <span class='ocrx_word' id='word_1_819' title='bbox 1907 3365 2067 3395; x_wconf 77' lang='lat' dir='ltr'>potestatem</span> <span class='ocrx_word' id='word_1_820' title='bbox 2090 3363 2182 3387; x_wconf 83' lang='lat' dir='ltr'>datam</span> <span class='ocrx_word' id='word_1_821' title='bbox 2202 3362 2245 3392; x_wconf 89' lang='lat' dir='ltr'>Gl,</span> <span class='ocrx_word' id='word_1_822' title='bbox 2267 3362 2357 3386; x_wconf 84' lang='lat' dir='ltr'>datam</span> <span class='ocrx_word' id='word_1_823' title='bbox 2378 3363 2455 3393; x_wconf 78' lang='lat' dir='ltr'>pote-</span> 
     </span>
     <span class='ocr_line' id='line_1_124' title="bbox 1398 3398 2044 3430; baseline 0 -7"><span class='ocrx_word' id='word_1_824' title='bbox 1398 3402 1494 3424; x_wconf 80' lang='lat' dir='ltr'>statem</span> <span class='ocrx_word' id='word_1_825' title='bbox 1514 3399 1576 3427; x_wconf 83' lang='lat' dir='ltr'>Hbc,</span> <span class='ocrx_word' id='word_1_826' title='bbox 1596 3398 1688 3424; x_wconf 80' lang='lat' dir='ltr'>datam</span> <span class='ocrx_word' id='word_1_827' title='bbox 1707 3405 1810 3423; x_wconf 86' lang='lat' dir='ltr'>omnem</span> <span class='ocrx_word' id='word_1_828' title='bbox 1824 3401 1984 3430; x_wconf 81' lang='lat' dir='ltr'>potestatem</span> <span class='ocrx_word' id='word_1_829' title='bbox 2005 3398 2044 3423; x_wconf 79' lang='lat' dir='ltr'>P.-</span> 
     </span>
    </p>

    <p class='ocr_par' dir='ltr' id='par_1_24' title="bbox 1453 3433 1856 3467">
     <span class='ocr_line' id='line_1_125' title="bbox 1453 3433 1856 3467; baseline 0 -9"><span class='ocrx_word' id='word_1_830' title='bbox 1453 3437 1479 3467; x_wconf 77' lang='grc' dir='ltr'>η)</span> <span class='ocrx_word' id='word_1_831' title='bbox 1497 3437 1692 3458; x_wconf 85' lang='lat' dir='ltr'>creaturarum.</span> <span class='ocrx_word' id='word_1_832' title='bbox 1710 3447 1730 3452; x_wconf 85' lang='lat'>-</span> <span class='ocrx_word' id='word_1_833' title='bbox 1748 3433 1808 3459; x_wconf 90' lang='lat' dir='ltr'>Om.</span> <span class='ocrx_word' id='word_1_834' title='bbox 1828 3433 1856 3458; x_wconf 83' lang='lat' dir='ltr'>P.</span> 
     </span>
    </p>

    <p class='ocr_par' dir='ltr' id='par_1_25' title="bbox 1451 3467 2114 3502">
     <span class='ocr_line' id='line_1_126' title="bbox 1451 3467 2114 3502; baseline -0.002 -9"><span class='ocrx_word' id='word_1_835' title='bbox 1451 3467 1476 3502; x_wconf 85' lang='lat'>0)</span> <span class='ocrx_word' id='word_1_836' title='bbox 1495 3469 1558 3494; x_wconf 85' lang='lat' dir='ltr'>eius.</span> <span class='ocrx_word' id='word_1_837' title='bbox 1576 3483 1595 3487; x_wconf 98' lang='lat'><em>-</em></span> <span class='ocrx_word' id='word_1_838' title='bbox 1612 3469 1637 3493; x_wconf 80' lang='lat' dir='ltr'>ei</span> <span class='ocrx_word' id='word_1_839' title='bbox 1654 3468 1793 3494; x_wconf 80' lang='lat' dir='ltr'>conveniat</span> <span class='ocrx_word' id='word_1_840' title='bbox 1811 3469 1940 3494; x_wconf 84' lang='lat' dir='ltr'>miracula</span> <span class='ocrx_word' id='word_1_841' title='bbox 1953 3468 2047 3502; x_wconf 84' lang='lat' dir='ltr'>facere</span> <span class='ocrx_word' id='word_1_842' title='bbox 2065 3468 2114 3493; x_wconf 82' lang='lat' dir='ltr'>PF.</span> 
     </span>
    </p>
   </div>
   <div class='ocr_carea' id='block_1_12' title="bbox 2488 650 2699 703">
    <p class='ocr_par' dir='ltr' id='par_1_26' title="bbox 2488 650 2699 703">
     <span class='ocr_line' id='line_1_127' title="bbox 2490 650 2699 679; baseline 0.01 -8"><span class='ocrx_word' id='word_1_843' title='bbox 2490 653 2498 660; x_wconf 87' lang='grc'><em>·</em></span> <span class='ocrx_word' id='word_1_844' title='bbox 2505 650 2540 672; x_wconf 75' lang='lat' dir='ltr'>Ad</span> <span class='ocrx_word' id='word_1_845' title='bbox 2546 650 2637 678; x_wconf 71' lang='lat' dir='ltr'>Ephes„</span> <span class='ocrx_word' id='word_1_846' title='bbox 2647 657 2699 679; x_wconf 82' lang='lat' dir='ltr'>cap.</span> 
     </span>
     <span class='ocr_line' id='line_1_128' title="bbox 2488 683 2629 703; baseline 0.007 -5"><span class='ocrx_word' id='word_1_847' title='bbox 2488 683 2504 703; x_wconf 81' lang='grc' dir='ltr'>ι,</span> <span class='ocrx_word' id='word_1_848' title='bbox 2519 683 2578 698; x_wconf 77' lang='lat' dir='ltr'>vers.</span> <span class='ocrx_word' id='word_1_849' title='bbox 2595 684 2629 699; x_wconf 83' lang='grc' dir='ltr'>ιο.</span> 
     </span>
    </p>
   </div>
   <div class='ocr_carea' id='block_1_13' title="bbox 2488 913 2670 942">
    <p class='ocr_par' dir='ltr' id='par_1_27' title="bbox 2488 913 2670 942">
     <span class='ocr_line' id='line_1_129' title="bbox 2488 913 2670 942; baseline 0.005 -8"><span class='ocrx_word' id='word_1_850' title='bbox 2488 915 2496 924; x_wconf 79' lang='grc'><em>’</em></span> <span class='ocrx_word' id='word_1_851' title='bbox 2513 913 2539 934; x_wconf 91' lang='lat' dir='ltr'>D.</span> <span class='ocrx_word' id='word_1_852' title='bbox 2554 919 2603 941; x_wconf 75' lang='lat'>219,</span> <span class='ocrx_word' id='word_1_853' title='bbox 2618 913 2670 942; x_wconf 84' lang='lat'>896.</span> 
     </span>
    </p>
   </div>
   <div class='ocr_carea' id='block_1_14' title="bbox 2486 1227 2696 1358">
    <p class='ocr_par' dir='ltr' id='par_1_28' title="bbox 2486 1227 2696 1358">
     <span class='ocr_line' id='line_1_130' title="bbox 2487 1227 2695 1255; baseline 0.01 -8"><span class='ocrx_word' id='word_1_854' title='bbox 2487 1228 2496 1236; x_wconf 79' lang='lat'>⁵</span> <span class='ocrx_word' id='word_1_855' title='bbox 2510 1227 2633 1248; x_wconf 81' lang='lat' dir='ltr'>Comment.</span> <span class='ocrx_word' id='word_1_856' title='bbox 2645 1233 2695 1255; x_wconf 76' lang='lat' dir='ltr'>sup.</span> 
     </span>
     <span class='ocr_line' id='line_1_131' title="bbox 2486 1253 2696 1280; baseline 0.005 -6"><span class='ocrx_word' id='word_1_857' title='bbox 2486 1253 2696 1280; x_wconf 77' lang='lat' dir='ltr'>Matth.,lib.1v‚ad</span> 
     </span>
     <span class='ocr_line' id='line_1_132' title="bbox 2486 1279 2695 1307; baseline 0.005 -7"><span class='ocrx_word' id='word_1_858' title='bbox 2486 1280 2530 1300; x_wconf 89' lang='lat' dir='ltr'>loc.</span> <span class='ocrx_word' id='word_1_859' title='bbox 2545 1280 2583 1300; x_wconf 83' lang='lat' dir='ltr'>cit.</span> <span class='ocrx_word' id='word_1_860' title='bbox 2598 1279 2621 1301; x_wconf 88' lang='lat' dir='ltr'>in</span> <span class='ocrx_word' id='word_1_861' title='bbox 2636 1286 2695 1307; x_wconf 83' lang='lat' dir='ltr'>arg.;</span> 
     </span>
     <span class='ocr_line' id='line_1_133' title="bbox 2487 1305 2695 1328; baseline 0.01 -2"><span class='ocrx_word' id='word_1_862' title='bbox 2487 1305 2558 1327; x_wconf 78' lang='lat' dir='ltr'>Hilar.</span> <span class='ocrx_word' id='word_1_863' title='bbox 2572 1305 2597 1327; x_wconf 82' lang='lat' dir='ltr'>In</span> <span class='ocrx_word' id='word_1_864' title='bbox 2611 1305 2695 1328; x_wconf 80' lang='lat' dir='ltr'>Matth.</span> 
     </span>
     <span class='ocr_line' id='line_1_134' title="bbox 2487 1337 2629 1358; baseline 0.007 -6"><span class='ocrx_word' id='word_1_865' title='bbox 2487 1337 2537 1358; x_wconf 85' lang='lat' dir='ltr'>cap.</span> <span class='ocrx_word' id='word_1_866' title='bbox 2552 1338 2629 1353; x_wconf 79' lang='lat' dir='ltr'>xxxin.</span> 
     </span>
    </p>
   </div>
   <div class='ocr_carea' id='block_1_15' title="bbox 2584 1380 2597 1405">
    <p class='ocr_par' dir='ltr' id='par_1_29' title="bbox 2584 1380 2597 1405">
     <span class='ocr_line' id='line_1_135' title="bbox 2584 1380 2597 1405; baseline 0 0"><span class='ocrx_word' id='word_1_867' title='bbox 2584 1380 2597 1405; x_wconf 75' lang='grc' dir='ltr'>ὃ</span> 
     </span>
    </p>
   </div>
   <div class='ocr_carea' id='block_1_16' title="bbox 2486 1484 2696 1532">
    <p class='ocr_par' dir='ltr' id='par_1_30' title="bbox 2486 1484 2696 1532">
     <span class='ocr_line' id='line_1_136' title="bbox 2487 1484 2696 1511; baseline 0.005 -6"><span class='ocrx_word' id='word_1_868' title='bbox 2487 1484 2496 1493; x_wconf 82' lang='grc'><em>·</em></span> <span class='ocrx_word' id='word_1_869' title='bbox 2513 1484 2562 1505; x_wconf 85' lang='lat' dir='ltr'>Art.</span> <span class='ocrx_word' id='word_1_870' title='bbox 2583 1485 2696 1511; x_wconf 57' lang='lat' dir='ltr'>praeced,</span> 
     </span>
     <span class='ocr_line' id='line_1_137' title="bbox 2486 1510 2548 1532; baseline 0.032 -2"><span class='ocrx_word' id='word_1_871' title='bbox 2486 1510 2513 1530; x_wconf 82' lang='lat' dir='ltr'>ad</span> <span class='ocrx_word' id='word_1_872' title='bbox 2531 1518 2548 1532; x_wconf 80' lang='grc' dir='ltr'>ι.</span> 
     </span>
    </p>
   </div>
   <div class='ocr_carea' id='block_1_17' title="bbox 2585 1600 2595 1616">
    <p class='ocr_par' dir='ltr' id='par_1_31' title="bbox 2585 1600 2595 1616">
     <span class='ocr_line' id='line_1_138' title="bbox 2585 1600 2595 1616; baseline 0 0"><span class='ocrx_word' id='word_1_873' title='bbox 2585 1600 2595 1616; x_wconf 80' lang='grc' dir='ltr'>Ε</span> 
     </span>
    </p>
   </div>
   <div class='ocr_carea' id='block_1_18' title="bbox 2484 1637 2697 1825">
    <p class='ocr_par' dir='ltr' id='par_1_32' title="bbox 2484 1637 2696 1712">
     <span class='ocr_line' id='line_1_139' title="bbox 2486 1637 2696 1660; baseline 0 -1"><span class='ocrx_word' id='word_1_874' title='bbox 2486 1637 2696 1660; x_wconf 78' lang='lat' dir='ltr'>&#39;cf.s.·rh.Caten.</span> 
     </span>
     <span class='ocr_line' id='line_1_140' title="bbox 2484 1663 2695 1690; baseline 0 -5"><span class='ocrx_word' id='word_1_875' title='bbox 2484 1665 2541 1685; x_wconf 80' lang='lat' dir='ltr'>Aur.</span> <span class='ocrx_word' id='word_1_876' title='bbox 2560 1664 2584 1685; x_wconf 86' lang='lat' dir='ltr'>in</span> <span class='ocrx_word' id='word_1_877' title='bbox 2598 1663 2695 1690; x_wconf 81' lang='lat' dir='ltr'>Matth.,</span> 
     </span>
     <span class='ocr_line' id='line_1_141' title="bbox 2484 1690 2583 1712; baseline 0.02 -2"><span class='ocrx_word' id='word_1_878' title='bbox 2484 1691 2528 1711; x_wconf 86' lang='lat' dir='ltr'>loc.</span> <span class='ocrx_word' id='word_1_879' title='bbox 2545 1690 2583 1712; x_wconf 81' lang='lat' dir='ltr'>cit.</span> 
     </span>
    </p>

    <p class='ocr_par' dir='ltr' id='par_1_33' title="bbox 2485 1716 2697 1825">
     <span class='ocr_line' id='line_1_142' title="bbox 2485 1716 2696 1747; baseline -0.005 -9"><span class='ocrx_word' id='word_1_880' title='bbox 2485 1718 2494 1728; x_wconf 78' lang='lat'>⁸</span> <span class='ocrx_word' id='word_1_881' title='bbox 2503 1717 2563 1747; x_wconf 54' lang='lat' dir='ltr'>Hug,</span> <span class='ocrx_word' id='word_1_882' title='bbox 2571 1723 2584 1737; x_wconf 81' lang='lat' dir='ltr'>a</span> <span class='ocrx_word' id='word_1_883' title='bbox 2594 1716 2696 1741; x_wconf 65' lang='lat' dir='ltr'>svm,</span> 
     </span>
     <span class='ocr_line' id='line_1_143' title="bbox 2485 1742 2697 1825; baseline 0 -35"><span class='ocrx_word' id='word_1_884' title='bbox 2485 1742 2648 1825; x_wconf 39' lang='lat' dir='ltr'>sstiiabsszffl</span> <span class='ocrx_word' id='word_1_885' title='bbox 2663 1742 2697 1790; x_wconf 51' lang='lat' dir='ltr'>:ax‘i</span> 
     </span>
    </p>
   </div>
   <div class='ocr_carea' id='block_1_19' title="bbox 2486 2012 2597 2040">
    <p class='ocr_par' dir='ltr' id='par_1_34' title="bbox 2486 2012 2597 2040">
     <span class='ocr_line' id='line_1_144' title="bbox 2486 2012 2597 2040; baseline 0.018 -8"><span class='ocrx_word' id='word_1_886' title='bbox 2486 2013 2494 2022; x_wconf 84' lang='grc'><strong>’</strong></span> <span class='ocrx_word' id='word_1_887' title='bbox 2510 2012 2538 2033; x_wconf 84' lang='lat' dir='ltr'>D.</span> <span class='ocrx_word' id='word_1_888' title='bbox 2554 2018 2597 2040; x_wconf 76' lang='lat'>¹5²-</span> 
     </span>
    </p>
   </div>
   <div class='ocr_carea' id='block_1_20' title="bbox 2481 2640 2691 2668">
    <p class='ocr_par' dir='ltr' id='par_1_35' title="bbox 2481 2640 2691 2668">
     <span class='ocr_line' id='line_1_145' title="bbox 2481 2640 2691 2668; baseline 0.005 -7"><span class='ocrx_word' id='word_1_889' title='bbox 2481 2641 2491 2650; x_wconf 75' lang='lat'>⁸</span> <span class='ocrx_word' id='word_1_890' title='bbox 2515 2640 2548 2661; x_wconf 72' lang='lat'>11³</span> <span class='ocrx_word' id='word_1_891' title='bbox 2571 2640 2628 2666; x_wconf 69' lang='lat'>11²²,</span> <span class='ocrx_word' id='word_1_892' title='bbox 2652 2646 2691 2668; x_wconf 89' lang='lat' dir='ltr'>qu.</span> 
     </span>
    </p>
   </div>
   <div class='ocr_carea' id='block_1_21' title="bbox 2481 2670 2692 2714">
    <p class='ocr_par' dir='ltr' id='par_1_36' title="bbox 2481 2670 2692 2714">
     <span class='ocr_line' id='line_1_146' title="bbox 2481 2670 2692 2693; baseline 0.005 -6"><span class='ocrx_word' id='word_1_893' title='bbox 2481 2672 2594 2693; x_wconf 60' lang='lat' dir='ltr'>cnxxvm,</span> <span class='ocrx_word' id='word_1_894' title='bbox 2614 2670 2656 2688; x_wconf 62' lang='lat' dir='ltr'>art,</span> <span class='ocrx_word' id='word_1_895' title='bbox 2673 2674 2692 2693; x_wconf 71' lang='grc' dir='ltr'>ι,</span> 
     </span>
     <span class='ocr_line' id='line_1_147' title="bbox 2481 2695 2543 2714; baseline -0.016 0"><span class='ocrx_word' id='word_1_896' title='bbox 2481 2695 2510 2714; x_wconf 76' lang='lat' dir='ltr'>ad</span> <span class='ocrx_word' id='word_1_897' title='bbox 2526 2700 2543 2714; x_wconf 70' lang='grc' dir='ltr'>ι.</span> 
     </span>
    </p>
   </div>
   <div class='ocr_carea' id='block_1_22' title="bbox 2578 2746 2591 2771">
    <p class='ocr_par' dir='ltr' id='par_1_37' title="bbox 2578 2746 2591 2771">
     <span class='ocr_line' id='line_1_148' title="bbox 2578 2746 2591 2771; baseline 0 0"><span class='ocrx_word' id='word_1_898' title='bbox 2578 2746 2591 2771; x_wconf 88' lang='grc'><strong>0</strong></span> 
     </span>
    </p>
   </div>
   <div class='ocr_carea' id='block_1_23' title="bbox 2481 3006 2606 3029">
    <p class='ocr_par' dir='ltr' id='par_1_38' title="bbox 2481 3006 2606 3029">
     <span class='ocr_line' id='line_1_149' title="bbox 2481 3006 2606 3029; baseline 0 0"><span class='ocrx_word' id='word_1_899' title='bbox 2481 3008 2490 3017; x_wconf 84' lang='grc'><em>·</em></span> <span class='ocrx_word' id='word_1_900' title='bbox 2504 3006 2571 3029; x_wconf 80' lang='lat' dir='ltr'>Vers.</span> <span class='ocrx_word' id='word_1_901' title='bbox 2588 3014 2606 3029; x_wconf 79' lang='grc' dir='ltr'>ι.</span> 
     </span>
    </p>
   </div>
  </div>
 </body>
</html>
