2872 3970
222 1660 231 1669 ⁸
249 1659 298 1679 Art.
315 1663 336 1685 9,
357 1657 428 1678 Com-

220 1688 289 1706 ment,
307 1689 368 1705 num.
384 1689 414 1704 ιν.

221 2679 231 2688 ¹
246 2678 310 2700 versi
325 2684 356 2705 ²5-

223 2836 231 2844 ·
248 2834 313 2856 Vera.
331 2835 352 2856 6.
369 2847 379 2852 ·
394 2837 429 2858 Ct‘.

222 2860 290 2882 Marc.
323 2867 372 2889 cap.
401 2869 429 2889 ιι,

223 2893 281 2908 vers.
308 2894 346 2912 10:
375 2888 429 2910 anr

223 2919 272 2940 cap.
288 2920 310 2939 v,
325 2920 381 2935 vers.
394 2921 429 2941 2⁴·

458 304 532 340 216

455 392 547 419 vera,
572 390 602 413 et
626 384 886 423 sua‘praeiacens
910 382 1001 413 falsa:
1034 382 1178 422 quamvis
1208 380 1322 411 Scotus
1353 380 1517 410 subsumat

458 427 498 457 de
520 427 582 463 illa,
609 427 764 462 Christus,
783 428 971 468 inquantum
986 426 1091 462 homo,
1111 430 1158 456 est
1173 429 1333 460 creatura,
1358 423 1516 463 quia-ipse

457 476 545 501 tenet
566 471 651 501 illius
674 471 906 511 praeiacentem
931 479 998 501 esse
1021 469 1140 500 falsam.

513 515 565 544 IV.
590 514 641 545 Ad
664 515 742 545 haec
765 515 879 545 dicitur
902 513 1087 544 sustinendo
1112 514 1206 543 etiam
1229 513 1311 543 hanc
1327 520 1394 541 esse
1410 519 1517 541 veram

458 564 489 589 et
512 559 640 599 proprie
663 558 931 598 reduplicafivam,
951 557 1105 592 Christus,
1121 556 1295 587 secundum
1309 555 1396 596 quod
1411 555 1516 590 homo,

459 603 598 643 incoepit
619 610 705 633 esse:
728 603 770 632 ita
792 608 899 633 tamen
923 601 1012 642 quod
1030 610 1097 631 non
1113 600 1167 630 fiat
1183 599 1349 630 difficultas
1372 599 1454 629 circa
1469 599 1516 628 in-

459 647 665 687 coeptionem
689 645 823 682 essendi,
847 656 887 676 an
910 655 967 686 per
990 655 1023 675 se
1047 645 1214 675 conveniat
1237 643 1378 679 homini,
1403 652 1442 672 an
1466 651 1517 672 so-

458 690 526 721 lum
551 690 590 720 de
613 690 707 726 facto,
732 690 806 730 quia
828 699 896 720 non
920 695 966 719 est
989 689 1027 718 ab
1048 694 1193 724 aetern0;
1218 687 1373 728 quoniam
1389 685 1428 716 ad
1442 695 1518 726 pro-

458 734 600 774 positum
623 744 690 764 non
713 733 816 764 refert.
840 734 881 763 Et
903 738 1081 773 propterea,
1106 732 1273 772 supposito
1298 729 1387 770 quod
1409 739 1466 770 per
1484 739 1517 760 se

459 778 627 808 conveniat
642 783 772 807 naturae
791 778 949 807 humanae
972 777 1111 816 incipere
1128 785 1205 811 esse,
1222 775 1303 805 sicut
1317 783 1375 814 per
1390 783 1423 804 se
1440 782 1517 804 con—

457 822 544 852 venit
567 822 596 851 ei
613 831 680 852 esse
696 826 880 856 creaturam,
905 820 1019 851 dicitur
1035 819 1123 859 quod
1139 820 1242 849 maior
1257 819 1345 849 Scoti
1365 823 1412 848 est
1427 827 1516 848 vera:

458 865 513 895 sed
535 866 642 895 minor
664 865 767 900 tacita,
791 865 920 899 scilicet,
945 864 1007 894 Sed
1030 864 1120 894 nulla
1145 862 1356 903 reduplicatio
1381 861 1465 892 tollit
1480 861 1518 892 il-

458 910 523 939 lam
547 909 804 950 repugnantiam,
829 913 875 938 est
898 907 983 937 falsa.
1009 907 1049 937 Et
1071 907 1111 937 ad
1126 907 1210 937 illius
1226 907 1449 947 probationem
1466 915 1519 936 ex-

457 962 607 992 pressam,
625 953 699 992 quia
715 952 834 982 scilicet
849 951 1058 991 reduplicatio
1074 960 1141 981 non
1157 951 1273 981 minuit
1289 956 1480 980 extremum:
1497 967 1518 973 -

457 997 482 1026 si
506 997 633 1036 proprie
657 996 821 1035 loquimur
844 995 883 1026 de
900 995 1084 1025 conditione
1101 994 1308 1031 diminuente‚
1332 993 1519 1024 conceditur

456 1045 561 1070 totum
582 1039 671 1080 quod
687 1039 865 1075 assumitur,
878 1039 933 1069 sed
949 1044 1082 1079 negatur
1097 1039 1243 1079 sequela:
1269 1038 1424 1079 quoniam
1441 1047 1518 1068 con-

457 1083 535 1114 ditio
552 1083 733 1114 diminuens
749 1084 831 1114 tollit
847 1084 1019 1114 terminum
1036 1092 1134 1122 quem
1150 1083 1308 1119 diminuit,
1325 1083 1407 1113 sicut
1421 1082 1517 1112 homo

457 1128 489 1157 in
507 1128 654 1167 potentia
669 1137 738 1158 non
754 1133 800 1158 est
815 1128 920 1162 homo,
946 1133 978 1157 et
991 1127 1086 1157 homo
1103 1132 1250 1158 mortuus
1265 1136 1332 1158 non
1349 1132 1395 1157 est
1410 1127 1516 1157 homo.

457 1171 591 1202 Constat
611 1172 696 1202 enim
720 1171 809 1212 quod
832 1171 1039 1211 reduplicatio
1057 1172 1188 1201 extremi
1203 1181 1271 1201 non
1286 1170 1369 1201 tollit
1384 1170 1472 1201 illud.
1495 1189 1519 1193 -

457 1214 519 1246 Sed
535 1216 560 1246 si
576 1215 677 1246 latiori
694 1216 851 1246 vocabulo
868 1216 1002 1246 sumitur
1018 1215 1171 1251 minuere,
1188 1220 1285 1255 prout
1300 1221 1392 1246 utens
1409 1215 1517 1255 aliquo

456 1260 552 1290 unius
569 1265 599 1290 et
614 1269 681 1290 non
698 1265 790 1290 utens
806 1260 914 1300 aliquo
931 1259 1075 1290 eiusdem
1085 1259 1202 1290 minuit
1212 1258 1302 1295 illud,
1318 1268 1378 1299 pro
1396 1264 1517 1299 quanto

457 1313 524 1334 non
547 1304 685 1334 totaliter
707 1314 764 1334 seu
788 1303 965 1334 secundum
984 1309 1100 1339 toturn,
1124 1303 1179 1334 sed
1203 1302 1381 1334 secundum
1397 1302 1518 1343 aliquid

458 1348 526 1378 eius
549 1348 604 1378 illo
628 1348 741 1378 utitur:
767 1349 810 1378 sic
835 1347 1041 1378 concedimus
1057 1347 1147 1387 quod
1169 1347 1379 1388 reduplicatio
1401 1347 1518 1378 minuit

458 1391 669 1432 quandoque,
694 1393 768 1432 quia
791 1392 966 1432 reduplicat
988 1392 1161 1422 terminum
1177 1392 1299 1422 ratione
1314 1397 1445 1422 naturae
1461 1401 1517 1422 seu

458 1435 597 1472 formae,
623 1442 653 1466 et
676 1446 742 1466 non
766 1437 887 1466 ratione
911 1437 1078 1476 suppositi.
1109 1436 1150 1466 Et
1172 1441 1342 1476 propterea
1364 1435 1447 1466 tollit
1469 1445 1517 1466 re-

457 1480 664 1519 pugnantiam
695 1481 856 1510 inventam
886 1481 919 1510 in
949 1481 1148 1520 praeiacente
1182 1480 1406 1520 propositione
1436 1480 1518 1510 inter

458 1529 595 1554 extrema
618 1526 685 1555 sine
701 1523 954 1564 reduplicatione
977 1530 1108 1564 propter
1123 1525 1338 1564 suppositum.
1363 1523 1414 1554 Sic
1431 1524 1518 1554 enim

457 1573 503 1597 est
526 1568 559 1597 in
574 1569 751 1608 proposito.
776 1567 859 1598 Nam
875 1569 942 1604 ista,
962 1568 1109 1599 Christus
1126 1568 1264 1608 incoepit
1278 1577 1355 1604 esse,
1380 1574 1426 1598 est
1441 1567 1518 1598 falsa

457 1620 494 1641 ex
518 1613 725 1653 repugnantia
749 1618 983 1648 extremorum,
1008 1613 1083 1652 quia
1106 1613 1248 1653 incipere
1271 1621 1339 1642 esse
1362 1618 1519 1652 repugnat

456 1657 624 1696 supposito
648 1667 705 1697 per
720 1657 752 1697 ly
770 1656 917 1687 Christus
932 1658 965 1687 in
981 1657 1136 1692 subiecto,
1153 1663 1189 1687 ut
1204 1656 1402 1697 praedictum
1419 1655 1478 1686 fuit
1490 1657 1516 1686 ἦ

457 1699 519 1730 Sed
543 1709 617 1730 eum
641 1700 760 1741 aliquid
783 1706 908 1731 tantum
932 1701 1049 1731 Christi
1072 1701 1296 1741 reduplicatur‚
1321 1701 1440 1730 scilicet
1462 1710 1517 1730 na—

456 1749 525 1773 tura
548 1745 706 1781 humana,
737 1750 773 1775 ut
797 1745 953 1784 contingit
975 1745 1008 1775 in
1031 1745 1106 1780 ista,
1133 1745 1298 1780 Christus,
1328 1745 1517 1785 inquantum

456 1787 561 1824 homo,
586 1789 724 1829 incoepit
742 1798 818 1825 esse,
842 1790 1051 1829 repugnantia
1066 1788 1200 1819 tollitur:
1225 1790 1288 1819 hoc
1305 1794 1360 1824 est,
1377 1789 1517 1828 incipere

458 1841 524 1862 esse
547 1842 614 1863 non
631 1831 825 1873 significatur
841 1834 1011 1863 convenire
1028 1834 1196 1873 supposito
1213 1833 1367 1868 absolute,
1391 1832 1447 1863 sed
1470 1842 1517 1862 ra—

1202 2013 1519 2056 ARTICULUS

1150 302 1412 349 QUAESTIO
1442 302 1546 349 XVI,
1576 302 1868 341 ARTICULUS
1896 303 1946 340 XI

1569 380 1656 410 tione
1679 385 1810 411 naturae
1825 381 2001 418 humanae;
2025 382 2146 412 ratione
2171 382 2262 413 cuius
2277 383 2311 413 in
2329 384 2458 414 veritate
2481 384 2632 415 convenit

1568 423 1613 453 illi
1637 425 1805 464 supposito
1828 425 1969 465 incipere
1992 435 2069 456 esse.
2094 426 2135 456 Et
2149 432 2319 467 propterea
2333 427 2392 458 ista
2406 427 2632 468 reduplicativa

1570 467 1684 498 dicitur
1706 477 1795 498 vera:
1821 474 1852 499 et
1873 468 1926 499 illa
1949 468 2033 500 falsa.
2057 487 2079 492 —
2101 469 2170 500 Nec
2186 479 2224 500 ex
2239 470 2302 501 hoc
2319 470 2408 511 quod
2422 471 2631 512 reduplicatio

1571 517 1617 541 est
1640 510 1860 542 determinatio
1885 513 2017 543 extremi
2033 513 2072 544 ad
2088 519 2276 551 extremum,
2300 515 2443 555 sequitur
2459 514 2547 555 quod
2561 524 2631 546 non

1569 555 1693 585 minuat
1708 555 1870 596 praedicto
1886 556 1997 587 modo.
2018 557 2183 595 Quoniam
2200 563 2323 589 constat
2339 558 2428 599 quod
2442 564 2549 599 potest
2564 567 2632 590 esse

1571 598 1791 630 determinatio
1822 601 1918 631 unius
1942 602 2072 632 extremi
2102 602 2281 633 secundum
2307 611 2403 633 suum
2429 602 2562 634 formale
2591 602 2632 634 ad

1571 643 1721 679 alterum,
1746 649 1776 674 et
1799 653 1867 675 non
1890 645 2068 676 secundum
2091 655 2187 677 suum
2209 646 2384 677 materiale:
2413 651 2449 677 ut
2476 647 2633 687 contingit

1570 687 1603 717 in
1626 687 1805 727 proposito.

1625 730 1676 761 Ad
1699 731 1732 762 id
1754 741 1830 762 vero
1855 731 1944 772 quod
1959 732 2113 770 subditur,
2131 733 2229 774 quod,
2246 733 2458 774 specificative
2473 733 2631 766 sumendo

1570 775 1603 815 ly
1626 775 1825 815 inquantum,
1848 777 2027 816 propositio
2051 783 2098 808 est
2119 786 2202 814 vera,
2226 777 2282 809 sed
2304 778 2492 819 impropria:
2517 778 2633 810 dicitur

1571 824 1603 849 et
1626 819 1715 859 quod
1739 825 1785 850 est
1807 829 1896 856 vera,
1922 826 1952 850 et
1974 821 2112 861 propria.
2147 822 2312 860 Quoniam
2342 821 2536 862 specificatio
2562 831 2631 853 non

1571 862 1702 893 denotat
1725 863 1944 903 specificatum
1966 865 2139 896 terminum
2163 874 2230 896 esse
2245 866 2403 897 rationem
2417 866 2632 898 inhaerentiae

1570 906 1741 947 praedicati
1764 907 1804 938 ad
1826 908 2020 939 subiectum:
2046 914 2077 939 et
2099 915 2269 950 propterea
2291 909 2504 951 specificativa
2525 915 2632 951 potest

1571 960 1639 981 esse
1662 960 1735 981 vera
1757 951 1791 982 in
1810 952 1941 982 materia
1957 953 2166 993 contingenti,
2186 959 2222 984 ut
2245 959 2292 984 est
2313 954 2382 991 ista,
2405 953 2566 992 Socrates,
2583 954 2632 985 in-

1570 999 1725 1036 quantum
1748 995 1928 1036 capillatus,
1953 1001 2000 1027 est
2021 997 2155 1038 crispus,
2180 1003 2227 1034 et,
2250 997 2328 1034 Ens,
2353 997 2542 1039 inquantum
2565 1007 2631 1035 ens,

1571 1043 1618 1069 est
1638 1039 1812 1069 subiectum
1835 1040 2087 1081 Metaplgrsicae.
2112 1040 2175 1072 Sed
2198 1041 2328 1072 denotat
2350 1041 2430 1072 illud
2452 1041 2631 1073 secundum

1571 1082 1670 1123 quod,
1687 1092 1744 1114 seu
1766 1083 1926 1114 mediante
1950 1093 2027 1125 quo,
2043 1084 2261 1125 praedicatum
2274 1085 2359 1116 inest
2380 1085 2541 1116 subiecto:
2566 1086 2632 1117 sive

1570 1136 1628 1167 per
1650 1137 1683 1157 se
1706 1127 1772 1158 sive
1795 1137 1853 1168 per
1875 1128 2021 1159 accidens
2034 1129 2262 1170 ¹praedicatum
2283 1130 2367 1166 insit,
2397 1129 2464 1160 sive
2487 1130 2632 1161 subiecto

1570 1171 1636 1202 sive
1659 1170 1837 1202 conditioni
1861 1171 2070 1212 specificatae.
2093 1190 2116 1196 -
2138 1173 2273 1214 Signum
2289 1179 2396 1204 autem
2417 1173 2508 1214 quod
2522 1174 2633 1206 huius-

1570 1215 1659 1246 modi
1683 1216 1917 1247 enuntiationes
1940 1222 2015 1248 sunt
2040 1226 2109 1248 non
2131 1217 2239 1248 solum
2260 1227 2370 1253 verae,
2394 1217 2450 1249 sed
2472 1217 2633 1259 propriae,

1570 1258 1670 1290 defert
1693 1259 1842 1299 frequens
1870 1270 1946 1291 usus
1970 1270 2079 1292 earum
2102 1270 2177 1292 cum
2201 1261 2240 1292 de
2263 1261 2311 1292 his
2335 1271 2417 1303 quae
2437 1261 2634 1293 conveniunt

1571 1303 1698 1334 Christo
1729 1303 1861 1334 discrete
1885 1314 1922 1335 ac
1946 1311 2038 1336 caute
2061 1305 2242 1346 loquimur,
2267 1305 2424 1342 dicentes,
2450 1305 2631 1344 Christum,

1569 1347 1744 1378 secundum
1766 1348 1853 1388 quod
1874 1353 1947 1379 erat
1967 1349 2073 1386 homo,
2096 1359 2236 1390 passum,
2257 1355 2378 1387 natum,
2394 1350 2567 1390 sepultum,
2582 1356 2633 1380 re—

1570 1400 1750 1423 surrexisse.

1626 1435 1712 1466 Cum
1734 1437 1783 1467 his
1806 1442 1912 1467 tamen
1937 1438 2102 1474 omnibus,
2135 1438 2211 1478 quia
2233 1438 2266 1469 in
2289 1437 2392 1469 littera
2417 1438 2633 1478 comparative

1570 1479 1693 1516 dicitur,
1717 1481 1823 1522 magis
1846 1481 2083 1513 concedendum
2106 1491 2202 1523 quam
2226 1481 2420 1524 negandum,
2444 1482 2496 1513 vel
2520 1491 2537 1513 e
2554 1491 2631 1513 con-

1568 1533 1671 1560 verso,
1695 1523 1781 1555 disce
1805 1524 1962 1556 declinare
1986 1525 2118 1566 quidem
2140 1527 2174 1556 in
2198 1526 2327 1557 alteram
2343 1531 2476 1566 partem,
2493 1525 2548 1556 sed
2563 1535 2632 1557 non

1570 1568 1774 1608 pertinaciter
1797 1569 2000 1600 contendere.

1624 1612 1663 1642 V.
1688 1612 1723 1642 In
1747 1614 1956 1654 responsione
1980 1613 2019 1644 ad
2038 1614 2177 1650 tertium,
2193 1613 2276 1650 vide,
2292 1614 2430 1650 Novide,
2448 1612 2548 1654 quod,
2564 1623 2632 1645 sus-

1570 1655 1702 1687 tinendo
1718 1658 1974 1697 propositionem
1986 1657 2214 1698 reduplicatam
2229 1659 2358 1698 proprie
2370 1667 2449 1694 esse,
2460 1657 2635 1698 respondet

1571 1700 1694 1742 Auctor
1718 1700 1757 1732 ad
1779 1702 1934 1732 maiorem
1958 1701 2183 1742 distinguendo
2206 1702 2310 1733 illam:
2341 1701 2430 1743 quod
2451 1704 2564 1734 verum
2586 1707 2635 1735 eet

1571 1744 1744 1785 praedicari
1768 1745 1807 1776 de
1826 1755 2037 1786 quocumque
2052 1746 2185 1777 homine
2201 1746 2257 1786 qui
2273 1745 2483 1786 solummodo¹
2496 1751 2543 1777 est
2557 1755 2634 1788 sup-

1571 1790 1713 1829 positum
1737 1789 1895 1820 humanae
1910 1795 2058 1827 naturae3
2083 1800 2174 1821 secus
2190 1795 2298 1821 autem
2314 1796 2360 1821 est
2375 1789 2415 1821 de
2430 1790 2486 1821 illo
2499 1789 2634 1821 homine

1571 1833 1627 1873 qui
1644 1838 1690 1863 est
1705 1834 1909 1873 suppositum
1925 1833 2050 1865 divinae
2066 1835 2164 1875 prim,
2183 1840 2213 1865 et
2228 1840 2303 1875 post
2317 1835 2477 1866 humanae
2491 1839 2633 1869 naturae,

1554 2014 1888 2057 UNDECIMUS

918 2117 1075 2148 UTRUM
1101 2116 1332 2153 CHRISTUS,
1357 2116 1613 2147 SECUNDUM
1635 2116 1762 2153 QUOD
1783 2116 1933 2153 HOMO,
1958 2117 2035 2147 SIT
2051 2117 2172 2148 DEUS

1046 2204 1076 2229 111
1097 2205 1179 2234 Sent.,
1201 2205 1258 2230 dist.
1278 2212 1301 2236 x,
1322 2212 1366 2237 qu.
1385 2211 1402 2234 1.
1422 2209 1468 2229 art.
1490 2211 1513 2235 1,
1533 2204 1582 2237 qu*
1602 2211 1631 2235 η
1649 2204 1693 2229 Ad
1711 2204 1798 2234 Rom„
1817 2212 1872 2237 cap.
1891 2211 1909 2235 ι,
1928 2205 1985 2230 lect.
2003 2212 2042 2230 ιιι.

490 2313 546 2356 μὴ,
573 2317 627 2350 μκ
652 2313 689 2338 1)
699 2313 908 2339 UNDECIMUM
923 2313 975 2338 s1c
990 2300 1396 2338 PRocanrrun.Videtur
1410 2301 1516 2350 quod

505 2359 541 2412 J
672 2355 846 2401 Christus,
866 2354 1067 2391 secundum
1086 2354 1187 2404 quod
1202 2355 1325 2400 homo,
1340 2357 1385 2391 sit
1402 2354 1514 2391 Deus.

483 2341 639 2420 ιω

475 2406 515 2453 ’,γ’
533 2418 594 2456 νς
615 2411 637 2450 (ι,
669 2407 842 2444 Christus
875 2407 979 2444 enim
1017 2415 1072 2444 est
1108 2407 1215 2444 Deus
1252 2418 1322 2455 per
1357 2406 1516 2455 gratiam

474 2433 609 2493 'lssffiy
624 2451 653 2491 N
667 2460 832 2497 unionis.
863 2460 940 2498 Sed
969 2459 1154 2504 Christus,
1174 2459 1390 2496 secundum
1409 2459 1516 2508 quod

457 2512 589 2559 homo,
611 2513 725 2549 habet
750 2513 908 2561 gratiam
927 2512 1092 2549 unionis.
1122 2513 1224 2560 Ergo
1252 2512 1439 2559 Christus,
1459 2524 1515 2549 se-

456 2565 630 2602 cundum
659 2566 765 2614 quod
794 2566 928 2611 homo,
957 2573 1013 2601 est
1040 2565 1157 2602 Deus.

512 2629 545 2654 2.
575 2619 806 2665 PRAETEREA‚
832 2617 1019 2655 dimittere
1048 2626 1203 2667 peccata
1231 2625 1286 2654 est
1312 2617 1512 2667 proprium

456 2670 547 2707 Dei:
577 2671 793 2707 secundum
821 2670 913 2707 illud
932 2670 1047 2707 Isaiae
1067 2682 1147 2707 xmn
1166 2670 1203 2706 *ε
1232 2672 1318 2720 Ego
1337 2672 1413 2720 ipse
1434 2683 1515 2707 sum

457 2725 520 2771 qui
545 2723 647 2760 deleo
675 2725 879 2772 iniquitates
905 2729 986 2760 tuas
1012 2729 1168 2772 propter
1194 2735 1263 2759 me.
1301 2723 1379 2760 Sed
1407 2722 1516 2759 Chri-

456 2783 555 2821 ειυς,
585 2776 800 2812 secundum
837 2776 944 2825 quod
982 2776 1125 2823 homo,
1153 2775 1304 2812 dimittit
1340 2783 1514 2825 peccata:

457 2829 671 2865 secundum
691 2829 783 2865 illud
802 2829 986 2865 Matth.1x
1000 2828 1034 2865 *ε
1069 2830 1116 2866 Ut
1134 2834 1256 2865 autem
1277 2830 1398 2866 sciatis
1420 2829 1518 2877 quod

457 2881 570 2917 Filius
587 2882 765 2919 Hominis
782 2882 889 2918 habet
902 2887 1116 2931 potestatem
1136 2883 1173 2918 in
1192 2887 1293 2918 terra
1315 2881 1518 2918 dimittendi

451 2940 616 2982 peccata,
647 2942 713 2971 etc.
744 2935 845 2982 Ergo
870 2934 1054 2981 Christus,
1079 2935 1294 2972 secundum
1318 2933 1425 2983 quod
1448 2935 1515 2971 ho-

458 2997 536 3031 mo,
565 2995 619 3023 est
647 2987 764 3024 Deus.

514 3038 546 3074 3.
577 3040 817 3086 Pium-sam,
848 3039 1020 3077 Christus
1057 3051 1137 3077 non
1169 3048 1225 3077 est
1252 3040 1373 3076 homo
1411 3051 1515 3077 eom·

458 3091 598 3137 munis,
619 3092 685 3128 sed
714 3100 768 3128 est
795 3092 863 3129 iste
883 3094 1004 3130 homo
1031 3092 1276 3143 particularis
1308 3092 1384 3130 Sed
1407 3092 1515 3130 Chri-

459 3150 557 3189 stus,
587 3144 802 3180 secundum
831 3146 936 3194 quod
957 3154 1011 3182 est
1039 3145 1106 3183 iste
1134 3146 1276 3193 homo,
1306 3153 1360 3183 est
1388 3145 1513 3183 Deus:

459 3194 549 3243 quia
575 3194 615 3231 in
644 3196 709 3232 isto
737 3197 885 3233 homine
921 3197 1138 3246 designatur
1174 3198 1417 3248 suppositum
1454 3211 1515 3236 ae-

459 3255 629 3293 ternum,
659 3248 764 3296 quod
793 3249 1008 3286 naturaliter
1036 3259 1089 3287 est
1117 3252 1233 3288 Deus.
1270 3252 1371 3300 Ergo
1406 3251 1515 3289 Chri-

460 3306 550 3345 stus,
579 3300 794 3336 secundum
823 3301 928 3348 quod
957 3302 1089 3349 homo⁷
1118 3312 1173 3340 est
1202 3304 1318 3341 Deus.

514 3351 586 3388 sizo
615 3363 778 3397 CONTRA,
808 3351 899 3388 illud
927 3354 1033 3401 quod
1061 3356 1239 3393 convenit
1271 3356 1422 3395 Christo
1458 3369 1514 3394 se-

461 3403 632 3440 cundum
661 3403 766 3453 quod
795 3404 938 3451 homo,
968 3407 1145 3444 convenit
1173 3408 1324 3446 cuilibet
1352 3410 1512 3447 homini.

463 3454 501 3491 Si
538 3467 627 3503 ergo
666 3455 857 3503 Christus,
891 3458 1105 3495 secundum
1143 3461 1247 3507 quod
1285 3463 1426 3510 homo,
1461 3471 1515 3500 est

515 3602 542 3633 α)
561 3603 639 3634 quod.
657 3615 675 3621 -
693 3604 763 3635 quod
785 3604 904 3629 Clu-istus
924 3603 1036 3628 PFnsD.

1570 2301 1688 2348 Deus,
1710 2301 1882 2351 sequitur
1900 2301 2007 2351 quod
2026 2301 2154 2339 omnis
2172 2302 2294 2339 homo
2313 2301 2358 2339 sit
2374 2301 2492 2339 Deus.
2513 2301 2633 2354 Quod

1570 2362 1672 2403 patet
1700 2366 1781 2391 esse
1809 2354 1959 2392 falsum.

1624 2408 1848 2445 Respon-:o
1875 2419 2056 2445 mei-:noun
2084 2406 2192 2456 quod
2211 2405 2279 2444 iste
2297 2406 2483 2444 terminus
2505 2408 2630 2455 bomo,

1570 2459 1610 2496 in
1634 2460 1933 2509 reduplicatione
1951 2459 2111 2509 positus,
2130 2458 2473 2509 potestdupliciter
2498 2459 2630 2511 accipi.

1570 2513 1658 2550 Uno
1677 2513 1810 2560 modo,
1831 2520 2021 2562 quantum
2048 2512 2098 2549 ad
2116 2519 2306 2549 naturam.
2335 2512 2384 2549 Et
2403 2511 2457 2550 sic
2474 2523 2556 2550 non
2574 2521 2631 2551 est

1570 2577 1708 2603 verum
1735 2565 1843 2614 quod
1863 2570 1891 2612 ²,
1919 2565 2122 2602 secundum
2150 2565 2249 2614 quod
2278 2566 2411 2612 homo,
2439 2566 2484 2602 sit
2509 2566 2631 2604 Deus.-

1570 2618 1661 2667 quia
1698 2619 1870 2655 humana
1896 2625 2032 2655 natura
2069 2624 2142 2654 est·
2159 2617 2331 2655 distincta
2358 2630 2381 2655 a
2408 2617 2538 2656 divina
2573 2630 2630 2657 se-

1570 2671 1744 2708 cundum
1762 2670 2018 2708 differentiam
2036 2678 2206 2708 naturae.
2227 2692 2252 2697 —
2266 2670 2353 2708 Alio
2371 2671 2493 2709 modo
2506 2679 2631 2721 potest

1570 2723 1689 2773 accipi
1718 2723 1862 2760 ratione
1888 2723 2085 2772 suppositi.
2116 2724 2163 2760 Et
2191 2723 2255 2771 sic,
2270 2719 2367 2761 'cum
2387 2723 2630 2773 suppositum

1570 2784 1727 2813 naturae
1747 2777 1941 2813 humanae
1960 2775 1999 2812 in
2021 2775 2171 2813 Christo
2191 2775 2236 2813 sit
2253 2787 2419 2826 persona
2438 2776 2521 2815 Filii
2544 2777 2629 2824 Dei,

1570 2829 1631 2866 cui
1660 2841 1729 2878 per
1748 2841 1787 2865 se
1807 2828 1986 2865 convenit
2009 2841 2091 2865 esse
2119 2829 2260 2876 Deum,
2281 2841 2419 2867 verum
2441 2837 2496 2866 est
2522 2830 2630 2880 quod

1574 2883 1748 2928 Christus,
1775 2882 1976 2918 secundum
2005 2882 2104 2931 quod
2128 2883 2252 2928 homo,
2279 2884 2324 2920 sit
2349 2883 2462 2919 Deus.

1624 2934 1726 2981 Quia
1753 2942 1883 2972 tamen
1901 2934 2087 2972 terminus
2106 2934 2146 2972 in
2164 2934 2463 2984 reduplicatione
2481 2934 2629 2984 positus

1570 2987 1690 3035 magis
1709 2987 1862 3036 proprie
1881 2995 2031 3024 tenetur
2049 2999 2121 3037 pro
2150 2995 2286 3025 natura
2305 2998 2424 3037 quam
2442 2999 2515 3037 pro
2536 2998 2628 3038 sup-

1570 3040 1707 3090 posito,
1727 3048 1769 3077 ut
1789 3052 1904 3089 supra
1922 3040 1942 3062 *
1970 3039 2112 3077 dictum
2135 3047 2207 3077 est:
2236 3040 2324 3078 ideo
2342 3038 2463 3089 magis
2485 3041 2542 3077 est
2558 3039 2628 3078 istu
2655 3046 2667 3058 ⁸

1571 3093 1761 3142 neganda:
1782 3094 1956 3140 Christus,
1971 3093 2172 3130 secundum
2192 3093 2292 3143 quod
2306 3093 2430 3140 homo,
2449 3098 2500 3130 est
2513 3093 2626 3140 Deus,

1570 3158 1689 3196 quam
1718 3145 1763 3182 sit
1790 3145 2029 3184 affirmanda.

1624 3200 1680 3236 An
1709 3211 1842 3236 Palmum
1870 3210 1968 3236 ERGO
1987 3210 2169 3237 met-:noum
2187 3198 2293 3248 quod
2312 3209 2392 3236 non
2410 3198 2627 3236 secundum

1570 3251 1673 3289 idem
1700 3251 1880 3289 convenit
1907 3251 2019 3289 alicui
2047 3251 2196 3288 moveri
2223 3251 2274 3289 ad
2301 3249 2456 3300 aliquid,
2481 3258 2517 3288 et
2543 3262 2626 3289 esse

1570 3304 1681 3342 illud:
1718 3316 1809 3342 narn
1838 3303 1986 3342 moveri
2014 3303 2193 3342 convenit
2229 3302 2340 3342 alicui
2373 3302 2518 3341 ratione
2544 3315 2626 3341 ma-

1568 3357 1683 3395 teriae
1710 3359 1771 3394 vel
1800 3357 1977 3404 subiecti,
2007 3367 2088 3394 esse
2116 3363 2245 3394 autem
2281 3354 2322 3394 in
2357 3363 2444 3394 actu
2480 3355 2626 3394 ratione

1569 3411 1725 3448 formae.
1765 3410 1813 3448 Et
1841 3409 2009 3448 similiter
2035 3421 2116 3447 non
2152 3408 2367 3447 secundum
2394 3407 2498 3446 idem
2534 3421 2625 3446 con-

1569 3463 1672 3500 venit
1691 3462 1843 3500 Christo
1863 3462 2029 3500 ordinari
2057 3462 2106 3500 ad
2134 3463 2209 3500 hoc
2236 3461 2342 3511 quod
2361 3461 2406 3499 sit
2425 3462 2530 3499 Deus
2557 3473 2627 3511 per
