2872 3970
19 2401 49 2426 ᾗ·
59 2401 111 2430 ΛΠἶ
122 2407 144 2427 3.
159 2408 183 2428 4.

31 3033 40 3040 ⁴·
65 3028 132 3052 Ven-
148 3037 179 3058 ¹5-
193 3041 204 3046 -
213 3030 248 3052 cf.

12 3063 14 3066 ’
98 3062 183 3084 amm,
191 3063 249 3079 vers.

938 271 1199 318 QUAESTIO
1228 271 1311 313 VH,
1346 270 1642 307 ARTICULUS
1670 270 1750 305 VIII

262 352 435 394 primatum
456 353 490 383 in
512 352 675 383 docendo:
699 352 750 382 vel
772 352 848 391 quia
869 361 936 382 non
959 352 1176 386 obumbratae,
1200 350 1254 382 sed
1269 360 1317 380 re-

262 397 382 428 velatae
405 395 480 427 fidei
502 396 624 427 Doctor
645 396 766 436 primus
785 402 930 434 tempore
953 400 984 424 et
1006 395 1186 434 principalis
1209 399 1318 424 aucto-

263 436 352 473 ritate
375 440 434 471 fuit
457 439 600 470 Christus
623 438 800 470 secundum
823 437 912 478 quod
933 439 1044 473 homo,
1068 443 1164 478 prout
1186 437 1225 468 de
1248 438 1317 477 ipso

264 489 311 523 est
332 492 437 513 sermo
460 483 522 513 hic.
555 483 596 512 Et
617 483 679 512 hoc
703 482 880 512 auctoritati
902 481 1068 521 Apostoli,
1093 481 1136 511 ad
1157 481 1238 511 Heb.
1255 491 1277 510 11
1292 482 1319 515 f.

264 525 430 562 consonat,
454 527 508 556 ubi
532 526 614 556 salus
637 526 763 555 initium
785 524 969 555 manifestae
992 525 1179 555 narrationis
1195 535 1212 554 a
1229 524 1320 554 Chri-

264 574 331 606 sto,
353 570 388 600 in
411 579 478 609 quo
501 569 589 600 Deus
612 569 782 599 novissime
804 569 930 599 locutus·
955 573 1002 598 est
1019 569 1052 604 *,
1077 569 1247 607 sumpsisse
1274 567 1320 597 di-

265 614 356 644 citur.

320 656 422 697 Super
444 657 508 686 hoc
530 661 637 686 autern
660 655 750 696 quod
773 655 916 687 Christus
939 661 985 686 est
1004 656 1125 695 primus
1149 664 1185 685 ac
1205 655 1321 695 princi-

264 700 344 740 palis
367 700 498 735 Doctor,
522 699 672 730 fundatur
691 700 920 739 consequentia
937 709 1004 729 non
1020 699 1126 729 solum
1141 699 1321 738 gratiarum,

265 743 320 774 sed
352 744 448 774 etiam
479 742 742 773 excellentissimo
772 741 871 773 modo
887 743 1088 782 gratiarum,
1119 743 1152 772 in
1183 741 1321 772 Christo.

266 786 367 818 Decet
389 788 474 817 enim
497 787 636 826 primum
653 796 688 817 ac
703 787 912 826 praecipuum
929 786 1103 816 Doctorem
1120 785 1322 816 excellentius

266 830 333 860 aliis
356 840 389 860 se
412 830 528 860 habere
549 831 583 860 in
605 829 748 860 doctrina
771 836 802 860 et
824 830 982 870 requisitis
1005 829 1044 860 ad
1066 830 1162 860 illam.
1190 830 1323 869 Propter

267 873 356 914 quod
370 875 404 904 in
418 874 528 909 littera,
547 875 580 904 in
596 874 681 904 calce
702 875 855 913 corporis,
871 874 966 904 huius
989 874 1137 913 sequelae
1159 874 1239 903 ratio
1255 879 1323 903 tan-

265 918 358 957 gitur,
376 917 528 948 dicendo:
552 918 635 948 sicut
657 918 690 948 in
705 918 812 958 primo
837 923 867 948 et
884 918 1060 958 principali
1072 917 1156 958 fidei
1170 917 1322 947 Doctore.

320 961 357 991 ΙΙ.
382 961 418 991 In
441 962 648 1001 responsione
671 961 710 991 ad
732 962 871 1001 primurn
888 961 1030 992 eiusdem
1045 962 1171 1001 septimi
1192 961 1323 996 articuli,

267 1014 342 1034 cum
364 1005 442 1045 legis
465 1004 673 1035 differentiam
700 1006 780 1036 inter
803 1005 966 1036 Christum
990 1011 1020 1036 et
1043 1005 1121 1036 alios
1144 1010 1268 1035 sanctos
1291 1005 1324 1034 in

267 1048 330 1078 hoc
354 1048 443 1088 quod
465 1049 497 1079 in
521 1049 588 1079 aliis
611 1049 724 1079 sanctis
753 1050 869 1089 gratiae
898 1050 992 1089 gratis
1015 1049 1103 1079 datae
1131 1048 1323 1083 dividuntur,

267 1101 335 1122 non
358 1098 465 1123 autem
488 1093 521 1122 in
545 1092 688 1123 Christo:
713 1093 852 1132 intellige
874 1102 941 1123 non
960 1093 999 1123 de
1015 1092 1190 1123 diversitate
1207 1098 1238 1122 et
1252 1093 1323 1122 uni-

2355 270 2422 304 115

1372 355 1444 385 tate,
1471 351 1559 389 quasi
1582 351 1615 380 in
1639 349 1766 379 Christo
1791 358 1902 379 omnes
1925 349 2040 388 gratiae
2063 350 2155 388 gratis
2175 349 2263 379 datae
2280 350 2341 379 sint
2363 359 2427 379 una

1371 394 1487 434 gratia,
1507 394 1540 423 in
1563 394 1630 423 aliis
1652 402 1728 422 vero
1752 393 1865 422 sanctis
1889 393 1947 422 alia
1970 393 2008 422 sit
2030 394 2127 432 gratia
2149 393 2344 432 prophetiae,
2368 393 2426 422 alia

1372 438 1470 477 gratia
1492 437 1676 472 sanitatum,
1693 436 1752 466 alia
1774 437 1871 476 gratia
1893 436 2134 471 miraculorum,
2155 441 2231 472 etc.;
2263 437 2426 476 quoniam,

1373 482 1454 511 sicut
1476 481 1606 510 virtutes
1629 479 1767 515 infusae,
1800 489 1881 519 quae
1912 485 2054 519 spectant
2084 479 2122 509 ad
2145 481 2274 519 gratiam
2304 485 2427 519 gratum

1373 524 1551 559 facientem,
1575 524 1825 563 multiplicantur
1847 524 1880 553 in
1904 523 2030 553 Christo
2055 524 2135 553 sicut
2157 524 2189 552 in
2217 524 2283 553 aliis
2303 523 2426 558 sanctis,

1374 573 1404 598 et
1426 577 1493 597 non
1517 577 1630 597 omnes
1652 569 1782 597 virtutes
1798 568 1830 597 in
1847 567 1974 597 Christo
1991 572 2064 597 sunt
2079 577 2143 597 una
2158 568 2264 602 virtus,
2289 568 2331 596 ita
2346 567 2428 596 mul—

1372 611 1569 651 tiplicantur,
1593 616 1658 641 tam
1680 611 1713 640 in
1737 611 1863 641 Christo
1896 620 1992 650 quam
2015 612 2048 641 in
2071 611 2137 641 aliis
2161 611 2288 646 sanctis,
2313 611 2427 649 gratiae

1374 656 1467 694 gratis
1484 654 1583 685 datae.
1608 654 1669 685 Sed
1692 655 1831 694 intellige
1847 654 1886 685 de
1907 655 2062 685 divisione
2079 660 2109 688 et
2128 654 2315 684 indivisione
2331 655 2427 684 totius

1376 705 1406 728 et
1429 699 1583 738 partium:
1607 699 1670 728 hoc
1695 704 1750 734 est,
1774 698 1863 738 quod
1885 700 1918 728 in
1942 698 2067 728 Christo
2092 698 2151 728 fuit
2174 703 2240 728 tota
2262 697 2428 737 plenitudo

1375 744 1544 782 gratiarum
1560 742 1652 782 gratis
1676 741 1835 778 datarum;
1852 743 1884 772 in
1901 742 1967 772 aliis
1983 751 2058 772 vero
2082 742 2196 772 sanctis
2219 741 2279 771 fuit
2293 741 2429 781 partiali-

1374 791 1431 816 ter.
1456 786 1541 823 Quia
1563 786 1619 815 uni
1642 791 1750 815 sancto
1774 795 1838 815 una
1861 787 1971 825 gratia,
1997 791 2027 816 et
2054 786 2141 815 alteri
2164 785 2239 821 alia,
2263 786 2348 815 iuxta
2372 785 2429 814 do-

1376 831 1509 859 ctrinam
1525 829 1673 869 Apostoli
1689 830 1722 865 *;
1748 835 1778 859 et
1794 839 1909 864 rursus,
1926 830 1982 859 uni
2005 834 2114 859 sancto
2140 829 2209 859 talis
2231 829 2337 868 gratia,
2354 833 2430 868 puta

1377 874 1562 913 prophetiae
1579 878 1633 903 aut
1649 873 1885 908 miraculorum,
1902 873 2078 903 secundum
2093 873 2189 903 talem
2204 882 2385 903 mensuram
2397 873 2429 908 ἢ

1376 919 1410 948 in
1433 917 1560 947 Christo
1585 922 1691 947 autem
1714 922 1781 946 tota
1803 917 1986 956 plenitudo,
2004 923 2062 947 etc.
2094 917 2134 947 Et
2156 918 2235 947 ratio
2259 917 2431 956 assignatur

1377 963 1410 991 in
1433 961 1549 991 littera:
1585 962 1658 1000 quia
1681 961 1859 990 humanitas
1883 960 1999 990 Christi
2023 966 2087 991 erat
2111 970 2265 1000 organum
2297 961 2430 990 coniun-

1378 1011 1466 1035 ctum
1481 1004 1644 1038 divinitati,
1669 1005 1719 1034 alii
1743 1014 1817 1034 vero
1834 1005 1932 1034 sancti
1956 1010 2124 1034 moventur
2140 1014 2157 1034 a
2173 1005 2242 1034 Deo
2260 1010 2294 1034 ut
2316 1005 2430 1034 instru-

1378 1054 1485 1078 menta
1501 1053 1649 1087 separata.
1675 1047 1773 1085 Quod
1797 1049 1821 1077 si
1844 1048 1969 1087 plenius
1992 1057 2058 1078 non
2081 1048 2236 1087 intelligis,
2253 1047 2334 1083 vide,
2351 1048 2430 1078 ultra

1377 1093 1464 1132 prius
1480 1093 1496 1108 ⁴*
1520 1092 1618 1127 dicta,
1643 1092 1674 1121 in
1699 1092 1741 1121 IV
1767 1091 1888 1121 Contra
1915 1091 2063 1127 Gentiles,
2088 1101 2156 1131 cap.
2173 1101 2232 1121 xm.

1038 1271 1353 1313 ARTICULUS
1383 1270 1656 1312 OCTAVUS

905 1381 1060 1412 UTRUM
1084 1381 1126 1411 IN
1151 1381 1338 1411 CHRISTO
1370 1381 1527 1411 FUERIT
1550 1380 1798 1410 PROPHETIA

337 1476 371 1501 11·
391 1476 446 1506 11⁸⁸,
464 1484 509 1509 qu.
528 1483 626 1505 cmxxxv,
646 1481 692 1502 art.
713 1475 736 1506 5,
755 1476 787 1502 ad
808 1476 835 1507 3;
857 1476 898 1501 De
917 1476 1006 1506 Verit„
1025 1484 1070 1509 qu.
1088 1484 1127 1507 xx,
1147 1481 1193 1501 art.
1213 1475 1228 1500 6
1235 1484 1242 1507 ;
1265 1476 1406 1508 Compend.
1425 1475 1520 1505 Tineot„
1541 1483 1595 1507 cap.
1610 1483 1700 1506 cexvu
1720 1476 1750 1499 ln
1772 1475 1856 1505 toan..
1877 1483 1932 1507 cap.
1950 1482 1985 1506 ιν,
2004 1476 2060 1500 lect.
2078 1482 2119 1505 vu
2139 1483 2193 1507 cap.
2211 1483 2245 1506 vr,
2260 1476 2316 1501 lect.
2334 1483 2362 1501 11.

388 1602 397 1621 u
418 1592 430 1614 ί
479 1575 502 1600 D
522 1575 692 1600 ocrAthM
711 1575 762 1600 SIC
782 1575 1014 1601 PROOEDITUR.
1039 1564 1199 1601 Videtur
1217 1565 1323 1612 quod
1378 1563 1461 1600 licet
1489 1563 1681 1611 cognoscit
1709 1571 1744 1599 et
1780 1562 1947 1611 loquitur
1975 1576 2019 1600 ea
2047 1575 2145 1611 quae
2178 1571 2265 1599 sunt
2298 1566 2432 1612 procul

481 1614 519 1652 in
549 1615 699 1652 Christo
728 1627 807 1652 non
838 1616 949 1652 fuerit
984 1616 1195 1665 prophetia.
1232 1617 1323 1652 Pro-

289 1673 312 1715 *
329 1666 947 1769 ι’ἔΰῖῑῖἓῖἶῐῗξέἓῖἳὲηῗῖ
962 1669 1161 1758 &iiim
1188 1668 1324 1758 ‘'bssfissi‘

327 1734 338 1754 s
361 1742 369 1745 -
384 1736 413 1755 -e
460 1738 473 1748 x
1030 1734 1041 1757 1
1144 1735 1151 1757 :
1191 1734 1230 1757 se
1310 1743 1324 1748 -

271 1772 367 1809 dum
386 1771 478 1808 illud
497 1773 613 1808 Num.
633 1784 679 1808 xn
697 1772 734 1809 *z
764 1774 805 1809 Si
822 1775 900 1822 quis
908 1774 1029 1820 fuerit
1046 1775 1142 1810 inter
1159 1785 1223 1810 vos
1236 1785 1324 1822 pro-

264 1825 377 1873 pheta
403 1824 567 1869 Domini,
581 1836 654 1873 per
679 1827 863 1861 somnium
883 1827 1000 1862 autin
1028 1827 1167 1862 visione
1193 1826 1325 1874 loquar

269 1875 323 1913 ad
346 1887 441 1912 eum.
480 1876 555 1912 Sed
585 1876 757 1913 Christus
793 1877 926 1913 habuit
960 1879 1114 1926 plenam
1143 1885 1178 1914 et
1205 1878 1324 1926 perfe-

270 1931 371 1965 etam
390 1933 408 1949 ²
436 1927 625 1965 notitiam:
655 1930 776 1966 multo
805 1929 925 1978 magis
944 1941 1063 1979 quam
1090 1931 1256 1980 Moyses,
1277 1930 1325 1967 de

271 1992 350 2030 quo
377 1979 430 2016 ibi
457 1980 632 2017 subditur
649 1981 669 2002 ’¹‘
696 1981 802 2030 quod
832 1982 974 2031 palam,
1004 1988 1037 2018 et
1065 1995 1138 2020 non
1169 1995 1241 2032 per
1268 1995 1325 2019 ae-

271 2034 439 2082 nigmata
461 2034 583 2070 Deum
610 2033 707 2071 vidit.
737 2034 829 2071 Non
849 2046 938 2082 ergo
966 2034 1078 2071 debet
1106 2034 1144 2071 in
1174 2034 1325 2072 Christo

270 2084 364 2134 poni
392 2085 603 2134 prophetia.

326 2149 360 2173 2.
391 2138 619 2184 PRAETEREA,
640 2137 735 2174 sicut
762 2138 858 2176 fides
882 2146 936 2175 est
964 2151 1100 2176 eorum
1120 2151 1218 2188 quae
1247 2151 1326 2176 non

271 2189 460 2235 videntur,
481 2197 517 2226 et
545 2201 631 2238 spes
658 2202 795 2227 eorum
814 2203 913 2240 quae
941 2203 1021 2228 non
1049 2192 1248 2238 habentur,
1278 2192 1327 2229 ita

271 2242 473 2291 prophetia
500 2250 556 2278 est
583 2254 719 2279 eorum
747 2255 846 2292 quae
874 2255 954 2280 non
981 2252 1069 2280 sunt
1103 2244 1326 2293 praesentia,

272 2294 339 2331 sed
367 2293 521 2331 distant:
558 2306 651 2331 nam
677 2296 866 2344 propheta
898 2295 1035 2333 dicitur
1061 2297 1170 2345 quasi
1193 2299 1328 2346 procul

262 2347 367 2395 fans.
406 2346 482 2383 Sed
510 2346 549 2383 in
579 2347 729 2384 Christo
767 2360 846 2384 non
883 2348 1038 2397 ponitur
1073 2349 1169 2386 fides
1202 2361 1327 2398 neque

273 2410 370 2447 spes,
390 2406 433 2435 ut
451 2411 566 2448 supra
579 2399 599 2421 '¹‘
618 2400 760 2437 dictum
782 2408 847 2437 est.
876 2402 976 2449 Ergo
996 2401 1110 2438 etiam
1127 2402 1329 2451 prophetia

273 2463 353 2489 non
380 2451 493 2488 debet
519 2451 612 2500 poni
641 2452 679 2488 in
709 2453 871 2489 Christo.

328 2503 362 2539 3.
391 2504 630 2552 PRAETEREA,
658 2505 847 2554 propheta
880 2513 935 2542 est
966 2506 1151 2543 inferioris
1186 2507 1329 2544 ordinis

274 2567 393 2604 quam
420 2557 592 2604 angelus:
629 2558 732 2594 unde
761 2565 796 2594 et
823 2558 871 2594 de
898 2559 1048 2607 Moyse,
1078 2559 1144 2608 qui
1171 2559 1240 2596 fuit
1267 2572 1328 2597 su-

274 2619 432 2659 premus
458 2609 746 2657 prophetarum,
766 2618 809 2646 ut
835 2610 980 2647 dictum
1009 2619 1063 2647 est
1091 2612 1130 2648 in
1152 2612 1329 2650 Secunda

214 2701 220 2707 ‚
241 2675 246 2680 ·
275 2661 384 2696 Parte
402 2659 434 2707 *,
462 2661 542 2697 Act.
569 2673 615 2697 vn
639 2661 680 2683 ³¹⁸*
706 2662 843 2699 dicitur
867 2664 974 2712 quod
1001 2664 1140 2700 locutus
1168 2670 1218 2701 est
1244 2677 1328 2702 cum

274 2712 422 2762 Angelo
450 2714 486 2750 in
518 2713 719 2750 solitudine.
759 2715 849 2764 Sed,
872 2715 1044 2753 Christus
1071 2729 1151 2753 non
1180 2725 1234 2754 est
1262 2720 1328 2754 mi-

275 2770 427 2802 noratus
456 2766 503 2802 ab
538 2766 681 2814 angelis
713 2767 927 2804 seeundum
955 2768 1128 2805 notitiam
1156 2769 1329 2817 animae,

275 2817 343 2852 sed
371 2817 498 2853 solum
522 2818 722 2854 secundum
757 2822 922 2868 corporis
942 2823 1174 2869 passionem:
1208 2830 1249 2858 ut
1274 2822 1329 2859 di-

276 2868 372 2905 citur
399 2870 496 2906 Heb.
518 2881 538 2905 11
557 2869 588 2905 *.
618 2870 718 2918 Ergo
746 2870 897 2908 videtur
915 2873 1020 2921 quod
1050 2874 1222 2910 Christus
1250 2887 1330 2911 non

275 2920 344 2958 fuit
371 2922 569 2970 propheta.

329 2974 402 3010 SED
432 2985 574 3010 CONTRA
609 2986 673 3010 EST
708 2975 813 3023 quod
841 2976 888 3012 de
917 2988 963 3012 eo
997 2977 1133 3014 dicitur
1159 2977 1192 3025 β,
1221 2981 1328 3015 Deut.

276 3025 411 3062 xvn1*:
441 3027 663 3075 Prophetam
682 3029 863 3064 suscitabit
889 3030 989 3065 vobis
1005 3030 1107 3066 Deus
1133 3031 1178 3066 de
1194 3032 1328 3079 fratri-

276 3079 342 3115 bus
368 3079 503 3116 vestris.
543 3079 590 3114 Et
625 3077 704 3127 ipse
733 3079 780 3115 de
809 3092 848 3115 se
876 3079 984 3127 dicit,
1010 3081 1144 3118 Matth.
1171 3083 1265 3119 x111*
1294 3091 1329 3120 et

277 3131 379 3166 Ioan.
407 3142 440 3167 iv
458 3130 494 3166 *:
524 3131 614 3167 Non
643 3137 693 3167 est
715 3133 897 3180 propheta
923 3134 1002 3168 sine
1023 3134 1165 3170 honore
1197 3137 1267 3171 nisi
1293 3138 1328 3172 in

272 3184 398 3231 patria
423 3195 503 3220 sua.

329 3234 553 3272 stponnso
566 3247 746 3273 DICENDUM
761 3236 867 3285 quod
885 3238 1072 3285 propheta
1091 3237 1226 3275 dicitur
1240 3252 1329 3288 qua-

279 3285 309 3322 si
321 3287 458 3336 procul
472 3287 578 3336 sans,
599 3289 659 3324 vel
675 3288 810 3337 procul
835 3289 979 3326 videns:
1005 3288 1234 3338 inquantum
1262 3292 1329 3328 sci-

332 3440 359 3476 α)
373 3443 529 3476 perfectam.
546 3457 566 3462 -
583 3448 703 3475 apertam
723 3445 802 3473 tertia,
820 3452 872 3470 om.
891 3445 921 3470 Α.

333 3476 359 3546 βί
377 3477 484 3503 dicitur.
501 3492 520 3497 -
534 3479 703 3510 praedicitur
720 3480 799 3505 tertia.

250 3574 257 3576 s
279 3518 348 3572 alii-iY
353 3548 450 3578 procul
467 3555 525 3573 cum
544 3549 637 3580 quibus
655 3549 709 3581 ipse
726 3553 765 3574 est
784 3550 879 3574 addunt
898 3550 949 3576 DF'.

1379 1615 1426 1652 ab
1455 1615 1662 1652 hominum
1696 1615 1886 1661 sensibus;
1923 1615 2018 1652 sicut
2052 1615 2165 1652 etiam
2199 1615 2432 1663 Augustinus

1379 1667 1477 1714 dicit,
1498 1669 1583 1704 XVI
1606 1669 1745 1705 Contra
1764 1670 1940 1705 Faustum
1959 1668 1989 1704 ²¹³.
2020 1669 2086 1704 Est
2114 1675 2243 1704 autem
2262 1668 2433 1705 conside-

1379 1721 1544 1757 randum
1573 1720 1678 1768 quod
1706 1732 1786 1756 non
1821 1727 1943 1768 potest
1971 1719 2044 1756 dici
2079 1719 2212 1768 aliquis
2247 1722 2433 1769 propheta

1380 1785 1425 1808 ex
1445 1773 1520 1808 hoc
1539 1773 1645 1820 quod
1674 1772 1867 1819 cognoscit
1886 1780 1922 1808 et
1941 1772 2139 1808 annuntiat
2158 1784 2203 1809 ea
2229 1785 2327 1821 quae
2347 1782 2434 1809 sunt

1380 1824 1459 1860 aliis
1486 1825 1632 1872 procul,
1653 1836 1743 1860 cum
1771 1824 1912 1873 quibus
1940 1824 2020 1873 ipse
2048 1836 2127 1860 non
2156 1832 2210 1860 est
2229 1830 2254 1861 Υ.
2285 1826 2332 1861 Et
2360 1826 2434 1862 hoc

1380 1876 1622 1912 manifestum
1656 1884 1711 1912 est
1745 1877 1959 1913 secundum
1996 1878 2125 1913 locum
2153 1884 2189 1913 et
2221 1878 2434 1914 secundum

1379 1936 1543 1978 tempuS.
1591 1929 1632 1966 Si
1660 1928 1763 1965 enim
1798 1928 1932 1977 aliquis
1961 1928 1999 1965 in
2028 1929 2149 1966 Gallia
2177 1929 2338 1966 existens
2373 1942 2434 1966 co-

1380 1989 1577 2029 gnosceret
1604 1989 1639 2017 et
1667 1981 1908 2018 annuntiaret
1935 1981 2014 2018 aliis
2042 1981 2081 2018 in
2103 1981 2223 2018 Gallia
2250 1982 2436 2019 existenti-

1380 2034 1453 2070 bus
1481 2046 1526 2071 ea
1553 2046 1651 2082 quae
1679 2041 1770 2070 tunc
1798 2034 1837 2070 in
1867 2034 1975 2083 Syria
2003 2042 2216 2082 agerentur,
2243 2035 2436 2083 propheti-

1381 2097 1472 2124 cum
1509 2093 1624 2122 esset:
1663 2086 1758 2122 sicut
1794 2085 1964 2123 Elisaeus
1992 2087 2040 2123 ad
2068 2085 2081 2108 δ
2110 2086 2214 2123 Giezi
2247 2087 2357 2135 dixit,
2387 2089 2437 2124 IV

1380 2139 1476 2187 Reg.
1497 2150 1520 2174 v
1538 2138 1568 2184 ²¹⁶,
1590 2138 1790 2187 quomodo
1810 2138 1869 2175 vir
1887 2139 2133 2175 descenderat
2151 2145 2163 2160 Ε
2191 2139 2238 2175 de
2267 2151 2381 2176 curru
2401 2147 2437 2176 et

1383 2197 1597 2227 occurrerat
1625 2190 1670 2226 ei.
1715 2190 1755 2227 Si
1781 2203 1874 2227 vero
1903 2191 2037 2240 aliquis
2072 2191 2111 2227 in
2140 2191 2248 2240 Syria
2276 2192 2437 2228 existens

1383 2255 1427 2279 ea
1455 2255 1553 2291 quae
1574 2250 1661 2279 sunt
1689 2241 1739 2279 ibi
1759 2243 2010 2289 annuntiaret,
2031 2255 2110 2280 non
2139 2252 2236 2280 esset
2257 2245 2332 2280 hoc
2350 2257 2437 2293 pro-

1382 2295 1590 2344 pheticum.
1633 2296 1680 2331 Et
1708 2294 1811 2331 idem
1847 2303 2003 2344 apparet
2031 2296 2245 2332 secundum
2273 2304 2435 2345 tempus.

1383 2347 1653 2396 Propheticum
1675 2347 1778 2384 enim
1797 2347 1865 2383 fuit
1892 2348 1997 2396 quod
2020 2348 2132 2384 Isaias
2158 2349 2438 2396 praenuntiavit

1384 2400 1490 2448 quod
1519 2400 1662 2449 Cyrus,
1691 2401 1894 2436 Persarum
1922 2412 2007 2447 rex,
2028 2401 2215 2448 templum
2243 2400 2314 2437 Dei
2342 2409 2439 2437 esset

1383 2452 1704 2498 reaedificaturus,
1725 2459 1766 2489 ut
1784 2459 1886 2501 patet
1909 2451 2023 2489 Isaiae
2043 2464 2125 2488 xmv
2143 2452 2179 2488 ³¹⁶:
2209 2464 2289 2489 non
2308 2461 2437 2490 autem

1382 2503 1451 2541 fuit
1486 2504 1755 2554 propheticum
1792 2505 1898 2553 quod
1935 2505 2075 2541 Esdras
2114 2505 2188 2541 hoc
2225 2504 2370 2554 scripsit
2397 2505 2436 2552 ²¹⁶,

1384 2557 1493 2594 cuius
1520 2565 1693 2606 tempore
1720 2557 1862 2594 factum
1889 2564 1954 2593 est.
2378 2588 2380 2590 ,

1438 2609 1477 2647 Si
1506 2609 1616 2657 igitur
1643 2610 1748 2646 Deus
1774 2617 1838 2646 aut
1866 2609 1998 2657 angeli,
2019 2611 2080 2646 vel
2107 2609 2219 2646 etiam
2245 2609 2355 2656 beati,
2376 2622 2438 2647 co—

1383 2669 1572 2710 gnoscunt
1599 2669 1635 2698 et
1669 2661 1895 2698 annuntiant
1922 2674 1967 2699 ea
2002 2674 2100 2710 quae
2134 2670 2221 2698 sunt
2255 2664 2390 2710 procul
2417 2675 2438 2699 a

1385 2722 1513 2751 nostra
1540 2713 1681 2761 notitia,
1703 2726 1782 2751 non
1800 2713 1961 2763 pertinet
1984 2714 2032 2750 ad
2059 2713 2318 2763 prophetiam:
2349 2714 2439 2763 quia

1385 2766 1423 2803 in
1451 2768 1556 2803 nullo
1586 2774 1760 2803 nostrum
1789 2774 1927 2803 statum
1955 2765 2150 2813 attingunt.
2182 2765 2352 2802 Christus
2371 2779 2437 2803 au-

1385 2827 1462 2855 tern
1489 2827 1574 2855 ante
1603 2818 1823 2867 passionem
1849 2826 2023 2855 nostrum
2052 2826 2189 2854 statum
2218 2818 2435 2866 attingebat:

1386 2871 1614 2920 inquantum
1649 2883 1728 2908 non
1764 2872 1889 2907 solum
1918 2878 1996 2906 erat
2023 2871 2341 2918 comprehensor,
2371 2872 2436 2907 sed

1385 2924 1499 2960 etiam
1526 2923 1658 2960 viator.
1689 2924 1736 2959 Et
1763 2922 1849 2959 ideo
1869 2922 2136 2971 propheticum
2165 2930 2243 2958 erat
2267 2924 2372 2971 quod
2393 2935 2437 2960 ea

1385 2988 1484 3024 quae
1514 2983 1619 3012 erant
1646 2976 1780 3023 procul
1807 2975 1855 3010 ab
1884 2974 2046 3010 aliorum
2074 2974 2264 3010 viatorum
2293 2975 2436 3018 notitia,

1385 3035 1420 3064 et
1448 3027 1700 3075 cognoscebat
1734 3034 1770 3062 et
1803 3026 2062 3063 annuntiabat.
2105 3027 2152 3062 Et
2186 3027 2258 3063 hac
2292 3027 2436 3064 ratione

1384 3079 1520 3116 dicitur
1547 3079 1586 3115 in
1614 3091 1660 3115 eo
1688 3078 1801 3115 fuisse
1829 3078 2030 3127 prophetia
2048 3079 2077 3115 ²¹⁶.

1437 3132 1493 3167 An
1523 3143 1654 3167 PRIMUM
1683 3142 1779 3167 ERGO
1805 3142 1984 3168 DlCENDUM
2012 3131 2118 3179 quod
2137 3143 2205 3180 per
2233 3130 2292 3168 illa
2319 3133 2436 3169 verba

1383 3195 1463 3220 non
1491 3182 1702 3219 ostenditur
1729 3194 1810 3219 esse
1838 3183 1885 3219 de
1914 3182 2058 3220 ratione
2086 3183 2308 3233 prophetiae
2337 3185 2435 3221 aeni-

1383 3234 1543 3284 gmatica
1570 3234 1745 3283 cognitio,
1772 3247 1871 3284 quae
1900 3235 2037 3272 scilicet
2064 3244 2119 3272 est
2145 3248 2214 3285 per
2241 3236 2435 3274 somnium

1383 3295 1419 3324 et
1438 3287 1476 3323 in
1495 3286 1659 3324 visione:
1689 3287 1755 3324 sed
1784 3287 1993 3324 ostenditur
2011 3288 2245 3337 comparatio
2274 3288 2435 3326 aliorum

1437 3447 1462 3481 ὃ)
1480 3450 1524 3475 ad.
1542 3464 1562 3469 -
1578 3450 1599 3474 F
1618 3455 1642 3475 et
1661 3451 1733 3475 tertia
1751 3457 1852 3483 praeter
1870 3452 1907 3482 G;
1927 3452 1967 3477 de.

1437 3483 1460 3516 ε)
1478 3485 1656 3511 descenderat.
1669 3500 1688 3505 -
1700 3486 1720 3510 F
1734 3491 1758 3511 et
1770 3487 1842 3511 tertia
1849 3495 1856 3518 3
1877 3487 2056 3512 descendebat.
2069 3502 2088 3506 —
2107 3488 2156 3512 Pro
2169 3490 2330 3518 occurrerat,
2347 3495 2436 3514 occur-

377 3515 424 3538 est.
440 3527 460 3532 -
475 3513 523 3538 sed
542 3514 627 3539 solum
651 3515 756 3546 quando
779 3515 913 3547 cognoscit
930 3519 956 3540 et
973 3517 1115 3541 annuntiat
1133 3523 1164 3541 ea
1184 3524 1250 3549 quae
1267 3522 1330 3543 sunt
1384 3519 1460 3544 rebat
1477 3520 1530 3545 ΑΕ.

2457 835 2467 846 ’
2475 835 2529 856 Loc.
2539 835 2577 857 cit.
2586 835 2608 856 in
2617 841 2665 862 arg.

2457 867 2510 908 3'Aa
2518 887 2603 915 Ephes.
2615 893 2666 915 cap.

2458 920 2488 939 ιν,
2504 920 2564 935 vers.
2578 920 2599 941 7.

2458 1045 2468 1055 ⁸
2483 1044 2529 1071 Qu.
2545 1050 2569 1069 ιι,
2588 1047 2629 1065 art.
2644 1043 2666 1070 6,

2458 1070 2588 1092 Comment.
2604 1075 2666 1091 num.

2461 1677 2468 1685 ·
2484 1676 2539 1703 Cap.
2555 1682 2620 1697 xvm.

2466 2145 2475 2154 ⁸
2489 2144 2556 2165 Vers.
2579 2144 2622 2169 26;
2645 2144 2675 2165 cf.

2465 2177 2523 2191 vers.
2538 2176 2571 2191 2¹.

2466 2462 2475 2470 '⁵
2490 2461 2555 2483 Vers.
2570 2462 2605 2483 28.

2465 2505 2545 2553 :Effiin
2553 2505 2591 2526 lib.
2599 2504 2616 2530 1,
2624 2510 2674 2532 cap.

2464 3082 2474 3091 ⁸
2488 3081 2515 3101 Ι).
2533 3081 2598 3103 1068.
