2872 3970
181 1010 190 1019 '
208 1008 272 1030 Vei-⁸.
291 1016 323 1035 ¹4.

180 1169 190 1178 '⁸
204 1167 269 1189 Vere.
287 1175 309 1194 4.

275 1537 289 1570 β

178 1590 188 1599 ·
199 1589 234 1610 Cf.
250 1589 259 1610 1
271 1589 325 1611 Cor.
337 1595 387 1616 cap.

178 1622 217 1638 xu.
233 1621 291 1637 veru.
307 1616 320 1637 8
336 1622 387 1643 sqq.

178 1647 187 1656 ⁸
203 1646 267 1667 Vei-s.
283 1652 318 1672 24.

175 2387 385 2414 ‘Ep.CLxxxv11‚

174 2414 203 2434 al.
212 2414 280 2439 Lvn,
290 2419 339 2441 cap.
347 2420 383 2435 xu-

275 2450 285 2466 ε

174 2593 185 2604 ·
196 2593 281 2619 1⁵11⁵¹⁶¹
291 2599 383 2620 qu.cx1‚

175 2623 216 2641 art.
232 2626 254 2645 4.

429 294 499 331 ¹14

1114 285 1377 332 QUAESTIO
1405 286 1489 329 V11,
1519 287 1809 325 ARTICULUS
1836 289 1902 326 VII

1201 437 1518 480 ARTICULUS
1548 439 1813 483 SEPTIMUS

900 529 1055 560 UTRUM
1079 530 1121 560 1N
1146 530 1335 561 CHR1STO
1360 531 1550 562 FUERINT
1574 531 1766 563 GRATIAE
1790 532 1946 565 GRA‘rls
1969 534 2118 565 DATAE

1371 609 1400 633 In
1421 609 1528 639 kaiam,
1548 617 1603 642 cap.
1623 617 1641 635 ι.

540 737 545 745 ,
571 725 583 734 2
619 709 652 733 Ιι)
672 708 849 733 SEPTIMUM
869 708 920 733 sic
938 708 1172 733 PROCEDITUR.
1193 695 1353 734 Videtur
1372 697 1478 745 quod

475 741 484 749 ”
508 787 519 797 .
532 741 550 794 ,Ι
601 767 611 801 4>
631 748 669 785 in
691 748 842 785 Christo
863 761 942 785 non
966 748 1104 785 fuerint
1123 747 1261 796 gratiae
1280 748 1392 796 gratis
1413 749 1478 786 da-

459 802 475 851 (
532 835 534 838 ,
560 782 700 842 Ψθῑεε.
732 801 777 838 Ei
805 801 908 837 enim
937 801 1004 849 qui
1033 801 1147 838 habet
1172 801 1315 850 aliquid
1344 813 1478 838 secun-

478 881 481 886 .
513 848 567 883 &J
612 854 726 890 dum
754 853 1046 902 plenitudinem,
1076 865 1155 890 non
1184 853 1366 902 competit
1386 854 1477 891 illud

420 907 560 943 habere
588 907 803 942 secundum
831 905 1171 954 participationem.
1202 906 1278 943 Sed
1306 906 1478 943 Christus

420 958 552 995 habuit
579 958 737 1006 gratiam
766 959 980 994 secundum
1007 958 1308 1007 plenitudinem:
1343 970 1477 995 secun-

419 1012 514 1048 dum
542 1011 634 1047 illud
662 1012 764 1047 Ioan.
787 1010 852 1047 1*:
886 1011 1043 1048 Plenum
1071 1013 1218 1060 gratiae
1245 1017 1278 1047 et
1304 1013 1475 1048 veritatis.

419 1062 569 1101 Gratiae
598 1071 725 1100 autem
754 1062 867 1110 gratis
894 1063 1003 1100 datae
1032 1063 1210 1100 videntur
1245 1076 1326 1101 esse
1361 1076 1477 1113 quae-

418 1117 508 1153 dam
527 1115 833 1164 participationes
851 1115 1005 1152 divisim
1025 1121 1041 1138 α
1069 1124 1106 1153 et
1125 1115 1397 1165 particulariter
1421 1116 1477 1154 di-

418 1169 535 1205 versis
571 1168 790 1205 attributae:
831 1169 1046 1205 secundum
1082 1168 1174 1205 illud
1203 1169 1216 1205 1
1249 1170 1335 1206 Cor.
1365 1181 1410 1206 xn
1437 1169 1474 1205 *ε

416 1223 623 1259 Divisiones
649 1222 860 1270 gratiarum
887 1227 980 1258 sunt.
1011 1222 1113 1269 Ergo
1141 1220 1293 1258 videtur
1312 1221 1418 1270 quod
1438 1221 1476 1258 in

418 1274 569 1311 Christo
598 1285 678 1310 non
706 1273 844 1310 fuerint
870 1273 1009 1321 gratiae
1037 1273 1149 1322 gratis
1177 1274 1297 1310 datae.

471 1339 504 1363 2.
535 1327 766 1372 PRAETEREA,
796 1326 901 1375 quod
930 1326 1091 1363 debetur
1118 1325 1240 1372 alicui,
1264 1338 1343 1363 non
1372 1326 1476 1363 vide-

416 1387 478 1416 tur
505 1391 586 1416 esse
614 1378 726 1426 gratis
755 1378 789 1415 ei
817 1379 963 1415 datum.
993 1379 1070 1415 Sed
1099 1378 1272 1415 debitum
1300 1386 1379 1416 erat
1406 1380 1475 1416 ho-

417 1432 510 1468 mini
540 1431 691 1468 Christo
720 1431 826 1479 quod
855 1442 1032 1467 sermone
1061 1431 1267 1480 sapientiae
1295 1439 1331 1467 et
1356 1431 1475 1468 scien-

416 1484 488 1520 tiae
517 1484 741 1529 abundaret,
771 1491 806 1519 et
834 1490 971 1531 potens
999 1491 1095 1519 esset
1123 1484 1161 1520 in
1190 1483 1393 1520 virtutibus
1425 1484 1476 1520 fa—

416 1535 580 1583 ciendis,
610 1543 646 1572 et
678 1536 750 1572 alia
769 1534 784 1565 β
812 1535 1035 1572 huiusmodi
1068 1547 1167 1584 quae
1205 1535 1393 1583 pertinent
1427 1536 1475 1573 ad

415 1588 549 1637 gratias
576 1588 688 1636 gratis
716 1588 821 1624 datas
840 1588 880 1624 *2
910 1600 1000 1624 cum
1029 1587 1109 1636 ipse
1138 1587 1184 1624 sit
1206 1589 1279 1624 Dei
1302 1589 1416 1624 virtus
1444 1595 1477 1625 et

415 1643 487 1678 Dei
502 1642 692 1690 sapientia,
714 1649 755 1677 ut
774 1640 911 1677 dicitur
936 1641 949 1677 I
973 1642 1059 1677 Cor.
1081 1653 1090 1676 ι
1109 1640 1139 1676 *.
1170 1641 1271 1687 Ergo
1294 1640 1445 1677 Christo
1460 1646 1475 1668 Ὺ

416 1706 494 1730 non
523 1694 591 1730 fuit
619 1693 852 1730 conveniens
881 1693 1022 1730 habere
1049 1692 1185 1740 gratias
1212 1692 1324 1740 gratis
1356 1693 1473 1730 datas.

470 1747 503 1782 3.
534 1747 773 1791 PRAETEREA,
803 1746 942 1793 gratiae
970 1745 1082 1793 gratis
1110 1746 1219 1782 datae
1249 1745 1476 1782 ordinantur

384 1814 389 1820 =
415 1800 463 1835 ad
484 1798 678 1835 utilitatem
696 1798 885 1835 fidelium:
912 1798 1127 1834 secundum
1147 1797 1239 1841 illud
1254 1799 1268 1834 I
1283 1799 1370 1835 Cor.
1382 1810 1428 1835 xn
1442 1797 1472 1834 *ι

420 1853 623 1900 Unicuique
642 1851 750 1887 datur
768 1851 1013 1898 manifestatio
1034 1851 1188 1899 Spiritus
1207 1850 1258 1886 ad
1275 1851 1473 1887 utilitatem.

415 1905 507 1940 Non
535 1911 663 1940 autem
683 1903 834 1939 videtur
862 1903 909 1939 ad
934 1902 1131 1939 utilitatem
1151 1900 1164 1923 δ
1191 1902 1379 1950 pertinere
1408 1903 1474 1939 ha-

415 1956 526 2002 bitus,
556 1964 621 1993 aut
648 1967 918 2004 quaecumque
946 1954 1156 2003 dispositiO,
1186 1954 1216 1990 si
1244 1955 1365 1991 homo
1393 1967 1474 1991 non

414 2017 560 2045 utatur:
582 2008 797 2045 secundum
817 2007 908 2044 illud
930 2008 1043 2044 Eccli.
1060 2019 1107 2044 xx
1121 2007 1158 2042 *z
1189 2008 1375 2056 Sapientia
1394 2010 1473 2044 abs—

414 2061 571 2107 condita,
592 2067 624 2097 et
651 2062 841 2097 thesaurus
869 2061 1014 2106 invisus,
1036 2072 1130 2109 quae
1157 2059 1289 2097 utilitas
1313 2062 1350 2096 in
1371 2062 1472 2097 utris-

415 2114 516 2162 que?
554 2113 726 2150 Christus
762 2121 891 2150 autem
933 2124 1014 2149 non
1055 2111 1189 2160 legitur
1225 2125 1318 2149 usus
1358 2112 1472 2150 fuisse

414 2166 595 2203 omnibus
614 2165 738 2214 gratiis
766 2165 877 2213 gratis
896 2165 1011 2202 datis:
1041 2164 1263 2214 praesertim
1283 2173 1473 2213 quantum

413 2219 461 2255 ad
489 2231 627 2266 genera
656 2218 884 2266 linguarum.
914 2219 1006 2254 Non
1035 2229 1124 2265 ergo
1154 2217 1192 2255 in
1213 2217 1365 2254 Christo
1393 2218 1472 2255 fue-

414 2279 502 2308 runt
530 2283 665 2308 omnes
693 2271 831 2318 gratiae
859 2270 971 2318 gratis
999 2271 1119 2307 datae.

466 2325 539 2361 SED
569 2335 710 2360 CONTRA
739 2335 804 2359 EsT
823 2323 930 2372 quod
949 2322 1184 2371 Augustinus
1204 2322 1303 2369 dicit,
1323 2322 1362 2359 in
1383 2322 1471 2372 Epi-

413 2378 507 2414 stola
535 2377 586 2414 ad
601 2376 824 2413 Dardanum
843 2375 873 2422 ³¹²,
903 2376 1009 2424 quod
1030 2375 1126 2412 sicut
1145 2376 1183 2413 in
1204 2375 1325 2424 capite
1350 2383 1438 2412 sunt
1459 2381 1471 2396 ²

413 2441 548 2466 omnes
572 2441 718 2476 sensus,
742 2428 792 2465 ita
815 2428 855 2465 in
880 2428 1031 2465 Christo
1054 2429 1208 2466 fuerunt
1230 2440 1367 2465 omnes
1390 2440 1471 2475 gra-

411 2491 495 2519 nae.

465 2536 688 2572 Responm-:o
717 2546 897 2571 DICENDUM
932 2534 1057 2582 quod,
1088 2533 1183 2570 sicut
1217 2533 1256 2570 in
1294 2533 1472 2570 Secunda

412 2589 522 2624 Parte
540 2587 560 2609 ’¹‘
588 2586 762 2624 habitum
783 2594 849 2632 est,
869 2586 1008 2634 gratiae
1027 2585 1140 2634 gratis
1163 2586 1273 2623 datae
1293 2585 1471 2622 ordinan-

412 2649 473 2678 tur
500 2640 548 2677 ad
576 2638 667 2676 fidei
697 2647 732 2675 et
760 2638 962 2687 spiritualis
989 2638 1184 2676 doctrinae
1203 2638 1471 2676 manifestatio-

412 2705 514 2730 nem.
546 2693 708 2741 Oportet
736 2699 865 2728 autem
894 2703 985 2728 eum
1014 2691 1081 2740 qui
1109 2691 1232 2738 docet,
1254 2691 1394 2728 habere
1427 2703 1472 2728 ea

412 2758 481 2794 per
513 2757 613 2794 quae
649 2757 718 2781 sua
754 2743 926 2780 doctrina
960 2743 1236 2780 manifestetur:
1266 2743 1372 2780 aliter
1403 2756 1472 2780 sua

413 2797 585 2835 doctrina
604 2805 701 2834 esset
720 2796 871 2833 inutilis.
899 2796 1109 2846 Spiritualis
1129 2804 1258 2833 autem
1277 2795 1471 2833 doctrinae

413 2859 448 2887 et
477 2850 567 2887 fidei
604 2849 751 2899 primus
780 2856 816 2886 et
843 2848 1061 2898 principalis
1097 2849 1242 2886 Doctor
1276 2856 1331 2885 est
1364 2848 1471 2885 Chri-

466 2980 482 2995 α
514 2971 627 2996 divisim.
645 2984 664 2989 -
682 2971 784 2999 Tertia;
804 2970 910 2995 divinae
932 2970 1047 2995 divisim.

467 2970 494 3039 βξ
511 3007 573 3031 alia.
591 3020 610 3025 —
629 3007 654 3030 in
674 3006 735 3031 a1iis
754 3006 780 3034 Ρ,
799 3005 860 3030 aliis
879 3011 963 3030 cetera
982 3005 1064 3031 tertia.

465 3050 480 3074 γ
514 3042 627 3066 Christo.
644 3055 663 3060 —
681 3041 780 3072 Tertia;
800 3045 859 3073 post
870 3041 930 3074 suit
947 3041 979 3071 D,
998 3048 1055 3065 eum
1076 3045 1137 3074 post
1155 3040 1250 3066 habere
1268 3040 1301 3071 F,
1320 3048 1373 3066 om.
1386 3040 1474 3065 ceteri.

465 3042 492 3110 δὲ
510 3077 660 3102 utilitatem.
678 3090 697 3095 -
714 3076 829 3100 aliorum
849 3076 918 3100 addit
936 3076 1017 3101 tertia.

466 3111 487 3146 ε)
506 3111 593 3143 capite
611 3115 681 3137 sunt.
699 3125 718 3130 —
736 3110 835 3141 Tertia3
856 3110 962 3136 Christo
972 3112 1098 3144 fuerunt.

465 3147 491 3181 ζ)
509 3147 645 3171 enuntiari
662 3153 679 3170 a
698 3146 822 3171 Domino.
841 3159 859 3164 -
877 3146 1003 3170 enarrari
1018 3153 1069 3178 per
1088 3146 1234 3171 Dominum
1251 3146 1284 3176 Ρ;
1303 3146 1394 3171 eadem
1413 3153 1472 3170 mox

414 3190 460 3214 pro
474 3181 617 3215 prodigiis,
636 3181 777 3213 portentis.
797 3180 836 3205 Cf.
854 3189 899 3212 qu.
918 3188 1018 3212 xxxvm,
1038 3187 1085 3207 art.
1105 3188 1128 3211 2.
1148 3180 1170 3213 β.

1534 705 1630 734 stus:
1661 697 1877 735 secundum
1905 698 1997 736 illud
2024 701 2123 737 Heb.
2145 712 2166 737 11
2184 700 2221 737 *z
2256 702 2350 738 Cum
2370 703 2512 738 initium
2532 714 2590 740 ac·
2617 712 2782 743 ‘Ver-44-

1532 751 1681 798 cepisset
1708 751 1895 787 enuntiari
1919 763 1943 788 a
1970 752 2133 789 Domino
2153 751 2177 800 ζ,
2200 765 2273 802 per
2299 765 2361 791 eos
2378 756 2452 803 'qui
2468 755 2589 792 audie·
2714 761 2729 791 t

1532 809 1618 839 runt
1654 804 1690 839 in
1720 815 1787 839 nos
1822 805 2043 852 confirmata
2075 811 2145 851 est,
2175 811 2395 843 contestante
2425 807 2507 844 Deo
2542 808 2589 844 si-

1531 856 1616 904 gnis
1644 861 1676 891 et
1693 855 1888 904 prodigiis,
1909 863 1978 892 etc.
2008 857 2118 894 Unde
2146 857 2389 895 manifestum
2409 866 2465 896 est
2482 859 2589 908 quod

1532 907 1571 944 in
1601 907 1751 944 Christo
1778 908 1932 944 fuerunt
1957 908 2266 947 excellentissime
2290 922 2426 948 omnes
2450 911 2588 959 gratiae

1531 959 1644 1008 gratis
1662 960 1783 1007 datae,
1805 959 1900 996 sicut
1919 960 1957 997 in
1985 960 2112 1010 primo
2136 969 2172 998 et
2197 961 2394 1011 principali
2422 964 2589 1001 Doctore

1532 1012 1633 1050 fidei.
1695 1021 1698 1024 ’

1584 1066 1641 1101 Αι)
1670 1077 1804 1102 Palmum
1832 1077 1930 1102 ERGO
1958 1064 2167 1103 dicendum
2194 1066 2322 1115 quod,
2351 1066 2447 1104 sicut
2472 1066 2589 1115 gratia

1531 1125 1682 1165 gratum
1699 1117 1840 1154 faciens
1859 1117 2058 1155 ordinatur
2075 1118 2124 1155 ad
2143 1125 2249 1155 aetus
2276 1118 2491 1156 meritorios
2509 1128 2589 1157 tam

1532 1170 1728 1206 interiores
1756 1182 1875 1218 quam
1903 1170 2117 1218 exteriores,
2147 1169 2197 1207 ita
2224 1170 2340 1219 gratia
2366 1171 2478 1219 gratis
2502 1173 2589 1210 data

1532 1222 1730 1260 ordinatur
1757 1222 1804 1259 ad
1824 1222 2015 1272 quosdam
2043 1230 2149 1260 actus
2168 1222 2371 1261 exteriores
2398 1223 2489 1262 fidei
2507 1236 2589 1262 ma-

1531 1274 1763 1312 nifestativos
1782 1280 1813 1321 ⁷²,
1842 1274 1938 1312 sicut
1965 1282 2021 1312 est
2048 1274 2219 1325 operatio
2244 1275 2531 1323 miraculorum,
2552 1283 2591 1315 et
2711 1290 2728 1315 η

1531 1327 1603 1364 alia
1622 1326 1857 1365 huiusmodi.
1886 1328 1928 1364 In
1947 1335 2108 1376 utraque
2128 1336 2258 1365 autem
2276 1327 2393 1376 gratia
2415 1329 2589 1368 Christus

1530 1379 1808 1429 plenitudinem
1836 1379 1984 1417 habuit:
2014 1380 2244 1429 inquantum
2272 1380 2376 1418 enim
2403 1380 2588 1420 divinitati

1531 1432 1636 1470 unita
1664 1440 1742 1469 erat
1761 1431 1773 1453 ⁰
1802 1431 1883 1469 eius
1911 1432 2060 1478 anima,
2089 1434 2243 1482 plenam
2281 1433 2491 1470 efficaciam
2521 1434 2587 1471 ha·
2712 1441 2726 1466 θ

1530 1485 1643 1522 bebat
1671 1485 1719 1522 ad
1748 1496 1884 1521 omnes
1911 1483 2125 1534 praedictos
2143 1491 2151 1507 ‘
2179 1493 2284 1522 actus
2318 1485 2585 1534 perficiendos.
2715 1498 2724 1514 2

1531 1537 1607 1575 Sed
1636 1537 1697 1574 alii
1725 1536 1855 1584 sancti,
1883 1536 1950 1585 qui
1978 1545 2185 1574 moventur
2203 1543 2219 1559 ἰ
2247 1550 2270 1574 a
2295 1537 2380 1575 Deo
2408 1538 2505 1576 sicut
2531 1539 2587 1577 in-
2712 1550 2727 1566 κ

1531 1597 1741 1626 strumenta
1768 1601 1848 1625 non
1876 1589 1993 1636 unita,
2019 1589 2085 1626 sed
2113 1597 2295 1639 separata,
2315 1589 2589 1638 particulariter

1530 1641 1740 1679 efficaciam
1777 1641 1963 1690 recipiunt
1991 1641 2040 1678 ad
2068 1642 2140 1678 hos
2166 1643 2228 1681 v.el
2255 1641 2338 1678 illos
2370 1650 2475 1679 actus
2503 1654 2586 1692 per-

1530 1694 1727 1731 ficiendos.
1757 1694 1806 1730 Et
1833 1693 1920 1730 ideo
1940 1693 1978 1730 in
1998 1693 2079 1730 aliis
2107 1694 2244 1731 sanctis
2263 1693 2487 1732 huiusmodi
2505 1706 2587 1744 gra-

1529 1747 1601 1783 tiae
1630 1745 1873 1783 dividuntur:
1903 1757 1983 1782 non
2011 1754 2140 1784 autem
2169 1746 2207 1783 in
2237 1746 2400 1784 Christo.

1581 1800 1638 1836 AD
1666 1810 1854 1836 SECUNDUM
1882 1810 2062 1836 memnon
2097 1799 2203 1848 quod
2241 1798 2414 1836 Christus
2451 1798 2588 1841 dicitur

1528 1853 1601 1888 Dei
1625 1852 1740 1888 virtus
1777 1857 1810 1887 et
1836 1851 1910 1888 Dei
1942 1852 2142 1900 sapientia,
2171 1851 2399 1900 inquantum
2438 1859 2494 1891 est
2524 1864 2586 1894 ae·

1527 1911 1658 1940 ternus
1685 1902 1758 1939 Dei
1786 1902 1914 1939 Filius.
1951 1903 2014 1940 Sic
2041 1911 2170 1940 autem
2198 1915 2278 1940 non
2305 1904 2488 1953 competit
2514 1903 2586 1942 sibi

1528 1955 1669 1992 habere
1696 1955 1873 2003 gratiam,
1902 1955 1969 1992 sed
1996 1955 2124 2004 potius
2151 1968 2233 1992 esse
2267 1956 2405 2004 gratiae
2438 1956 2584 2006 largito-

1528 2020 1609 2045 rem
1628 2007 1653 2044 λ.
1692 2007 1884 2057 Competit
1911 2015 2040 2044 autern
2069 2007 2139 2044 sibi
2172 2008 2330 2056 gratiam
2358 2008 2500 2046 habere
2528 2020 2584 2046 se-
2707 2015 2725 2042 λ

1527 2061 1701 2098 cundum
1729 2061 1943 2097 humanam
1971 2068 2159 2098 naturam.

1580 2114 1638 2149 Αι)
1664 2124 1822 2150 TERTIUM
1849 2125 2030 2150 mCENDUM
2057 2113 2164 2162 quod
2192 2113 2342 2150 donum
2367 2113 2584 2162 linguarum

1527 2165 1662 2202 datum
1690 2172 1745 2202 est
1771 2164 1964 2214 Apostolis
1990 2165 2082 2214 quia
2108 2165 2355 2203 mittebantur
2378 2166 2430 2203 ad
2453 2166 2584 2204 docen-

1527 2218 1593 2255 das
1620 2230 1747 2254 omnes
1773 2223 1900 2267 gentes
1918 2217 1948 2254 ²⁸.
1980 2217 2153 2255 Christus
2174 2225 2304 2255 autem
2331 2217 2370 2255 in
2398 2230 2476 2256 una
2503 2219 2585 2256 sola

1526 2270 1758 2307 Iudaeorum
1785 2277 1895 2318 gente
1921 2269 2044 2308 voluit
2070 2270 2318 2320 personaliter
2344 2270 2583 2320 praedicare:

1526 2322 1742 2360 secundum
1762 2323 1869 2372 quod
1888 2322 1969 2372 ipse
1989 2321 2090 2370 dicit,
2110 2323 2244 2360 Matth.
2265 2335 2313 2360 xv
2325 2322 2363 2360 *z
2391 2324 2483 2361 Non
2500 2335 2584 2365 sum
2610 2333 2620 2345 ⁸

1525 2377 1655 2412 missus
1684 2376 1755 2421 nisi
1779 2375 1830 2412 ad
1854 2387 1939 2413 oves
1967 2387 2061 2424 quae
2078 2377 2270 2425 perierunt
2297 2375 2427 2413 domus
2443 2375 2567 2414 Israel
2571 2389 2584 2420 ,-

1526 2436 1562 2465 et
1589 2429 1797 2477 Apostolus
1824 2427 1925 2474 dicit,
1953 2429 2064 2466 Rom.
2084 2440 2132 2464 xv
2150 2427 2188 2464 *:
2217 2429 2312 2465 Dico
2329 2429 2454 2465 Iesum
2477 2429 2584 2466 Chri-

1524 2487 1619 2518 stum
1638 2482 1845 2517 ministrum
1854 2481 1978 2528 fuisse
1999 2481 2306 2517 Circumcisionis.
2330 2481 2378 2517 Et
2397 2480 2484 2518 ideo
2502 2490 2584 2518 non

1526 2533 1695 2582 oportuit
1726 2533 1833 2582 quod
1861 2534 2081 2582 loqueretur
2115 2532 2288 2582 pluribus
2316 2532 2463 2581 linguis.
2500 2532 2586 2571 Nec

1526 2593 1655 2623 tamen
1683 2585 1801 2622 defuit
1819 2584 1853 2622 ei
1872 2584 2050 2622 omnium
2077 2584 2293 2633 linguarum
2315 2584 2463 2623 notitia:
2493 2597 2585 2633 cum
2612 2630 2615 2632 ,

2609 2229 2620 2240 ·
2643 2228 2725 2251 Mania.
2752 2234 2804 2257 σιμ.

2609 2260 2692 2282 xxviu,
2701 2261 2760 2278 vm.
2770 2261 2805 2284 ¹9.

2636 2332 2752 2361 veru-²4.

2610 2433 2621 2444 ’
2634 2432 2700 2455 Vm.
2715 2433 2737 2456 8.

1526 2638 1641 2676 etiam
1669 2639 1817 2675 occulta
1835 2637 2012 2682 cordium
2030 2649 2111 2674 non
2135 2645 2260 2675 essent
2287 2637 2322 2674 ei
2349 2637 2584 2686 abscondita,

1526 2699 1568 2728 ut
1604 2690 1700 2727 infra
1718 2690 1738 2712 ’¹‘
1764 2690 1930 2738 dicetur,
1959 2702 2128 2739 quorum
2163 2702 2278 2728 voces
2315 2702 2584 2740 quaecumque

1527 2751 1614 2781 sunt
1642 2743 1747 2791 signa
1765 2742 1795 2779 ²¹⁸.
1824 2743 1908 2779 Nec
1934 2750 2063 2779 tamen
2083 2742 2261 2780 inutiliter
2288 2743 2388 2780 hanc
2411 2742 2584 2781 notitiam

1527 2795 1677 2833 habuit:
1717 2795 1812 2832 sicut
1839 2806 1918 2832 non
1946 2794 2126 2832 inutiliter
2162 2795 2275 2832 habet
2311 2795 2485 2833 habitum
2517 2795 2584 2846 qui

1527 2861 1574 2886 eo
1602 2860 1683 2886 non
1710 2847 1827 2885 utitur
1854 2847 2011 2896 quando
2039 2860 2120 2885 non
2149 2855 2203 2885 est
2231 2855 2507 2898 opportunum.

2610 2748 2824 2804 teserem

2610 2828 2627 2855 Ι,
2638 2828 2691 2850 lect.
2701 2833 2728 2851 n.

1577 2968 1604 3003 η)
1624 2969 1844 3003 manifestativas.
1854 2983 1873 2988 -
1886 2969 2004 3000 PEGH1;
2025 2970 2212 3004 manifactinos
2221 2971 2252 3002 Α,
2263 2970 2487 3004 manifestationi:
2498 2970 2583 2996 ceux-i.

1576 3003 1600 3074 03
1618 3005 1687 3030 enim
1707 3005 1843 3046 divinitati
1861 3005 1936 3030 unita
1951 3007 2018 3031 erat.
2029 3019 2049 3024 -
2060 3012 2078 3029 a
2092 3004 2234 3031 divinitate
2252 3005 2328 3031 unita
2345 3005 2420 3031 tertia
2436 3009 2538 3038 praeter
2551 3005 2580 3032 P.

1579 3049 1587 3064 ι
1613 3041 1776 3072 praedictos.
1794 3054 1813 3058 —
1832 3039 1893 3065 Om.
1912 3040 2027 3066 BCDFa.

1545 3111 1551 3117 ι
1577 3075 1602 3109 x)
1623 3079 1770 3101 moventur.
1787 3090 1807 3095 -
1825 3076 1845 3100 E
1860 3081 1885 3100 et
1902 3075 1976 3100 tertia
1982 3082 1991 3105 ‚·
2011 3075 2184 3101 movebantur
2202 3074 2322 3106 BCDFa3
2342 3075 2397 3102 Sed
2412 3074 2485 3101 atii...
2499 3075 2582 3109 perfi-

1525 3111 1921 3206 cznssosgfcii‘i'afflargitorem.
1939 3159 1958 3164 -
1975 3145 2083 3179 gratiae
2108 3145 2229 3172 datorem
2248 3144 2316 3174 om,
2335 3145 2456 3171 datum
2476 3144 2583 3179 gratim

1526 3189 1541 3206 e
1559 3186 1660 3207 mones.

1085 3267 1421 3300 Commentaria
1443 3268 1694 3301 Cardinalis
1715 3267 1914 3301 Caietam

474 3357 580 3378 ιτυιυε
603 3346 725 3377 articuli
748 3346 874 3385 septimi
897 3350 932 3375 ut
955 3351 1046 3376 sonat
1069 3347 1260 3387 intelligitur.

417 3359 470 3419 T
529 3391 563 3420 In
584 3399 718 3430 corpore
743 3390 836 3419 unica
859 3395 904 3419 est
928 3389 1102 3425 conclusi0‚
1126 3392 1309 3430 responsiva
1325 3392 1469 3431 quaesito

415 3434 612 3464 affirmative:
638 3434 675 3463 In
695 3434 820 3464 Christo
835 3433 978 3474 suerunt
993 3434 1252 3465 excellentissime
1268 3445 1376 3466 omnes
1390 3446 1469 3476 gra-

417 3478 479 3507 tiae
497 3478 601 3518 gratis
617 3478 719 3508 datae.
744 3477 906 3507 Probatur.
932 3477 1066 3516 Oportet
1083 3486 1157 3506 eum
1174 3478 1228 3516 qui
1246 3477 1339 3508 docet
1354 3479 1468 3509 habere

417 3530 451 3550 ea
476 3530 531 3559 per
554 3531 634 3561 quae
659 3531 714 3551 sua
738 3521 880 3551 doctrina
903 3519 1129 3550 manifestetur.
1165 3521 1248 3560 Ergo
1279 3528 1406 3561 oportet
1435 3524 1467 3553 in

417 3564 542 3594 Christo
567 3565 824 3595 excellentissime
849 3564 943 3595 fuisse
968 3572 1079 3594 omnes
1103 3565 1214 3603 gratias
1230 3566 1322 3603 gratis
1339 3565 1468 3596 datas.-

1578 3348 1778 3379 Antecedens
1794 3348 1954 3388 probatur.
1981 3347 2065 3385 Quia
2076 3347 2150 3378 alias
2165 3355 2222 3377 sua
2232 3345 2375 3376 doctrina
2390 3351 2471 3377 esset
2485 3346 2581 3377 inuti-

1523 3392 1570 3423 lis.
1589 3410 1611 3415 —
1634 3392 1873 3432 Consequentia
1895 3400 1970 3422 vero
1994 3391 2154 3431 probatur.
2177 3389 2262 3427 Quia
2284 3388 2428 3420 Christus
2450 3395 2497 3420 est
2518 3391 2581 3430 pri-

1522 3446 1593 3466 mus
1617 3442 1648 3466 et
1663 3436 1843 3476 principalis
1859 3436 1980 3466 Doctor
2002 3433 2090 3464 fidei:
2115 3438 2145 3463 et
2159 3433 2274 3473 gratiae
2289 3433 2382 3473 gratis
2403 3433 2492 3464 datae
2508 3440 2581 3464 sunt

1522 3489 1558 3510 ea
1582 3489 1638 3518 per
1661 3489 1742 3519 quae
1766 3479 1839 3510 fidei
1863 3479 2058 3519 Spiritusque
2081 3476 2222 3507 doctrina
2245 3476 2470 3507 manifestatur.

1577 3523 1638 3553 Ubi
1662 3529 1737 3553 nota
1768 3522 1856 3563 quod
1886 3522 2028 3553 Christus
2057 3520 2170 3551 dicitur
2197 3520 2317 3560 primus
2341 3526 2372 3550 et
2402 3522 2581 3562 principalis

1522 3564 1595 3595 fidei
1620 3566 1757 3602 Doctor‚
1781 3566 1830 3596 vel
1854 3566 1928 3606 quia
1957 3573 2091 3605 persona
2114 3563 2166 3594 illa
2194 3563 2288 3594 habet
2315 3565 2409 3595 etiam
2436 3570 2580 3606 tempore

2613 2701 2857 2730 'Quam-z*

2610 2808 2635 2824 n.
2643 2807 2681 2824 3.-
2689 2801 2714 2824 S.
2724 2801 2769 2824 Th.
2780 2801 2822 2824 lib.
2854 2803 2856 2807 '

2864 962 2872 1109 -.m-‹fflm-.
2867 943 2872 948 .
2871 926 2872 929 „
2867 883 2872 913 ...-

2870 1428 2872 1430 .
2869 1397 2872 1417 c.
2864 1113 2872 1390 ...m«<..1.-.......1...—.„..-
