2872 3970
1011 304 1272 349 QUAESTIO
1301 305 1388 352 XV,

1418 305 1709 342 ARTICULUS
1738 306 1787 342 1v
2416 301 2486 349 189

1089 445 1405 488 ARTICULUS
1435 447 1707 496 QUARTUS

921 548 1079 579 UTRUM
1102 548 1243 578 ANIMA
1266 548 1438 579 CHRISTI
1461 549 1619 579 FUERIT
1647 549 1868 580 PAssmlLls

389 636 422 662 111
441 636 524 665 Sent„
545 636 603 661 dist.
622 642 676 666 xm,
695 643 739 668 qu.
758 643 775 666 1,
796 641 842 660 art.
863 643 887 664 2,
906 636 954 667 qu⁸¹
976 642 999 666 ι,
1019 636 1050 660 ad
1071 642 1100 665 2;
1120 636 1176 660 dist.
1196 644 1236 666 xv,
1255 644 1300 668 qu.
1319 643 1346 665 ιι,
1366 639 1411 661 art.
1433 643 1456 666 1,
1476 637 1524 668 qu*³
1547 636 1575 667 3;
1600 637 1658 662 dist.
1677 644 1762 667 xxxm,
1782 637 1878 669 Expos.
1898 637 1957 667 litt.;
1978 637 2019 662 De
2042 637 2136 667 Ver-it„
2156 646 2199 670 qu.
2219 646 2283 669 xxm,
2303 643 2348 664 art.
2368 638 2399 670 8;

815 671 959 703 Compend.
981 670 1078 700 Theol„
1098 679 1156 703 cap.
1174 678 1289 701 ccxxxn;
1310 671 1340 695 In
1362 672 1444 700 Ioan„
1464 679 1520 704 cap.
1538 679 1582 701 ΧΗ,
1602 672 1659 697 lect.
1678 680 1694 695 v
1701 680 1708 703 ;
1728 680 1782 704 cap.
1802 679 1855 701 xm,
1874 673 1931 698 lect.
1950 680 1983 697 ιν.

337 773 398 815 '⁵35'
446 782 493 812 3,
517 771 539 796 D
560 770 732 801 QUARTUM
750 770 802 795 s1c
822 770 1056 795 PROCEDITUR.
1082 758 1242 795 Videtur
1260 758 1367 807 quod

333 790 392 852 '‘935'ss
400 820 420 853 9,,
432 802 493 849 ’ἷῗέ
518 811 647 849 anima
662 811 800 848 Christi
819 823 899 848 non
917 810 1028 848 fuerit
1046 811 1242 860 passibilis
1261 810 1367 847 Nihil

323 855 405 940 ,52
381 857 443 909 {2
443 843 485 905 »ἢ
499 863 505 867 ’
518 863 622 901 enim
650 863 791 913 patitur
818 863 890 900 nisi
909 876 931 900 a
949 863 1110 900 fortiori:
1141 863 1231 913 quia
1250 875 1367 913 agens

327 905 345 917 ”
362 892 421 940 (a
438 924 450 952 i
470 896 506 953 (s
519 922 570 953 est
577 918 825 966 praestantms
837 918 1011 965 pati,ente
1027 924 1069 952 ut
1087 924 1188 965 patet
1207 929 1276 965 per
1289 917 1367 952 Au-

305 968 514 1017 gustinum,
535 970 600 1006 XII
627 981 740 1019 super
761 970 852 1006 Gen.
873 970 924 1006 ad
940 970 1002 1006 litt.
1022 969 1060 1015 *3
1090 977 1125 1006 et
1152 981 1222 1018 per
1240 969 1367 1005 Philo-

307 1022 488 1071 sophum,
505 1021 543 1059 in
562 1022 608 1059 III
627 1022 672 1059 de
684 1023 824 1060 Anima
838 1021 868 1058 ³³².
891 1022 967 1059 Sed
986 1023 1091 1059 nulla
1110 1029 1282 1059 creatura
1300 1021 1368 1058 fuit

249 1071 255 1076 ’
305 1074 556 1124 praestantior
591 1087 710 1124 quam
747 1074 876 1112 anima
914 1075 1061 1112 Christi.
1100 1075 1201 1122 Ergo
1239 1073 1368 1111 anima

73 1322 147 1403 3¹3.-
153 1340 276 1393 tissa·

99 1509 103 1514 ⁵
121 1510 175 1532 αι,
189 1510 276 1533 veras.

67 1761 157 1785 Vm.
171 1768 192 1790 5.

88 1820 143 1843 An.
156 1826 176 1842 2.

77 2029 131 2053 Ρ·
148 2036 249 2058 uxxvn,

139 2064 163 2084 4.

99 2192 109 2207 ¹·
116 2188 190 2213 talin.
201 2190 262 2217 Aug.

89 2345 118 2369 D.
134 2352 180 2375 295.

40 3716 43 3721 ,
35 3596 47 3639 ,χω
39 3559 46 3573 ,μ
36 3510 37 3513 Α
33 3419 34 3422 ⁴
32 3294 48 3396 ‹ww-gl„-
36 3253 50 3278 32„-
39 3207 45 3217 .,
36 3182 44 3185 x
32 3083 42 3100 A
32 3044 44 3053 ,·
28 3016 34 3021 ³
32 2986 45 2995 ’,
28 2907 30 2911 ’
27 2853 35 2877 ”
27 2738 29 2741 “

68 3875 84 3882 .;
55 3691 95 3862 [Μῌβςεῑῆ
57 3595 98 3675 1³2*va
96 3569 103 3582 „‚
99 3438 109 3479 ...=
103 3338 107 3339 Ἰ
91 3136 110 3214 μ
98 3097 100 3102 7
71 2841 103 3009 1:3⁴'3·.j‘-·‘1;·‘2.1'‘'·1
66 2679 88 2703 κζ,
81 2641 98 2667 2⁴·
64 2609 81 2623 Ἀ
56 2298 83 2346 ..⁸²³2
67 2186 99 2235 ‘'fi-¹
67 1982 91 2031 7.
62 1903 75 1966 ³
73 1787 83 1819 »2
77 1638 79 1652 .-
72 1566 75 1568 ·
90 1517 92 1522 λ
70 1483 92 1490 3

135 2825 276 2850 unm-ist.

308 1127 446 1164 Christi
473 1139 554 1164 non
571 1127 696 1176 potuit
714 1127 763 1164 ab
783 1127 910 1176 aliqua
938 1136 1110 1164 creatura
1128 1127 1217 1177 pati.
1247 1128 1295 1163 Et
1318 1126 1368 1163 ita

306 1191 386 1217 non
413 1179 482 1217 fuit
500 1180 706 1229 passibilis:
736 1181 872 1217 frustra
900 1180 1004 1217 enim
1023 1180 1152 1217 fuisset
1174 1180 1213 1216 in
1232 1192 1278 1216 eo
1298 1191 1366 1228 po-

305 1232 420 1270 tentia
446 1233 627 1282 patiendi,
657 1233 688 1270 si
716 1245 738 1270 a
766 1234 873 1270 nullo
901 1233 978 1282 pati
1006 1233 1201 1282 potuisset.

360 1297 394 1322 2.
424 1286 664 1332 PRAETEREA,
693 1286 865 1330 Tullius,
895 1286 934 1322 in
962 1285 1058 1322 libro
1094 1286 1139 1322 de
1168 1288 1203 1322 T
1201 1286 1365 1322 useulan.

311 1339 457 1380 Quaest.
473 1338 504 1386 ²³⁶,
530 1338 619 1376 dicit
638 1339 746 1388 quod
763 1338 961 1388 passiones
981 1339 1131 1375 animae
1151 1346 1239 1375 sunt
1259 1351 1367 1387 quae-

305 1390 392 1428 dam
420 1392 680 1441 aegritudines.
711 1392 788 1429 Sed
816 1391 856 1429 in
883 1391 1012 1428 anima
1033 1391 1171 1428 Christi
1199 1403 1279 1428 non
1299 1391 1368 1428 fuit

305 1443 432 1493 aliqua
451 1444 667 1492 aegritudo:
698 1456 790 1481 nam
809 1444 1005 1492 aegritudo
1026 1444 1176 1482 animae
1197 1444 1368 1493 sequitur

304 1504 518 1546 peccatum,
538 1505 580 1534 ut
607 1505 709 1547 patet
735 1509 805 1546 per
824 1497 916 1534 illud
936 1497 1077 1534 Psalmi
1096 1497 1132 1534 ²⁸:
1164 1499 1266 1534 Sana
1287 1499 1367 1534 ani-

303 1562 406 1587 mam
434 1562 577 1587 meam:
611 1552 696 1599 quia
718 1552 877 1599 peccavi
905 1552 979 1587 tihi.
1017 1551 1118 1598 Ergo
1147 1550 1185 1586 in
1215 1549 1366 1586 Christo

304 1613 385 1639 non
412 1602 565 1640 fuerunt
593 1602 744 1640 animae
770 1602 979 1652 passiones.

360 1654 394 1692 3.
424 1655 655 1702 PRAETEREA,
675 1655 873 1704 passiones
892 1655 1043 1692 animae
1062 1655 1240 1692 videntur
1263 1654 1366 1692 idem

305 1719 387 1744 esse
414 1720 505 1745 cum
531 1708 662 1745 fomite
688 1708 852 1758 peccati:
882 1708 986 1745 unde
1012 1710 1231 1757 Apostolus,
1253 1709 1364 1745 Rom.

304 1759 395 1808 vi1*‚
415 1767 528 1798 vocat
547 1773 610 1798 eas
623 1763 816 1810 passiones
829 1768 1080 1810 peccatorum.
1103 1761 1207 1798 Sed'
1199 1773 1238 1798 m
1259 1760 1366 1797 Chri-

305 1821 363 1850 sto
382 1825 463 1850 non
481 1813 551 1850 fuit
567 1813 690 1850 fornes
715 1814 871 1863 peccati,
893 1822 934 1850 ut
953 1826 1068 1862 supra
1086 1813 1106 1835 '¹‘
1134 1813 1279 1850 dictum
1300 1821 1364 1850 est.

305 1865 406 1914 Ergo
435 1866 587 1903 videtur
623 1867 730 1916 quod
767 1879 846 1903 non
883 1866 1021 1903 fuerint
1056 1867 1096 1903 in
1131 1879 1177 1902 eo
1216 1865 1366 1903 animae

303 1917 512 1969 passiones.
551 1920 600 1956 Et
636 1919 686 1956 ita
723 1919 852 1956 anima
890 1918 1029 1956 Christi
1066 1931 1146 1956 non
1181 1917 1250 1955 fuit
1281 1931 1365 1967 pas-

304 1970 432 2008 sibilis.

358 2024 432 2062 SED
462 2037 605 2062 CONTRA
632 2036 698 2062 EST
726 2025 832 2074 quod
861 2024 899 2062 in
928 2025 1082 2075 Psalmo
1101 2025 1122 2046 ‘¹‘
1149 2024 1286 2061 dicitur
1319 2036 1366 2060 ex

303 2087 470 2126 persona
505 2077 662 2114 Christi:
698 2078 853 2127 Repleta
886 2084 936 2115 est
970 2078 1077 2115 malis
1105 2079 1233 2115 anima
1260 2090 1367 2114 mea:

304 2141 384 2167 non
417 2129 573 2179 quidem
610 2130 785 2180 peccatis,
815 2130 882 2167 sed
914 2129 1095 2168 humanis
1127 2130 1248 2177 malis,
1278 2130 1367 2166 idest

304 2183 503 2230 doloribus,
525 2190 568 2220 ut
595 2183 732 2221 Glossa
749 2183 770 2205 '¹‘
797 2183 941 2220 ibidem
969 2183 1134 2232 exponit.
1166 2183 1228 2221 Sic
1255 2182 1367 2231 igitur

304 2234 434 2273 anima
463 2235 601 2272 Christi
628 2235 697 2273 fuit
723 2235 921 2285 passibilis.

356 2288 581 2326 RESPONDEO
609 2301 791 2327 DICENDUM
810 2289 917 2338 quod
946 2288 1116 2326 animam
1145 2288 1183 2325 in
1203 2300 1365 2338 corpore

304 2341 547 2379 constitutam
567 2341 747 2390 contingit
765 2341 843 2391 pati
862 2341 1061 2391 dupliciter
1074 2342 1110 2378 ²¹⁴:
1132 2354 1211 2379 uno
1231 2341 1364 2389 modo,

302 2393 480 2443 passione
510 2394 716 2444 corporali;
747 2394 820 2431 alio
848 2395 980 2441 modo,
1002 2394 1178 2444 passione
1199 2393 1363 2432 animali.

303 2446 485 2485 Passione
520 2446 679 2496 quidem
708 2447 896 2507 corporali
930 2447 1071 2497 patitur
1097 2460 1166 2497 per
1193 2447 1365 2496 corporis

303 2499 523 2536 laesionem.
555 2500 658 2537 Cum
686 2500 787 2537 enim
818 2500 947 2538 anima
966 2500 1011 2537 sit
1038 2500 1162 2538 forma
1181 2500 1364 2560 corporis,

304 2562 560 2602 consequens
582 2561 636 2590 est
664 2553 771 2606 quod
808 2565 930 2590 unum
962 2553 1006 2590 sit
1035 2565 1115 2590 esse
1151 2553 1301 2590 animae
1330 2561 1366 2590 et

305 2605 492 2654 corporis:
514 2613 551 2642 et
568 2605 668 2665 ideo,
689 2618 849 2656 corpore
869 2607 1089 2655 perturbato
1109 2618 1178 2655 per
1196 2606 1365 2666 aliquam

305 2670 532 2707 corpoream
559 2658 797 2707 passionem,
827 2671 981 2696 necesse
1010 2667 1065 2696 est
1093 2659 1199 2708 quod
1237 2659 1365 2696 anima

304 2722 375 2760 per
410 2709 585 2748 accidens
622 2711 884 2771 perturbetur,
915 2712 1053 2749 scilicet
1090 2720 1279 2772 quantum
1317 2713 1366 2750 ad

305 2775 387 2800 esse
416 2763 523 2813 quod
551 2763 702 2801 habet
692 2777 732 2801 111
759 2777 932 2814 corpore.
963 2765 1066 2812 Quia
1093 2764 1205 2814 igitur
1225 2777 1365 2814 corpus

307 2815 446 2853 Christi
473 2815 542 2853 fuit
568 2816 744 2865 passibile
773 2825 809 2854 et
836 2819 1012 2865 mortale,
1041 2826 1083 2855 ut
1118 2830 1233 2867 supra
1251 2818 1271 2839 ²¹⁶
1299 2818 1365 2855 ha-

304 2868 429 2906 bitum
458 2876 523 2915 est,
545 2881 698 2906 necesse
726 2869 795 2907 fuit
821 2878 863 2907 ut
891 2870 1006 2908 etiam
1034 2870 1162 2908 anima
1181 2871 1262 2908 eius
1291 2871 1366 2908 hoc

305 2922 426 2959 modo
454 2921 640 2970 passibilis
668 2929 774 2959 esset.

359 2974 540 3011 Passione
578 2982 707 3011 autem
735 2974 889 3012 animali
909 2981 926 2997 ‘²
953 2975 1031 3024 pati
1066 2975 1201 3013 dicitur
1237 2975 1366 3013 anima

306 3028 520 3064 secundum
549 3026 812 3077 operationem
831 3039 930 3077 quae
949 3029 1011 3065 vel
1031 3036 1086 3064 est
1112 3028 1268 3078 propria
1287 3029 1370 3066 ani-⁴

305 3092 413 3127 mae,
442 3082 504 3117 vel
523 3088 578 3117 est
595 3079 842 3129 principalius
870 3080 1020 3118 animae
1044 3093 1163 3130 quam
1182 3081 1363 3130 corporis.

305 3133 354 3169 Et
380 3133 559 3182 quamvis
579 3132 692 3170 etiam
712 3133 928 3170 secundum
947 3133 1149 3181 intelligere
1172 3141 1209 3170 et
1228 3134 1364 3171 sentire

305 3185 452 3223 dicatur
470 3185 546 3223 hoc
559 3185 679 3222 modo
699 3185 828 3222 anima
847 3185 990 3235 aliquid
1007 3185 1097 3235 pati,
1113 3188 1253 3232 tamen,
1270 3186 1366 3223 sicut

305 3237 344 3274 in
373 3237 552 3276 Secunda
580 3239 688 3275 Parte
707 3237 728 3259 ’¹‘
756 3237 901 3275 dictum
930 3245 1002 3285 est,
1031 3238 1291 3287 propriissime
1311 3239 1365 3276 di-

270 3256 444 3328 'cuntur
457 3291 654 3341 passiones
674 3290 824 3328 animae
842 3290 1062 3328 affectiones
1081 3290 1270 3341 appetitus
1285 3303 1365 3328 sen-

358 3421 388 3491 Ξῖ

405 3422 524 3448 animali.
542 3437 562 3442 —
579 3423 640 3448 EFa
658 3428 684 3448 et
701 3423 786 3454 tertia;
806 3422 934 3448 naturali.

404 3460 501 3484 tamen.
517 3459 605 3490 -·ffl;
624 3461 712 3484 tamen
731 3462 771 3484 est
789 3458 923 3488 editiones,
941 3460 1030 3482 autem
1049 3458 1092 3483 ed.
1109 3465 1133 3487 a,
1153 3457 1222 3483 enim
1243 3457 1327 3483 ceteri.

1423 757 1537 795 sitivi:
1576 771 1675 808 quae
1703 758 1742 796 in
1772 759 1922 796 Christo
1960 761 2131 807 fuerunt,
2161 761 2256 799 sicut
2288 770 2324 798 et
2358 770 2480 800 cetera

1422 823 1520 860 quae
1549 812 1599 848 ad
1627 820 1804 849 naturam
1832 812 2000 849 hominis
2027 813 2226 862 pertinen-t.
2263 815 2373 852 Unde
2402 817 2480 852 Au-

1421 864 1592 911 gustinus
1621 864 1720 911 dicit,
1741 866 1827 901 XIV
1855 866 1900 902 de
1922 867 1998 903 Civ.
2019 867 2092 902 Dei
2108 866 2147 902 ²¹²:
2173 869 2258 916 Ipse
2284 869 2478 914 Dominus,

1422 919 1458 953 in
1478 918 1612 964 forma
1638 919 1738 954 servi
1763 929 1879 967 agere
1912 921 2024 955 vitam
2053 919 2242 968 dignatus,
2271 922 2481 958 humanitus

1421 969 1584 1006 adhibuit
1611 982 1683 1015 eas,
1714 972 1777 1007 uhi
1802 971 2026 1008 adhibendas
2045 984 2120 1008 esse
2139 973 2319 1010 iudicavit.
2349 974 2481 1023 Neque

1422 1024 1519 1058 enim
1549 1024 1585 1058 in
1616 1035 1686 1071 quo
1713 1035 1843 1060 verum
1872 1029 1951 1060 erat
1978 1025 2135 1061 hominis
2163 1037 2296 1074 corpus
2322 1032 2355 1062 et
2372 1039 2480 1064 verus

1421 1075 1580 1111 hominis
1607 1077 1764 1121 animus,
1784 1076 1909 1123 salsus
1937 1082 2015 1113 erat
2043 1078 2226 1115 humanus
2253 1078 2416 1126 affectus.

1476 1127 1684 1164 Sciendum
1712 1127 1875 1164 tamen(3
1903 1129 2009 1177 quod
2038 1129 2262 1166 huiusmodi
2284 1131 2480 1179 passiones

1422 1179 1527 1216 aliter
1554 1180 1706 1216 fuerunt
1733 1180 1772 1216 in
1801 1180 1952 1217 Christo
1987 1193 2106 1229 quam
2134 1182 2173 1218 in
2201 1183 2329 1228 nobis,
2359 1196 2479 1232 quan-

1421 1240 1505 1269 tum
1533 1233 1582 1269 ad
1609 1232 1689 1269 tria.
1719 1232 1850 1269 Primo
1879 1233 2052 1282 quidem,
2083 1242 2271 1282 quantum
2300 1236 2348 1271 ad
2377 1236 2479 1272 obie-

1422 1293 1538 1321 ctum.
1569 1285 1672 1331 Quia
1700 1285 1738 1322 in
1758 1285 1869 1322 nobis
1888 1287 2116 1335 plerumque
2145 1287 2368 1324 huiusmodi
2396 1301 2479 1337 pas-

1422 1338 1548 1374 siones
1567 1338 1741 1374 feruntur
1759 1338 1807 1374 ad
1827 1337 1966 1375 illicita:
1997 1339 2104 1388 quod
2123 1344 2138 1366 Υ
2167 1339 2205 1376 in
2231 1340 2381 1377 Christo
2402 1353 2481 1378 non

1421 1390 1499 1427 fuit.
1530 1413 1555 1417 -
1585 1391 1776 1436 Secundo,
1806 1399 1995 1439 quantum
2024 1392 2073 1428 ad
2100 1392 2342 1441 principium.
2379 1393 2481 1440 Quia

1421 1443 1646 1480 huiusmodi
1673 1443 1870 1492 passiones
1893 1444 2109 1493 frequenter
2128 1444 2166 1481 in
2186 1445 2296 1482 nobis
2323 1458 2480 1495 praeve—

1421 1496 1531 1533 niunt
1559 1495 1744 1532 iudicium
1781 1496 1953 1533 rationis:
1991 1497 2058 1533 sed
2090 1497 2129 1533 in
2159 1498 2309 1534 Christo
2345 1511 2480 1535 omnes

1421 1557 1550 1585 motus
1579 1548 1745 1585 sensitivi
1783 1548 1971 1597 appetitus
2008 1549 2228 1587 oriebantur
2265 1552 2479 1588 secundum

1422 1601 1711 1651 dispositionem
1746 1601 1911 1638 rationis.
1950 1602 2060 1639 Unde
2099 1603 2333 1651 Augustinus
2371 1604 2478 1652 dicit,

1421 1655 1507 1692 XIV
1535 1655 1580 1691 de
1609 1656 1686 1692 Civ.
1713 1655 1786 1690 Dei
1802 1653 1838 1700 ²¹²,
1869 1655 1975 1703 quod
2003 1656 2068 1692 hos
2095 1661 2228 1702 motus,
2258 1658 2481 1695 certissimae

1421 1708 1696 1756 dispensationis
1723 1708 1863 1756 gratia,
1893 1709 1942 1743 ita
1970 1720 2055 1744 cum
2082 1709 2195 1745 voluit
2226 1710 2387 1746 Christus
2406 1722 2480 1747 sus-

1421 1762 1514 1809 cepit
1541 1761 1667 1797 animo
1695 1761 1876 1804 humano,
1905 1761 2007 1802 sicut>
2027 1773 2111 1796 cum
2139 1761 2252 1798 voluit
2275 1763 2404 1809 factus
2431 1769 2481 1799 est

1421 1814 1543 1849 homo.
1572 1835 1597 1838 —
1625 1811 1769 1858 Tertio,
1795 1819 1984 1860 quantum
2012 1813 2061 1848 ad
2089 1813 2280 1850 effectum.
2312 1814 2414 1861 Quia
2442 1815 2480 1851 in

1420 1864 1532 1902 nobis
1561 1865 1796 1923 quandoque
1825 1864 2048 1901 huiusmodi
2077 1873 2206 1902 motus
2234 1878 2313 1902 non
2348 1867 2482 1904 sistunt

1420 1918 1459 1955 in
1479 1917 1648 1966 appetitu
1668 1916 1859 1963 sensitiVO,
1881 1917 1948 1953 sed
1966 1919 2121 1954 trahunt
2140 1918 2338 1956 rationem.
2363 1920 2481 1966 Quod

1419 1971 1459 2008 in
1489 1970 1639 2007 Christo
1668 1982 1748 2007 non
1776 1969 1861 2006 fuit:
1892 1969 1983 2018 quia
2010 1978 2139 2007 motus
2163 1972 2383 2008 naturaliter
2409 1973 2480 2010 hu-

1420 2036 1558 2060 manae
1591 2022 1695 2060 carni
1728 2022 1998 2059 convenientes
2035 2023 2088 2059 sic
2121 2035 2166 2060 ex
2204 2024 2285 2060 eius
2322 2025 2480 2074 disposi-

1419 2077 1521 2114 tione
1550 2076 1589 2113 in
1617 2075 1785 2124 appetitu
1811 2075 1990 2112 sensitivo
2019 2077 2226 2114 manebant
2253 2078 2359 2126 quod
2387 2079 2481 2116 ratio

1420 2142 1466 2166 ex
1485 2129 1543 2166 his
1563 2129 1668 2165 nullo
1689 2129 1808 2165 modo
1833 2128 2113 2177 impediebatur
2131 2130 2251 2166 facere
2271 2143 2370 2179 quae
2390 2144 2480 2168 con-

1419 2181 1634 2219 veniebant.
1654 2181 1765 2218 Unde
1785 2181 2047 2230 Hieronymus
2066 2181 2164 2228 dicit,
2180 2195 2291 2232 super
2301 2185 2435 2221 Matth.
2447 2184 2478 2231 ⁵¹⁶,

1420 2235 1527 2284 quod
1554 2236 1738 2271 Dominus
1766 2239 1899 2280 noster,
1920 2240 1957 2270 ut
1975 2236 2164 2271 veritatem
2192 2238 2370 2286 assumpti
2389 2250 2479 2286 pro-

1419 2290 1522 2325 baret
1541 2289 1709 2333 hominis,
1729 2299 1817 2324 vere
1836 2287 1981 2336 quidem
2000 2289 2230 2325 contristatus
2250 2295 2300 2326 est
2310 2303 2321 2325 .·
2338 2290 2412 2336 sed,
2434 2303 2480 2327 ne

1414 2343 1539 2391 passio
1568 2342 1604 2377 in
1625 2342 1750 2377 animo
1771 2340 1865 2377 illius
1893 2339 2158 2387 dominaretur,
2173 2354 2246 2390 per
2265 2344 2478 2391 propassio-

1421 2407 1504 2431 nem
1533 2394 1664 2430 dicitur
1683 2394 1780 2442 quod
1809 2408 1828 2426 <‹
1850 2394 1967 2442 coepit
1989 2395 2200 2430 contristari
2219 2407 2261 2429 »:
2291 2401 2332 2431 ut
2350 2395 2477 2443 passio

1419 2447 1583 2497 perfecta
1610 2445 1835 2494 intelligatur
1862 2445 2018 2495 quando
2043 2445 2184 2492 animo,
2206 2446 2301 2483 idest
2329 2446 2476 2495 rationi,

1420 2499 1657 2560 dominatur3
1673 2500 1868 2548 propassio
1887 2506 2027 2544 autem,
2044 2499 2200 2547 quando
2227 2506 2282 2535 est
2300 2499 2478 2538 inchoata

1420 2553 1459 2590 in
1478 2552 1647 2602 appetitu
1666 2551 1859 2598 sensitivo,
1880 2552 1947 2588 sed
1967 2551 2122 2588 ulterius
2141 2564 2220 2588 non
2239 2564 2278 2588 se
2299 2553 2475 2590 extendit.

1473 2607 1529 2643 An
1559 2617 1692 2642 PRIMUM
1721 2617 1818 2641 ERGO
1846 2616 2027 2641 DICENDUM
2062 2604 2169 2653 quod
2201 2605 2329 2642 anima
2369 2605 2476 2642 Chri-

1420 2658 1465 2695 sti
1483 2666 1631 2708 poterat
1658 2657 1816 2706 quidem
1845 2657 2014 2694 resistere
2042 2657 2298 2706 passionibus,
2328 2665 2369 2694 ut
2397 2670 2476 2695 non

1420 2711 1454 2748 ei
1482 2710 1788 2770 supervenirent:
1817 2710 2038 2759 praesertim
2066 2709 2201 2746 virtute
2230 2710 2368 2747 divina.
2399 2711 2476 2748 Sed

1419 2764 1574 2814 propria
1601 2764 1795 2800 voluntate
1818 2775 1856 2802 se
1875 2762 2117 2812 passionibus
2145 2762 2377 2821 subiiciebat,
2397 2771 2477 2800 tam

1420 2816 1682 2867 corporalibus
1715 2828 1833 2865 quam
1862 2815 2100 2852 animalibus.

1473 2872 1530 2907 An
1545 2881 1735 2907 SECUMDUM
1754 2880 1934 2905 DICENDUM
1953 2868 2060 2917 quod
2073 2867 2223 2904 Tullius
2242 2866 2293 2904 ibi
2307 2868 2477 2917 loquitur

1420 2922 1635 2960 secundum
1663 2921 1886 2970 opinionem
1916 2920 2144 2966 Stoicorum,
2165 2919 2231 2969 qui
2259 2932 2339 2957 non
2362 2933 2475 2958 voca-

1419 2977 1510 3013 bant
1535 2974 1731 3024 passiones
1751 2985 2018 3022 quoscumque
2038 2980 2166 3009 motus
2185 2972 2372 3022 appetitus
2392 2986 2475 3010 sen-

1420 3028 1535 3074 sitivi,
1565 3027 1632 3064 sed
1661 3028 1787 3063 solum
1815 3025 2059 3062 inordinatos.
2089 3024 2203 3062 Tales
2232 3033 2357 3062 autern
2390 3038 2475 3075 pas-

1420 3080 1546 3117 siones
1573 3079 1814 3116 manifestum
1845 3085 1899 3114 est
1926 3077 1965 3114 in
1995 3077 2145 3114 Christo
2174 3090 2253 3114 non
2280 3077 2404 3116 fuisse.

1472 3135 1528 3170 AD
1556 3143 1712 3168 TERTIUM
1740 3143 1920 3168 DmENDUM
1949 3131 2056 3179 quod
2084 3132 2274 3180 passiones
2303 3137 2475 3180 peccato-

1420 3198 1503 3223 rum
1533 3192 1620 3221 sunt
1638 3191 1766 3220 motus
1795 3183 1982 3232 appetitus
2002 3182 2169 3220 sensitivi
2188 3183 2226 3220 in
2246 3182 2367 3220 illicita
2395 3192 2475 3221 ten-

1419 3239 1561 3275 dentes.
1593 3236 1711 3284 Quod
1739 3248 1818 3273 non
1847 3235 1914 3273 fuit
1941 3236 1980 3273 in
2009 3235 2177 3273 Christo:
2207 3235 2302 3273 sicut
2322 3248 2392 3273 nec
2419 3238 2474 3274 fo-

1419 3303 1501 3327 mes
1529 3289 1684 3339 peccati.

1471 3422 1498 3456 γ)
1517 3422 1596 3454 quod.
1614 3437 1633 3440 —
1650 3422 1670 3446 F
1690 3427 1715 3446 et
1733 3422 1820 3453 tertia;
1839 3429 1919 3453 quae;
1939 3429 1985 3454 pro
1997 3421 2063 3454 suit,
2076 3422 2192 3454 fuerunt
2210 3421 2245 3446 sD
2265 3426 2290 3446 et
2308 3428 2334 3447 a.

2508 881 2517 890 ·
2532 880 2589 907 Cap.
2606 886 2638 902 ix.

2509 1670 2519 1680 ⁸
2532 1668 2586 1690 Loc.
2604 1669 2641 1690 cit·

2508 2194 2518 2203 '⁹
2532 2192 2663 2214 Comment.
2677 2193 2718 2214 lib.

2505 2219 2545 2243 1V.
2558 2219 2586 2240 ad
2598 2225 2714 2247 cap.xxv1‚

2507 2251 2566 2267 vers.
2580 2251 2614 2274 37.
