2872 3970
47 375 56 385 ⁸
67 374 125 395 Part.
134 373 164 409 11,
173 373 226 395 Act.
235 379 256 394 v.

143 409 157 425 0

147 636 158 652 ε

49 691 60 701 ·
66 688 259 716 Ct-AristotJ’hy-

49 715 176 741 eic.1ib.11,
187 720 214 736 ca
233 721 259 741 .1‚

50 748 74 764 n.
97 747 131 763 ιο.
146 751 158 756 -
175 741 200 764 S.
237 741 260 762 h.

50 769 102 790 lect.
117 773 142 790 n.

56 2362 128 2417 {Lod
138 2362 177 2384 eit.
185 2362 207 2384 in
218 2368 266 2390 arg.

1010 229 1274 276 QUAESTIO
1304 230 1351 272 ΙΙ,

339 311 412 347 SED
442 321 586 346 CONTRA
614 320 680 345 EST
715 308 820 356 quod
850 306 888 343 in
918 307 1221 344 Chalcedonensi
1252 309 1347 357 Syn-

286 363 364 400 odo
383 363 403 384 ²⁸
431 362 582 410 legitur:
617 362 706 398 Non
741 362 778 396 in
812 360 903 396 duas
932 372 1114 409 personas
1135 362 1314 409 partitum
1335 358 1347 381 δ

286 421 349 453 aut
376 415 543 460 divisum,
562 414 628 450 sed
654 425 768 450 unum
797 418 830 448 et
865 413 1021 449 eundem
1049 413 1186 449 Filium
1222 415 1348 462 unige-

287 469 402 505 nitum
430 468 635 504 Dominum
671 471 836 502 nostrum
863 466 988 501 Iesum
1021 467 1204 502 Christum
1238 467 1348 514 confi-

287 527 418 558 temur.
449 520 550 567 Ergo
578 518 675 555 facta
702 525 757 554 est
785 517 878 554 unio
906 517 1023 554 Verbi
1051 517 1090 554 in
1117 530 1294 567 persona.

339 574 564 610 Responnsso
591 582 773 607 DICENDUM
793 570 900 618 quod
927 582 1092 619 persona
1116 571 1219 607 aliud
1239 570 1349 619 signi-

287 625 376 662 ficat
403 636 523 673 quam
550 630 696 660 natura.
732 623 881 659 Natura
909 623 1012 659 enirn
1040 628 1051 644 ⁵
1080 622 1263 671 significat
1296 636 1349 660 es-

286 679 441 715 sentiam
468 677 611 726 speciei,
639 687 751 724 quam
777 677 963 724 significat
991 676 1152 724 definitio
1170 675 1201 712 ²¹².
1245 677 1292 712 Et
1321 675 1350 712 si

289 729 447 779 quidem
475 727 534 765 his
563 739 662 777 quae
690 727 739 764 ad
774 727 962 764 rationem
990 728 1129 777 speciei
1163 728 1351 777 pertinent

288 782 383 820 nihil
410 781 512 818 aliud
541 780 766 817 adiunctum
798 780 960 817 inveniri
986 785 1133 829 posset,
1154 782 1259 818 nulla
1286 793 1351 817 ne-

289 834 440 872 cessitas
476 841 572 870 esset
607 832 861 880 distinguendi
895 840 1074 870 naturam
1101 846 1124 870 a
1152 833 1350 882 supposito

289 894 458 932 naturae,
483 886 590 935 quod
619 893 674 922 est
700 885 946 922 individuum
983 886 1191 923 subsistens
1218 886 1257 922 in
1286 898 1351 922 na-

288 948 374 977 tura
400 939 480 976 illa:
511 938 602 988 quia
627 938 939 987 unumquodque
959 938 1204 975 individuum
1232 938 1351 975 subsi-

290 1000 391 1030 stens
419 991 459 1028 in
486 999 622 1028 natura
649 990 776 1039 aliqua
804 999 900 1027 esset
935 991 1096 1028 omnino
1129 991 1233 1027 idem
1261 1003 1352 1027 cum

283 1057 361 1082 -sua
388 1052 534 1081 natura.
566 1043 759 1091 Contingit
778 1051 907 1080 autem
926 1043 966 1080 in
985 1044 1219 1092 quibusdam
1238 1043 1352 1080 rebus

291 1096 580 1135 subsistentibus
599 1096 761 1133 inveniri
780 1096 923 1145 aliquid
951 1097 1058 1145 quod
1085 1108 1165 1133 non
1193 1096 1354 1145 pertinet

291 1151 339 1187 ad
368 1149 556 1186 rationem
585 1148 734 1197 speciei,
755 1148 893 1186 scilicet
920 1148 1128 1185 accidentia
1156 1157 1192 1185 et
1218 1149 1353 1198 princi-

290 1202 355 1252 pia
382 1201 679 1238 individuantia:
710 1201 805 1237 sicut
840 1200 1008 1237 maxime
1036 1209 1193 1250 apparet
1227 1201 1267 1238 in
1295 1202 1354 1238 his

292 1267 391 1304 quae
430 1261 517 1290 sunt
554 1266 600 1289 ex
638 1253 795 1290 materia
823 1261 858 1289 et
885 1253 1010 1289 forma
1043 1253 1267 1302 composita.
1307 1255 1355 1291 Et

291 1307 379 1344 ideo
408 1306 447 1344 in
474 1305 611 1343 talibus
640 1305 754 1342 etiam
782 1306 997 1342 secundum
1026 1318 1108 1342 rem
1136 1306 1261 1343 differt
1289 1319 1354 1344 na-

291 1368 376 1397 tura
403 1366 440 1395 et
467 1357 722 1407 suppositum,
749 1370 830 1395 non
858 1357 968 1407 quasi
996 1358 1158 1395 omnino
1188 1359 1314 1408 aliqua
1343 1359 1354 1385 ῑ

293 1419 483 1462 separata:
514 1411 581 1448 sed
609 1411 700 1460 quia
727 1410 766 1447 in
803 1410 1002 1460 supposito
1030 1410 1237 1448 includitur
1273 1412 1355 1461 ipsa

293 1473 428 1502 natura
464 1463 623 1513 speciei,
653 1471 689 1500 et
717 1464 1028 1512 superadduntur
1062 1465 1255 1513 quaedam
1284 1465 1355 1502 alia

293 1529 392 1567 quae
421 1524 509 1554 sunt
535 1523 685 1566 praeter
711 1516 900 1553 rationem
937 1516 1086 1565 speciei.
1126 1518 1237 1554 Unde
1266 1530 1355 1567 sup-

292 1570 462 1620 positum
491 1569 722 1617 significatur
753 1576 795 1605 ut
822 1576 964 1615 totum,
994 1569 1141 1606 habens
1178 1578 1355 1607 naturam

293 1623 389 1660 sicut
424 1630 573 1671 partem
610 1622 811 1658 formalem
844 1629 880 1658 et
914 1621 1162 1670 perfectivam
1200 1623 1269 1659 sui.
1309 1625 1356 1660 Et

293 1682 450 1725 propter
477 1676 553 1711 hoc
580 1673 619 1710 in
648 1674 870 1723 compositis
906 1686 952 1711 ex
984 1675 1142 1711 materia
1170 1683 1206 1712 et
1232 1676 1356 1712 forma

293 1736 429 1765 natura
457 1739 536 1764 non
565 1727 806 1776 praedicatur
826 1727 874 1763 de
902 1726 1121 1776 supposito:
1152 1740 1231 1764 non
1252 1729 1355 1765 enim

294 1780 456 1817 dicimus
489 1780 596 1828 quod
623 1778 686 1816 hic
718 1780 839 1815 homo
868 1778 913 1815 sit
941 1792 1010 1816 sua
1045 1779 1275 1817 humanitas.
1315 1780 1355 1818 Si

293 1845 371 1882 qua
398 1844 494 1870 verov
520 1844 579 1868 res
608 1839 662 1868 est
689 1831 728 1868 in
756 1843 834 1880 qua
862 1831 1022 1868 omnino
1046 1831 1140 1868 nihil
1169 1840 1223 1868 est
1251 1833 1354 1869 aliud

292 1893 442 1935 praeter
468 1884 655 1921 rationem
683 1884 823 1932 speciei
850 1885 912 1920 vel
939 1892 1096 1921 naturae
1125 1896 1228 1932 suae,
1258 1885 1354 1922 sicut

294 1945 349 1975 est
376 1938 416 1974 in
452 1938 548 1984 Deo,
569 1936 620 1974 ibi
640 1942 658 1964 η
687 1948 767 1973 non
804 1944 859 1973 est
886 1936 988 1973 aliud
1020 1937 1235 1974 secundum
1273 1950 1355 1975 rem

294 1990 538 2040 suppositum
567 1997 602 2026 et
629 1997 775 2037 natura,
803 1989 870 2026 sed
899 1990 1026 2026 solum
1055 1991 1270 2027 secundum
1298 2003 1355 2028 ra-

293 2043 438 2080 tionem
458 2041 705 2091 intelligendi:
727 2041 818 2091 quia
836 2049 972 2079 natura
989 2042 1127 2079 dicitur
1140 2043 1355 2080 secundum

294 2096 401 2145 quod
430 2103 484 2132 est
503 2094 664 2132 essentia
692 2095 905 2143 quaedam;
935 2095 1072 2132 eadem
1098 2107 1192 2132 vero
1221 2095 1357 2133 dicitur

294 2148 539 2198 suppositum
576 2147 792 2185 secundum
820 2148 926 2196 quod
961 2155 1016 2184 est
1050 2148 1269 2185 subsistens.
1308 2150 1356 2186 Et

294 2202 401 2250 quod
429 2209 485 2237 est
512 2200 658 2237 dictum
677 2200 725 2236 de
752 2202 955 2249 supposito,
985 2200 1272 2249 intelligendum
1301 2209 1357 2238 est

295 2255 343 2291 de
365 2266 530 2304 persona
558 2253 598 2289 in
617 2260 788 2290 creatura
815 2252 988 2290 rationali
1011 2255 1073 2290 vel
1100 2253 1354 2291 intellectuali:

295 2306 386 2356 quia
404 2306 499 2343 nihil
526 2305 629 2342 aliud
656 2313 711 2342 est
737 2317 903 2354 persona
931 2317 1050 2354 quam
1078 2307 1269 2344 rationalis
1293 2320 1356 2344 na-

293 2365 399 2396 turae
426 2359 614 2397 individua
640 2360 852 2404 substantia,
883 2359 1098 2395 secundum
1126 2359 1305 2396 Boetium
1324 2360 1355 2396 ²¹³.

348 2412 478 2449 Omne
505 2410 617 2459 igitur
643 2411 750 2460 quod
779 2410 875 2447 inest
902 2411 1013 2448 alicui
1040 2423 1246 2460 personae,
1276 2412 1356 2449 sive

293 2464 479 2513 pertineat
506 2464 555 2501 ad
574 2471 751 2500 naturam
780 2463 861 2500 eius
886 2463 965 2500 sive
993 2476 1084 2510 non,
1105 2464 1236 2502 unitur
1263 2464 1297 2501 ei
1317 2465 1357 2502 in

294 2528 470 2566 persona.
502 2516 542 2554 Si
569 2527 658 2565 ergo
682 2517 856 2557 humana
882 2524 1018 2553 natura
1036 2517 1165 2554 Verbo
1185 2517 1257 2554 Dei
1276 2530 1357 2555 non

295 2569 426 2606 unitur
453 2568 492 2605 in
518 2581 694 2618 persona,
714 2570 820 2606 nullo
846 2569 966 2606 modo
996 2569 1030 2606 ei
1058 2569 1198 2607 unitur.
1229 2571 1277 2607 Et
1305 2570 1358 2608 sic

294 2621 455 2659 totaliter
473 2621 613 2658 tollitur
630 2621 899 2659 incarnationis
917 2621 1033 2659 fides:
1064 2623 1171 2671 quod
1191 2631 1246 2660 est
1271 2624 1357 2660 sub-

295 2685 406 2711 ruere
424 2682 544 2711 totam
571 2673 689 2711 fidem
712 2674 979 2712 Christianam.
1010 2675 1113 2722 Quia
1138 2675 1249 2723 igitur
1266 2677 1357 2714 Ver-

294 2727 388 2764 bum
419 2726 534 2764 habet
561 2734 738 2764 naturam
762 2728 976 2764 humanam
996 2727 1066 2764 sibi
1095 2728 1255 2775 unitam,
1275 2741 1356 2766 non

295 2787 421 2817 autem
452 2780 500 2816 ad
529 2790 641 2816 suam
669 2787 846 2817 naturam
882 2779 1052 2817 divinam
1082 2781 1355 2830 pertinentem,

349 2901 373 2935 δ)
387 2902 531 2934 partitum.
543 2916 563 2920 -
574 2902 676 2932 Tertiu
687 2902 893 2933 particum-iter
902 2903 1035 2935 partitum
1051 2904 1133 2936 prima
1152 2909 1177 2928 et
1195 2904 1225 2936 E,
1234 2904 1357 2936 particu-

295 2938 390 2963 lariter
408 2938 442 2966 F;
462 2942 522 2970 post
540 2937 706 2970 unigenitum
725 2938 799 2962 tertia
817 2938 886 2962 addit
906 2939 992 2964 Deum
1016 2939 1136 2965 Verbum.

348 2972 370 3006 ε)
389 2973 467 2998 enim.
480 2986 499 2991 ·-
518 2976 547 2997 ut
565 2973 665 2998 dictum
685 2975 725 2997 est
743 2973 813 2997 addit
830 2973 904 2998 tertia
922 2978 1022 3006 praeter
1041 2975 1074 2999 Η.

347 3007 362 3037 ζ
393 3008 500 3033 omnino
512 3008 611 3040 aliqua.
621 3022 639 3026 -
649 3007 740 3040 aliqua
753 3008 860 3033 omnino
870 3008 902 3037 G,
911 3009 1003 3041 aliqua
1016 3009 1123 3034 omnino
1135 3009 1171 3034 sit
1181 3009 1199 3040 1,
1210 3010 1319 3035 omnino
1329 3010 1357 3035 F.

348 3052 363 3076 η
395 3043 439 3069 ibi.
452 3058 472 3062 —
489 3043 577 3068 Tertia
596 3048 622 3068 et
639 3043 690 3073 sE;
710 3043 746 3068 ibi
764 3043 833 3068 enim
853 3043 944 3076 prima.
965 3044 990 3068 in
1011 3051 1062 3076 quo
1082 3044 1110 3069 F.

348 3077 374 3112 θ)
392 3079 504 3112 a11'qu1'd.
515 3092 535 3097 -
553 3079 629 3103 aliud
640 3078 660 3102 F
675 3082 700 3102 et
713 3078 847 3103 editiones,
859 3092 878 3097 -
895 3079 959 3103 Post
972 3079 1033 3104 unio
1047 3079 1120 3104 tertia
1138 3079 1207 3104 addit
1226 3079 1358 3105 humanae

297 3117 410 3140 naturae
428 3115 465 3139 ad
489 3114 599 3139 Verbum
620 3114 680 3139 Dei.

1386 228 1677 266 ARTICULUS
1706 230 1735 265 II
2413 231 2460 266 25

1404 319 1644 356 consequens
1679 314 1733 343 est
1762 307 1867 356 quod
1904 307 1996 343 unio
2026 307 2070 344 sit
2098 309 2192 345 facta
2227 308 2266 345 in
2300 321 2465 359 persona

1403 360 1530 406 Verbi,
1552 372 1632 396 non
1661 367 1790 396 autem
1819 359 1857 395 in
1885 367 2030 396 natura.

1457 414 1514 449 AD
1544 425 1677 450 PmMUM
1707 424 1804 449 ERGO
1833 424 2014 449 D1CENDUM
2047 414 2173 461 quod,
2202 413 2286 450 licet
2313 414 2351 451 in
2380 415 2464 452 Deo

1403 478 1484 502 non
1512 465 1558 502 sit
1585 465 1687 502 aliud
1716 465 1931 502 secundum
1960 477 2041 501 rem
2062 473 2197 502 natura
2226 475 2261 503 et
2288 479 2463 515 persona,

1404 518 1530 554 differt
1570 526 1699 554 tamen
1741 517 1957 554 secundum
1998 518 2163 554 modum
2210 519 2463 566 significandi,

1405 571 1500 607 sicut
1537 570 1683 607 dictum
1712 577 1766 606 est
1784 570 1823 606 *ε
1854 569 1945 618 quia
1981 582 2146 618 persona
2184 571 2367 619 significat
2398 585 2466 621 per

1404 623 1569 660 modum
1598 622 1844 659 subsistentis.
1875 624 1922 659 Et
1941 622 2032 671 quia
2060 631 2195 659 natura
2223 625 2395 661 humana
2414 625 2466 661 sic

1405 675 1536 713 unitur
1562 675 1691 712 Verbo
1730 683 1771 711 ut
1804 675 1978 712 Verbum
2015 675 2054 711 in
2082 688 2127 712 ea
2162 676 2356 723 subsistat,
2386 690 2466 714 non

1405 736 1535 765 autem
1563 736 1605 765 ut
1633 728 1775 776 aliquid
1813 728 1975 764 addatur
2012 728 2046 764 ei
2074 729 2122 764 ad
2151 729 2337 766 rationem
2375 742 2465 767 suae

1405 789 1573 827 naturae,
1593 782 1655 818 vel
1682 789 1725 817 ut
1744 780 1824 817 eius
1853 788 1988 816 natura
2011 780 2050 816 in
2079 781 2220 830 aliquid
2240 780 2252 803 θ
2281 789 2466 819 transmu-

1405 841 1514 880 tetur,
1531 834 1618 870 ideo
1634 833 1727 870 unio
1747 833 1842 870 facta
1857 841 1912 870 est
1926 832 1964 869 in
1979 845 2155 882 persona,
2172 846 2251 870 non
2266 834 2305 870 in
2320 843 2465 871 natura.

1459 888 1516 922 AD
1545 898 1733 923 SECUNDUM
1768 898 1949 923 DICENDUM
1987 887 2094 934 quod
2122 887 2369 935 personalitas
2406 900 2467 924 ne-

1407 938 1596 975 cessario‘
1625 939 1814 975 intantum
1842 938 2002 988 pertinet
2029 939 2078 975 ad
2106 939 2325 987 dignitatem
2357 939 2467 977 alicu-

1407 991 1466 1027 ius
1494 991 1547 1027 rei
1567 999 1602 1027 et
1627 991 1910 1039 perfectionem,
1932 991 2161 1040 inquantum
2181 993 2229 1028 ad
2249 992 2467 1040 dignitatem

1408 1051 1443 1080 et
1462 1043 1734 1092 perfectionem
1754 1044 1834 1080 eius
1854 1044 2015 1092 pertinet
2034 1045 2140 1092 quod
2164 1057 2233 1093 per
2252 1057 2291 1081 se
2320 1045 2466 1082 existat:

1408 1096 1515 1144 quod
1535 1095 1573 1131 in
1593 1096 1750 1133 nomine
1770 1109 1957 1145 personae
1977 1097 2200 1144 intelligitur.
2222 1098 2383 1145 Dignius
2402 1110 2468 1135 au—

1407 1156 1486 1184 tem
1506 1156 1561 1185 est
1579 1154 1595 1169 ‘²
1615 1148 1725 1184 alicui
1746 1149 1852 1197 quod
1873 1149 2002 1185 existat
2021 1148 2060 1184 in
2087 1150 2215 1198 aliquo
2236 1162 2275 1186 se
2295 1150 2467 1198 digniori,

1409 1213 1528 1250 quam
1543 1201 1649 1249 quod
1670 1201 1801 1237 existat
1815 1213 1883 1249 per
1902 1214 1953 1237 se.
1982 1202 2029 1237 Et
2044 1201 2130 1237 ideo
2146 1215 2192 1238 ex
2211 1203 2286 1238 hoc
2300 1202 2383 1251 ipso
2399 1203 2469 1239 hu-

1409 1266 1525 1290 mana
1540 1261 1674 1290 natura
1693 1253 1843 1301 dignior
1857 1261 1911 1290 est
1931 1253 1969 1289 in
1986 1253 2136 1290 Christo
2152 1266 2271 1302 quam
2286 1254 2325 1290 in
2346 1255 2468 1301 nobis,

1409 1306 1500 1355 quia
1514 1306 1553 1342 in
1572 1306 1695 1352 nobis,
1712 1306 1821 1354 quasi
1839 1318 1909 1354 per
1927 1318 1967 1342 se
1987 1306 2159 1353 existens,
2176 1307 2373 1355 propriam
2387 1320 2470 1356 per-

1409 1359 1647 1396 sonalitatem
1672 1359 1796 1406 habet,
1813 1359 1852 1395 in
1873 1358 2024 1395 Christo
2045 1366 2173 1396 autem
2189 1359 2310 1396 existit
2329 1360 2367 1396 in
2386 1373 2470 1409 per-

1409 1424 1504 1448 sona
1518 1411 1645 1448 Verbi.
1677 1411 1782 1448 Sicut
1801 1411 1914 1448 etiam
1935 1424 2015 1448 esse
2035 1412 2311 1460 completivum
2333 1413 2470 1461 speciei

1407 1464 1568 1513 pertinet
1588 1464 1636 1500 ad
1662 1463 1881 1511 dignitatem
1903 1465 2064 1501 formae:
2092 1472 2221 1502 tamen
2247 1465 2469 1503 sensitivum

1409 1517 1576 1554 nobilius
1600 1524 1654 1553 est
1680 1516 1719 1553 in
1745 1517 1919 1563 homine,
1944 1524 2100 1565 propter
2126 1518 2438 1555 coniunctionem
2457 1517 2470 1539 λ

1409 1570 1458 1606 ad
1477 1569 1707 1606 nobiliorem
1734 1569 1899 1606 formam
1926 1569 2208 1618 completivam,
2230 1583 2349 1619 quam
2369 1571 2414 1607 sit
2432 1571 2470 1607 in

1409 1623 1522 1659 bruto
1543 1622 1708 1667 animali,
1725 1622 1764 1658 in
1783 1634 1863 1670 quo
1892 1630 1947 1658 est
1974 1622 2097 1658 forma
2123 1623 2363 1671 completiva.

1463 1676 1520 1711 AD
1547 1686 1706 1711 TER-num
1740 1686 1921 1711 DICENDUM
1957 1674 2063 1723 quod
2095 1676 2169 1711 Dei
2202 1677 2361 1712 Verbum
2397 1688 2470 1712 non

1409 1729 1602 1776 assumpsit
1631 1733 1803 1763 naturam
1823 1728 2027 1763 humanam
2056 1729 2093 1763 in
2123 1729 2333 1774 universali,
2352 1729 2418 1764 sed
2435 1730 2471 1764 in

1410 1786 1546 1825 atomo,
1567 1779 1662 1816 idest
1689 1778 1728 1815 in
1757 1778 1976 1825 individuo,
2007 1779 2102 1815 sicut
2130 1780 2392 1817 Damascenus
2421 1781 2472 1817 di-

1411 1833 1459 1869 cit
1485 1832 1524 1868 *ε
1555 1831 1725 1880 alioquin
1763 1839 1954 1880 oporteret
1990 1832 2097 1880 quod
2134 1832 2286 1870 cuilibet
2323 1833 2473 1870 homini

1410 1884 1631 1922 conveniret
1650 1895 1732 1920 esse
1751 1884 1823 1921 Dei
1842 1884 2027 1930 Verbum,
2049 1885 2143 1921 sicut
2163 1886 2342 1922 convenit
2367 1886 2472 1923 Chri-

1410 1946 1479 1974 sto.
1511 1937 1720 1974 Sciendum
1741 1944 1795 1973 est
1822 1944 1952 1974 tamen
1972 1938 2078 1986 quod
2098 1949 2178 1974 non
2204 1938 2402 1986 quodlibet
2420 1939 2472 1975 in-

1410 1990 1615 2028 dividuum
1643 1990 1683 2026 in
1711 2002 1848 2037 genere
1877 1989 2125 2036 substantiae,
2154 1990 2268 2027 etiam
2296 1991 2335 2028 in
2364 1991 2472 2028 ratio-

1411 2043 1486 2080 nali
1505 2050 1651 2088 natura,
1672 2042 1787 2079 habet
1805 2042 1992 2079 rationem
2021 2055 2228 2091 personae:
2259 2044 2325 2080 sed
2345 2046 2472 2081 solum

1410 2095 1502 2132 illud
1531 2095 1638 2144 quod
1666 2107 1734 2143 per
1762 2107 1802 2131 se
1830 2095 1960 2142 existit,
1982 2108 2062 2132 non
2090 2104 2219 2133 autem
2246 2096 2337 2133 illud
2366 2098 2472 2146 quod

1411 2148 1532 2186 existit
1559 2148 1599 2184 in
1627 2147 1699 2184 alio
1727 2147 1951 2196 perfectiori.
1988 2149 2099 2185 Unde
2128 2161 2267 2185 manus
2296 2150 2471 2197 Socratis,

1411 2200 1589 2250 quamvis
1609 2199 1873 2248 sit-«quoddam
1892 2200 2147 2248 individuum,
2169 2213 2248 2238 non
2270 2210 2325 2238 est
2343 2210 2472 2240 tamen

1410 2266 1595 2303 persona:
1626 2253 1716 2302 quia
1739 2265 1819 2289 non
1837 2265 1906 2302 per
1925 2266 1964 2290 se
1985 2253 2114 2297 existit,
2135 2254 2202 2291 sed
2229 2254 2268 2290 in
2299 2255 2472 2303 quodam

1410 2302 1632 2355 perfectiori,
1653 2305 1790 2342 scilicet
1809 2305 1849 2342 in
1868 2318 1939 2342 suo
1967 2313 2060 2342 toto.
2090 2307 2138 2343 Et
2165 2307 2241 2343 hoc
2265 2307 2378 2344 etiam
2404 2320 2472 2356 po-

1410 2366 1480 2395 test
1508 2358 1710 2407 significari
1738 2358 1777 2395 in
1805 2359 1881 2395 hoc
1909 2359 2015 2407 quod
2036 2371 2202 2407 persona
2229 2359 2366 2396 dicitur
2391 2362 2471 2397 suh-

1410 2414 1542 2449 stantia
1570 2411 1781 2448 individua.-
1807 2423 1887 2448 non
1916 2411 2019 2447 enim
2051 2424 2191 2448 manus
2219 2419 2274 2448 est
2301 2412 2472 2450 substan-

1411 2464 1460 2501 tia
1489 2465 1679 2513 completa
1706 2470 1742 2511 μ,
1773 2464 1839 2500 sed
1867 2476 1955 2513 pars
1991 2463 2231 2501 substantiae.
2276 2465 2382 2502 Licet
2410 2465 2471 2513 igi-

1411 2525 1472 2554 tur
1499 2518 1672 2554 humana
1699 2524 1834 2553 natura
1862 2517 1907 2553 sit
1932 2516 2177 2554 individuum
2206 2517 2405 2566 quoddam
2432 2518 2472 2555 in

1411 2582 1549 2619 genere
1577 2569 1808 2606 substantiae
1828 2575 1856 2616 ⁹,
1887 2569 1978 2618 quia
2005 2577 2134 2606 tamen
2155 2582 2235 2606 non
2263 2582 2332 2618 per
2359 2583 2398 2607 se
2418 2583 2471 2607 se-

1410 2623 1574 2672 paratim
1593 2622 1724 2669 existit,
1745 2622 1812 2658 sed
1831 2621 1870 2658 in
1898 2622 2068 2671 quodam
2091 2622 2313 2671 perfectiori,
2335 2623 2473 2660 scilicet

1411 2675 1450 2712 in
1469 2687 1635 2725 persona
1663 2675 1734 2711 Dei
1753 2675 1880 2721 Verbi,
1911 2687 2151 2724 consequens
2180 2683 2234 2711 est
2262 2676 2367 2723 quod
2392 2687 2472 2712 non

1411 2728 1550 2765 habeat
1567 2727 1875 2777 personalitatem
1894 2727 2102 2776 propriam.
2133 2728 2180 2764 Et
2199 2727 2285 2764 ideo
2304 2728 2399 2765 facta
2419 2737 2473 2765 est

1412 2781 1506 2818 unio
1536 2781 1575 2818 in
1603 2792 1780 2830 persona.

1466 2902 1484 2936 ι)
1504 2903 1660 2928 necessario.
1674 2916 1692 2920 —
1710 2902 1771 2927 Om.
1791 2902 1872 2926 tertia.

1465 2938 1490 2972 κ)
1510 2942 1557 2964 est.
1569 2952 1588 2956 —
1606 2938 1658 2963 erit
1676 2938 1751 2966 ΑΘΕ,
1770 2940 1838 2962 esset
1855 2937 1884 2962 F.

1464 2972 1493 3007 λ)
1513 2974 1763 2998 coniunctionem-
1781 2973 1802 2996 E
1821 2977 1846 2996 et
1865 2972 1937 2996 tertia
1956 2977 2058 3004 praeter
2076 2972 2131 3004 pG;
2151 2973 2424 3000 communicationem.

1465 3010 1493 3042 μ)
1513 3009 1652 3040 completa.
1665 3022 1684 3026 -
1702 3008 1762 3032 Om.
1782 3008 1820 3031 εΗ
1840 3012 1865 3031 et
1884 3007 2018 3032 editiones.

1465 3047 1488 3079 ν)
1508 3043 1679 3068 substantiae.
1692 3057 1711 3061 -
1729 3042 1787 3073 ΡΙ);
1807 3042 1912 3067 ratione
1931 3046 1957 3067 et
1976 3046 2090 3067 naturae
2108 3043 2138 3072 A,
2159 3046 2273 3068 naturae
2292 3045 2377 3070 ceteri.

972 3183 1307 3216 Commenta-ia
1329 3183 1580 3217 cardinalis
1603 3183 1802 3216 Caietani

327 3268 348 3290 Ν
370 3259 503 3290 articulo
527 3259 669 3290 secundo
694 3258 836 3289 eiusdem
860 3257 1017 3288 secundae
1038 3259 1242 3298 quaestionis,
1267 3268 1357 3298 prae·
1381 3261 1384 3287 Ι

300 3269 534 3334 Ideclarandus
557 3309 637 3334 esset
659 3303 780 3339 titulus,
804 3302 864 3333 nisi
891 3303 924 3332 in
949 3311 1083 3343 corpore
1107 3302 1230 3332 articuli
1253 3301 1356 3332 decla-

297 3353 425 3378 raretur.

351 3390 387 3422 In
411 3401 546 3433 corpore
561 3390 657 3431 igitur
675 3391 797 3421 articuli
812 3390 870 3421 tria
886 3389 977 3420 fiunt.
1001 3389 1119 3426 Primo,
1137 3389 1310 3427 declaratur
1325 3390 1358 3431 ly

59 3437 68 3447 ·
82 3436 118 3458 Cf·
133 3442 199 3459 num.
215 3443 246 3458 vx.
291 3444 451 3475 per-somn
475 3435 633 3471 secundo,
657 3435 690 3475 ly
713 3434 802 3465 uniri
825 3435 856 3465 in
875 3443 1019 3474 persona
1035 3434 1067 3463 “z
1092 3443 1148 3473 per
1170 3434 1249 3464 haec
1272 3435 1358 3464 enim

58 3568 70 3579 ⁸
84 3567 119 3589 Cf.
136 3573 199 3589 num.
214 3573 255 3589 vn.

297 3478 363 3509 duo
385 3479 496 3510 titulus
511 3485 608 3520 patet.
632 3478 753 3515 Tertio,
770 3478 980 3518 respondetur
996 3478 1139 3518 quaesito
1163 3478 1258 3508 unica
1281 3488 1358 3509 con-

298 3522 442 3554 clusione
457 3523 656 3553 affirmativa:
685 3522 768 3552 Unio
790 3522 881 3552 Verbi
897 3522 1058 3553 incarnati
1073 3526 1120 3552 est
1124 3521 1222 3563 facta
1238 3522 1271 3552 in
1281 3531 1358 3563 per-

296 3575 388 3602 sona,
411 3567 457 3598 ita
480 3567 565 3607 quod
588 3576 652 3597 non
677 3566 709 3597 in
734 3571 852 3597 natura
868 3567 894 3596 *ἦ

437 3628 548 3653 Sumus
566 3628 668 3654 Tasot..
687 3629 718 3654 D.
733 3629 848 3653 Tamum
867 3627 899 3653 T.
911 3628 975 3653 VIII.

1466 3252 1609 3288 Priinum
1636 3257 1672 3288 fit
1695 3257 1884 3289 declarando
1908 3257 2116 3289 differentiam
2146 3259 2227 3290 inter
2249 3268 2419 3300 personam
2443 3265 2473 3291 et

1411 3308 1557 3332 naturam
1574 3311 1611 3333 ex
1627 3301 1749 3333 diversa
1764 3301 1995 3342 significatione
2017 3304 2188 3334 nominum
2211 3310 2340 3334 naturae
2357 3309 2387 3334 et
2401 3313 2472 3344 per-

1413 3355 1519 3376 sonae.
1544 3346 1607 3377 Ubi
1623 3347 1702 3376 scito
1720 3346 1810 3387 quod
1832 3356 1987 3386 personae
2004 3352 2034 3377 et
2050 3353 2179 3377 naturae
2202 3348 2386 3377 nominibus
2405 3357 2473 3379 non

1412 3391 1616 3430 intelligimus
1639 3391 1717 3421 haec
1740 3391 1909 3426 vocabula,
1935 3396 2053 3421 natura
2077 3397 2107 3421 et
2124 3401 2283 3431 persona,
2309 3401 2391 3431 quae
2414 3392 2473 3422 im-

1413 3440 1541 3474 portant
1556 3440 1701 3465 naturam
1717 3440 1748 3465 et
1763 3443 1933 3474 personam
1956 3436 1989 3464 in
2005 3440 2077 3465 actu
2101 3436 2239 3475 signato:
2265 3435 2319 3465 sed
2341 3436 2474 3466 nomina

1413 3487 1495 3518 quae
1519 3478 1696 3518 significant
1719 3484 1863 3509 naturam
1887 3484 1917 3508 et
1940 3488 2109 3519 personam
2127 3480 2161 3509 in
2177 3485 2249 3510 actu
2273 3480 2421 3516 exercito,
2438 3486 2473 3510 ut

1411 3522 1604 3559 humanitas,
1622 3529 1652 3553 et
1674 3523 1726 3553 hic
1747 3523 1841 3553 homo
1865 3532 1922 3553 seu
1949 3522 2112 3559 Socrates,
2134 3529 2164 3553 et
2187 3524 2231 3554 sic
2255 3523 2294 3553 de
2321 3524 2396 3554 aliis.
2429 3524 2473 3554 Ita

1414 3566 1503 3607 quod
1526 3576 1563 3597 ex
1580 3576 1619 3597 eo
1637 3566 1726 3607 quod
1742 3567 1827 3597 aliud
1850 3565 2004 3606 significat
2021 3567 2203 3598 humanitas
2227 3572 2257 3598 et
2280 3567 2393 3597 similia
2414 3576 2473 3597 no-

2312 3636 2329 3658 4

2492 579 2502 590 ·
2516 580 2541 601 In
2558 586 2662 607 corpore.

2501 1833 2509 1843 ⁴
2519 1832 2574 1855 Loc.
2584 1833 2622 1855 cit.
2631 1833 2653 1854 in
2664 1839 2711 1861 arg.
