2872 3970
362 209 491 234 XXXVIII

484 278 792 325 Nazianzenus,
827 277 969 317 Poem.
1014 277 1219 329 Dogmat.
1262 281 1363 316 sect.
1399 276 1428 322 Ι,
1464 287 1582 322 xvm,
1620 275 1691 316 De
1727 275 1895 317 Chresti
1939 276 2215 331 Genealogr‘a,
2254 277 2338 319 alio
2378 290 2556 332 prorsus

361 341 494 382 modo
532 340 807 381 diffcultatem
843 338 985 380 solvit.

484 402 768 458 Augustinus,
803 401 979 454 Qnaest.
1014 400 1185 453 Evang.
1209 399 1279 439 lib.
1304 399 1352 447 II,
1378 411 1468 452 cap.
1494 410 1533 447 V,
1558 398 1875 453 expositionem
1910 400 2023 441 illam
2058 400 2228 450 indicat,
2253 400 2428 443 minime
2449 415 2556 444 vero

361 465 453 506 eius
489 471 722 505 auctorem.

485 585 620 628 Ibid.:
659 602 677 623 α
707 585 835 627 Unde
869 584 939 625 alii
973 583 1183 631 dixerunt,
1218 581 1340 637 quod
1374 583 1618 624 Matthaeus
1651 595 1800 624 veram
1832 584 2137 640 genealogiam
2172 586 2330 627 Christi
2371 586 2558 636 tradidit,

361 651 505 691 Lucas
548 654 692 688 autem
735 646 986 702 putativam.
1032 645 1119 686 Alii
1152 657 1258 686 vero
1302 644 1502 685 dixerunt
1540 644 1662 698 quod
1705 644 1950 687 Matthaeus
1989 647 2135 701 posuit
2172 653 2315 702 patres
2353 649 2556 698 carnales,

362 713 505 753 Lucas
539 723 645 751 vero
679 709 825 764 posuit
857 714 999 763 patres
1034 706 1275 762 spirituales
1303 723 1339 747 ».

485 774 532 814 In
571 772 744 818 catena,
781 772 884 811 Luc.
911 783 1000 824 cap.
1025 781 1082 814 111.
1106 769 1146 816 h,
1173 769 1254 809 sub
1290 768 1467 809 nomine
1499 768 1683 808 Eusebii
1706 768 1906 810 Emiseni
1934 769 2050 811 idem
2082 771 2289 813 invenies.
2324 773 2491 814 Tamen
2515 773 2557 813 in

362 835 454 875 eius
498 847 610 889 quae
654 839 799 873 extant
832 832 1000 886 scriptis
1042 844 1130 871 non
1170 830 1363 871 habetur.
1398 830 1468 870 De
1501 829 1668 870 Rubeis
1702 830 1744 871 in
1783 830 1946 872 Calena
1979 832 2081 873 citat
2110 833 2206 874 Lib.
2238 834 2271 874 I
2293 833 2409 875 Eccl.
2443 834 2558 876 Hist.

359 899 453 951 cap.
482 911 548 943 VI:
581 895 659 937 sed
693 907 930 949 perperam,
955 905 1054 934 nam
1079 891 1297 934 Eusebius
1322 891 1654 933 Caesaraeensis
1676 892 1760 933 alio
1784 905 1962 947 prorsus
1993 894 2128 936 modo
2161 895 2319 936 Christi
2352 896 2560 952 genealo-

357 959 479 1015 giam
515 957 710 1016 explicat,
745 962 792 996 ut
824 955 866 996 in
900 955 983 996 hoc
1018 954 1175 996 eodem
1210 953 1388 995 articulo
1421 959 1550 1009 patet.

488 1080 571 1133 Qu.
607 1091 756 1127 xxxv1,
781 1084 856 1120 art.
880 1080 921 1127 3,
945 1077 1001 1119 ad
1035 1079 1086 1120 3:
1127 1094 1146 1116 ‹
1175 1077 1297 1119 Sicut
1329 1077 1499 1118 Romae
1533 1078 1656 1119 fluxit
1688 1078 1856 1126 oleum;
1890 1083 1932 1118 et
1966 1077 2007 1118 in
2041 1078 2253 1133 Hispania
2273 1082 2563 1135 apparuerunt

361 1151 448 1184 tres
482 1142 598 1183 soles
633 1141 838 1196 paulatim
872 1141 914 1181 in
948 1153 1082 1184 unum
1116 1146 1324 1181 coeuntes
1351 1155 1387 1182 ι».

487 1204 717 1252 Eusebius,
747 1203 942 1244 Chronz‘c.
966 1202 1037 1243 lib.
1062 1202 1112 1251 II,
1137 1202 1310 1257 Olymp.
1335 1213 1528 1251 chxxv,
1555 1201 1608 1243 de
1643 1201 1727 1242 olei
1760 1202 1880 1243 fluxu
1912 1208 2101 1244 testatur.
2151 1203 2220 1244 De
2253 1203 2380 1244 trium
2419 1204 2561 1246 solum

362 1267 641 1322 apparitione,
666 1265 767 1306 ibid.
793 1265 966 1320 Olymp.
992 1275 1200 1313 chxxw,
1225 1264 1282 1305 ita
1314 1265 1481 1307 scribit:
1522 1281 1540 1302 ‹
1568 1265 1738 1305 Romae
1771 1269 1858 1304 tres
1881 1265 1996 1306 soles
2029 1264 2156 1306 simul
2190 1265 2327 1307 exorti
2357 1266 2562 1321 paulatim

365 1331 406 1371 in
441 1328 627 1371 eundem
662 1328 814 1368 orbem
850 1327 1045 1368 coierunt
1073 1343 1109 1367 ».

489 1390 713 1438 Batonius,
741 1390 960 1444 Apparat.
995 1388 1059 1429 aa'
1085 1388 1250 1429 Annal.
1294 1389 1555 1436 Ecclesiast„
1590 1389 1661 1429 De
1691 1387 1896 1429 Adventu
1928 1388 2038 1429 Filii
2065 1389 2176 1430 Dei:
2224 1405 2242 1427 «
2281 1390 2382 1444 Ipso
2423 1390 2562 1445 primo

362 1467 478 1494 anno
513 1452 840 1499 Triumviratus,
866 1450 1036 1505 Lepido
1071 1456 1113 1491 et
1144 1450 1306 1490 Planco
1341 1451 1512 1498 Conss.,
1535 1457 1622 1491 tres
1645 1450 1763 1491 soles
1798 1463 1894 1491 esse
1926 1449 2060 1499 visos,
2085 1457 2186 1505 post
2217 1452 2415 1501 Plinium,
2450 1452 2564 1494 idem

364 1515 451 1555 Dio
475 1520 665 1555 testatur.
702 1515 834 1554 Anno
857 1525 963 1554 vero
998 1511 1137 1560 tertio,
1162 1517 1208 1552 ut
1234 1511 1354 1552 testis
1386 1518 1452 1553 est
1480 1512 1709 1560 Eusebius,
1734 1512 1904 1553 Romae
1934 1524 1958 1552 e
1988 1512 2167 1554 taberna
2199 1514 2416 1555 meritoria
2448 1520 2564 1556 trans

364 1577 557 1618 Tiberim
592 1576 736 1616 oleum
770 1581 881 1616 terra
914 1574 1072 1629 erupit;
1108 1573 1316 1628 fluxitque
1350 1579 1444 1615 toto
1478 1573 1547 1614 die
1580 1574 1672 1615 sine
1706 1573 2023 1614 intermissione
2052 1590 2088 1615 ι».

489 1638 652 1679 Plinius
688 1637 876 1691 quidem,
902 1637 1008 1677 Nat.
1031 1636 1145 1677 Hist.
1170 1635 1242 1676 lib.
1267 1636 1316 1683 11,
1341 1649 1431 1690 cap.
1458 1648 1581 1676 xxxn
1621 1652 1640 1673 ‹
1669 1635 1828 1676 Trinos
1850 1635 1968 1676 soles
1996 1653 2031 1685 »‚
2055 1635 2206 1691 inquit,
2235 1654 2253 1676 «ι
2281 1641 2446 1695 antiqui
2468 1655 2564 1685 sae-

365 1702 461 1756 pius
495 1700 664 1740 videre:
700 1699 809 1740 sicut
842 1699 917 1752 Sp.
941 1697 1181 1745 Postumio,
1208 1696 1260 1749 Q.
1285 1698 1452 1745 Mucio;
1488 1703 1530 1738 et
1563 1698 1616 1750 Q.
1650 1697 1836 1746 Marcio,
1872 1698 1930 1738 M.
1965 1698 2143 1748 Porcio;
2178 1706 2220 1740 et
2252 1701 2310 1742 M.
2345 1703 2562 1756 Antonio,

367 1765 413 1805 P.
437 1762 688 1810 Dolabella;
725 1767 766 1802 et
799 1761 856 1801 M.
881 1759 1064 1814 Lepido,
1088 1760 1138 1800 L.
1161 1759 1323 1800 Planco
1358 1759 1532 1800 Coss.»

492 1825 622 1865 Iulius
667 1823 942 1877 Obsequens,
975 1821 1282 1874 Prodigiorum
1314 1821 1409 1862 Lab.
1448 1834 1538 1875 cap.
1573 1822 1646 1862 68.
1681 1821 1739 1862 M.
1769 1820 1952 1876 Lepido,
1991 1821 2188 1863 Munatio
2230 1823 2391 1867 Planco
2436 1828 2563 1909 Coss.

372 1905 391 1925 «
421 1887 548 1928 Soles
581 1893 667 1927 tres
703 1885 865 1926 circiter
898 1884 1005 1925 hora
1037 1883 1160 1924 tertia
1194 1883 1277 1924 diei
1310 1882 1405 1931 visi,
1441 1895 1544 1924 mox
1577 1882 1619 1923 in
1653 1896 1787 1924 unum
1821 1883 1973 1924 orbem
2006 1885 2211 1926 contracti
2239 1902 2275 1927 ».

492 1949 579 1989 Dio
626 1947 817 1995 Cassius,
856 1947 969 1987 liz'st.
1004 1946 1130 1986 Rom
1164 1945 1235 1985 lib.
1269 1945 1446 1994 XLVII,
1481 1945 1535 1985 A.
1571 1944 1625 1986 U.
1660 1945 1708 1986 C.
1745 1955 1847 1999 712,
1881 1945 2051 2000 Lepido
2084 1947 2134 1987 II.
2169 1953 2211 1988 et
2242 1949 2403 1992 Planco
2437 1951 2564 1995 Coss.

374 2030 392 2050 «
422 2013 589 2053 Romae
624 2010 736 2051 enim
770 2009 836 2050 sol
871 2007 1104 2062 aliquando
1139 2006 1374 2047 diminutus
1405 2013 1447 2047 et
1479 2006 1682 2047 minimus
1704 2007 1801 2048 visu
1829 2007 2043 2062 apparuit;
2078 2008 2311 2063 aliquando
2339 2013 2565 2090 maximus,

370 2075 457 2115 imo
492 2073 644 2128 triplex
678 2076 936 2126 conspectus
971 2075 1036 2110 est
1065 2086 1099 2110 ».
2544 2102 2563 2108 ,,

496 2137 628 2176 Anno
664 2135 717 2174 A.
743 2134 796 2175 U.
822 2133 868 2174 C.
897 2143 998 2186 711,
1025 2131 1240 2172 Consules
1264 2136 1384 2171 erant
1405 2130 1570 2171 Hirtius
1599 2136 1641 2171 et
1661 2131 1824 2180 Pansa;
1858 2144 1913 2172 an
1945 2131 2055 2173 forte
2077 2133 2297 2188 Hispania
2326 2142 2468 2178 ortum
2502 2145 2568 2180 est

371 2213 424 2240 ex
459 2205 562 2238 nota
594 2195 817 2251 marginali
852 2195 894 2235 in
929 2193 1074 2248 aliquo
1110 2192 1260 2233 codice
1294 2192 1485 2241 Eusebii,
1519 2192 1667 2233 Hi'rtzo
1698 2193 1850 2234 Pansa
1888 2193 2000 2235 Coss.
2012 2193 2037 2234 ?

495 2259 653 2301 Paulus
689 2257 884 2305 Orosius,
908 2255 1143 2296 Hz'storiar.
1166 2254 1237 2296 lib.
1261 2254 1355 2303 VII,
1380 2267 1470 2308 cap.
1493 2265 1612 2304 xv111,
1636 2267 1709 2303 xx,
1734 2254 1789 2296 de
1812 2255 1928 2296 fluxu
1963 2256 2047 2298 olei
2069 2257 2332 2299 mentionem
2363 2259 2478 2310 facit:
2512 2261 2567 2304 de

370 2323 506 2363 tribus
540 2321 705 2362 solibus
739 2320 781 2360 in
815 2332 949 2359 unum
983 2317 1240 2358 coeuntibus
1274 2313 1375 2356 nihil
1408 2329 1585 2370 prorsus
1628 2316 1746 2365 dicit;
1787 2317 1884 2358 licet
1916 2331 2007 2373 cap.
2042 2331 2119 2367 xx,
2155 2319 2209 2360 de
2241 2320 2326 2361 alio
2363 2323 2566 2380 prodigio

372 2385 497 2425 simili
540 2389 742 2424 testetur:
792 2398 809 2419 «
841 2381 952 2422 Cum
994 2378 1179 2434 primum
1225 2377 1332 2423 Caio
1367 2377 1553 2419 Caesare
1597 2379 1812 2420 avunculo
1852 2392 1933 2421 suo
1978 2380 2211 2430 interfecto,
2247 2395 2300 2423 ex
2333 2384 2569 2439 Apollonia

372 2447 541 2487 rediens
586 2443 844 2500 (Augustus)
889 2442 1040 2482 urbem
1083 2440 1390 2496 ingrederetur,
1429 2440 1536 2481 hora
1579 2441 1743 2482 circiter
1784 2441 1918 2490 tertia,
1957 2448 2132 2496 repente
2173 2443 2339 2498 liquido
2377 2460 2426 2487 ac
2458 2461 2568 2502 puro

372 2521 615 2562 serenoque
650 2507 718 2547 die
753 2505 934 2546 circulus
967 2504 1022 2544 ad
1056 2503 1244 2558 speciem
1278 2502 1474 2542 caelestis
1507 2515 1630 2543 arcus
1663 2503 1814 2544 orbem
1848 2503 1953 2544 solis
1985 2504 2136 2545 ambiit
2163 2522 2198 2546 ›.

499 2631 582 2683 Qu.
617 2640 767 2676 xxxv1‚
792 2633 866 2668 art.
891 2628 930 2674 3,
956 2626 1011 2666 ad
1046 2637 1096 2677 4:
1137 2642 1156 2663 «
1182 2625 1304 2666 Sicut
1337 2625 1677 2679 Chrysostomus
1712 2627 1834 2675 dicit,
1869 2627 2067 2683 Angelus
2101 2629 2377 2671 manifestans
2411 2630 2568 2674 Christi

375 2693 640 2735 nativitatem
675 2703 762 2731 non
796 2690 872 2730 ivit
916 2688 1254 2742 Jerosolymam,
1293 2700 1380 2727 non
1414 2687 1638 2741 requisivit
1680 2688 1854 2729 Scribas
1895 2695 1936 2729 et
1974 2689 2251 2740 Pharisaeos;
2297 2698 2416 2734 erant
2454 2692 2567 2736 enim

377 2755 573 2809 corrupti,
600 2760 641 2794 e't
673 2765 774 2807 prae
809 2751 969 2792 invidia
1003 2750 1316 2798 cruciabantur;
1351 2749 1429 2790 sed
1463 2755 1658 2803 pastores
1690 2756 1809 2790 erant
1841 2750 2006 2800 sinceri,
2030 2753 2250 2806 antiquam
2273 2754 2567 2797 conversatio—

378 2831 475 2858 nem
508 2815 846 2857 Patriarcharum
881 2819 923 2854 et
953 2813 1098 2866 Moysi
1132 2812 1322 2852 colentes
1351 2828 1386 2852 ›.
1411 2812 1532 2852 Haec
1556 2817 1597 2852 et
1629 2812 1671 2852 in
1710 2812 1799 2853 Cat
1823 2813 1988 2861 Aurea,
2013 2814 2118 2855 Luc.
2143 2828 2234 2870 cap
2258 2828 2299 2866 11,
2324 2829 2356 2864 c,
2381 2817 2477 2858 sub
2487 2829 2568 2888 no-

379 2880 491 2919 mine
520 2877 811 2930 Chrysostomz'
839 2875 1130 2930 reperiuntur:
1166 2874 1280 2928 apud
1315 2887 1445 2928 quem
1479 2887 1566 2914 non
1602 2881 1840 2915 occurrunt.

504 2940 716 2995 Origenes
751 2938 928 2992 quidem
969 2937 1139 2990 (Schol.
1174 2950 1217 2977 zn
1250 2937 1355 2976 Luc.
1390 2936 1539 2991 Migne
1580 2941 1684 2977 tom
1717 2937 1867 2990 XVII)
1910 2937 1996 2978 sere
2040 2937 2194 2980 iisdem
2232 2939 2362 2980 utitur
2401 2939 2565 2985 verbis:

385 3021 402 3040 «
432 3003 533 3043 Non
562 3019 596 3050 »,
633 3001 780 3055 inquit,
832 3016 849 3037 «
878 2999 932 3039 ad
967 2999 1226 3040 Iudaeorum
1259 3010 1545 3053 synagogam,
1581 2998 1623 3038 in
1662 2999 1893 3040 Ierusalem
1927 3000 1981 3040 ad
2025 2999 2284 3042 Sacerdotes
2317 3007 2360 3042 et
2389 3001 2567 3043 Scribas

382 3072 422 3105 et
454 3064 709 3105 Pharisaeos
751 3062 869 3102 venit
902 3062 1119 3116 Angelus:
1155 3060 1232 3101 sed
1266 3066 1461 3115 pastores
1503 3060 1659 3114 reperit
1666 3094 1765 3101 ......
1799 3061 1916 3102 hisce
1959 3062 2072 3103 enim
2116 3061 2381 3118 evangelizat
2413 3063 2566 3104 Salva-

382 3127 486 3166 toris
520 3125 797 3165 nativitatem.
847 3123 908 3162 Illi
952 3136 1137 3177 namque
1180 3123 1394 3177 simplices
1439 3128 1568 3170 erant,
1608 3128 1798 3164 veterem
1841 3123 2017 3165 vivendi
2061 3124 2269 3165 rationem
2311 3122 2566 3179 quaerentes

383 3186 742 3228 Patriarcharum:
785 3190 979 3238 pastores
1027 3185 1239 3238 siquidem
1288 3191 1407 3225 erant
1450 3190 1492 3224 et
1530 3185 1583 3225 hi.
1629 3184 1714 3237 Qui
1764 3185 1889 3226 etiarn
1940 3191 2155 3226 currentes
2203 3185 2295 3226 aliis
2341 3187 2565 3228 annuntia-

384 3255 549 3290 verunt.
600 3247 660 3287 Illi
711 3259 917 3299 namque,
954 3245 1111 3299 quippe
1161 3246 1323 3287 invidia
1361 3247 1652 3295 tabescentes,
1698 3247 1947 3288 occultaturi
1985 3245 2174 3287 fuissent
2222 3247 2369 3288 mundi
2418 3249 2566 3290 salutis

386 3310 635 3364 mysterium
664 3325 698 3349 »

510 3373 566 3411 Et
587 3369 950 3423 Theophylactus,
974 3369 1024 3408 In
1047 3369 1217 3421 Evang.
1242 3370 1346 3410 Luc.
1370 3371 1605 3411 Enarrat..·
1643 3387 1662 3407 «ι
1691 3370 1861 3422 Quibus
1894 3369 2184 3424 (pastoribus)
2218 3376 2393 3425 apparet
2431 3385 2565 3428 ange-

388 3434 465 3481 lus,
489 3439 663 3487 propter
696 3431 1008 3486 simplicitatem
1043 3435 1083 3470 et
1115 3429 1402 3471 innocentiam
1443 3444 1630 3479 morum,
1663 3438 1704 3472 et
1737 3431 1856 3486 quod
1899 3431 2108 3472 iustorum
2140 3431 2273 3472 vitam
2315 3431 2466 3474 imitari
2500 3434 2565 3473 vi-

390 3495 579 3535 deantur.
615 3493 785 3534 Etenim
819 3492 945 3547 prisci
978 3491 1245 3532 Patriarchae
1279 3497 1474 3544 pastores
1509 3498 1627 3533 erant
1658 3499 1704 3534 ut
1736 3492 1878 3542 Iacob,
1901 3487 2092 3547 Moyses,
2127 3492 2284 3535 David.
2335 3494 2490 3550 Neque
2523 3495 2566 3536 in

390 3556 619 3597 Ierusalem
654 3555 847 3609 apparuit
879 3553 1118 3595 Pharisaeis
1151 3552 1219 3592 vel
1254 3552 1427 3601 Scribis,
1453 3553 1524 3607 qui
1561 3555 1699 3595 omnis
1734 3554 1916 3596 malitiae
1951 3555 2216 3609 receptacula
2249 3562 2368 3597 erant
2395 3573 2430 3597 ».
