2872 3970
146 2274 156 2284 ⁴
174 2273 225 2294 Art.
245 2277 266 2297 2,
285 2270 314 2292 ad
333 2277 358 2298 3:

146 2303 188 2322 art.
204 2305 223 2326 5.

158 3116 340 3155 ’(ὶυαιξιιβη.
346 3122 352 3136 ¹
358 3131 363 3135 .

253 3148 267 3176 ῤ

157 3331 166 3339 ⁸
183 3329 229 3356 Qu.
246 3334 309 3353 xxix,
325 3331 366 3349 art.

158 3363 178 3383 3,
194 3356 221 3376 ad
237 3361 256 3376 2.

377 277 426 311 24
1106 257 1368 305 QUAESTIO
1398 257 1445 303 11,
1477 255 1768 293 ARTICULUS
1796 256 1825 293 11

375 348 446 372 tum
463 341 589 380 reliquit
609 340 738 370 titulum
754 338 885 369 articuli.
912 338 952 368 Et
973 346 1044 367 vere
1073 337 1117 366 sic
1137 341 1198 366 est:
1225 335 1379 374 quoniam
1403 344 1439 364 ex
1466 332 1468 369 ξ
1495 335 1581 364 enim
1605 333 1776 363 maximam
1799 332 2087 373 imperfectionem,
2112 338 2143 363 et
2166 332 2427 364 informationem
2449 333 2495 364 rei
2509 343 2559 364 se-

376 387 441 416 hoc
474 385 544 424 ipso
576 383 665 423 quod
694 388 824 413 naturae
854 382 987 412 nomine
1019 380 1186 411 essentiam
1216 378 1439 418 intelligimuS,
1495 377 1638 407 cundum
1669 386 1736 407 esse
1759 377 1937 413 materiale,
1962 383 2096 417 poneret
2122 377 2156 407 in
2180 376 2286 408 divina
2315 382 2445 408 natura:
2480 377 2560 411 illud

378 430 459 459 clare
483 433 607 458 constat
630 427 708 467 quid
738 432 784 457 est
807 426 889 456 uniri
920 426 952 455 in
980 430 1107 459 natura;
1139 423 1258 453 scilicet
1288 422 1371 452 uniri
1401 421 1440 451 ad
1495 427 1602 451 autem
1626 420 1748 450 nullam
1778 420 2055 460 imperfectionem
2079 426 2134 451 aut
2157 420 2419 451 informationem
2446 430 2560 452 secun-

378 473 530 502 essentiae
554 471 775 511 integritatem,
800 475 836 500 ut
859 478 1004 509 expresse
1028 468 1151 498 Auctor
1175 464 1305 496 deduxit
1329 475 1367 495 ex
1386 475 1441 495 eo·
1495 464 1574 495 dum
1598 474 1666 494 esse
1690 464 1783 504 ponit
1806 465 1839 494 in
1863 463 1969 494 divina
1993 465 2138 500 essentia,
2162 470 2199 495 ut
2221 465 2265 495 ibi
2289 465 2401 505 patuit.

377 516 450 546 dem
466 515 712 556 praesupposito
735 515 769 544 in
791 514 833 543 IV
848 513 971 543 Contra
989 512 1091 546 Gent„
1107 520 1176 550 cap.
1194 519 1254 540 x1.1.
1279 509 1440 547 Quaerere
1551 507 1737 538 Secundum
1754 513 1801 538 est
1816 508 1906 548 quod
1921 508 2053 548 sequela
2067 509 2101 539 in
2118 509 2220 539 littera
2235 509 2414 545 subiuncta,
2431 509 2561 545 scilicet,

377 561 472 599 igitur
488 569 527 590 an
544 559 622 590 unio
640 558 736 589 Verbi
752 557 905 588 incarnati
928 557 967 586 sit
986 555 1067 585 facta
1089 555 1123 585 in
1143 560 1263 589 natura,
1282 559 1327 584 est
1344 562 1441 592 quae·
1495 552 1690 592 Sequeretur
1713 552 1796 582 enim
1812 551 1899 592 quod
1921 552 2040 592 species
2059 553 2220 584 resultans
2243 557 2324 584 esset
2345 553 2562 583 communica-

376 613 445 634 rere
468 613 508 633 an
531 603 674 633 Verbum
698 608 728 632 et
751 602 890 631 humana
913 605 1025 630 natura
1047 599 1109 629 sint
1139 599 1227 628 unita
1249 598 1283 627 in
1306 607 1370 627 una
1394 606 1441 627 es·
1495 596 1567 626 bilis
1592 595 1760 636 pluribus,
1791 594 1942 626 fundatur
1964 605 2060 636 super
2089 597 2142 626 illa
2169 597 2408 638 propositione:
2451 597 2563 627 Omnis

377 647 492 678 sentia:
529 657 568 677 an
593 645 800 677 convenerint
824 644 863 674 ad
885 642 1108 683 integrandum
1136 651 1234 671 unam
1263 641 1440 671 essentiam.
1496 644 1616 670 natura
1639 639 1817 680 composita
1841 649 1882 670 ex
1897 641 2034 670 materia
2049 645 2080 670 et
2085 641 2205 682 forma
2229 646 2276 671 est
2291 641 2470 672 communis
2486 640 2564 682 plu-

434 691 467 721 In
492 690 631 721 secunda
654 695 740 729 parte
770 687 912 728 corporis
941 686 1151 726 respondetur
1174 686 1318 725 quaesito
1346 694 1441 724 nega·
1496 684 1601 719 ribus,
1631 693 1714 723 quae
1738 692 1776 713 ex
1801 682 1812 713 1
1838 683 1930 714 Caeli
1944 685 1961 700 ⁴¹*
1984 684 2130 714 sumitur.
2165 684 2258 722 Quae
2285 685 2465 725 propositio
2490 694 2565 715 vera

377 735 440 765 tive
465 735 559 765 unica
575 733 796 764 conclusione:
819 731 1018 771 Impossibile
1041 735 1088 760 est
1110 729 1260 760 unionem
1279 729 1370 759 Verbi
1394 729 1442 758 in-
1496 727 1612 758 dicitur
1635 732 1791 767 quantum
1815 732 1862 757 est
1884 736 1922 757 ex
1945 736 1997 758 se:
2022 733 2129 768 potest
2152 729 2238 759 enim
2265 728 2404 765 aliunde,
2423 733 2503 769 puta
2526 738 2564 759 ex

378 778 505 809 carnari
528 787 595 808 esse
608 778 738 818 factam
758 776 790 806 in
811 780 940 805 natura.
966 775 1054 804 Haec
1078 779 1184 804 autern
1204 773 1371 803 conclusio
1388 772 1442 802 tali
1495 772 1559 801 hoc
1575 770 1665 811 quod
1686 776 1810 801 constat
1833 780 1871 801 ex
1886 776 1954 801 tota
1969 780 2026 802 sua
2047 773 2188 808 materia,
2205 782 2272 803 non
2289 773 2423 803 inveniri
2445 773 2507 803 nisi
2530 774 2564 804 in

377 822 477 852 modo
502 827 533 852 et
556 821 667 851 ordine
690 821 723 850 in
743 820 845 849 littera
863 819 1024 858 probatur.
1049 818 1167 852 Primo,
1185 817 1317 856 ponitur
1332 816 1442 846 distin·
1496 825 1563 846 uno
1579 821 1691 845 natura
1714 814 1776 850 illa,
1796 820 1832 845 ut
1855 814 1894 845 de
1918 815 2042 846 mundo
2066 815 2185 847 ibidem
2201 817 2218 833 θ
2241 816 2366 847 dicitur.
2391 817 2448 847 Est
2469 817 2566 857 igitur

378 867 442 896 ctio
465 865 655 895 trimembris
679 863 718 894 de
741 862 841 893 modo
866 872 932 902 quo
956 861 1077 902 aliquid
1105 870 1207 891 unum
1236 870 1274 890 ex
1297 860 1442 900 pluribus
1496 859 1601 890 omnis
1624 865 1736 889 natura
1752 867 1789 888 ex
1805 859 1935 889 materia
1959 864 1990 889 et
2010 858 2113 890 forma
2133 861 2314 900 composita
2329 860 2508 892 secundum
2531 870 2565 892 se

378 910 528 940 constitui
545 914 659 948 potest.
685 907 809 937 Primus
828 905 944 936 modus
962 911 1008 935 est
1024 905 1113 945 quod
1133 903 1253 944 aliquid
1269 913 1372 934 unum
1388 903 1442 934 fiat
1497 903 1679 933 communis
1702 902 1863 942 pluribus:
1893 908 1923 933 et
1950 902 1990 933 de
2014 902 2099 933 facto
2122 909 2229 944 potest
2250 905 2386 935 inveniri
2409 905 2443 936 in
2466 905 2566 946 pluri-

378 963 415 984 ex
439 953 583 993 pluribus
607 950 752 991 perfectis
776 950 1012 980 remanentibus
1035 949 1068 978 in
1093 958 1149 978 sua
1172 948 1365 988 integritate;
1394 957 1442 978 se-
1496 948 1555 977 bus
1578 947 1637 977 nisi
1662 952 1787 977 constet
1811 955 1848 976 ex
1875 951 1942 977 tota
1965 956 2022 977 sua
2044 948 2185 978 materia.
2215 948 2256 980 Et
2279 949 2354 989 quia
2377 954 2490 980 natura
2512 949 2566 979 illa

377 996 502 1027 cundus
518 995 634 1026 modus
651 1000 697 1024 est
713 993 802 1034 quod
818 992 938 1033 aliquid
957 1002 1059 1023 unum
1076 991 1130 1022 fiat
1147 1002 1184 1022 ex
1200 992 1354 1032 pluribus,
1371 1001 1442 1032 per-
1496 991 1651 1021 resultans
1675 991 1708 1020 in
1733 990 1861 1021 Christo
1879 1000 1916 1020 ex
1936 990 2043 1021 divina
2064 996 2177 1021 natura
2192 997 2229 1022 ut
2244 991 2348 1023 forma
2371 998 2403 1023 et
2424 993 2566 1024 humana

377 1040 466 1070 fectis
490 1039 638 1079 quidem,
662 1038 717 1068 sed
740 1047 806 1067 non
830 1037 1107 1077 permanentibus,
1131 1035 1187 1066 sed
1210 1037 1441 1072 transmutatis;
1496 1041 1531 1065 ut
1554 1035 1698 1069 materia,
1723 1044 1790 1064 non
1815 1040 1974 1065 constaret
1997 1044 2036 1065 ex
2062 1041 2130 1065 tota
2153 1045 2210 1066 sua
2232 1037 2378 1073 materia,
2402 1042 2439 1067 ut
2461 1041 2565 1077 patet,

377 1084 486 1114 tertius
508 1089 554 1113 est
578 1081 667 1122 quod
691 1081 810 1121 aliquid
834 1091 936 1112 unum
960 1081 1014 1111 fiat
1030 1090 1068 1111 ex
1084 1080 1237 1120 pluribus,
1254 1089 1443 1120 permanen·
1496 1079 1571 1119 quia
1595 1079 1714 1109 multae
1738 1078 1816 1109 aliae
1835 1084 1967 1109 naturae
1990 1079 2149 1110 humanae
2169 1080 2343 1120 singulares
2358 1081 2568 1112 inveniuntur

377 1128 461 1157 tibus
486 1126 633 1167 quidem,
658 1125 714 1156 sed
737 1124 940 1165 imperfectis.
976 1125 1017 1154 Et
1039 1124 1126 1154 iuxta
1149 1124 1292 1164 singulos
1315 1124 1442 1160 modos,
1495 1123 1577 1153 ultra
1592 1123 1679 1153 illam
1697 1132 1780 1162 quae
1797 1128 1843 1153 est
1858 1123 1892 1153 in
1905 1121 2052 1153 Christo:
2073 1124 2218 1164 sequitur
2230 1123 2320 1164 quod
2336 1123 2376 1155 de
2392 1123 2478 1155 facto
2490 1133 2567 1165 pos-

377 1177 500 1202 servato
518 1170 629 1201 ordine
646 1179 713 1210 quo
735 1169 854 1200 recitati
870 1174 954 1204 sunt,
978 1169 1092 1208 probat
1109 1168 1352 1199 conclusionem
1369 1178 1443 1209 pro·
1495 1172 1543 1197 set
1558 1172 1671 1197 natura
1686 1167 1740 1197 illa
1755 1166 1911 1196 resultans
1923 1166 2105 1207 plurificari.
2125 1168 2174 1198 Ac
2190 1177 2247 1208 per
2262 1168 2336 1203 hoc,
2349 1174 2483 1208 possent
2498 1178 2567 1200 esse

377 1215 515 1255 positam
538 1214 710 1254 tripliciter,
735 1219 771 1243 ut
794 1218 879 1253 patet
903 1213 984 1243 clare
1009 1213 1041 1242 in
1065 1212 1176 1242 littera.
1496 1211 1615 1251 plures,
1628 1211 1730 1241 immo
1746 1209 1863 1240 infiniti
1881 1210 1999 1241 Christi
2015 1211 2160 1242 eiusdem
2176 1212 2294 1252 speciei
2310 1212 2565 1253 specialissimae.

434 1259 471 1288 11.
495 1258 589 1289 Circa
604 1258 690 1288 illam
706 1258 826 1287 litterae
849 1257 1005 1286 rationem
1019 1265 1082 1296 qua
1094 1256 1247 1296 probatur
1262 1266 1330 1286 non
1349 1266 1443 1296 posse
1552 1255 1605 1284 IV.
1630 1254 1666 1284 In
1690 1253 1806 1285 eodem
1826 1254 1930 1294 primo
1948 1255 2093 1291 articulo,
2109 1255 2143 1286 in
2164 1256 2374 1296 responsione
2397 1255 2436 1287 ad
2452 1266 2567 1288 secun-

378 1302 499 1342 aliquid
516 1302 658 1332 converti
673 1302 706 1331 in
723 1301 862 1331 divinam
886 1306 1031 1330 naturam
1048 1301 1123 1340 quia
1144 1305 1191 1330 est
1210 1300 1443 1340 ingenerabilis‚
1497 1299 1592 1334 dum,
1618 1299 1700 1329 circa
1730 1297 1972 1329 similitudinem
2003 1299 2041 1333 ab
2064 1299 2239 1330 Athanasio
2267 1299 2390 1337 datam,
2421 1302 2567 1341 perspice

379 1346 505 1377 adverte
522 1346 612 1386 quod
628 1345 796 1385 dupliciter
820 1350 926 1384 potest
949 1344 1081 1384 intelligi
1104 1344 1225 1384 aliquid
1249 1345 1392 1375 converti
1411 1345 1444 1375 in
1497 1342 1587 1383 quod
1603 1342 1778 1373 similitudo
1796 1342 1911 1373 dicitur
1926 1348 2034 1373 tenere
2051 1349 2208 1383 quantum
2225 1343 2264 1375 ad
2280 1345 2354 1380 hoc,
2367 1344 2450 1376 idest
2465 1354 2568 1385 quan-

379 1389 475 1421 aliud.
500 1390 617 1425 Primo,
642 1399 698 1429 per
721 1389 1103 1419 transubstantiationem:
1129 1389 1210 1418 sicut
1233 1389 1324 1428 panis
1340 1389 1372 1418 in
1389 1388 1445 1420 Sa-
1497 1394 1567 1418 tum
1598 1386 1637 1417 ad
1668 1387 1822 1417 unitatem
1849 1387 2008 1426 suppositi
2031 1388 2214 1428 utrobique.
2250 1388 2318 1418 Nec
2342 1388 2428 1419 aliud
2451 1394 2568 1420 sonant

379 1440 542 1465 eramento
566 1433 680 1463 Altaris
710 1432 904 1462 convertitur
928 1433 960 1461 in
985 1441 1102 1471 corpus
1126 1431 1252 1462 Christi.
1282 1431 1444 1469 Secundo,
1497 1431 1593 1462 verba
1611 1431 1775 1461 Athanasii
1798 1431 1857 1461 nisi
1880 1430 2122 1462 similitudinem
2138 1431 2247 1472 quoad
2266 1433 2421 1463 unitatem
2444 1442 2567 1474 suppo-

379 1488 436 1518 per
458 1477 771 1507 transmutationem:
797 1476 878 1505 sicut
902 1475 1089 1506 alimentum
1114 1476 1310 1505 convertitur
1325 1476 1358 1506 in
1375 1486 1445 1506 cor-
1497 1475 1559 1510 siti,
1575 1474 1723 1510 dicendo,
1739 1475 1823 1505 sicut
1837 1474 1947 1504 anima
1963 1475 2136 1510 rationalis
2151 1480 2182 1506 et
2196 1485 2275 1506 caro
2292 1485 2376 1507 unus
2391 1481 2439 1507 est
2451 1477 2569 1507 homo:

379 1531 439 1562 pus
463 1521 605 1551 animalis
630 1519 718 1560 quod
741 1520 894 1555 nutritur;
919 1525 950 1549 et
973 1519 1115 1549 similiter
1131 1519 1288 1549 elementa
1311 1529 1445 1550 conver·
1498 1528 1573 1549 nam
1591 1528 1674 1549 unus
1688 1518 1784 1548 homo
1805 1527 1908 1548 unum
1924 1519 2128 1558 suppositum
2151 1519 2319 1550 manifeste
2335 1519 2502 1560 significat.
2526 1521 2568 1551 Et

378 1571 489 1596 tuntur
518 1566 551 1594 in
574 1565 727 1599 mixtum,
751 1563 930 1594 secundum
954 1563 1143 1603 opinionem
1173 1563 1354 1593 tenentium
1382 1564 1446 1594 ele·
1498 1572 1566 1593 non
1582 1563 1675 1602 ponit
1691 1562 1932 1592 similitudinem
1949 1562 2056 1602 quoad
2072 1563 2227 1594 unitatem
2250 1569 2391 1600 naturae,
2408 1573 2468 1595 nec
2485 1573 2568 1605 quo-

379 1614 486 1640 menta
508 1619 576 1639 non
592 1617 753 1639 remanere
778 1607 956 1638 secundum
979 1617 1051 1637 suas
1067 1607 1255 1637 substantias
1279 1608 1312 1637 in
1333 1608 1444 1638 mixto.
1497 1605 1538 1637 ad
1553 1606 1690 1637 modum
1707 1605 1921 1636 constituendi
1933 1615 2036 1636 unum
2049 1607 2263 1647 suppositum.
2282 1607 2397 1648 Neque
2409 1609 2496 1639 enim
2511 1608 2568 1640 ino

379 1654 455 1684 Non
479 1659 526 1683 est
548 1653 580 1682 in
601 1652 758 1692 praesenti
781 1651 903 1682 ratione
927 1660 1031 1681 sermo
1049 1650 1087 1681 de
1105 1651 1316 1681 conversione
1339 1652 1445 1691 primo
1498 1649 1599 1683 modo
1627 1659 1731 1680 unum
1754 1650 1958 1690 suppositum
1983 1649 2101 1681 Christi
2123 1657 2248 1681 constat
2271 1661 2310 1681 ex
2325 1651 2433 1683 divina
2455 1658 2487 1683 et
2509 1653 2570 1684 hu-

379 1697 496 1729 modo:
522 1697 677 1736 quoniam
693 1705 760 1726 non
775 1695 893 1725 valeret
916 1695 1005 1725 ratio.
1030 1695 1114 1732 Quia
1138 1705 1175 1725 ex
1198 1695 1261 1725 hoc
1278 1694 1367 1735 quod
1391 1695 1446 1725 ali-
1498 1703 1594 1725 mana
1610 1699 1731 1730 natura,
1744 1694 1826 1724 sicut
1842 1703 1926 1724 unus
1941 1694 2042 1725 homo
2055 1695 2260 1726 constituitur
2276 1705 2314 1726 ex
2330 1696 2437 1727 anima
2451 1701 2484 1727 et
2498 1705 2570 1729 cor-

381 1741 459 1782 quid
475 1746 522 1771 est
537 1739 760 1779 ingenerabile,
777 1749 844 1768 non
864 1739 1008 1778 sequitur
1024 1738 1114 1778 quod
1134 1748 1201 1768 non
1223 1739 1324 1779 possit
1341 1739 1447 1769 divina
1499 1748 1588 1778 pore.
1624 1737 1789 1776 Quoniam
1813 1747 1898 1767 unus
1920 1738 2032 1774 homo,
2056 1744 2135 1779 puta
2157 1739 2278 1775 Petrus,
2303 1740 2508 1771 constituitur
2531 1750 2570 1772 ex

380 1786 495 1815 virtute
518 1783 788 1814 transubstantiari
810 1783 844 1812 in
867 1783 989 1822 ipsum:
1016 1783 1094 1821 quin
1118 1783 1226 1822 potius
1250 1782 1289 1812 de
1312 1781 1397 1812 facto
1414 1783 1447 1812 in
1500 1783 1606 1812 anima
1630 1788 1660 1811 et
1683 1791 1820 1821 corpore
1844 1787 1879 1812 ut
1902 1782 1983 1812 veris
2006 1783 2148 1822 partibus
2167 1785 2440 1823 componentibus
2461 1785 2569 1825 ipsum

382 1838 499 1868 corpus
516 1827 634 1858 Christi
657 1827 844 1866 gloriosum,
862 1825 951 1865 quod
975 1831 1021 1855 est
1044 1826 1285 1865 incorruptibile
1309 1831 1340 1856 et
1357 1827 1447 1866 inge·
1499 1826 1646 1856 Petrum:
1671 1830 1718 1855 est
1741 1825 1827 1855 enim
1850 1834 1988 1865 persona
2010 1826 2095 1857 Petri
2118 1828 2299 1867 composita
2321 1837 2359 1858 ex
2382 1828 2443 1859 hac
2463 1828 2570 1860 anima

381 1872 531 1907 nerabile,
556 1871 751 1901 convertitur
774 1870 864 1910 panis
886 1871 919 1899 in
944 1870 1149 1900 Eucharistia.
1185 1869 1247 1900 Sed
1272 1875 1318 1900 est
1341 1879 1447 1900 sermo
1501 1875 1531 1900 et
1547 1870 1610 1900 hoc
1627 1878 1762 1909 corpore
1786 1874 1822 1899 ut
1845 1869 1986 1909 partibus
2009 1870 2083 1900 suis.
2109 1870 2254 1902 Christus
2274 1877 2383 1903 autem
2402 1881 2471 1903 non
2490 1881 2570 1904 con-

383 1916 423 1948 de
447 1915 657 1946 conversione
673 1913 816 1944 secundo
839 1912 956 1944 modo:
982 1914 1058 1954 quia
1080 1913 1119 1943 de
1135 1914 1189 1943 tali
1213 1913 1391 1953 disputatur
1413 1914 1447 1944 in
1500 1914 1640 1944 stituitur
1654 1914 1687 1943 in
1704 1922 1763 1943 suo
1781 1922 1848 1943 esse
1871 1913 2031 1953 personali
2046 1923 2104 1954 per
2119 1920 2290 1955 utramque
2312 1921 2470 1953 naturam,
2491 1916 2570 1948 divi—

382 1959 526 1991 secundo
550 1958 661 1994 modo,
679 1967 745 1998 quo
770 1967 807 1987 ex
831 1957 975 1997 pluribus
1002 1956 1150 1997 perfectis
1173 1958 1389 1988 transmutatis
1412 1957 1448 1988 fit
1500 1967 1575 1988 nam
1591 1957 1711 1987 scilicet
1727 1962 1758 1987 et
1778 1957 1962 1993 humanam,
1979 1963 2015 1988 ut
2030 1957 2111 1988 infra
2126 1959 2143 1975 ⁴*
2166 1959 2295 1999 patebit.
2317 1959 2460 2000 Intellige
2475 1961 2571 2001 igitur
2595 1963 2607 1975 ⁸

383 2013 504 2039 unum,
530 2009 565 2033 ut
588 2008 674 2042 patet
697 2002 729 2031 in
754 2002 864 2031 littera.
1501 2000 1742 2031 similitudinem
1759 2006 1917 2040 quantum
1938 2000 1977 2031 ad
1999 2002 2101 2042 ipsam
2122 2003 2277 2033 unitatem
2300 2004 2459 2044 suppositi
2481 2010 2570 2036 utro-

440 2047 491 2077 111.
509 2047 603 2077 Circa
618 2046 775 2076 rationem
791 2045 888 2081 illam,
905 2045 981 2086 quia
997 2044 1107 2075 divina
1123 2049 1244 2075 natura
1260 2050 1291 2074 et
1304 2045 1448 2075 humana
1501 2046 1598 2085 bique
1622 2044 1819 2074 subsistentis
1842 2045 1876 2074 in
1900 2044 2043 2081 duobus,
2067 2046 2111 2076 ibi
2135 2046 2167 2077 in
2191 2052 2303 2077 natura
2326 2049 2451 2079 animae
2473 2048 2570 2079 ratio-

385 2102 449 2123 non
467 2095 608 2131 possunt
622 2090 816 2120 constituere
831 2089 955 2129 aliquid
963 2098 1027 2128 per
1041 2088 1170 2118 modum
1177 2089 1316 2130 formae
1335 2093 1366 2118 et
1380 2098 1448 2119 ma-
1501 2089 1581 2119 nalis
1598 2094 1629 2118 et
1645 2089 1756 2123 carnis,
1780 2089 1832 2118 hic
1855 2089 1888 2118 in
1911 2094 2023 2119 natura
2046 2089 2106 2120 Dei
2125 2095 2156 2120 et
2178 2091 2333 2122 hominis:
2357 2091 2571 2126 diversimode

385 2137 496 2171 teriae,
512 2141 590 2165 nota
605 2134 681 2164 duo.
706 2134 847 2163 Primum
865 2139 910 2163 est
926 2133 958 2173 ly
967 2133 1162 2173 praesertim
1178 2133 1337 2172 corporei.
1362 2133 1450 2163 Dixit
1500 2139 1619 2167 tamen,
1643 2133 1731 2162 iuxta
1754 2131 1891 2163 diversas
1914 2132 2118 2164 conditiones
2141 2134 2330 2166 eorundem.

385 2181 472 2211 enim
495 2180 557 2209 hoc
580 2179 704 2208 Auctor
727 2177 765 2207 ad
788 2176 1055 2217 praeservandum
1079 2185 1262 2206 sermonem
1289 2186 1386 2207 suum
1409 2177 1448 2207 ab
1557 2176 1733 2216 Diligenter
1748 2181 1857 2206 autern
1872 2182 2007 2216 pensato
2023 2177 2077 2208 illa
2092 2179 2188 2208 verba
2202 2179 2341 2210 litterae:
2362 2180 2477 2212 Unitas
2492 2190 2570 2212 vero

384 2223 611 2255 informatione
635 2221 812 2252 secundum
829 2230 896 2251 esse
913 2220 1118 2260 intelligibile.
1143 2220 1275 2251 Dictum
1291 2226 1339 2251 est
1361 2221 1449 2251 enim
1495 2230 1660 2261 personae
1682 2220 1891 2251 constituitur
1913 2230 1954 2251 ex
1977 2221 2032 2257 eis,
2057 2222 2178 2252 scilicet
2201 2223 2308 2254 anima
2327 2229 2358 2255 et
2374 2233 2511 2265 corpore
2533 2234 2571 2257 u·

385 2269 419 2298 in
435 2268 542 2297 Primo
559 2266 666 2301 Libro,
685 2275 738 2305 qu.
752 2275 794 2294 xn
810 2265 836 2300 *,
861 2263 950 2304 quod
973 2263 1079 2294 divina
1098 2265 1232 2294 essentia
1254 2269 1362 2304 potest
1381 2274 1449 2294 esse
1501 2265 1592 2300 nitis,
1625 2265 1815 2305 inquantum
1838 2269 1886 2294 est
1908 2275 1992 2295 unus
2014 2265 2133 2307 aliquis
2159 2266 2334 2299 subsistens
2362 2267 2395 2298 in
2419 2277 2520 2300 carne
2541 2272 2574 2306 et

386 2312 489 2342 forma
511 2309 715 2349 intelligibilis
738 2308 916 2338 intellectus
941 2308 1045 2338 creati.
1082 2307 1145 2338 Sed
1168 2308 1296 2338 alterius
1318 2309 1449 2338 rationis
1502 2308 1622 2338 anima.
1647 2308 1785 2348 Oportet
1807 2318 1948 2348 namque
1963 2309 2043 2340 haec
2062 2311 2193 2340 scrutari
2208 2311 2241 2341 in
2258 2313 2454 2352 quaestionis
2477 2320 2572 2354 quar-

386 2365 422 2386 ac
446 2355 564 2385 ordinis
592 2359 638 2384 est
661 2362 728 2383 esse
752 2352 888 2382 formam
911 2352 944 2382 in
968 2361 1035 2382 esse
1058 2351 1247 2391 intelligibili
1270 2352 1450 2382 intellectus
1502 2359 1552 2382 tae
1576 2352 1709 2382 articulo
1733 2351 1877 2383 secundo
1893 2354 1920 2389 *,
1945 2353 2000 2383 ubi
2022 2353 2202 2394 inquiretur
2226 2360 2257 2385 et
2279 2354 2500 2388 definiendum
2524 2362 2573 2388 eet

386 2399 492 2434 creati,
517 2404 548 2428 et
563 2397 735 2428 convenire
752 2405 827 2426 curn
851 2396 960 2435 aliquo
977 2405 1135 2435 corporeo
1155 2405 1212 2436 per
1227 2395 1363 2426 modurn
1385 2395 1450 2427 for-
1503 2396 1581 2437 quid
1604 2405 1741 2436 persona
1763 2397 1914 2433 humana,
1930 2403 2009 2437 puta
2030 2397 2153 2435 Petrus,
2169 2398 2256 2429 addit
2278 2408 2374 2440 supra
2389 2409 2491 2438 suam,
2507 2402 2572 2433 hoc

385 2453 456 2475 mae
473 2448 503 2473 et
518 2442 667 2472 materiae
690 2440 729 2471 ad
746 2439 1008 2471 constituendum
1031 2439 1172 2480 aliquam
1195 2445 1350 2470 naturam.
1375 2440 1450 2471 Hoc
1502 2446 1563 2477 est,
1587 2441 1780 2480 singularem
1803 2441 2044 2478 humanitatem,
2069 2451 2133 2482 qua
2156 2448 2203 2474 est
2224 2443 2277 2474 hic
2299 2444 2411 2475 homo.

1343 2537 1395 2544 W

1149 2621 1469 2664 ARTICULUS
1499 2621 1800 2664 SECUNDUS

853 2723 1009 2754 UTRUM
1033 2723 1139 2754 UNIO
1163 2723 1292 2753 visam
1316 2723 1555 2754 INCARNATI
1579 2723 1646 2754 εῖτ
1670 2723 1817 2754 FACTA
1840 2723 1884 2754 IN
1907 2724 2106 2756 PERSONA
2141 2772 2144 2776 Ι

614 2811 644 2836 ΙΙΙ
663 2811 746 2840 sent„
766 2810 824 2835 dist.
844 2818 867 2839 v,
887 2818 931 2843 qu.
950 2817 968 2839 1,
987 2815 1033 2836 art.
1055 2809 1068 2835 3
1075 2817 1082 2840 ;
1101 2810 1135 2835 1v
1155 2811 1231 2836 Cont.
1253 2811 1340 2840 Gent„
1360 2818 1415 2844 cap.
1434 2818 1488 2842 xm;
1511 2811 1550 2836 De
1572 2811 1674 2836 Unione
1697 2810 1781 2840 Verbi,
1801 2816 1848 2836 art.
1868 2817 1898 2842 ¹5
1917 2811 1961 2836 Ad
1978 2811 2103 2844 Philipp„
2122 2819 2178 2846 cap.
2196 2820 2225 2845 ιι,
2241 2814 2300 2840 lect.
2318 2821 2348 2840 11.

476 2920 535 2939 ’V‘

418 2918 575 2982 kf«
598 2914 619 2938 n
635 2913 824 2938 SECUNDUM
839 2913 891 2937 sm
907 2912 1143 2938 PROCEDiTUR.
1164 2899 1325 2937 Videtur
1344 2901 1451 2950 quod
1505 2900 1701 2950 propriam
1723 2900 2032 2949 personalitatem
2052 2901 2201 2950 habeat,
2222 2904 2346 2940 multo
2363 2903 2487 2954 magis
2503 2903 2571 2943 ha-

421 2953 470 3013 s:
527 2954 563 3010 ;-·;-

543 2962 569 2995 ,η
599 2954 693 2990 unio
722 2953 837 2990 Verbi
866 2953 1049 2990 incarnati
1077 2965 1157 2990 non
1186 2953 1232 2989 sit
1259 2953 1355 2990 facta
1376 2958 1392 2974 α
1412 2953 1451 2990 in
1505 2953 1588 2990 buit
1615 2953 1811 3002 propriam
1842 2954 2150 3003 personalitatem
2178 2955 2218 2993 in
2247 2955 2411 2994 Christo.

406 3011 443 3053 ’,ς
536 2991 775 3055 ’(ρεῑεοῃε.
806 3007 975 3043 Persona
1004 3006 1108 3043 enim
1130 3005 1201 3043 Dei
1229 3018 1310 3043 non
1339 3014 1394 3043 est
1413 3018 1451 3043 a·
1562 3006 1595 3042 3.
1626 3008 1865 3054 Pmernaaa,
1895 3006 1991 3044 sicut
2019 3007 2176 3045 Boetius
2203 3007 2306 3056 dicit,
2334 3008 2375 3046 in
2401 3008 2499 3047 libro
2525 3009 2572 3047 de

410 3055 420 3062 ”
446 3053 513 3090 >”’“Ϊ
523 3077 529 3082 ·
558 3052 680 3096 &liud
709 3071 731 3095 a
750 3066 884 3095 natura
912 3059 1042 3108 ipsius,
1070 3067 1112 3096 ut
1138 3058 1314 3096 habitum
1338 3067 1393 3096 est
1412 3058 1452 3095 in
1506 3060 1661 3096 Duabus
1689 3061 1846 3096 Naturis
1864 3059 1902 3106 ²¹²,
1927 3072 2092 3109 persona
2119 3067 2170 3098 est
2196 3061 2388 3099 rationalis
2414 3067 2573 3100 naturae

392 3111 523 3147 Primo
542 3110 573 3147 *.
605 3111 645 3149 Si
666 3123 754 3158 ergo
779 3111 872 3147 unio
892 3123 972 3148 non
996 3119 1051 3148 est
1070 3110 1085 3141 β
1103 3112 1143 3149 in
1163 3119 1310 3159 natura,
1327 3111 1452 3161 sequi—
1507 3112 1696 3150 individua
1723 3114 1934 3150 substantia.
1966 3113 2042 3150 Sed
2069 3113 2244 3151 Verbum
2265 3113 2339 3151 Dei
2365 3114 2572 3164 assumpsit

391 3172 452 3200 tur
479 3163 585 3212 quod
614 3175 693 3200 non
722 3163 766 3199 sit
793 3163 887 3200 facta
916 3163 954 3199 in
982 3176 1157 3212 persona.
1507 3173 1685 3202 naturam
1705 3166 1920 3202 humanam
1939 3165 2198 3204 individuam:
2219 3172 2355 3204 natura
2369 3165 2473 3204 enim
2491 3169 2570 3205 uni-

448 3228 481 3252 2.
513 3217 742 3261 PRAETEREA,
763 3223 896 3252 natura
916 3217 1087 3254 humana
1106 3230 1186 3254 non
1215 3225 1269 3255 est
1293 3217 1453 3255 minoris
1507 3219 1659 3255 versalis
1678 3230 1752 3255 non
1779 3220 1869 3255 sistit
1887 3223 1902 3246 Υ
1919 3218 2122 3256 secundum
2147 3230 2198 3265 se,
2216 3219 2282 3256 sed
2298 3220 2335 3256 in
2364 3220 2465 3257 nuda
2483 3231 2570 3258 con-

393 3267 580 3316 dignitatis
609 3268 645 3304 in
668 3267 818 3305 Christo
839 3280 957 3316 quarn
986 3269 1023 3305 in
1048 3270 1169 3307 nobis.
1201 3270 1453 3308 Personalitas
1507 3271 1742 3320 templatione
1768 3271 2034 3317 consideratur,
2062 3278 2103 3308 ut
2130 3271 2395 3309 Damascenus
2421 3271 2511 3310 dicit
2537 3273 2568 3310 ²⁸⁸.

394 3329 522 3357 autern
551 3321 598 3357 ad
627 3320 846 3368 dignitatem
874 3321 1045 3369 pertinet,
1067 3330 1107 3358 ut
1136 3323 1173 3359 in
1198 3323 1329 3360 Primo
1348 3324 1368 3346 ‘¹‘
1387 3324 1453 3360 ha·
1509 3324 1610 3372 Ergo
1639 3325 1811 3361 humana
1829 3331 1965 3361 natura
1983 3323 2098 3360 habet
2117 3335 2228 3361 suam
2249 3324 2568 3373 personalitatem.

394 3373 516 3410 bitum
546 3381 610 3409 est.
642 3374 743 3410 Cum
782 3385 870 3421 ergo
900 3381 1033 3410 natura
1071 3375 1242 3413 humana
1275 3376 1313 3413 in
1342 3375 1454 3413 nobis
1508 3377 1600 3413 Non
1621 3389 1712 3425 ergo
1739 3376 1891 3413 videtur
1909 3376 2015 3425 quod
2035 3375 2080 3412 sit
2106 3375 2202 3414 facta
2220 3376 2314 3414 unio
2333 3376 2372 3414 in
2391 3389 2567 3427 persona.

450 3509 477 3542 α)
489 3511 575 3544 sacta.
587 3525 606 3529 -
624 3511 643 3535 F
664 3517 688 3536 et
707 3512 794 3541 tertia3
810 3512 938 3545 perfecta.
1559 3516 1586 3549 γ)
1605 3516 1685 3542 sistit.
1698 3530 1718 3535 -
1735 3516 1855 3542 subsistit
1873 3515 1996 3541 PFaEffl.

450 3544 475 3579 β)
494 3550 540 3570 est.
552 3560 570 3564 -
582 3547 661 3580 sacta
681 3547 748 3571 addit
767 3546 839 3571 tertia
859 3552 959 3579 praeter
978 3547 1027 3580 pG.

2590 689 2806 737 {Piiifie'css'ssass

2592 818 2805 873 ;,.?.·.¹’s.¹1²⁵1..5¹.·.2³!

2592 877 2639 899 xix,
2653 877 2694 893 xx.

2649 1969 2673 1985 u.
2689 1968 2749 1990 xvii,
2767 1965 2815 1986 nrt·

2596 1995 2659 2044 {aa
2673 1993 2765 2039 ..rim
2784 1989 2809 2012 ¹¹²
2862 2019 2872 2021 -

2865 2204 2872 2284 Ξ

2865 2295 2872 2315 Ι

2597 2360 2609 2373 ·
2622 2359 2660 2383 ef.
2676 2358 2814 2382 amment-

2597 2386 2736 2436 {2¹t;s.·⁶
2749 2392 2772 2416 ³·
2781 2385 2815 2408 “¹

2852 2712 2872 2909 Ξ

2598 3069 2609 3080 “
2622 3068 2681 3098 Cup.
2695 3074 2732 3098 m,
2746 3075 2781 3092 xv.

2695 3231 2712 3258 ἵ

2597 3279 2607 3289 ⁸
2617 3278 2654 3300 De
2662 3277 2725 3301 rrae
2731 3277 2811 3306 orn„

2597 3304 2637 3327 lib.
2651 3304 2693 3333 m,
2711 3310 2763 3333 etp.
2776 3310 2810 3327 ιι.
