<?xml version="1.0" encoding="UTF-8"?>
<!DOCTYPE html PUBLIC "-//W3C//DTD XHTML 1.0 Transitional//EN"
    "http://www.w3.org/TR/xhtml1/DTD/xhtml1-transitional.dtd">
<html xmlns="http://www.w3.org/1999/xhtml" xml:lang="en" lang="en">
 <head>
  <title>
</title>
<meta http-equiv="Content-Type" content="text/html;charset=utf-8" />
  <meta name='ocr-system' content='tesseract 3.04.00' />
  <meta name='ocr-capabilities' content='ocr_page ocr_carea ocr_par ocr_line ocrx_word'/>
</head>
<body>
  <div class='ocr_page' id='page_1' title='image "./operaomniaiussui11thom_0334.png"; bbox 0 0 2872 3970; ppageno 0'>
   <div class='ocr_carea' id='block_1_1' title="bbox 223 1495 355 1523">
    <p class='ocr_par' dir='ltr' id='par_1_1' title="bbox 223 1495 355 1523">
     <span class='ocr_line' id='line_1_1' title="bbox 223 1495 355 1523; baseline 0 -6"><span class='ocrx_word' id='word_1_1' title='bbox 223 1497 235 1508; x_wconf 79' lang='lat'>⁸</span> <span class='ocrx_word' id='word_1_2' title='bbox 249 1495 316 1518; x_wconf 84' lang='lat' dir='ltr'>Vers.</span> <span class='ocrx_word' id='word_1_3' title='bbox 332 1503 355 1523; x_wconf 82' lang='lat'>4.</span> 
     </span>
    </p>
   </div>
   <div class='ocr_carea' id='block_1_2' title="bbox 225 1807 365 1830">
    <p class='ocr_par' dir='ltr' id='par_1_2' title="bbox 225 1807 365 1830">
     <span class='ocr_line' id='line_1_2' title="bbox 225 1807 365 1830; baseline 0 -2"><span class='ocrx_word' id='word_1_4' title='bbox 225 1809 235 1819; x_wconf 66' lang='lat'>⁶</span> <span class='ocrx_word' id='word_1_5' title='bbox 250 1807 316 1829; x_wconf 86' lang='lat' dir='ltr'>Vers.</span> <span class='ocrx_word' id='word_1_6' title='bbox 334 1815 365 1830; x_wconf 86' lang='grc'>11.</span> 
     </span>
    </p>
   </div>
   <div class='ocr_carea' id='block_1_3' title="bbox 225 2021 365 2050">
    <p class='ocr_par' dir='ltr' id='par_1_3' title="bbox 225 2021 365 2050">
     <span class='ocr_line' id='line_1_3' title="bbox 225 2021 365 2050; baseline -0.007 -7"><span class='ocrx_word' id='word_1_7' title='bbox 225 2022 236 2034; x_wconf 80' lang='grc'><em>·</em></span> <span class='ocrx_word' id='word_1_8' title='bbox 250 2021 315 2043; x_wconf 75' lang='lat' dir='ltr'>Vers.</span> <span class='ocrx_word' id='word_1_9' title='bbox 330 2027 365 2050; x_wconf 83' lang='lat'>23.</span> 
     </span>
    </p>
   </div>
   <div class='ocr_carea' id='block_1_4' title="bbox 249 2553 363 2581">
    <p class='ocr_par' dir='ltr' id='par_1_4' title="bbox 249 2553 363 2581">
     <span class='ocr_line' id='line_1_4' title="bbox 249 2553 363 2581; baseline -0.009 -7"><span class='ocrx_word' id='word_1_10' title='bbox 249 2553 315 2574; x_wconf 82' lang='lat' dir='ltr'>Vers.</span> <span class='ocrx_word' id='word_1_11' title='bbox 330 2558 363 2581; x_wconf 78' lang='lat'>²3.</span> 
     </span>
    </p>
   </div>
   <div class='ocr_carea' id='block_1_5' title="bbox 230 2872 438 2926">
    <p class='ocr_par' dir='ltr' id='par_1_5' title="bbox 230 2872 438 2926">
     <span class='ocr_line' id='line_1_5' title="bbox 233 2872 438 2895; baseline -0.005 -2"><span class='ocrx_word' id='word_1_12' title='bbox 233 2873 241 2882; x_wconf 80' lang='lat'>⁸</span> <span class='ocrx_word' id='word_1_13' title='bbox 251 2872 286 2893; x_wconf 84' lang='lat' dir='ltr'>De</span> <span class='ocrx_word' id='word_1_14' title='bbox 294 2872 352 2893; x_wconf 69' lang='lat' dir='ltr'>Fide</span> <span class='ocrx_word' id='word_1_15' title='bbox 363 2872 438 2895; x_wconf 80' lang='lat' dir='ltr'>Orth..</span> 
     </span>
     <span class='ocr_line' id='line_1_6' title="bbox 230 2898 438 2926; baseline 0 -7"><span class='ocrx_word' id='word_1_16' title='bbox 230 2899 268 2920; x_wconf 47' lang='lat' dir='ltr'>lib,</span> <span class='ocrx_word' id='word_1_17' title='bbox 282 2898 321 2926; x_wconf 79' lang='lat' dir='ltr'>1V,</span> <span class='ocrx_word' id='word_1_18' title='bbox 331 2905 381 2925; x_wconf 88' lang='lat' dir='ltr'>cap.</span> <span class='ocrx_word' id='word_1_19' title='bbox 392 2904 438 2919; x_wconf 82' lang='lat' dir='ltr'>xvi.</span> 
     </span>
    </p>
   </div>
   <div class='ocr_carea' id='block_1_6' title="bbox 232 3187 440 3235">
    <p class='ocr_par' dir='ltr' id='par_1_6' title="bbox 232 3187 440 3235">
     <span class='ocr_line' id='line_1_7' title="bbox 232 3187 440 3235; baseline 0 0"><span class='ocrx_word' id='word_1_20' title='bbox 232 3188 333 3235; x_wconf 53' lang='lat' dir='ltr'>iegapi&#39;ii‘</span> <span class='ocrx_word' id='word_1_21' title='bbox 344 3198 352 3203; x_wconf 53' lang='lat'><em>—</em></span> <span class='ocrx_word' id='word_1_22' title='bbox 362 3187 386 3209; x_wconf 58' lang='grc' dir='ltr'>δ’</span> <span class='ocrx_word' id='word_1_23' title='bbox 393 3187 440 3209; x_wconf 61' lang='lat' dir='ltr'>Th&#39;</span> 
     </span>
    </p>
   </div>
   <div class='ocr_carea' id='block_1_7' title="bbox 467 292 542 340">
    <p class='ocr_par' dir='ltr' id='par_1_7' title="bbox 467 292 542 340">
     <span class='ocr_line' id='line_1_8' title="bbox 467 292 542 340; baseline -0.013 -11"><span class='ocrx_word' id='word_1_24' title='bbox 467 292 542 340; x_wconf 88' lang='lat'>278</span> 
     </span>
    </p>
   </div>
   <div class='ocr_carea' id='block_1_8' title="bbox 1144 287 1959 338">
    <p class='ocr_par' dir='ltr' id='par_1_8' title="bbox 1144 287 1959 338">
     <span class='ocr_line' id='line_1_9' title="bbox 1144 287 1959 338; baseline -0.004 -10"><span class='ocrx_word' id='word_1_25' title='bbox 1144 289 1408 338; x_wconf 92' lang='lat' dir='ltr'>QUAESTIO</span> <span class='ocrx_word' id='word_1_26' title='bbox 1438 289 1562 336; x_wconf 85' lang='lat' dir='ltr'>XXV,</span> <span class='ocrx_word' id='word_1_27' title='bbox 1592 287 1886 326; x_wconf 86' lang='lat' dir='ltr'>ARTICULUS</span> <span class='ocrx_word' id='word_1_28' title='bbox 1913 289 1959 326; x_wconf 88' lang='lat'>111</span> 
     </span>
    </p>
   </div>
   <div class='ocr_carea' id='block_1_9' title="bbox 462 365 2640 412">
    <p class='ocr_par' dir='ltr' id='par_1_9' title="bbox 462 365 2640 412">
     <span class='ocr_line' id='line_1_10' title="bbox 462 365 2640 412; baseline -0.002 -9"><span class='ocrx_word' id='word_1_29' title='bbox 462 372 504 403; x_wconf 89' lang='lat' dir='ltr'>Et</span> <span class='ocrx_word' id='word_1_30' title='bbox 526 377 694 412; x_wconf 88' lang='lat' dir='ltr'>propterea</span> <span class='ocrx_word' id='word_1_31' title='bbox 716 381 852 412; x_wconf 90' lang='lat' dir='ltr'>persona</span> <span class='ocrx_word' id='word_1_32' title='bbox 876 371 992 402; x_wconf 81' lang='lat' dir='ltr'>Christi</span> <span class='ocrx_word' id='word_1_33' title='bbox 1014 380 1071 410; x_wconf 87' lang='lat' dir='ltr'>per</span> <span class='ocrx_word' id='word_1_34' title='bbox 1094 379 1128 400; x_wconf 91' lang='lat' dir='ltr'>se</span> <span class='ocrx_word' id='word_1_35' title='bbox 1151 369 1298 400; x_wconf 88' lang='lat' dir='ltr'>adoratur</span> <span class='ocrx_word' id='word_1_36' title='bbox 1321 369 1422 404; x_wconf 87' lang='lat' dir='ltr'>latria,</span> <span class='ocrx_word' id='word_1_37' title='bbox 1448 368 1523 408; x_wconf 92' lang='lat' dir='ltr'>quia</span> <span class='ocrx_word' id='word_1_38' title='bbox 1549 366 1552 392; x_wconf 89' lang='grc' dir='ltr'>Ι</span> <span class='ocrx_word' id='word_1_39' title='bbox 1578 376 1663 398; x_wconf 86' lang='lat' dir='ltr'>nem.</span> <span class='ocrx_word' id='word_1_40' title='bbox 1689 367 1821 398; x_wconf 79' lang='lat' dir='ltr'>Materia</span> <span class='ocrx_word' id='word_1_41' title='bbox 1843 368 1929 398; x_wconf 84' lang='lat' dir='ltr'>enim</span> <span class='ocrx_word' id='word_1_42' title='bbox 1952 367 2031 397; x_wconf 87' lang='lat' dir='ltr'>haec</span> <span class='ocrx_word' id='word_1_43' title='bbox 2054 365 2094 397; x_wconf 88' lang='lat' dir='ltr'>de</span> <span class='ocrx_word' id='word_1_44' title='bbox 2110 375 2144 397; x_wconf 90' lang='lat' dir='ltr'>se</span> <span class='ocrx_word' id='word_1_45' title='bbox 2159 366 2331 397; x_wconf 76' lang='lat' dir='ltr'>clarissima</span> <span class='ocrx_word' id='word_1_46' title='bbox 2347 372 2418 398; x_wconf 72' lang='lat' dir='ltr'>est:</span> <span class='ocrx_word' id='word_1_47' title='bbox 2441 372 2516 398; x_wconf 75' lang='lat' dir='ltr'>nm</span> <span class='ocrx_word' id='word_1_48' title='bbox 2539 367 2640 408; x_wconf 71' lang='lat' dir='ltr'>liquet</span> 
     </span>
    </p>
   </div>
   <div class='ocr_carea' id='block_1_10' title="bbox 461 391 1527 1026">
    <p class='ocr_par' dir='ltr' id='par_1_10' title="bbox 462 391 1523 676">
     <span class='ocr_line' id='line_1_11' title="bbox 462 391 1521 457; baseline -0.006 -10"><span class='ocrx_word' id='word_1_49' title='bbox 462 425 520 456; x_wconf 88' lang='lat' dir='ltr'>per</span> <span class='ocrx_word' id='word_1_50' title='bbox 542 415 707 452; x_wconf 87' lang='lat' dir='ltr'>deitatem,</span> <span class='ocrx_word' id='word_1_51' title='bbox 738 425 820 457; x_wconf 89' lang='lat' dir='ltr'>quae</span> <span class='ocrx_word' id='word_1_52' title='bbox 844 421 890 446; x_wconf 89' lang='lat' dir='ltr'>est</span> <span class='ocrx_word' id='word_1_53' title='bbox 912 416 980 455; x_wconf 92' lang='lat' dir='ltr'>ipsa</span> <span class='ocrx_word' id='word_1_54' title='bbox 1002 413 1224 455; x_wconf 84' lang='lat' dir='ltr'>personalitas:</span> <span class='ocrx_word' id='word_1_55' title='bbox 1257 423 1315 453; x_wconf 90' lang='lat' dir='ltr'>per</span> <span class='ocrx_word' id='word_1_56' title='bbox 1337 391 1423 443; x_wconf 87' lang='lat' dir='ltr'>aliud</span> <span class='ocrx_word' id='word_1_57' title='bbox 1445 421 1521 442; x_wconf 89' lang='lat' dir='ltr'>vero</span> 
     </span>
     <span class='ocr_line' id='line_1_12' title="bbox 463 455 1523 500; baseline -0.005 -10"><span class='ocrx_word' id='word_1_58' title='bbox 463 459 558 496; x_wconf 88' lang='lat' dir='ltr'>dulia,</span> <span class='ocrx_word' id='word_1_59' title='bbox 584 461 659 500; x_wconf 89' lang='lat' dir='ltr'>quia</span> <span class='ocrx_word' id='word_1_60' title='bbox 680 469 738 500; x_wconf 90' lang='lat' dir='ltr'>per</span> <span class='ocrx_word' id='word_1_61' title='bbox 760 460 1000 494; x_wconf 86' lang='lat' dir='ltr'><strong>humanitatem,</strong></span> <span class='ocrx_word' id='word_1_62' title='bbox 1025 467 1107 498; x_wconf 90' lang='lat' dir='ltr'>quae</span> <span class='ocrx_word' id='word_1_63' title='bbox 1130 463 1177 488; x_wconf 90' lang='lat' dir='ltr'>est</span> <span class='ocrx_word' id='word_1_64' title='bbox 1200 457 1286 487; x_wconf 87' lang='lat' dir='ltr'>aliud</span> <span class='ocrx_word' id='word_1_65' title='bbox 1309 457 1348 486; x_wconf 90' lang='lat' dir='ltr'>ab</span> <span class='ocrx_word' id='word_1_66' title='bbox 1370 457 1449 496; x_wconf 88' lang='lat' dir='ltr'>ipsa.</span> <span class='ocrx_word' id='word_1_67' title='bbox 1482 455 1523 485; x_wconf 89' lang='lat' dir='ltr'>Et</span> 
     </span>
     <span class='ocr_line' id='line_1_13' title="bbox 463 500 1523 542; baseline -0.005 -8"><span class='ocrx_word' id='word_1_68' title='bbox 463 513 482 534; x_wconf 91' lang='lat' dir='ltr'>e</span> <span class='ocrx_word' id='word_1_69' title='bbox 505 509 616 534; x_wconf 91' lang='lat' dir='ltr'>contra</span> <span class='ocrx_word' id='word_1_70' title='bbox 637 505 817 534; x_wconf 91' lang='lat' dir='ltr'>humanitas</span> <span class='ocrx_word' id='word_1_71' title='bbox 840 503 957 534; x_wconf 83' lang='lat' dir='ltr'><strong>Christi</strong></span> <span class='ocrx_word' id='word_1_72' title='bbox 979 511 1036 542; x_wconf 87' lang='lat' dir='ltr'>per</span> <span class='ocrx_word' id='word_1_73' title='bbox 1059 501 1145 532; x_wconf 89' lang='lat' dir='ltr'>aliud</span> <span class='ocrx_word' id='word_1_74' title='bbox 1167 501 1315 531; x_wconf 88' lang='lat' dir='ltr'>adoratur</span> <span class='ocrx_word' id='word_1_75' title='bbox 1337 500 1442 530; x_wconf 84' lang='lat' dir='ltr'>latria.</span> <span class='ocrx_word' id='word_1_76' title='bbox 1466 508 1523 539; x_wconf 91' lang='lat' dir='ltr'>per</span> 
     </span>
     <span class='ocr_line' id='line_1_14' title="bbox 463 543 1523 583; baseline -0.005 -5"><span class='ocrx_word' id='word_1_77' title='bbox 463 557 495 578; x_wconf 91' lang='lat' dir='ltr'>se</span> <span class='ocrx_word' id='word_1_78' title='bbox 519 553 627 578; x_wconf 87' lang='lat' dir='ltr'>autem</span> <span class='ocrx_word' id='word_1_79' title='bbox 642 557 719 583; x_wconf 92' lang='lat' dir='ltr'>non,</span> <span class='ocrx_word' id='word_1_80' title='bbox 743 547 799 578; x_wconf 90' lang='lat' dir='ltr'>sed</span> <span class='ocrx_word' id='word_1_81' title='bbox 820 547 915 583; x_wconf 91' lang='lat' dir='ltr'>dulia,</span> <span class='ocrx_word' id='word_1_82' title='bbox 934 552 970 577; x_wconf 90' lang='lat' dir='ltr'>ut</span> <span class='ocrx_word' id='word_1_83' title='bbox 985 546 1064 576; x_wconf 89' lang='lat' dir='ltr'>ratio</span> <span class='ocrx_word' id='word_1_84' title='bbox 1080 552 1188 576; x_wconf 90' lang='lat' dir='ltr'>tamen</span> <span class='ocrx_word' id='word_1_85' title='bbox 1203 543 1365 575; x_wconf 89' lang='lat' dir='ltr'>adorandi.</span> <span class='ocrx_word' id='word_1_86' title='bbox 1389 543 1430 574; x_wconf 91' lang='lat' dir='ltr'>Et</span> <span class='ocrx_word' id='word_1_87' title='bbox 1444 544 1523 573; x_wconf 89' lang='lat' dir='ltr'>haec</span> 
     </span>
     <span class='ocr_line' id='line_1_15' title="bbox 463 588 1523 630; baseline -0.006 -7"><span class='ocrx_word' id='word_1_88' title='bbox 463 592 572 622; x_wconf 90' lang='lat' dir='ltr'>omnia</span> <span class='ocrx_word' id='word_1_89' title='bbox 594 592 628 622; x_wconf 92' lang='lat' dir='ltr'>in</span> <span class='ocrx_word' id='word_1_90' title='bbox 650 592 751 622; x_wconf 86' lang='lat' dir='ltr'>littera</span> <span class='ocrx_word' id='word_1_91' title='bbox 774 592 948 621; x_wconf 89' lang='lat' dir='ltr'>habentur:</span> <span class='ocrx_word' id='word_1_92' title='bbox 981 590 1126 630; x_wconf 90' lang='lat' dir='ltr'>quamvis</span> <span class='ocrx_word' id='word_1_93' title='bbox 1156 588 1238 619; x_wconf 91' lang='lat' dir='ltr'>dicta</span> <span class='ocrx_word' id='word_1_94' title='bbox 1266 588 1425 618; x_wconf 89' lang='lat' dir='ltr'>distinctio</span> <span class='ocrx_word' id='word_1_95' title='bbox 1456 596 1523 617; x_wconf 92' lang='lat' dir='ltr'>non</span> 
     </span>
     <span class='ocr_line' id='line_1_16' title="bbox 462 634 1294 676; baseline -0.005 -10"><span class='ocrx_word' id='word_1_96' title='bbox 462 634 635 666; x_wconf 85' lang='lat' dir='ltr'>formaliter</span> <span class='ocrx_word' id='word_1_97' title='bbox 658 635 841 676; x_wconf 87' lang='lat' dir='ltr'>explicetur,</span> <span class='ocrx_word' id='word_1_98' title='bbox 866 635 921 665; x_wconf 92' lang='lat' dir='ltr'>sed</span> <span class='ocrx_word' id='word_1_99' title='bbox 943 635 1011 674; x_wconf 90' lang='lat' dir='ltr'>ipsa</span> <span class='ocrx_word' id='word_1_100' title='bbox 1033 634 1156 663; x_wconf 87' lang='lat' dir='ltr'>Auctor</span> <span class='ocrx_word' id='word_1_101' title='bbox 1178 638 1294 663; x_wconf 90' lang='lat' dir='ltr'>utatur.</span> 
     </span>
    </p>

    <p class='ocr_par' dir='ltr' id='par_1_11' title="bbox 461 676 1526 1026">
     <span class='ocr_line' id='line_1_17' title="bbox 518 676 1524 719; baseline -0.005 -9"><span class='ocrx_word' id='word_1_102' title='bbox 518 679 703 711; x_wconf 91' lang='lat' dir='ltr'>Secundum</span> <span class='ocrx_word' id='word_1_103' title='bbox 721 684 767 709; x_wconf 92' lang='lat' dir='ltr'>est</span> <span class='ocrx_word' id='word_1_104' title='bbox 788 678 886 719; x_wconf 87' lang='lat' dir='ltr'>quod,</span> <span class='ocrx_word' id='word_1_105' title='bbox 910 679 984 709; x_wconf 90' lang='lat' dir='ltr'>licet</span> <span class='ocrx_word' id='word_1_106' title='bbox 1006 677 1092 708; x_wconf 89' lang='lat' dir='ltr'>dulia</span> <span class='ocrx_word' id='word_1_107' title='bbox 1115 686 1178 717; x_wconf 90' lang='lat' dir='ltr'>qua</span> <span class='ocrx_word' id='word_1_108' title='bbox 1193 685 1329 717; x_wconf 88' lang='lat' dir='ltr'>persona</span> <span class='ocrx_word' id='word_1_109' title='bbox 1344 676 1442 706; x_wconf 90' lang='lat' dir='ltr'>Patris</span> <span class='ocrx_word' id='word_1_110' title='bbox 1465 676 1524 706; x_wconf 91' lang='lat' dir='ltr'>ho-</span> 
     </span>
     <span class='ocr_line' id='line_1_18' title="bbox 463 719 1524 763; baseline -0.005 -9"><span class='ocrx_word' id='word_1_111' title='bbox 463 729 594 754; x_wconf 89' lang='lat' dir='ltr'>noratur</span> <span class='ocrx_word' id='word_1_112' title='bbox 615 729 746 763; x_wconf 89' lang='lat' dir='ltr'>propter</span> <span class='ocrx_word' id='word_1_113' title='bbox 769 723 956 763; x_wconf 87' lang='lat' dir='ltr'>potentiam,</span> <span class='ocrx_word' id='word_1_114' title='bbox 981 727 1011 752; x_wconf 91' lang='lat' dir='ltr'>et</span> <span class='ocrx_word' id='word_1_115' title='bbox 1035 721 1120 751; x_wconf 88' lang='lat' dir='ltr'>dulia</span> <span class='ocrx_word' id='word_1_116' title='bbox 1144 730 1207 760; x_wconf 94' lang='lat' dir='ltr'>qua</span> <span class='ocrx_word' id='word_1_117' title='bbox 1230 729 1367 760; x_wconf 89' lang='lat' dir='ltr'>persona</span> <span class='ocrx_word' id='word_1_118' title='bbox 1382 719 1454 749; x_wconf 88' lang='lat' dir='ltr'>Filii</span> <span class='ocrx_word' id='word_1_119' title='bbox 1477 728 1524 749; x_wconf 89' lang='lat' dir='ltr'>ra-</span> 
     </span>
     <span class='ocr_line' id='line_1_19' title="bbox 462 763 1526 804; baseline -0.005 -6"><span class='ocrx_word' id='word_1_120' title='bbox 462 767 551 798; x_wconf 90' lang='lat' dir='ltr'>tione</span> <span class='ocrx_word' id='word_1_121' title='bbox 574 768 777 798; x_wconf 87' lang='lat' dir='ltr'>humanitatis</span> <span class='ocrx_word' id='word_1_122' title='bbox 800 766 958 802; x_wconf 85' lang='lat' dir='ltr'>adoratur,</span> <span class='ocrx_word' id='word_1_123' title='bbox 981 775 1050 796; x_wconf 91' lang='lat' dir='ltr'>non</span> <span class='ocrx_word' id='word_1_124' title='bbox 1065 765 1199 795; x_wconf 86' lang='lat' dir='ltr'>omnino</span> <span class='ocrx_word' id='word_1_125' title='bbox 1218 765 1280 795; x_wconf 91' lang='lat' dir='ltr'>sint</span> <span class='ocrx_word' id='word_1_126' title='bbox 1296 763 1425 794; x_wconf 86' lang='lat' dir='ltr'>eadem:</span> <span class='ocrx_word' id='word_1_127' title='bbox 1450 763 1526 804; x_wconf 89' lang='lat' dir='ltr'>quia</span> 
     </span>
     <span class='ocr_line' id='line_1_20' title="bbox 463 806 1525 849; baseline -0.004 -8"><span class='ocrx_word' id='word_1_128' title='bbox 463 811 516 841; x_wconf 91' lang='lat' dir='ltr'>illa</span> <span class='ocrx_word' id='word_1_129' title='bbox 539 817 585 841; x_wconf 90' lang='lat' dir='ltr'>est</span> <span class='ocrx_word' id='word_1_130' title='bbox 608 810 693 841; x_wconf 89' lang='lat' dir='ltr'>dulia</span> <span class='ocrx_word' id='word_1_131' title='bbox 716 810 930 841; x_wconf 91' lang='lat' dir='ltr'>communiter</span> <span class='ocrx_word' id='word_1_132' title='bbox 952 815 1079 849; x_wconf 90' lang='lat' dir='ltr'>sumpta</span> <span class='ocrx_word' id='word_1_133' title='bbox 1102 808 1141 839; x_wconf 90' lang='lat' dir='ltr'>ad</span> <span class='ocrx_word' id='word_1_134' title='bbox 1157 809 1278 848; x_wconf 85' lang='lat' dir='ltr'>species</span> <span class='ocrx_word' id='word_1_135' title='bbox 1298 807 1403 838; x_wconf 88' lang='lat' dir='ltr'>duliae</span> <span class='ocrx_word' id='word_1_136' title='bbox 1427 812 1458 837; x_wconf 93' lang='lat' dir='ltr'>et</span> <span class='ocrx_word' id='word_1_137' title='bbox 1481 806 1525 837; x_wconf 93' lang='lat' dir='ltr'>la-</span> 
     </span>
     <span class='ocr_line' id='line_1_21' title="bbox 463 851 1524 894; baseline -0.004 -9"><span class='ocrx_word' id='word_1_138' title='bbox 463 856 554 891; x_wconf 89' lang='lat' dir='ltr'>triae;</span> <span class='ocrx_word' id='word_1_139' title='bbox 579 855 636 884; x_wconf 90' lang='lat' dir='ltr'>ista</span> <span class='ocrx_word' id='word_1_140' title='bbox 651 864 727 885; x_wconf 90' lang='lat' dir='ltr'>vero</span> <span class='ocrx_word' id='word_1_141' title='bbox 752 861 798 885; x_wconf 90' lang='lat' dir='ltr'>est</span> <span class='ocrx_word' id='word_1_142' title='bbox 821 854 943 894; x_wconf 90' lang='lat' dir='ltr'>species</span> <span class='ocrx_word' id='word_1_143' title='bbox 966 853 1071 884; x_wconf 89' lang='lat' dir='ltr'>duliae</span> <span class='ocrx_word' id='word_1_144' title='bbox 1095 852 1241 883; x_wconf 88' lang='lat' dir='ltr'>distincta</span> <span class='ocrx_word' id='word_1_145' title='bbox 1265 857 1376 882; x_wconf 90' lang='lat' dir='ltr'>contra</span> <span class='ocrx_word' id='word_1_146' title='bbox 1391 851 1524 887; x_wconf 87' lang='lat' dir='ltr'>latriam,</span> 
     </span>
     <span class='ocr_line' id='line_1_22' title="bbox 463 895 1526 938; baseline -0.003 -10"><span class='ocrx_word' id='word_1_147' title='bbox 463 899 545 929; x_wconf 89' lang='lat' dir='ltr'>sicut</span> <span class='ocrx_word' id='word_1_148' title='bbox 568 898 732 938; x_wconf 87' lang='lat' dir='ltr'>dispositio</span> <span class='ocrx_word' id='word_1_149' title='bbox 757 903 803 928; x_wconf 90' lang='lat' dir='ltr'>est</span> <span class='ocrx_word' id='word_1_150' title='bbox 826 907 927 938; x_wconf 85' lang='lat' dir='ltr'>genus</span> <span class='ocrx_word' id='word_1_151' title='bbox 950 897 989 927; x_wconf 91' lang='lat' dir='ltr'>ad</span> <span class='ocrx_word' id='word_1_152' title='bbox 1012 897 1255 936; x_wconf 87' lang='lat' dir='ltr'>dispositionem</span> <span class='ocrx_word' id='word_1_153' title='bbox 1273 901 1304 926; x_wconf 91' lang='lat' dir='ltr'>et</span> <span class='ocrx_word' id='word_1_154' title='bbox 1319 895 1479 925; x_wconf 87' lang='lat' dir='ltr'>habitum:</span> <span class='ocrx_word' id='word_1_155' title='bbox 1502 913 1526 917; x_wconf 98' lang='lat'><em>-</em></span> 
     </span>
     <span class='ocr_line' id='line_1_23' title="bbox 462 939 1525 982; baseline -0.003 -10"><span class='ocrx_word' id='word_1_156' title='bbox 462 942 546 978; x_wconf 89' lang='lat' dir='ltr'>licet,</span> <span class='ocrx_word' id='word_1_157' title='bbox 569 943 712 982; x_wconf 87' lang='lat' dir='ltr'>inquam,</span> <span class='ocrx_word' id='word_1_158' title='bbox 733 942 776 972; x_wconf 92' lang='lat' dir='ltr'>ita</span> <span class='ocrx_word' id='word_1_159' title='bbox 798 942 847 978; x_wconf 92' lang='lat' dir='ltr'>sit,</span> <span class='ocrx_word' id='word_1_160' title='bbox 863 951 932 972; x_wconf 91' lang='lat' dir='ltr'>non</span> <span class='ocrx_word' id='word_1_161' title='bbox 955 940 1054 971; x_wconf 88' lang='lat' dir='ltr'>officit</span> <span class='ocrx_word' id='word_1_162' title='bbox 1077 946 1184 970; x_wconf 91' lang='lat' dir='ltr'>tamen</span> <span class='ocrx_word' id='word_1_163' title='bbox 1206 940 1372 980; x_wconf 89' lang='lat' dir='ltr'>processui</span> <span class='ocrx_word' id='word_1_164' title='bbox 1394 939 1525 975; x_wconf 85' lang='lat' dir='ltr'>litterae,</span> 
     </span>
     <span class='ocr_line' id='line_1_24' title="bbox 461 983 1527 1026; baseline -0.003 -10"><span class='ocrx_word' id='word_1_165' title='bbox 461 986 646 1026; x_wconf 87' lang='lat' dir='ltr'>persuasivo</span> <span class='ocrx_word' id='word_1_166' title='bbox 677 996 714 1016; x_wconf 90' lang='lat' dir='ltr'>ex</span> <span class='ocrx_word' id='word_1_167' title='bbox 737 986 840 1016; x_wconf 89' lang='lat' dir='ltr'>verbis</span> <span class='ocrx_word' id='word_1_168' title='bbox 862 985 1056 1025; x_wconf 87' lang='lat' dir='ltr'>glossarum,</span> <span class='ocrx_word' id='word_1_169' title='bbox 1081 983 1121 1015; x_wconf 90' lang='lat' dir='ltr'>ad</span> <span class='ocrx_word' id='word_1_170' title='bbox 1143 983 1319 1015; x_wconf 90' lang='lat' dir='ltr'>tollendam</span> <span class='ocrx_word' id='word_1_171' title='bbox 1345 983 1527 1014; x_wconf 79' lang='lat' dir='ltr'>admiratio-</span> 
     </span>
    </p>
   </div>
   <div class='ocr_carea' id='block_1_11' title="bbox 1577 410 2643 715">
    <p class='ocr_par' dir='ltr' id='par_1_12' title="bbox 1577 410 2640 583">
     <span class='ocr_line' id='line_1_25' title="bbox 1577 410 2639 451; baseline 0.002 -10"><span class='ocrx_word' id='word_1_172' title='bbox 1577 420 1748 451; x_wconf 82' lang='lat' dir='ltr'>personam</span> <span class='ocrx_word' id='word_1_173' title='bbox 1776 410 1893 442; x_wconf 75' lang='lat' dir='ltr'>Christi</span> <span class='ocrx_word' id='word_1_174' title='bbox 1922 411 2045 441; x_wconf 85' lang='lat' dir='ltr'>ratione</span> <span class='ocrx_word' id='word_1_175' title='bbox 2075 410 2269 441; x_wconf 86' lang='lat' dir='ltr'>diversarum</span> <span class='ocrx_word' id='word_1_176' title='bbox 2288 416 2491 442; x_wconf 73' lang='lat' dir='ltr'>naun-arum</span> <span class='ocrx_word' id='word_1_177' title='bbox 2500 411 2639 443; x_wconf 62' lang='lat' dir='ltr'>ditemi-</span> 
     </span>
     <span class='ocr_line' id='line_1_26' title="bbox 1577 453 2640 489; baseline 0.002 -4"><span class='ocrx_word' id='word_1_178' title='bbox 1577 454 1674 486; x_wconf 87' lang='lat' dir='ltr'>mode</span> <span class='ocrx_word' id='word_1_179' title='bbox 1697 454 1929 486; x_wconf 79' lang='lat' dir='ltr'>honorandam.</span> <span class='ocrx_word' id='word_1_180' title='bbox 1953 453 2016 486; x_wconf 80' lang='lat' dir='ltr'>Sed</span> <span class='ocrx_word' id='word_1_181' title='bbox 2037 459 2074 484; x_wconf 91' lang='lat' dir='ltr'>ut</span> <span class='ocrx_word' id='word_1_182' title='bbox 2092 454 2249 485; x_wconf 88' lang='lat' dir='ltr'>nonnulla</span> <span class='ocrx_word' id='word_1_183' title='bbox 2273 454 2492 487; x_wconf 61' lang='lat' dir='ltr'>consonantia</span> <span class='ocrx_word' id='word_1_184' title='bbox 2498 456 2640 489; x_wconf 58' lang='lat' dir='ltr'>iverimus</span> 
     </span>
     <span class='ocr_line' id='line_1_27' title="bbox 1577 498 2640 568; baseline 0.002 -39"><span class='ocrx_word' id='word_1_185' title='bbox 1577 499 1673 529; x_wconf 85' lang='lat' dir='ltr'>huius</span> <span class='ocrx_word' id='word_1_186' title='bbox 1696 498 1736 529; x_wconf 91' lang='lat' dir='ltr'>ad</span> <span class='ocrx_word' id='word_1_187' title='bbox 1757 499 1879 539; x_wconf 84' lang='lat' dir='ltr'>priscos</span> <span class='ocrx_word' id='word_1_188' title='bbox 1902 503 2140 535; x_wconf 72' lang='lat' dir='ltr'>monstraretur,</span> <span class='ocrx_word' id='word_1_189' title='bbox 2163 498 2294 529; x_wconf 84' lang='lat' dir='ltr'>allatum</span> <span class='ocrx_word' id='word_1_190' title='bbox 2312 504 2373 555; x_wconf 80' lang='lat' dir='ltr'>est</span> <span class='ocrx_word' id='word_1_191' title='bbox 2381 498 2461 530; x_wconf 80' lang='lat' dir='ltr'>iilud</span> <span class='ocrx_word' id='word_1_192' title='bbox 2483 500 2584 568; x_wconf 68' lang='lat' dir='ltr'>quw}⁴</span> <span class='ocrx_word' id='word_1_193' title='bbox 2579 499 2640 555; x_wconf 57' lang='lat'>¹0}-</span> 
     </span>
     <span class='ocr_line' id='line_1_28' title="bbox 1579 542 2010 583; baseline -0.002 -10"><span class='ocrx_word' id='word_1_194' title='bbox 1579 543 1656 573; x_wconf 89' lang='lat' dir='ltr'>mile</span> <span class='ocrx_word' id='word_1_195' title='bbox 1679 542 1719 573; x_wconf 93' lang='lat' dir='ltr'>de</span> <span class='ocrx_word' id='word_1_196' title='bbox 1740 551 1879 583; x_wconf 88' lang='lat' dir='ltr'>persona</span> <span class='ocrx_word' id='word_1_197' title='bbox 1900 542 2010 572; x_wconf 79' lang='lat' dir='ltr'>Patris.</span> 
     </span>
    </p>

    <p class='ocr_par' dir='ltr' id='par_1_13' title="bbox 1578 559 2643 715">
     <span class='ocr_line' id='line_1_29' title="bbox 1633 559 2642 628; baseline 0.002 -12"><span class='ocrx_word' id='word_1_198' title='bbox 1633 586 1684 617; x_wconf 91' lang='lat'>111.</span> <span class='ocrx_word' id='word_1_199' title='bbox 1710 586 1746 616; x_wconf 92' lang='lat' dir='ltr'>In</span> <span class='ocrx_word' id='word_1_200' title='bbox 1768 587 1832 617; x_wconf 90' lang='lat' dir='ltr'>hoc</span> <span class='ocrx_word' id='word_1_201' title='bbox 1855 586 2005 622; x_wconf 87' lang='lat' dir='ltr'>articulo,</span> <span class='ocrx_word' id='word_1_202' title='bbox 2037 591 2068 616; x_wconf 93' lang='lat' dir='ltr'>et</span> <span class='ocrx_word' id='word_1_203' title='bbox 2097 587 2273 626; x_wconf 77' lang='lat' dir='ltr'>specialiter</span> <span class='ocrx_word' id='word_1_204' title='bbox 2302 587 2337 617; x_wconf 88' lang='lat' dir='ltr'>in</span> <span class='ocrx_word' id='word_1_205' title='bbox 2365 563 2574 628; x_wconf 83' lang='lat' dir='ltr'>responsione</span> <span class='ocrx_word' id='word_1_206' title='bbox 2601 559 2642 618; x_wconf 76' lang='lat' dir='ltr'>ad</span> 
     </span>
     <span class='ocr_line' id='line_1_30' title="bbox 1578 629 2643 671; baseline 0.002 -11"><span class='ocrx_word' id='word_1_207' title='bbox 1578 631 1730 671; x_wconf 83' lang='lat' dir='ltr'>primum,</span> <span class='ocrx_word' id='word_1_208' title='bbox 1753 630 1826 660; x_wconf 88' lang='lat' dir='ltr'>vide</span> <span class='ocrx_word' id='word_1_209' title='bbox 1849 629 1948 670; x_wconf 90' lang='lat' dir='ltr'>quod,</span> <span class='ocrx_word' id='word_1_210' title='bbox 1972 631 2134 670; x_wconf 89' lang='lat' dir='ltr'>accepturi</span> <span class='ocrx_word' id='word_1_211' title='bbox 2156 631 2421 661; x_wconf 83' lang='lat' dir='ltr'>communionem</span> <span class='ocrx_word' id='word_1_212' title='bbox 2444 640 2564 662; x_wconf 80' lang='lat' dir='ltr'>sacram</span> <span class='ocrx_word' id='word_1_213' title='bbox 2587 637 2643 662; x_wconf 82' lang='lat' dir='ltr'>aut</span> 
     </span>
     <span class='ocr_line' id='line_1_31' title="bbox 1578 674 2642 715; baseline 0.001 -9"><span class='ocrx_word' id='word_1_214' title='bbox 1578 674 1732 706; x_wconf 85' lang='lat' dir='ltr'>sacrificio</span> <span class='ocrx_word' id='word_1_215' title='bbox 1756 675 1869 704; x_wconf 85' lang='lat' dir='ltr'>missae</span> <span class='ocrx_word' id='word_1_216' title='bbox 1892 674 2080 710; x_wconf 84' lang='lat' dir='ltr'>assistentes,</span> <span class='ocrx_word' id='word_1_217' title='bbox 2103 679 2170 705; x_wconf 90' lang='lat' dir='ltr'>tam</span> <span class='ocrx_word' id='word_1_218' title='bbox 2193 684 2310 715; x_wconf 85' lang='lat' dir='ltr'>corpus</span> <span class='ocrx_word' id='word_1_219' title='bbox 2333 683 2431 715; x_wconf 88' lang='lat' dir='ltr'>quam</span> <span class='ocrx_word' id='word_1_220' title='bbox 2453 675 2642 715; x_wconf 78' lang='lat' dir='ltr'>sanguinem</span> 
     </span>
    </p>
   </div>
   <div class='ocr_carea' id='block_1_12' title="bbox 1579 712 2845 761">
    <p class='ocr_par' dir='ltr' id='par_1_14' title="bbox 1579 712 2845 761">
     <span class='ocr_line' id='line_1_32' title="bbox 1579 712 2845 761; baseline 0.002 -13"><span class='ocrx_word' id='word_1_221' title='bbox 1579 718 1787 749; x_wconf 89' lang='lat' dir='ltr'>Dominicum</span> <span class='ocrx_word' id='word_1_222' title='bbox 1803 716 1933 749; x_wconf 88' lang='lat' dir='ltr'>adorare</span> <span class='ocrx_word' id='word_1_223' title='bbox 1948 727 2007 748; x_wconf 92' lang='lat' dir='ltr'>nos</span> <span class='ocrx_word' id='word_1_224' title='bbox 2027 718 2207 758; x_wconf 85' lang='lat' dir='ltr'>experimur</span> <span class='ocrx_word' id='word_1_225' title='bbox 2222 718 2406 750; x_wconf 87' lang='lat' dir='ltr'>adoratione</span> <span class='ocrx_word' id='word_1_226' title='bbox 2421 719 2544 751; x_wconf 87' lang='lat' dir='ltr'>latriae:</span> <span class='ocrx_word' id='word_1_227' title='bbox 2565 728 2643 751; x_wconf 81' lang='lat' dir='ltr'>nam</span> <span class='ocrx_word' id='word_1_228' title='bbox 2695 742 2698 743; x_wconf 25' lang='grc' dir='ltr'><em>ν</em></span> <span class='ocrx_word' id='word_1_229' title='bbox 2724 726 2735 761; x_wconf 40' lang='lat' dir='ltr'>J</span> <span class='ocrx_word' id='word_1_230' title='bbox 2755 721 2763 732; x_wconf 57' lang='lat'>‘⁴</span> <span class='ocrx_word' id='word_1_231' title='bbox 2783 712 2786 713; x_wconf 34' lang='lat'><em>⁷</em></span> <span class='ocrx_word' id='word_1_232' title='bbox 2840 739 2845 747; x_wconf 59' lang='grc' dir='ltr'>ι</span> 
     </span>
    </p>
   </div>
   <div class='ocr_carea' id='block_1_13' title="bbox 1579 756 2644 1013">
    <p class='ocr_par' dir='ltr' id='par_1_15' title="bbox 1579 756 2644 1013">
     <span class='ocr_line' id='line_1_33' title="bbox 1579 756 2643 814; baseline 0.001 -21"><span class='ocrx_word' id='word_1_233' title='bbox 1579 768 1616 793; x_wconf 97' lang='grc' dir='ltr'>ιιι</span> <span class='ocrx_word' id='word_1_234' title='bbox 1630 762 1738 793; x_wconf 88' lang='lat' dir='ltr'>Deum</span> <span class='ocrx_word' id='word_1_235' title='bbox 1753 771 1879 792; x_wconf 87' lang='lat' dir='ltr'>summe</span> <span class='ocrx_word' id='word_1_236' title='bbox 1894 756 2101 799; x_wconf 81' lang='lat' dir='ltr'>honoramus,</span> <span class='ocrx_word' id='word_1_237' title='bbox 2112 772 2181 794; x_wconf 88' lang='lat' dir='ltr'>non</span> <span class='ocrx_word' id='word_1_238' title='bbox 2193 761 2416 814; x_wconf 81' lang='lat' dir='ltr'>distinguendo</span> <span class='ocrx_word' id='word_1_239' title='bbox 2431 763 2513 794; x_wconf 89' lang='lat' dir='ltr'>inter</span> <span class='ocrx_word' id='word_1_240' title='bbox 2525 772 2643 804; x_wconf 82' lang='lat' dir='ltr'>corpus</span> 
     </span>
     <span class='ocr_line' id='line_1_34' title="bbox 1581 805 2643 846; baseline 0.002 -10"><span class='ocrx_word' id='word_1_241' title='bbox 1581 812 1611 837; x_wconf 90' lang='lat' dir='ltr'>et</span> <span class='ocrx_word' id='word_1_242' title='bbox 1635 815 1710 836; x_wconf 91' lang='lat' dir='ltr'>eum</span> <span class='ocrx_word' id='word_1_243' title='bbox 1733 806 1824 837; x_wconf 89' lang='lat' dir='ltr'>cuius</span> <span class='ocrx_word' id='word_1_244' title='bbox 1848 810 1895 836; x_wconf 88' lang='lat' dir='ltr'>est</span> <span class='ocrx_word' id='word_1_245' title='bbox 1918 815 2044 846; x_wconf 89' lang='lat' dir='ltr'>corpus,</span> <span class='ocrx_word' id='word_1_246' title='bbox 2070 805 2216 843; x_wconf 86' lang='lat' dir='ltr'>dicendo,</span> <span class='ocrx_word' id='word_1_247' title='bbox 2239 806 2388 844; x_wconf 84' lang='lat' dir='ltr'>Domine,</span> <span class='ocrx_word' id='word_1_248' title='bbox 2413 816 2478 838; x_wconf 87' lang='lat' dir='ltr'>non</span> <span class='ocrx_word' id='word_1_249' title='bbox 2501 816 2572 839; x_wconf 83' lang='lat' dir='ltr'>sum</span> <span class='ocrx_word' id='word_1_250' title='bbox 2594 806 2643 838; x_wconf 78' lang='lat' dir='ltr'>ai-</span> 
     </span>
     <span class='ocr_line' id='line_1_35' title="bbox 1579 850 2643 892; baseline 0.002 -12"><span class='ocrx_word' id='word_1_251' title='bbox 1579 859 1681 892; x_wconf 80' lang='lat' dir='ltr'>gnus,</span> <span class='ocrx_word' id='word_1_252' title='bbox 1711 856 1742 880; x_wconf 88' lang='lat' dir='ltr'>et</span> <span class='ocrx_word' id='word_1_253' title='bbox 1772 850 1848 881; x_wconf 87' lang='lat' dir='ltr'>alias</span> <span class='ocrx_word' id='word_1_254' title='bbox 1874 850 1992 880; x_wconf 84' lang='lat' dir='ltr'>similes</span> <span class='ocrx_word' id='word_1_255' title='bbox 2023 850 2193 881; x_wconf 84' lang='lat' dir='ltr'>orationes.</span> <span class='ocrx_word' id='word_1_256' title='bbox 2225 850 2456 883; x_wconf 72' lang='lat' dir='ltr'>Adomfionem</span> <span class='ocrx_word' id='word_1_257' title='bbox 2483 850 2643 892; x_wconf 86' lang='lat' dir='ltr'>siquidem</span> 
     </span>
     <span class='ocr_line' id='line_1_36' title="bbox 1581 893 2644 926; baseline 0.002 -2"><span class='ocrx_word' id='word_1_258' title='bbox 1581 894 1686 925; x_wconf 92' lang='lat' dir='ltr'>duliae</span> <span class='ocrx_word' id='word_1_259' title='bbox 1710 893 1837 925; x_wconf 88' lang='lat' dir='ltr'>Christo</span> <span class='ocrx_word' id='word_1_260' title='bbox 1861 893 2000 924; x_wconf 86' lang='lat' dir='ltr'>debitam</span> <span class='ocrx_word' id='word_1_261' title='bbox 2023 894 2146 924; x_wconf 86' lang='lat' dir='ltr'>ratione</span> <span class='ocrx_word' id='word_1_262' title='bbox 2166 894 2326 925; x_wconf 79' lang='lat' dir='ltr'>humanae</span> <span class='ocrx_word' id='word_1_263' title='bbox 2347 901 2478 926; x_wconf 86' lang='lat' dir='ltr'>naturae</span> <span class='ocrx_word' id='word_1_264' title='bbox 2500 895 2644 926; x_wconf 82' lang='lat' dir='ltr'>Ecclesia</span> 
     </span>
     <span class='ocr_line' id='line_1_37' title="bbox 1581 937 2643 978; baseline 0.003 -9"><span class='ocrx_word' id='word_1_265' title='bbox 1581 939 1615 969; x_wconf 91' lang='lat' dir='ltr'>in</span> <span class='ocrx_word' id='word_1_266' title='bbox 1634 944 1743 969; x_wconf 91' lang='lat' dir='ltr'>mente</span> <span class='ocrx_word' id='word_1_267' title='bbox 1762 938 1886 975; x_wconf 82' lang='lat' dir='ltr'>retinet,</span> <span class='ocrx_word' id='word_1_268' title='bbox 1901 947 1970 968; x_wconf 90' lang='lat' dir='ltr'>non</span> <span class='ocrx_word' id='word_1_269' title='bbox 1985 938 2019 968; x_wconf 92' lang='lat' dir='ltr'>in</span> <span class='ocrx_word' id='word_1_270' title='bbox 2034 947 2106 974; x_wconf 87' lang='lat' dir='ltr'>usu,</span> <span class='ocrx_word' id='word_1_271' title='bbox 2124 937 2163 968; x_wconf 90' lang='lat' dir='ltr'>ad</span> <span class='ocrx_word' id='word_1_272' title='bbox 2178 938 2354 976; x_wconf 81' lang='lat' dir='ltr'>evitandos,</span> <span class='ocrx_word' id='word_1_273' title='bbox 2370 944 2406 971; x_wconf 86' lang='lat' dir='ltr'>ut</span> <span class='ocrx_word' id='word_1_274' title='bbox 2421 938 2549 978; x_wconf 76' lang='lat' dir='ltr'>dictum</span> <span class='ocrx_word' id='word_1_275' title='bbox 2556 940 2643 977; x_wconf 69' lang='lat' dir='ltr'>est‘,</span> 
     </span>
     <span class='ocr_line' id='line_1_38' title="bbox 1582 992 1713 1013; baseline 0 0"><span class='ocrx_word' id='word_1_276' title='bbox 1582 992 1713 1013; x_wconf 86' lang='lat' dir='ltr'>errores.</span> 
     </span>
    </p>
   </div>
   <div class='ocr_carea' id='block_1_14' title="bbox 854 1127 2257 1258">
    <p class='ocr_par' dir='ltr' id='par_1_16' title="bbox 854 1127 2257 1258">
     <span class='ocr_line' id='line_1_39' title="bbox 1264 1127 1842 1172; baseline -0.003 0"><span class='ocrx_word' id='word_1_277' title='bbox 1264 1127 1583 1172; x_wconf 89' lang='lat' dir='ltr'>ARTICULUS</span> <span class='ocrx_word' id='word_1_278' title='bbox 1612 1127 1842 1171; x_wconf 88' lang='lat' dir='ltr'>TERTIUS</span> 
     </span>
     <span class='ocr_line' id='line_1_40' title="bbox 854 1222 2257 1258; baseline -0.002 -1"><span class='ocrx_word' id='word_1_279' title='bbox 854 1226 1011 1258; x_wconf 86' lang='lat' dir='ltr'><strong>UTRUM</strong></span> <span class='ocrx_word' id='word_1_280' title='bbox 1035 1225 1177 1256; x_wconf 80' lang='lat' dir='ltr'>iMAGo</span> <span class='ocrx_word' id='word_1_281' title='bbox 1202 1224 1375 1256; x_wconf 76' lang='lat' dir='ltr'>cnmsri</span> <span class='ocrx_word' id='word_1_282' title='bbox 1399 1223 1466 1255; x_wconf 83' lang='lat' dir='ltr'>SIT</span> <span class='ocrx_word' id='word_1_283' title='bbox 1489 1222 1733 1254; x_wconf 82' lang='lat' dir='ltr'>ADORANDA</span> <span class='ocrx_word' id='word_1_284' title='bbox 1755 1223 2044 1255; x_wconf 71' lang='lat' dir='ltr'>ADoaArioNE</span> <span class='ocrx_word' id='word_1_285' title='bbox 2066 1223 2257 1255; x_wconf 85' lang='lat' dir='ltr'>LATRIAE</span> 
     </span>
    </p>
   </div>
   <div class='ocr_carea' id='block_1_15' title="bbox 623 1302 2493 1338">
    <p class='ocr_par' dir='ltr' id='par_1_17' title="bbox 623 1302 2493 1338">
     <span class='ocr_line' id='line_1_41' title="bbox 623 1302 2493 1338; baseline -0.002 -6"><span class='ocrx_word' id='word_1_286' title='bbox 623 1307 811 1338; x_wconf 79' lang='lat' dir='ltr'>lnfra,art.;4</span> <span class='ocrx_word' id='word_1_287' title='bbox 831 1302 1893 1338; x_wconf 70' lang='lat' dir='ltr'>m.,5ad2;11·11⁸·,.qu1,m1‚.,art3ad33qu.,xcivart.‚;22di</span> <span class='ocrx_word' id='word_1_288' title='bbox 1913 1303 2053 1333; x_wconf 63' lang='lat' dir='ltr'>lllSent„</span> <span class='ocrx_word' id='word_1_289' title='bbox 2073 1303 2493 1338; x_wconf 80' lang='lat' dir='ltr'>dist.1x‚...,2quiart2qu⁸</span> 
     </span>
    </p>
   </div>
   <div class='ocr_carea' id='block_1_16' title="bbox 465 1388 673 1590">
    <p class='ocr_par' dir='ltr' id='par_1_18' title="bbox 465 1388 673 1590">
     <span class='ocr_line' id='line_1_42' title="bbox 478 1388 615 1477; baseline 0 -50"><span class='ocrx_word' id='word_1_290' title='bbox 478 1394 498 1477; x_wconf 95' lang='lat' dir='ltr'>   </span> <span class='ocrx_word' id='word_1_291' title='bbox 592 1388 615 1394; x_wconf 95' lang='lat' dir='ltr'> </span> 
     </span>
     <span class='ocr_line' id='line_1_43' title="bbox 465 1477 673 1590; baseline 0 0"><span class='ocrx_word' id='word_1_292' title='bbox 465 1477 523 1590; x_wconf 95' lang='lat' dir='ltr'>  </span> <span class='ocrx_word' id='word_1_293' title='bbox 619 1556 647 1590; x_wconf 95' lang='lat' dir='ltr'> </span> <span class='ocrx_word' id='word_1_294' title='bbox 667 1556 673 1590; x_wconf 95' lang='lat' dir='ltr'> </span> 
     </span>
    </p>
   </div>
   <div class='ocr_carea' id='block_1_17' title="bbox 592 1394 667 1427">
    <p class='ocr_par' dir='ltr' id='par_1_19' title="bbox 592 1394 667 1427">
     <span class='ocr_line' id='line_1_44' title="bbox 592 1394 667 1427; baseline 0 -18"><span class='ocrx_word' id='word_1_295' title='bbox 592 1394 634 1427; x_wconf 95' lang='lat' dir='ltr'>    </span> <span class='ocrx_word' id='word_1_296' title='bbox 653 1397 667 1409; x_wconf 95' lang='lat' dir='ltr'> </span> 
     </span>
    </p>
   </div>
   <div class='ocr_carea' id='block_1_18' title="bbox 498 1402 653 1454">
    <p class='ocr_par' dir='ltr' id='par_1_20' title="bbox 498 1402 653 1454">
     <span class='ocr_line' id='line_1_45' title="bbox 498 1402 653 1454; baseline 0 -35"><span class='ocrx_word' id='word_1_297' title='bbox 498 1402 512 1427; x_wconf 43' lang='lat' dir='ltr'>i(</span> <span class='ocrx_word' id='word_1_298' title='bbox 580 1405 613 1426; x_wconf 54' lang='grc' dir='ltr'><strong>ν</strong></span> <span class='ocrx_word' id='word_1_299' title='bbox 615 1408 653 1454; x_wconf 43' lang='grc' dir='ltr'>οἵ(</span> 
     </span>
    </p>
   </div>
   <div class='ocr_carea' id='block_1_19' title="bbox 462 1415 1529 3435">
    <p class='ocr_par' dir='ltr' id='par_1_21' title="bbox 462 1415 1528 1739">
     <span class='ocr_line' id='line_1_46' title="bbox 494 1415 1526 1499; baseline -0.003 -25"><span class='ocrx_word' id='word_1_300' title='bbox 494 1415 658 1499; x_wconf 53' lang='grc' dir='ltr'>ἱὶιο</span> <span class='ocrx_word' id='word_1_301' title='bbox 675 1436 802 1496; x_wconf 79' lang='lat' dir='ltr'>imago</span> <span class='ocrx_word' id='word_1_302' title='bbox 832 1436 971 1473; x_wconf 91' lang='lat' dir='ltr'>Christi</span> <span class='ocrx_word' id='word_1_303' title='bbox 999 1447 1079 1473; x_wconf 92' lang='lat' dir='ltr'>non</span> <span class='ocrx_word' id='word_1_304' title='bbox 1100 1435 1145 1472; x_wconf 91' lang='lat' dir='ltr'>sit</span> <span class='ocrx_word' id='word_1_305' title='bbox 1166 1435 1363 1472; x_wconf 89' lang='lat' dir='ltr'>adoranda</span> <span class='ocrx_word' id='word_1_306' title='bbox 1391 1434 1526 1471; x_wconf 86' lang='lat' dir='ltr'>adora-</span> 
     </span>
     <span class='ocr_line' id='line_1_47' title="bbox 483 1482 1524 1538; baseline -0.002 -13"><span class='ocrx_word' id='word_1_307' title='bbox 483 1482 524 1538; x_wconf 53' lang='grc' dir='ltr'>’,γ’</span> <span class='ocrx_word' id='word_1_308' title='bbox 543 1507 597 1526; x_wconf 48' lang='grc' dir='ltr'>κν</span> <span class='ocrx_word' id='word_1_309' title='bbox 624 1489 778 1533; x_wconf 63' lang='lat' dir='ltr'>(tione</span> <span class='ocrx_word' id='word_1_310' title='bbox 807 1489 946 1526; x_wconf 90' lang='lat' dir='ltr'>latriae.</span> <span class='ocrx_word' id='word_1_311' title='bbox 976 1488 1124 1525; x_wconf 88' lang='lat' dir='ltr'>Dicitur</span> <span class='ocrx_word' id='word_1_312' title='bbox 1151 1487 1255 1525; x_wconf 90' lang='lat' dir='ltr'>enim</span> <span class='ocrx_word' id='word_1_313' title='bbox 1282 1486 1405 1524; x_wconf 83' lang='lat' dir='ltr'>Exod.</span> <span class='ocrx_word' id='word_1_314' title='bbox 1425 1486 1524 1524; x_wconf 77' lang='lat' dir='ltr'>xx*:</span> 
     </span>
     <span class='ocr_line' id='line_1_48' title="bbox 485 1513 1527 1591; baseline -0.002 -13"><span class='ocrx_word' id='word_1_315' title='bbox 485 1538 497 1549; x_wconf 64' lang='grc'>’”</span> <span class='ocrx_word' id='word_1_316' title='bbox 523 1513 645 1586; x_wconf 49' lang='grc' dir='ltr'><strong>ζ’ἑξῗῗι)</strong></span> <span class='ocrx_word' id='word_1_317' title='bbox 635 1534 667 1581; x_wconf 48' lang='lat' dir='ltr'>K</span> <span class='ocrx_word' id='word_1_318' title='bbox 676 1543 765 1580; x_wconf 90' lang='lat' dir='ltr'>Non</span> <span class='ocrx_word' id='word_1_319' title='bbox 784 1543 909 1590; x_wconf 83' lang='lat' dir='ltr'>facies</span> <span class='ocrx_word' id='word_1_320' title='bbox 936 1543 1001 1578; x_wconf 88' lang='lat' dir='ltr'>tibi</span> <span class='ocrx_word' id='word_1_321' title='bbox 1025 1542 1205 1591; x_wconf 84' lang='lat' dir='ltr'>sculptile,</span> <span class='ocrx_word' id='word_1_322' title='bbox 1235 1552 1352 1590; x_wconf 87' lang='lat' dir='ltr'>neque</span> <span class='ocrx_word' id='word_1_323' title='bbox 1379 1551 1527 1577; x_wconf 88' lang='lat' dir='ltr'>omnem</span> 
     </span>
     <span class='ocr_line' id='line_1_49' title="bbox 462 1592 1527 1633; baseline -0.004 0"><span class='ocrx_word' id='word_1_324' title='bbox 462 1596 747 1633; x_wconf 87' lang='lat' dir='ltr'>similitudinem.</span> <span class='ocrx_word' id='word_1_325' title='bbox 770 1594 846 1632; x_wconf 88' lang='lat' dir='ltr'>Sed</span> <span class='ocrx_word' id='word_1_326' title='bbox 861 1595 965 1632; x_wconf 92' lang='lat' dir='ltr'>nulla</span> <span class='ocrx_word' id='word_1_327' title='bbox 979 1593 1151 1631; x_wconf 90' lang='lat' dir='ltr'>adoratio</span> <span class='ocrx_word' id='word_1_328' title='bbox 1171 1601 1226 1630; x_wconf 90' lang='lat' dir='ltr'>est</span> <span class='ocrx_word' id='word_1_329' title='bbox 1244 1592 1417 1630; x_wconf 90' lang='lat' dir='ltr'>facienda</span> <span class='ocrx_word' id='word_1_330' title='bbox 1436 1603 1527 1629; x_wconf 89' lang='lat' dir='ltr'>con-</span> 
     </span>
     <span class='ocr_line' id='line_1_50' title="bbox 463 1645 1528 1698; baseline -0.005 -12"><span class='ocrx_word' id='word_1_331' title='bbox 463 1657 520 1686; x_wconf 90' lang='lat' dir='ltr'>tra</span> <span class='ocrx_word' id='word_1_332' title='bbox 547 1648 619 1685; x_wconf 91' lang='lat' dir='ltr'>Dei</span> <span class='ocrx_word' id='word_1_333' title='bbox 647 1655 906 1698; x_wconf 89' lang='lat' dir='ltr'>praeceptum.</span> <span class='ocrx_word' id='word_1_334' title='bbox 937 1648 1038 1695; x_wconf 91' lang='lat' dir='ltr'>Ergo</span> <span class='ocrx_word' id='word_1_335' title='bbox 1063 1646 1189 1695; x_wconf 86' lang='lat' dir='ltr'>imago</span> <span class='ocrx_word' id='word_1_336' title='bbox 1210 1645 1350 1683; x_wconf 87' lang='lat' dir='ltr'>Christi</span> <span class='ocrx_word' id='word_1_337' title='bbox 1374 1657 1454 1683; x_wconf 93' lang='lat' dir='ltr'>non</span> <span class='ocrx_word' id='word_1_338' title='bbox 1474 1652 1528 1682; x_wconf 91' lang='lat' dir='ltr'>est</span> 
     </span>
     <span class='ocr_line' id='line_1_51' title="bbox 464 1699 1078 1739; baseline -0.005 0"><span class='ocrx_word' id='word_1_339' title='bbox 464 1702 661 1739; x_wconf 88' lang='lat' dir='ltr'>adoranda</span> <span class='ocrx_word' id='word_1_340' title='bbox 688 1700 910 1738; x_wconf 86' lang='lat' dir='ltr'>adoratione</span> <span class='ocrx_word' id='word_1_341' title='bbox 939 1699 1078 1737; x_wconf 90' lang='lat' dir='ltr'>latriae.</span> 
     </span>
    </p>

    <p class='ocr_par' dir='ltr' id='par_1_22' title="bbox 464 1751 1529 2108">
     <span class='ocr_line' id='line_1_52' title="bbox 519 1751 1528 1802; baseline -0.003 -11"><span class='ocrx_word' id='word_1_342' title='bbox 519 1767 553 1791; x_wconf 90' lang='lat'>2.</span> <span class='ocrx_word' id='word_1_343' title='bbox 575 1755 806 1796; x_wconf 63' lang='lat' dir='ltr'>Pium-Eam,</span> <span class='ocrx_word' id='word_1_344' title='bbox 826 1752 1008 1802; x_wconf 91' lang='lat' dir='ltr'>operibus</span> <span class='ocrx_word' id='word_1_345' title='bbox 1026 1751 1223 1800; x_wconf 86' lang='lat' dir='ltr'>gentilium</span> <span class='ocrx_word' id='word_1_346' title='bbox 1242 1763 1323 1789; x_wconf 93' lang='lat' dir='ltr'>non</span> <span class='ocrx_word' id='word_1_347' title='bbox 1340 1751 1528 1788; x_wconf 88' lang='lat' dir='ltr'>debemus</span> 
     </span>
     <span class='ocr_line' id='line_1_53' title="bbox 464 1804 1527 1854; baseline -0.004 -10"><span class='ocrx_word' id='word_1_348' title='bbox 464 1806 770 1844; x_wconf 90' lang='lat' dir='ltr'>communicare:</span> <span class='ocrx_word' id='word_1_349' title='bbox 795 1813 838 1842; x_wconf 90' lang='lat' dir='ltr'>ut</span> <span class='ocrx_word' id='word_1_350' title='bbox 857 1806 1065 1854; x_wconf 91' lang='lat' dir='ltr'>Apostolus</span> <span class='ocrx_word' id='word_1_351' title='bbox 1084 1804 1183 1851; x_wconf 92' lang='lat' dir='ltr'>dicit,</span> <span class='ocrx_word' id='word_1_352' title='bbox 1203 1806 1335 1854; x_wconf 80' lang='lat' dir='ltr'>Ephes.</span> <span class='ocrx_word' id='word_1_353' title='bbox 1350 1817 1375 1841; x_wconf 89' lang='lat' dir='ltr'>v</span> <span class='ocrx_word' id='word_1_354' title='bbox 1388 1804 1419 1841; x_wconf 66' lang='lat'>²⁸.</span> <span class='ocrx_word' id='word_1_355' title='bbox 1451 1804 1527 1841; x_wconf 91' lang='lat' dir='ltr'>Sed</span> 
     </span>
     <span class='ocr_line' id='line_1_54' title="bbox 464 1856 1527 1908; baseline -0.003 -12"><span class='ocrx_word' id='word_1_356' title='bbox 464 1859 619 1908; x_wconf 87' lang='lat' dir='ltr'>gentiles</span> <span class='ocrx_word' id='word_1_357' title='bbox 647 1859 695 1895; x_wconf 90' lang='lat' dir='ltr'>de</span> <span class='ocrx_word' id='word_1_358' title='bbox 715 1860 790 1895; x_wconf 93' lang='lat' dir='ltr'>hoc</span> <span class='ocrx_word' id='word_1_359' title='bbox 808 1857 1013 1907; x_wconf 88' lang='lat' dir='ltr'>praecipue</span> <span class='ocrx_word' id='word_1_360' title='bbox 1033 1857 1288 1906; x_wconf 84' lang='lat' dir='ltr'>inculpamur,</span> <span class='ocrx_word' id='word_1_361' title='bbox 1317 1856 1409 1906; x_wconf 90' lang='lat' dir='ltr'>quia</span> <span class='ocrx_word' id='word_1_362' title='bbox 1427 1869 1527 1894; x_wconf 91' lang='lat' dir='ltr'>com-</span> 
     </span>
     <span class='ocr_line' id='line_1_55' title="bbox 464 1907 1527 1961; baseline -0.004 -12"><span class='ocrx_word' id='word_1_363' title='bbox 464 1917 698 1950; x_wconf 81' lang='lat' dir='ltr'>mutaverunt</span> <span class='ocrx_word' id='word_1_364' title='bbox 724 1912 888 1961; x_wconf 84' lang='lat' dir='ltr'>gloriam</span> <span class='ocrx_word' id='word_1_365' title='bbox 920 1907 1207 1960; x_wconf 81' lang='lat' dir='ltr'>incorruptibilis</span> <span class='ocrx_word' id='word_1_366' title='bbox 1234 1910 1307 1946; x_wconf 88' lang='lat' dir='ltr'>Dei</span> <span class='ocrx_word' id='word_1_367' title='bbox 1336 1911 1374 1946; x_wconf 90' lang='lat' dir='ltr'>in</span> <span class='ocrx_word' id='word_1_368' title='bbox 1401 1910 1527 1946; x_wconf 87' lang='lat' dir='ltr'>simili-</span> 
     </span>
     <span class='ocr_line' id='line_1_56' title="bbox 465 1961 1529 2014; baseline -0.004 -12"><span class='ocrx_word' id='word_1_369' title='bbox 465 1966 627 2002; x_wconf 84' lang='lat' dir='ltr'>tudinem</span> <span class='ocrx_word' id='word_1_370' title='bbox 656 1965 832 2014; x_wconf 81' lang='lat' dir='ltr'>imaginis</span> <span class='ocrx_word' id='word_1_371' title='bbox 859 1963 1104 2013; x_wconf 85' lang='lat' dir='ltr'>corruptibilis</span> <span class='ocrx_word' id='word_1_372' title='bbox 1127 1964 1305 2000; x_wconf 83' lang='lat' dir='ltr'>hominis:</span> <span class='ocrx_word' id='word_1_373' title='bbox 1331 1969 1374 1998; x_wconf 92' lang='lat' dir='ltr'>ut</span> <span class='ocrx_word' id='word_1_374' title='bbox 1393 1961 1529 1999; x_wconf 92' lang='lat' dir='ltr'>dicitur</span> 
     </span>
     <span class='ocr_line' id='line_1_57' title="bbox 465 2015 1529 2064; baseline -0.003 -9"><span class='ocrx_word' id='word_1_375' title='bbox 465 2020 575 2055; x_wconf 89' lang='lat' dir='ltr'>Rom.</span> <span class='ocrx_word' id='word_1_376' title='bbox 597 2030 606 2054; x_wconf 90' lang='lat'>1</span> <span class='ocrx_word' id='word_1_377' title='bbox 625 2017 656 2053; x_wconf 64' lang='lat'>²¹³.</span> <span class='ocrx_word' id='word_1_378' title='bbox 686 2017 787 2064; x_wconf 90' lang='lat' dir='ltr'>Ergo</span> <span class='ocrx_word' id='word_1_379' title='bbox 816 2016 942 2064; x_wconf 84' lang='lat' dir='ltr'>imago</span> <span class='ocrx_word' id='word_1_380' title='bbox 973 2015 1111 2053; x_wconf 88' lang='lat' dir='ltr'>Christi</span> <span class='ocrx_word' id='word_1_381' title='bbox 1140 2027 1220 2052; x_wconf 91' lang='lat' dir='ltr'>non</span> <span class='ocrx_word' id='word_1_382' title='bbox 1249 2022 1304 2052; x_wconf 92' lang='lat' dir='ltr'>est</span> <span class='ocrx_word' id='word_1_383' title='bbox 1332 2015 1529 2053; x_wconf 89' lang='lat' dir='ltr'>adoranda</span> 
     </span>
     <span class='ocr_line' id='line_1_58' title="bbox 466 2069 855 2108; baseline -0.005 0"><span class='ocrx_word' id='word_1_384' title='bbox 466 2069 688 2108; x_wconf 86' lang='lat' dir='ltr'>adoratione</span> <span class='ocrx_word' id='word_1_385' title='bbox 717 2069 855 2106; x_wconf 90' lang='lat' dir='ltr'>latriae.</span> 
     </span>
    </p>

    <p class='ocr_par' dir='ltr' id='par_1_23' title="bbox 465 2120 1528 2435">
     <span class='ocr_line' id='line_1_59' title="bbox 521 2120 1527 2168; baseline -0.002 -9"><span class='ocrx_word' id='word_1_386' title='bbox 521 2123 554 2160; x_wconf 85' lang='lat'>3.</span> <span class='ocrx_word' id='word_1_387' title='bbox 585 2124 819 2168; x_wconf 80' lang='lat' dir='ltr'>PRAETEREA‚</span> <span class='ocrx_word' id='word_1_388' title='bbox 850 2121 1001 2159; x_wconf 89' lang='lat' dir='ltr'>Christo</span> <span class='ocrx_word' id='word_1_389' title='bbox 1030 2121 1191 2158; x_wconf 89' lang='lat' dir='ltr'>debetur</span> <span class='ocrx_word' id='word_1_390' title='bbox 1208 2120 1379 2158; x_wconf 89' lang='lat' dir='ltr'>adoratio</span> <span class='ocrx_word' id='word_1_391' title='bbox 1399 2120 1527 2157; x_wconf 89' lang='lat' dir='ltr'>latriae</span> 
     </span>
     <span class='ocr_line' id='line_1_60' title="bbox 465 2173 1527 2221; baseline -0.004 -8"><span class='ocrx_word' id='word_1_392' title='bbox 465 2176 611 2213; x_wconf 90' lang='lat' dir='ltr'>ratione</span> <span class='ocrx_word' id='word_1_393' title='bbox 639 2175 854 2221; x_wconf 85' lang='lat' dir='ltr'>divinitatis,</span> <span class='ocrx_word' id='word_1_394' title='bbox 884 2187 963 2211; x_wconf 93' lang='lat' dir='ltr'>non</span> <span class='ocrx_word' id='word_1_395' title='bbox 993 2174 1138 2211; x_wconf 90' lang='lat' dir='ltr'>ratione</span> <span class='ocrx_word' id='word_1_396' title='bbox 1162 2173 1419 2211; x_wconf 69' lang='lat' dir='ltr'>humanitatis</span> <span class='ocrx_word' id='word_1_397' title='bbox 1451 2173 1527 2210; x_wconf 91' lang='lat' dir='ltr'>Sed</span> 
     </span>
     <span class='ocr_line' id='line_1_61' title="bbox 466 2226 1528 2276; baseline -0.003 -10"><span class='ocrx_word' id='word_1_398' title='bbox 466 2228 620 2276; x_wconf 86' lang='lat' dir='ltr'>imagini</span> <span class='ocrx_word' id='word_1_399' title='bbox 644 2227 848 2265; x_wconf 88' lang='lat' dir='ltr'>divinitatis</span> <span class='ocrx_word' id='word_1_400' title='bbox 868 2227 960 2274; x_wconf 87' lang='lat' dir='ltr'>eius,</span> <span class='ocrx_word' id='word_1_401' title='bbox 991 2239 1090 2276; x_wconf 91' lang='lat' dir='ltr'>quae</span> <span class='ocrx_word' id='word_1_402' title='bbox 1110 2226 1260 2264; x_wconf 90' lang='lat' dir='ltr'>animae</span> <span class='ocrx_word' id='word_1_403' title='bbox 1280 2226 1453 2264; x_wconf 89' lang='lat' dir='ltr'>rationali</span> <span class='ocrx_word' id='word_1_404' title='bbox 1473 2233 1528 2263; x_wconf 91' lang='lat' dir='ltr'>est</span> 
     </span>
     <span class='ocr_line' id='line_1_62' title="bbox 465 2279 1526 2341; baseline -0.002 -23"><span class='ocrx_word' id='word_1_405' title='bbox 465 2281 661 2341; x_wconf 84' lang='lat' dir='ltr'>impressa,</span> <span class='ocrx_word' id='word_1_406' title='bbox 677 2293 756 2318; x_wconf 93' lang='lat' dir='ltr'>non</span> <span class='ocrx_word' id='word_1_407' title='bbox 771 2280 931 2317; x_wconf 86' lang='lat' dir='ltr'>debetur</span> <span class='ocrx_word' id='word_1_408' title='bbox 945 2279 1116 2318; x_wconf 89' lang='lat' dir='ltr'>adoratio</span> <span class='ocrx_word' id='word_1_409' title='bbox 1131 2279 1270 2317; x_wconf 88' lang='lat' dir='ltr'>latriae.</span> <span class='ocrx_word' id='word_1_410' title='bbox 1287 2281 1389 2328; x_wconf 88' lang='lat' dir='ltr'>Ergo</span> <span class='ocrx_word' id='word_1_411' title='bbox 1404 2280 1526 2317; x_wconf 87' lang='lat' dir='ltr'>multo</span> 
     </span>
     <span class='ocr_line' id='line_1_63' title="bbox 465 2333 1527 2393; baseline -0.004 -21"><span class='ocrx_word' id='word_1_412' title='bbox 465 2334 594 2372; x_wconf 90' lang='lat' dir='ltr'>minus</span> <span class='ocrx_word' id='word_1_413' title='bbox 622 2333 784 2393; x_wconf 86' lang='lat' dir='ltr'>imagini</span> <span class='ocrx_word' id='word_1_414' title='bbox 811 2333 1012 2382; x_wconf 88' lang='lat' dir='ltr'>corporali,</span> <span class='ocrx_word' id='word_1_415' title='bbox 1042 2345 1142 2382; x_wconf 92' lang='lat' dir='ltr'>quae</span> <span class='ocrx_word' id='word_1_416' title='bbox 1171 2339 1428 2382; x_wconf 90' lang='lat' dir='ltr'>repraesentat</span> <span class='ocrx_word' id='word_1_417' title='bbox 1455 2333 1527 2369; x_wconf 93' lang='lat' dir='ltr'>hu-</span> 
     </span>
     <span class='ocr_line' id='line_1_64' title="bbox 465 2386 1014 2435; baseline -0.002 -11"><span class='ocrx_word' id='word_1_418' title='bbox 465 2387 687 2424; x_wconf 88' lang='lat' dir='ltr'>manitatem</span> <span class='ocrx_word' id='word_1_419' title='bbox 715 2386 834 2435; x_wconf 91' lang='lat' dir='ltr'>ipsius</span> <span class='ocrx_word' id='word_1_420' title='bbox 864 2386 1014 2423; x_wconf 87' lang='lat' dir='ltr'>Christi.</span> 
     </span>
    </p>

    <p class='ocr_par' dir='ltr' id='par_1_24' title="bbox 465 2438 1526 2848">
     <span class='ocr_line' id='line_1_65' title="bbox 517 2438 1526 2488; baseline -0.001 -12"><span class='ocrx_word' id='word_1_421' title='bbox 517 2453 553 2488; x_wconf 91' lang='lat'>4.</span> <span class='ocrx_word' id='word_1_422' title='bbox 584 2441 815 2485; x_wconf 79' lang='lat' dir='ltr'>PRAETEREA,</span> <span class='ocrx_word' id='word_1_423' title='bbox 844 2439 938 2476; x_wconf 92' lang='lat' dir='ltr'>nihil</span> <span class='ocrx_word' id='word_1_424' title='bbox 957 2438 1140 2476; x_wconf 87' lang='lat' dir='ltr'>videtur</span> <span class='ocrx_word' id='word_1_425' title='bbox 1131 2451 1170 2476; x_wconf 92' lang='lat' dir='ltr'>in</span> <span class='ocrx_word' id='word_1_426' title='bbox 1190 2439 1294 2475; x_wconf 90' lang='lat' dir='ltr'>cultu</span> <span class='ocrx_word' id='word_1_427' title='bbox 1314 2438 1446 2476; x_wconf 89' lang='lat' dir='ltr'>divino</span> <span class='ocrx_word' id='word_1_428' title='bbox 1474 2439 1526 2475; x_wconf 89' lang='lat' dir='ltr'>fa-</span> 
     </span>
     <span class='ocr_line' id='line_1_66' title="bbox 465 2491 1526 2541; baseline -0.002 -11"><span class='ocrx_word' id='word_1_429' title='bbox 465 2493 646 2530; x_wconf 91' lang='lat' dir='ltr'>ciendum</span> <span class='ocrx_word' id='word_1_430' title='bbox 674 2492 746 2529; x_wconf 88' lang='lat' dir='ltr'>nisi</span> <span class='ocrx_word' id='word_1_431' title='bbox 774 2492 882 2541; x_wconf 94' lang='lat' dir='ltr'>quod</span> <span class='ocrx_word' id='word_1_432' title='bbox 910 2499 965 2529; x_wconf 89' lang='lat' dir='ltr'>est</span> <span class='ocrx_word' id='word_1_433' title='bbox 993 2505 1015 2529; x_wconf 92' lang='lat' dir='ltr'>a</span> <span class='ocrx_word' id='word_1_434' title='bbox 1042 2493 1127 2528; x_wconf 92' lang='lat' dir='ltr'>Deo</span> <span class='ocrx_word' id='word_1_435' title='bbox 1155 2491 1387 2528; x_wconf 82' lang='lat' dir='ltr'>institutum:</span> <span class='ocrx_word' id='word_1_436' title='bbox 1421 2492 1526 2528; x_wconf 91' lang='lat' dir='ltr'>unde</span> 
     </span>
     <span class='ocr_line' id='line_1_67' title="bbox 465 2544 1525 2595; baseline -0.002 -12"><span class='ocrx_word' id='word_1_437' title='bbox 465 2554 501 2583; x_wconf 91' lang='lat' dir='ltr'>et</span> <span class='ocrx_word' id='word_1_438' title='bbox 529 2547 747 2595; x_wconf 83' lang='lat' dir='ltr'>Apostolus,</span> <span class='ocrx_word' id='word_1_439' title='bbox 768 2546 782 2582; x_wconf 94' lang='lat' dir='ltr'>I</span> <span class='ocrx_word' id='word_1_440' title='bbox 806 2546 892 2582; x_wconf 88' lang='lat' dir='ltr'>Cor.</span> <span class='ocrx_word' id='word_1_441' title='bbox 913 2558 947 2582; x_wconf 86' lang='lat' dir='ltr'>xi</span> <span class='ocrx_word' id='word_1_442' title='bbox 966 2545 996 2592; x_wconf 70' lang='lat'>³¹²,</span> <span class='ocrx_word' id='word_1_443' title='bbox 1017 2544 1223 2582; x_wconf 86' lang='lat' dir='ltr'>traditurus</span> <span class='ocrx_word' id='word_1_444' title='bbox 1244 2544 1458 2582; x_wconf 87' lang='lat' dir='ltr'>doctrinam</span> <span class='ocrx_word' id='word_1_445' title='bbox 1478 2544 1525 2581; x_wconf 91' lang='lat' dir='ltr'>de</span> 
     </span>
     <span class='ocr_line' id='line_1_68' title="bbox 466 2597 1525 2647; baseline -0.002 -11"><span class='ocrx_word' id='word_1_446' title='bbox 466 2598 651 2636; x_wconf 88' lang='lat' dir='ltr'>sacrificio</span> <span class='ocrx_word' id='word_1_447' title='bbox 680 2598 883 2643; x_wconf 86' lang='lat' dir='ltr'>Ecclesiae,</span> <span class='ocrx_word' id='word_1_448' title='bbox 912 2597 1017 2635; x_wconf 90' lang='lat' dir='ltr'>dicit:</span> <span class='ocrx_word' id='word_1_449' title='bbox 1047 2599 1133 2647; x_wconf 85' lang='lat' dir='ltr'>Ego</span> <span class='ocrx_word' id='word_1_450' title='bbox 1161 2599 1289 2647; x_wconf 87' lang='lat' dir='ltr'>accepi</span> <span class='ocrx_word' id='word_1_451' title='bbox 1314 2610 1338 2634; x_wconf 85' lang='lat' dir='ltr'>a</span> <span class='ocrx_word' id='word_1_452' title='bbox 1360 2599 1525 2635; x_wconf 89' lang='lat' dir='ltr'>Domino</span> 
     </span>
     <span class='ocr_line' id='line_1_69' title="bbox 466 2650 1526 2702; baseline -0.002 -13"><span class='ocrx_word' id='word_1_453' title='bbox 466 2652 564 2702; x_wconf 86' lang='lat' dir='ltr'>quod</span> <span class='ocrx_word' id='word_1_454' title='bbox 590 2657 623 2688; x_wconf 86' lang='lat' dir='ltr'>et</span> <span class='ocrx_word' id='word_1_455' title='bbox 649 2651 786 2688; x_wconf 85' lang='lat' dir='ltr'>tradidi</span> <span class='ocrx_word' id='word_1_456' title='bbox 810 2652 923 2689; x_wconf 77' lang='lat' dir='ltr'>vobis.</span> <span class='ocrx_word' id='word_1_457' title='bbox 954 2651 1030 2688; x_wconf 89' lang='lat' dir='ltr'>Sed</span> <span class='ocrx_word' id='word_1_458' title='bbox 1058 2652 1162 2699; x_wconf 82' lang='lat' dir='ltr'>nulla</span> <span class='ocrx_word' id='word_1_459' title='bbox 1182 2650 1332 2687; x_wconf 89' lang='lat' dir='ltr'>traditio</span> <span class='ocrx_word' id='word_1_460' title='bbox 1361 2650 1400 2687; x_wconf 94' lang='lat' dir='ltr'>in</span> <span class='ocrx_word' id='word_1_461' title='bbox 1429 2650 1526 2688; x_wconf 89' lang='lat' dir='ltr'>Scri-</span> 
     </span>
     <span class='ocr_line' id='line_1_70' title="bbox 465 2703 1525 2754; baseline -0.001 -13"><span class='ocrx_word' id='word_1_462' title='bbox 465 2713 577 2754; x_wconf 89' lang='lat' dir='ltr'>ptura</span> <span class='ocrx_word' id='word_1_463' title='bbox 605 2703 797 2741; x_wconf 90' lang='lat' dir='ltr'>invenitur</span> <span class='ocrx_word' id='word_1_464' title='bbox 829 2703 877 2740; x_wconf 92' lang='lat' dir='ltr'>de</span> <span class='ocrx_word' id='word_1_465' title='bbox 909 2703 1113 2740; x_wconf 90' lang='lat' dir='ltr'>adorandis</span> <span class='ocrx_word' id='word_1_466' title='bbox 1147 2703 1388 2751; x_wconf 90' lang='lat' dir='ltr'>imaginibus.</span> <span class='ocrx_word' id='word_1_467' title='bbox 1424 2705 1525 2751; x_wconf 89' lang='lat' dir='ltr'>Ergo</span> 
     </span>
     <span class='ocr_line' id='line_1_71' title="bbox 465 2756 1526 2805; baseline -0.001 -10"><span class='ocrx_word' id='word_1_468' title='bbox 465 2758 592 2805; x_wconf 88' lang='lat' dir='ltr'>imago</span> <span class='ocrx_word' id='word_1_469' title='bbox 635 2756 773 2794; x_wconf 92' lang='lat' dir='ltr'>Christi</span> <span class='ocrx_word' id='word_1_470' title='bbox 814 2768 894 2793; x_wconf 93' lang='lat' dir='ltr'>non</span> <span class='ocrx_word' id='word_1_471' title='bbox 932 2764 986 2793; x_wconf 91' lang='lat' dir='ltr'>est</span> <span class='ocrx_word' id='word_1_472' title='bbox 1027 2756 1249 2794; x_wconf 87' lang='lat' dir='ltr'>adoratione</span> <span class='ocrx_word' id='word_1_473' title='bbox 1290 2756 1418 2794; x_wconf 90' lang='lat' dir='ltr'>latriae</span> <span class='ocrx_word' id='word_1_474' title='bbox 1460 2757 1526 2794; x_wconf 93' lang='lat' dir='ltr'>ad-</span> 
     </span>
     <span class='ocr_line' id='line_1_72' title="bbox 466 2811 622 2848; baseline 0 -1"><span class='ocrx_word' id='word_1_475' title='bbox 466 2811 622 2848; x_wconf 87' lang='lat' dir='ltr'>oranda.</span> 
     </span>
    </p>

    <p class='ocr_par' dir='ltr' id='par_1_25' title="bbox 462 2862 1527 3122">
     <span class='ocr_line' id='line_1_73' title="bbox 520 2862 1527 2911; baseline -0.001 -11"><span class='ocrx_word' id='word_1_476' title='bbox 520 2864 593 2900; x_wconf 76' lang='lat' dir='ltr'>SED</span> <span class='ocrx_word' id='word_1_477' title='bbox 626 2875 770 2900; x_wconf 80' lang='lat' dir='ltr'>CONTRA</span> <span class='ocrx_word' id='word_1_478' title='bbox 804 2874 870 2899; x_wconf 84' lang='lat' dir='ltr'>EST</span> <span class='ocrx_word' id='word_1_479' title='bbox 905 2862 1011 2911; x_wconf 92' lang='lat' dir='ltr'>quod</span> <span class='ocrx_word' id='word_1_480' title='bbox 1045 2862 1309 2899; x_wconf 90' lang='lat' dir='ltr'>Damascenus</span> <span class='ocrx_word' id='word_1_481' title='bbox 1334 2862 1354 2884; x_wconf 78' lang='lat'>&#39;¹‘</span> <span class='ocrx_word' id='word_1_482' title='bbox 1382 2862 1527 2899; x_wconf 91' lang='lat' dir='ltr'>inducit</span> 
     </span>
     <span class='ocr_line' id='line_1_74' title="bbox 467 2915 1527 2965; baseline -0.001 -12"><span class='ocrx_word' id='word_1_483' title='bbox 467 2915 650 2953; x_wconf 90' lang='lat' dir='ltr'>Basilium</span> <span class='ocrx_word' id='word_1_484' title='bbox 687 2915 896 2953; x_wconf 90' lang='lat' dir='ltr'>dicentem:</span> <span class='ocrx_word' id='word_1_485' title='bbox 926 2916 1112 2965; x_wconf 82' lang='lat' dir='ltr'>Imaginis</span> <span class='ocrx_word' id='word_1_486' title='bbox 1138 2917 1260 2952; x_wconf 85' lang='lat' dir='ltr'>honor</span> <span class='ocrx_word' id='word_1_487' title='bbox 1287 2915 1338 2952; x_wconf 85' lang='lat' dir='ltr'>ad</span> <span class='ocrx_word' id='word_1_488' title='bbox 1357 2921 1527 2965; x_wconf 85' lang='lat' dir='ltr'>prototy—</span> 
     </span>
     <span class='ocr_line' id='line_1_75' title="bbox 462 2968 1527 3018; baseline 0 -13"><span class='ocrx_word' id='word_1_489' title='bbox 462 2981 554 3018; x_wconf 86' lang='lat' dir='ltr'>pum</span> <span class='ocrx_word' id='word_1_490' title='bbox 578 2970 757 3018; x_wconf 82' lang='lat' dir='ltr'>pervenit,</span> <span class='ocrx_word' id='word_1_491' title='bbox 778 2968 873 3005; x_wconf 88' lang='lat' dir='ltr'>idest</span> <span class='ocrx_word' id='word_1_492' title='bbox 901 2970 1105 3017; x_wconf 87' lang='lat' dir='ltr'>exemplar.</span> <span class='ocrx_word' id='word_1_493' title='bbox 1144 2969 1219 3006; x_wconf 91' lang='lat' dir='ltr'>Sed</span> <span class='ocrx_word' id='word_1_494' title='bbox 1246 2968 1374 3018; x_wconf 89' lang='lat' dir='ltr'>ipsum</span> <span class='ocrx_word' id='word_1_495' title='bbox 1401 2981 1527 3005; x_wconf 89' lang='lat' dir='ltr'>exem-</span> 
     </span>
     <span class='ocr_line' id='line_1_76' title="bbox 467 3021 1527 3070; baseline 0 -12"><span class='ocrx_word' id='word_1_496' title='bbox 467 3023 559 3070; x_wconf 90' lang='lat' dir='ltr'>plar,</span> <span class='ocrx_word' id='word_1_497' title='bbox 585 3021 722 3058; x_wconf 87' lang='lat' dir='ltr'>scilicet</span> <span class='ocrx_word' id='word_1_498' title='bbox 742 3021 925 3068; x_wconf 87' lang='lat' dir='ltr'>Christus,</span> <span class='ocrx_word' id='word_1_499' title='bbox 946 3029 1001 3058; x_wconf 88' lang='lat' dir='ltr'>est</span> <span class='ocrx_word' id='word_1_500' title='bbox 1019 3021 1240 3058; x_wconf 89' lang='lat' dir='ltr'>adorandus</span> <span class='ocrx_word' id='word_1_501' title='bbox 1260 3026 1276 3043; x_wconf 60' lang='grc' dir='ltr'>α</span> <span class='ocrx_word' id='word_1_502' title='bbox 1305 3021 1527 3058; x_wconf 90' lang='lat' dir='ltr'>adoratione</span> 
     </span>
     <span class='ocr_line' id='line_1_77' title="bbox 468 3073 1079 3122; baseline -0.002 -11"><span class='ocrx_word' id='word_1_503' title='bbox 468 3074 605 3111; x_wconf 87' lang='lat' dir='ltr'>latriae.</span> <span class='ocrx_word' id='word_1_504' title='bbox 637 3075 737 3121; x_wconf 88' lang='lat' dir='ltr'>Ergo</span> <span class='ocrx_word' id='word_1_505' title='bbox 767 3081 802 3110; x_wconf 90' lang='lat' dir='ltr'>et</span> <span class='ocrx_word' id='word_1_506' title='bbox 831 3074 912 3111; x_wconf 89' lang='lat' dir='ltr'>eius</span> <span class='ocrx_word' id='word_1_507' title='bbox 940 3073 1079 3122; x_wconf 88' lang='lat' dir='ltr'>imago.</span> 
     </span>
    </p>

    <p class='ocr_par' dir='ltr' id='par_1_26' title="bbox 468 3127 1529 3435">
     <span class='ocr_line' id='line_1_78' title="bbox 520 3127 1528 3176; baseline 0.001 -13"><span class='ocrx_word' id='word_1_508' title='bbox 520 3128 743 3164; x_wconf 58' lang='lat' dir='ltr'>Rsssposnsso</span> <span class='ocrx_word' id='word_1_509' title='bbox 771 3138 951 3163; x_wconf 74' lang='lat' dir='ltr'>mci-:Nouii</span> <span class='ocrx_word' id='word_1_510' title='bbox 980 3127 1106 3176; x_wconf 90' lang='lat' dir='ltr'>quod,</span> <span class='ocrx_word' id='word_1_511' title='bbox 1146 3127 1241 3164; x_wconf 87' lang='lat' dir='ltr'>sicut</span> <span class='ocrx_word' id='word_1_512' title='bbox 1269 3127 1528 3176; x_wconf 87' lang='lat' dir='ltr'>Philosophus</span> 
     </span>
     <span class='ocr_line' id='line_1_79' title="bbox 468 3178 1529 3229; baseline 0.002 -14"><span class='ocrx_word' id='word_1_513' title='bbox 468 3178 568 3223; x_wconf 90' lang='lat' dir='ltr'>dicit,</span> <span class='ocrx_word' id='word_1_514' title='bbox 597 3179 635 3215; x_wconf 92' lang='lat' dir='ltr'>in</span> <span class='ocrx_word' id='word_1_515' title='bbox 663 3178 758 3215; x_wconf 87' lang='lat' dir='ltr'>libro</span> <span class='ocrx_word' id='word_1_516' title='bbox 787 3179 832 3215; x_wconf 87' lang='lat' dir='ltr'>de</span> <span class='ocrx_word' id='word_1_517' title='bbox 858 3181 976 3216; x_wconf 90' lang='lat' dir='ltr'>Mem.</span> <span class='ocrx_word' id='word_1_518' title='bbox 1006 3185 1039 3216; x_wconf 80' lang='lat' dir='ltr'>et</span> <span class='ocrx_word' id='word_1_519' title='bbox 1066 3181 1212 3217; x_wconf 87' lang='lat' dir='ltr'>Remin.</span> <span class='ocrx_word' id='word_1_520' title='bbox 1240 3179 1260 3202; x_wconf 76' lang='lat'>’¹‘</span> <span class='ocrx_word' id='word_1_521' title='bbox 1266 3180 1446 3229; x_wconf 87' lang='lat' dir='ltr'>,duplex</span> <span class='ocrx_word' id='word_1_522' title='bbox 1474 3187 1529 3217; x_wconf 86' lang='lat' dir='ltr'>est</span> 
     </span>
     <span class='ocr_line' id='line_1_80' title="bbox 470 3230 1528 3282; baseline 0.003 -15"><span class='ocrx_word' id='word_1_523' title='bbox 470 3239 597 3268; x_wconf 90' lang='lat' dir='ltr'>motus</span> <span class='ocrx_word' id='word_1_524' title='bbox 631 3230 781 3267; x_wconf 89' lang='lat' dir='ltr'>animae</span> <span class='ocrx_word' id='word_1_525' title='bbox 818 3230 856 3266; x_wconf 92' lang='lat' dir='ltr'>in</span> <span class='ocrx_word' id='word_1_526' title='bbox 892 3230 1118 3278; x_wconf 86' lang='lat' dir='ltr'>imaginem:</span> <span class='ocrx_word' id='word_1_527' title='bbox 1162 3245 1263 3269; x_wconf 90' lang='lat' dir='ltr'>unus</span> <span class='ocrx_word' id='word_1_528' title='bbox 1300 3232 1459 3282; x_wconf 91' lang='lat' dir='ltr'>quidem</span> <span class='ocrx_word' id='word_1_529' title='bbox 1489 3233 1528 3270; x_wconf 90' lang='lat' dir='ltr'>in</span> 
     </span>
     <span class='ocr_line' id='line_1_81' title="bbox 470 3282 1527 3335; baseline 0.003 -16"><span class='ocrx_word' id='word_1_530' title='bbox 470 3283 675 3331; x_wconf 88' lang='lat' dir='ltr'>imaginem</span> <span class='ocrx_word' id='word_1_531' title='bbox 703 3282 825 3331; x_wconf 86' lang='lat' dir='ltr'>ipsam</span> <span class='ocrx_word' id='word_1_532' title='bbox 859 3284 1073 3320; x_wconf 90' lang='lat' dir='ltr'>secundum</span> <span class='ocrx_word' id='word_1_533' title='bbox 1102 3286 1208 3333; x_wconf 90' lang='lat' dir='ltr'>quod</span> <span class='ocrx_word' id='word_1_534' title='bbox 1241 3293 1295 3322; x_wconf 89' lang='lat' dir='ltr'>est</span> <span class='ocrx_word' id='word_1_535' title='bbox 1324 3297 1383 3322; x_wconf 92' lang='lat' dir='ltr'>res</span> <span class='ocrx_word' id='word_1_536' title='bbox 1411 3297 1527 3335; x_wconf 90' lang='lat' dir='ltr'>quae-</span> 
     </span>
     <span class='ocr_line' id='line_1_82' title="bbox 471 3334 1528 3387; baseline 0.004 -16"><span class='ocrx_word' id='word_1_537' title='bbox 471 3335 580 3380; x_wconf 81' lang='lat' dir='ltr'>dam3</span> <span class='ocrx_word' id='word_1_538' title='bbox 619 3335 692 3372; x_wconf 88' lang='lat' dir='ltr'>alio</span> <span class='ocrx_word' id='word_1_539' title='bbox 728 3335 868 3378; x_wconf 80' lang='lat' dir='ltr'>modo,</span> <span class='ocrx_word' id='word_1_540' title='bbox 905 3334 942 3371; x_wconf 88' lang='lat' dir='ltr'>in</span> <span class='ocrx_word' id='word_1_541' title='bbox 977 3335 1181 3383; x_wconf 85' lang='lat' dir='ltr'>imaginem</span> <span class='ocrx_word' id='word_1_542' title='bbox 1216 3337 1446 3387; x_wconf 90' lang='lat' dir='ltr'>inquantum</span> <span class='ocrx_word' id='word_1_543' title='bbox 1473 3346 1528 3375; x_wconf 91' lang='lat' dir='ltr'>est</span> 
     </span>
     <span class='ocr_line' id='line_1_83' title="bbox 472 3386 1529 3435; baseline 0.004 -12"><span class='ocrx_word' id='word_1_544' title='bbox 472 3386 597 3435; x_wconf 88' lang='lat' dir='ltr'>imago</span> <span class='ocrx_word' id='word_1_545' title='bbox 632 3386 794 3424; x_wconf 90' lang='lat' dir='ltr'>alterius.</span> <span class='ocrx_word' id='word_1_546' title='bbox 833 3387 880 3423; x_wconf 88' lang='lat' dir='ltr'>Et</span> <span class='ocrx_word' id='word_1_547' title='bbox 915 3386 1011 3423; x_wconf 88' lang='lat' dir='ltr'>inter</span> <span class='ocrx_word' id='word_1_548' title='bbox 1045 3388 1117 3424; x_wconf 92' lang='lat' dir='ltr'>hos</span> <span class='ocrx_word' id='word_1_549' title='bbox 1151 3389 1318 3426; x_wconf 61' lang='lat' dir='ltr'>motusss</span> <span class='ocrx_word' id='word_1_550' title='bbox 1350 3398 1405 3428; x_wconf 89' lang='lat' dir='ltr'>est</span> <span class='ocrx_word' id='word_1_551' title='bbox 1433 3391 1529 3427; x_wconf 91' lang='lat' dir='ltr'>haec</span> 
     </span>
    </p>
   </div>
   <div class='ocr_carea' id='block_1_20' title="bbox 472 3499 1526 3630">
    <p class='ocr_par' dir='ltr' id='par_1_27' title="bbox 472 3499 1526 3629">
     <span class='ocr_line' id='line_1_84' title="bbox 525 3499 1404 3530; baseline 0.006 -6"><span class='ocrx_word' id='word_1_552' title='bbox 525 3500 552 3529; x_wconf 72' lang='lat' dir='ltr'>a)</span> <span class='ocrx_word' id='word_1_553' title='bbox 570 3500 735 3526; x_wconf 73' lang='lat' dir='ltr'>adorandus.</span> <span class='ocrx_word' id='word_1_554' title='bbox 752 3514 771 3519; x_wconf 92' lang='grc'>-</span> <span class='ocrx_word' id='word_1_555' title='bbox 789 3499 904 3530; x_wconf 50' lang='lat' dir='ltr'>Omnem</span> <span class='ocrx_word' id='word_1_556' title='bbox 923 3499 1092 3525; x_wconf 80' lang='lat' dir='ltr'>adorandum</span> <span class='ocrx_word' id='word_1_557' title='bbox 1112 3502 1251 3527; x_wconf 79' lang='lat' dir='ltr'>modernae</span> <span class='ocrx_word' id='word_1_558' title='bbox 1270 3503 1404 3530; x_wconf 66' lang='lat' dir='ltr'>editiones.</span> 
     </span>
     <span class='ocr_line' id='line_1_85' title="bbox 525 3534 1070 3567; baseline 0.002 -9"><span class='ocrx_word' id='word_1_559' title='bbox 525 3534 551 3567; x_wconf 79' lang='grc' dir='ltr'>β)</span> <span class='ocrx_word' id='word_1_560' title='bbox 571 3538 664 3560; x_wconf 72' lang='lat' dir='ltr'>motus.</span> <span class='ocrx_word' id='word_1_561' title='bbox 680 3550 699 3554; x_wconf 92' lang='lat'>—</span> <span class='ocrx_word' id='word_1_562' title='bbox 717 3536 784 3560; x_wconf 80' lang='lat' dir='ltr'>duos</span> <span class='ocrx_word' id='word_1_563' title='bbox 802 3538 888 3559; x_wconf 80' lang='lat' dir='ltr'>motus</span> <span class='ocrx_word' id='word_1_564' title='bbox 907 3535 926 3560; x_wconf 76' lang='lat' dir='ltr'><strong>F</strong></span> <span class='ocrx_word' id='word_1_565' title='bbox 946 3540 970 3559; x_wconf 82' lang='lat' dir='ltr'>et</span> <span class='ocrx_word' id='word_1_566' title='bbox 989 3535 1070 3560; x_wconf 76' lang='lat' dir='ltr'>tertia</span> 
     </span>
     <span class='ocr_line' id='line_1_86' title="bbox 472 3569 1526 3630; baseline 0.004 -36"><span class='ocrx_word' id='word_1_567' title='bbox 472 3569 800 3630; x_wconf 54' lang='lat' dir='ltr'>AGygtagfiggggmdum.</span> <span class='ocrx_word' id='word_1_568' title='bbox 818 3583 836 3587; x_wconf 94' lang='lat'>-</span> <span class='ocrx_word' id='word_1_569' title='bbox 855 3570 956 3595; x_wconf 81' lang='lat' dir='ltr'>CEFsD</span> <span class='ocrx_word' id='word_1_570' title='bbox 975 3574 999 3594; x_wconf 83' lang='lat' dir='ltr'>et</span> <span class='ocrx_word' id='word_1_571' title='bbox 1017 3577 1049 3599; x_wconf 83' lang='lat' dir='ltr'>a‚·</span> <span class='ocrx_word' id='word_1_572' title='bbox 1066 3570 1233 3595; x_wconf 81' lang='lat' dir='ltr'>adorandum</span> <span class='ocrx_word' id='word_1_573' title='bbox 1258 3572 1339 3604; x_wconf 85' lang='lat' dir='ltr'>BIpD,</span> <span class='ocrx_word' id='word_1_574' title='bbox 1358 3571 1526 3598; x_wconf 76' lang='lat' dir='ltr'>adorandam</span> 
     </span>
    </p>
   </div>
   <div class='ocr_carea' id='block_1_21' title="bbox 674 1379 2645 1441">
    <p class='ocr_par' dir='ltr' id='par_1_28' title="bbox 674 1379 2645 1441">
     <span class='ocr_line' id='line_1_87' title="bbox 674 1379 2645 1441; baseline -0.001 -20"><span class='ocrx_word' id='word_1_575' title='bbox 674 1397 697 1421; x_wconf 84' lang='lat' dir='ltr'>n</span> <span class='ocrx_word' id='word_1_576' title='bbox 720 1395 878 1421; x_wconf 76' lang='lat' dir='ltr'>TER-num</span> <span class='ocrx_word' id='word_1_577' title='bbox 902 1395 954 1420; x_wconf 87' lang='lat' dir='ltr'>s1c</span> <span class='ocrx_word' id='word_1_578' title='bbox 973 1394 1208 1420; x_wconf 71' lang='lat' dir='ltr'>pnocrnrrua.</span> <span class='ocrx_word' id='word_1_579' title='bbox 1238 1381 1398 1419; x_wconf 91' lang='lat' dir='ltr'>Videtur</span> <span class='ocrx_word' id='word_1_580' title='bbox 1419 1381 1526 1430; x_wconf 92' lang='lat' dir='ltr'>quod</span> <span class='ocrx_word' id='word_1_581' title='bbox 1581 1380 1806 1441; x_wconf 82' lang='lat' dir='ltr'>differentia,</span> <span class='ocrx_word' id='word_1_582' title='bbox 1836 1381 1927 1431; x_wconf 90' lang='lat' dir='ltr'>quia</span> <span class='ocrx_word' id='word_1_583' title='bbox 1954 1381 2103 1431; x_wconf 89' lang='lat' dir='ltr'>primus</span> <span class='ocrx_word' id='word_1_584' title='bbox 2130 1388 2271 1429; x_wconf 83' lang='lat' dir='ltr'>motuS,</span> <span class='ocrx_word' id='word_1_585' title='bbox 2301 1393 2381 1431; x_wconf 92' lang='lat' dir='ltr'>quo</span> <span class='ocrx_word' id='word_1_586' title='bbox 2405 1381 2492 1432; x_wconf 87' lang='lat' dir='ltr'>quis</span> <span class='ocrx_word' id='word_1_587' title='bbox 2510 1379 2645 1420; x_wconf 80' lang='lat' dir='ltr'>move-</span> 
     </span>
    </p>
   </div>
   <div class='ocr_carea' id='block_1_22' title="bbox 1580 1429 2685 1916">
    <p class='ocr_par' dir='ltr' id='par_1_29' title="bbox 1580 1429 2685 1906">
     <span class='ocr_line' id='line_1_88' title="bbox 1580 1429 2645 1484; baseline 0.002 -13"><span class='ocrx_word' id='word_1_588' title='bbox 1580 1442 1642 1471; x_wconf 92' lang='lat' dir='ltr'>tur</span> <span class='ocrx_word' id='word_1_589' title='bbox 1669 1434 1709 1471; x_wconf 92' lang='lat' dir='ltr'>in</span> <span class='ocrx_word' id='word_1_590' title='bbox 1728 1434 1936 1483; x_wconf 87' lang='lat' dir='ltr'>imaginem</span> <span class='ocrx_word' id='word_1_591' title='bbox 1963 1443 2081 1484; x_wconf 87' lang='lat' dir='ltr'>prout</span> <span class='ocrx_word' id='word_1_592' title='bbox 2098 1442 2153 1471; x_wconf 91' lang='lat' dir='ltr'>est</span> <span class='ocrx_word' id='word_1_593' title='bbox 2171 1446 2231 1471; x_wconf 92' lang='lat' dir='ltr'>res</span> <span class='ocrx_word' id='word_1_594' title='bbox 2250 1435 2454 1484; x_wconf 85' lang='lat' dir='ltr'>quaedam,</span> <span class='ocrx_word' id='word_1_595' title='bbox 2475 1442 2532 1473; x_wconf 91' lang='lat' dir='ltr'>est</span> <span class='ocrx_word' id='word_1_596' title='bbox 2545 1429 2645 1473; x_wconf 89' lang='lat' dir='ltr'>alius</span> 
     </span>
     <span class='ocr_line' id='line_1_89' title="bbox 1581 1487 2644 1537; baseline 0.002 -13"><span class='ocrx_word' id='word_1_597' title='bbox 1581 1499 1604 1524; x_wconf 89' lang='lat' dir='ltr'>a</span> <span class='ocrx_word' id='word_1_598' title='bbox 1627 1495 1737 1524; x_wconf 92' lang='lat' dir='ltr'>motu</span> <span class='ocrx_word' id='word_1_599' title='bbox 1766 1487 1833 1537; x_wconf 92' lang='lat' dir='ltr'>qui</span> <span class='ocrx_word' id='word_1_600' title='bbox 1857 1495 1911 1524; x_wconf 89' lang='lat' dir='ltr'>est</span> <span class='ocrx_word' id='word_1_601' title='bbox 1937 1487 1976 1524; x_wconf 92' lang='lat' dir='ltr'>in</span> <span class='ocrx_word' id='word_1_602' title='bbox 2002 1499 2102 1524; x_wconf 89' lang='lat' dir='ltr'>rem:</span> <span class='ocrx_word' id='word_1_603' title='bbox 2134 1488 2327 1525; x_wconf 90' lang='lat' dir='ltr'>secundus</span> <span class='ocrx_word' id='word_1_604' title='bbox 2353 1495 2483 1525; x_wconf 89' lang='lat' dir='ltr'>autem</span> <span class='ocrx_word' id='word_1_605' title='bbox 2503 1494 2644 1536; x_wconf 88' lang='lat' dir='ltr'>motus,</span> 
     </span>
     <span class='ocr_line' id='line_1_90' title="bbox 1581 1539 2647 1589; baseline 0.004 -13"><span class='ocrx_word' id='word_1_606' title='bbox 1581 1539 1648 1589; x_wconf 90' lang='lat' dir='ltr'>qui</span> <span class='ocrx_word' id='word_1_607' title='bbox 1677 1547 1732 1577; x_wconf 91' lang='lat' dir='ltr'>est</span> <span class='ocrx_word' id='word_1_608' title='bbox 1759 1539 1798 1577; x_wconf 91' lang='lat' dir='ltr'>in</span> <span class='ocrx_word' id='word_1_609' title='bbox 1826 1539 2035 1588; x_wconf 85' lang='lat' dir='ltr'>imaginem</span> <span class='ocrx_word' id='word_1_610' title='bbox 2067 1539 2300 1589; x_wconf 88' lang='lat' dir='ltr'>inquantum</span> <span class='ocrx_word' id='word_1_611' title='bbox 2328 1548 2383 1577; x_wconf 91' lang='lat' dir='ltr'>est</span> <span class='ocrx_word' id='word_1_612' title='bbox 2411 1539 2556 1589; x_wconf 81' lang='lat' dir='ltr'>image,</span> <span class='ocrx_word' id='word_1_613' title='bbox 2590 1549 2647 1582; x_wconf 76' lang='lat' dir='ltr'>est</span> 
     </span>
     <span class='ocr_line' id='line_1_91' title="bbox 1580 1591 2685 1643; baseline 0.002 -13"><span class='ocrx_word' id='word_1_614' title='bbox 1580 1604 1684 1630; x_wconf 91' lang='lat' dir='ltr'>unus</span> <span class='ocrx_word' id='word_1_615' title='bbox 1719 1600 1755 1630; x_wconf 92' lang='lat' dir='ltr'>et</span> <span class='ocrx_word' id='word_1_616' title='bbox 1789 1592 1893 1630; x_wconf 90' lang='lat' dir='ltr'>idem</span> <span class='ocrx_word' id='word_1_617' title='bbox 1929 1604 2019 1630; x_wconf 91' lang='lat' dir='ltr'>cum</span> <span class='ocrx_word' id='word_1_618' title='bbox 2047 1592 2111 1630; x_wconf 93' lang='lat' dir='ltr'>illo</span> <span class='ocrx_word' id='word_1_619' title='bbox 2148 1591 2216 1642; x_wconf 91' lang='lat' dir='ltr'>qui</span> <span class='ocrx_word' id='word_1_620' title='bbox 2250 1600 2306 1630; x_wconf 92' lang='lat' dir='ltr'>est</span> <span class='ocrx_word' id='word_1_621' title='bbox 2339 1593 2379 1630; x_wconf 94' lang='lat' dir='ltr'>in</span> <span class='ocrx_word' id='word_1_622' title='bbox 2412 1604 2495 1630; x_wconf 88' lang='lat' dir='ltr'>rem</span> <span class='ocrx_word' id='word_1_623' title='bbox 2512 1593 2544 1631; x_wconf 73' lang='lat'>¹⁸.</span> <span class='ocrx_word' id='word_1_624' title='bbox 2582 1592 2647 1643; x_wconf 79' lang='lat' dir='ltr'>Sit:</span> <span class='ocrx_word' id='word_1_625' title='bbox 2672 1595 2685 1609; x_wconf 78' lang='lat'>⁸</span> 
     </span>
     <span class='ocr_line' id='line_1_92' title="bbox 1581 1644 2647 1697; baseline 0.003 -15"><span class='ocrx_word' id='word_1_626' title='bbox 1581 1644 1693 1693; x_wconf 89' lang='lat' dir='ltr'>igitur</span> <span class='ocrx_word' id='word_1_627' title='bbox 1710 1645 1920 1683; x_wconf 91' lang='lat' dir='ltr'>dicendum</span> <span class='ocrx_word' id='word_1_628' title='bbox 1939 1653 1995 1682; x_wconf 92' lang='lat' dir='ltr'>est</span> <span class='ocrx_word' id='word_1_629' title='bbox 2015 1644 2150 1695; x_wconf 92' lang='lat' dir='ltr'>quod</span> <span class='ocrx_word' id='word_1_630' title='bbox 2141 1644 2297 1693; x_wconf 81' lang='lat' dir='ltr'>imagini</span> <span class='ocrx_word' id='word_1_631' title='bbox 2317 1645 2456 1683; x_wconf 89' lang='lat' dir='ltr'>Christi</span> <span class='ocrx_word' id='word_1_632' title='bbox 2483 1645 2647 1697; x_wconf 76' lang='lat' dir='ltr'>inquan·</span> 
     </span>
     <span class='ocr_line' id='line_1_93' title="bbox 1581 1697 2648 1759; baseline 0.003 -24"><span class='ocrx_word' id='word_1_633' title='bbox 1581 1705 1666 1735; x_wconf 88' lang='lat' dir='ltr'>tum</span> <span class='ocrx_word' id='word_1_634' title='bbox 1694 1706 1750 1735; x_wconf 92' lang='lat' dir='ltr'>est</span> <span class='ocrx_word' id='word_1_635' title='bbox 1777 1710 1837 1736; x_wconf 90' lang='lat' dir='ltr'>res</span> <span class='ocrx_word' id='word_1_636' title='bbox 1860 1699 2065 1748; x_wconf 90' lang='lat' dir='ltr'>quaedam,</span> <span class='ocrx_word' id='word_1_637' title='bbox 2093 1706 2188 1758; x_wconf 84' lang='lat' dir='ltr'>puta</span> <span class='ocrx_word' id='word_1_638' title='bbox 2206 1697 2353 1747; x_wconf 90' lang='lat' dir='ltr'>lignum</span> <span class='ocrx_word' id='word_1_639' title='bbox 2373 1700 2564 1759; x_wconf 85' lang='lat' dir='ltr'>sculptum</span> <span class='ocrx_word' id='word_1_640' title='bbox 2581 1701 2648 1739; x_wconf 78' lang='lat' dir='ltr'>vel</span> 
     </span>
     <span class='ocr_line' id='line_1_94' title="bbox 1580 1748 2646 1811; baseline 0.003 -23"><span class='ocrx_word' id='word_1_641' title='bbox 1580 1751 1746 1811; x_wconf 81' lang='lat' dir='ltr'>pictum,</span> <span class='ocrx_word' id='word_1_642' title='bbox 1782 1753 1887 1789; x_wconf 89' lang='lat' dir='ltr'>nulla</span> <span class='ocrx_word' id='word_1_643' title='bbox 1915 1750 2129 1788; x_wconf 89' lang='lat' dir='ltr'>reverentia</span> <span class='ocrx_word' id='word_1_644' title='bbox 2155 1751 2375 1789; x_wconf 88' lang='lat' dir='ltr'>exhibetur:</span> <span class='ocrx_word' id='word_1_645' title='bbox 2414 1751 2506 1802; x_wconf 82' lang='lat' dir='ltr'>quia</span> <span class='ocrx_word' id='word_1_646' title='bbox 2530 1748 2646 1793; x_wconf 59' lang='lat' dir='ltr'>reve*-</span> 
     </span>
     <span class='ocr_line' id='line_1_95' title="bbox 1581 1802 2647 1844; baseline 0.004 -4"><span class='ocrx_word' id='word_1_647' title='bbox 1581 1804 1702 1841; x_wconf 89' lang='lat' dir='ltr'>rentia</span> <span class='ocrx_word' id='word_1_648' title='bbox 1728 1804 1891 1841; x_wconf 92' lang='lat' dir='ltr'>debetur</span> <span class='ocrx_word' id='word_1_649' title='bbox 1917 1816 1998 1842; x_wconf 92' lang='lat' dir='ltr'>non</span> <span class='ocrx_word' id='word_1_650' title='bbox 2025 1803 2098 1841; x_wconf 90' lang='lat' dir='ltr'>nisi</span> <span class='ocrx_word' id='word_1_651' title='bbox 2125 1802 2299 1842; x_wconf 87' lang='lat' dir='ltr'>rationali</span> <span class='ocrx_word' id='word_1_652' title='bbox 2319 1812 2488 1843; x_wconf 88' lang='lat' dir='ltr'>naturae.</span> <span class='ocrx_word' id='word_1_653' title='bbox 2517 1804 2647 1844; x_wconf 86' lang='lat' dir='ltr'>Relin-</span> 
     </span>
     <span class='ocr_line' id='line_1_96' title="bbox 1581 1856 2647 1916; baseline 0.004 -23"><span class='ocrx_word' id='word_1_654' title='bbox 1581 1856 1712 1906; x_wconf 91' lang='lat' dir='ltr'>quitur</span> <span class='ocrx_word' id='word_1_655' title='bbox 1738 1868 1828 1905; x_wconf 89' lang='lat' dir='ltr'>ergo</span> <span class='ocrx_word' id='word_1_656' title='bbox 1856 1857 1964 1916; x_wconf 85' lang='lat' dir='ltr'>quod</span> <span class='ocrx_word' id='word_1_657' title='bbox 1983 1856 2208 1894; x_wconf 85' lang='lat' dir='ltr'>exhibeatur</span> <span class='ocrx_word' id='word_1_658' title='bbox 2226 1856 2261 1894; x_wconf 89' lang='lat' dir='ltr'>ei</span> <span class='ocrx_word' id='word_1_659' title='bbox 2280 1857 2491 1896; x_wconf 89' lang='lat' dir='ltr'>reverentia</span> <span class='ocrx_word' id='word_1_660' title='bbox 2519 1858 2647 1899; x_wconf 82' lang='lat' dir='ltr'>solum</span> 
     </span>
    </p>
   </div>
   <div class='ocr_carea' id='block_1_23' title="bbox 1581 1903 2843 1972">
    <p class='ocr_par' dir='ltr' id='par_1_30' title="bbox 1581 1892 2843 1972">
     <span class='ocr_line' id='line_1_97' title="bbox 1581 1903 2843 1972; baseline 0.001 -26"><span class='ocrx_word' id='word_1_661' title='bbox 1581 1908 1814 1958; x_wconf 89' lang='lat' dir='ltr'>inquantum</span> <span class='ocrx_word' id='word_1_662' title='bbox 1841 1917 1897 1946; x_wconf 89' lang='lat' dir='ltr'>est</span> <span class='ocrx_word' id='word_1_663' title='bbox 1924 1909 2063 1957; x_wconf 89' lang='lat' dir='ltr'>imago.</span> <span class='ocrx_word' id='word_1_664' title='bbox 2093 1910 2142 1946; x_wconf 91' lang='lat' dir='ltr'>Et</span> <span class='ocrx_word' id='word_1_665' title='bbox 2169 1909 2222 1946; x_wconf 91' lang='lat' dir='ltr'>sic</span> <span class='ocrx_word' id='word_1_666' title='bbox 2250 1909 2423 1959; x_wconf 91' lang='lat' dir='ltr'>sequitur</span> <span class='ocrx_word' id='word_1_667' title='bbox 2448 1910 2574 1961; x_wconf 88' lang='lat' dir='ltr'>quod</span> <span class='ocrx_word' id='word_1_668' title='bbox 2574 1921 2647 1972; x_wconf 38' lang='lat' dir='ltr'>’ea-</span> <span class='ocrx_word' id='word_1_669' title='bbox 2672 1911 2675 1914; x_wconf 68' lang='grc'>’</span> <span class='ocrx_word' id='word_1_670' title='bbox 2837 1903 2843 1947; x_wconf 61' lang='grc' dir='ltr'>ζ</span> 
     </span>
    </p>
   </div>
   <div class='ocr_carea' id='block_1_24' title="bbox 1580 1960 2647 2158">
    <p class='ocr_par' dir='ltr' id='par_1_31' title="bbox 1580 1960 2647 2158">
     <span class='ocr_line' id='line_1_98' title="bbox 1581 1960 2647 2014; baseline 0.002 -15"><span class='ocrx_word' id='word_1_671' title='bbox 1581 1962 1671 1999; x_wconf 90' lang='lat' dir='ltr'>dem</span> <span class='ocrx_word' id='word_1_672' title='bbox 1691 1962 1902 1999; x_wconf 88' lang='lat' dir='ltr'>reverentia</span> <span class='ocrx_word' id='word_1_673' title='bbox 1921 1961 2178 1999; x_wconf 84' lang='lat' dir='ltr'>exhibeatur&#39;</span> <span class='ocrx_word' id='word_1_674' title='bbox 2169 1961 2325 2010; x_wconf 84' lang='lat' dir='ltr'>imagini</span> <span class='ocrx_word' id='word_1_675' title='bbox 2345 1962 2485 2001; x_wconf 88' lang='lat' dir='ltr'>Christi</span> <span class='ocrx_word' id='word_1_676' title='bbox 2514 1970 2555 2001; x_wconf 79' lang='lat' dir='ltr'>et</span> <span class='ocrx_word' id='word_1_677' title='bbox 2572 1960 2647 2014; x_wconf 88' lang='lat' dir='ltr'>ipsi</span> 
     </span>
     <span class='ocr_line' id='line_1_99' title="bbox 1583 2014 2646 2063; baseline 0.003 -11"><span class='ocrx_word' id='word_1_678' title='bbox 1583 2014 1746 2052; x_wconf 89' lang='lat' dir='ltr'>Christo.</span> <span class='ocrx_word' id='word_1_679' title='bbox 1778 2015 1880 2052; x_wconf 87' lang='lat' dir='ltr'>Cum</span> <span class='ocrx_word' id='word_1_680' title='bbox 1899 2014 2011 2063; x_wconf 89' lang='lat' dir='ltr'>igitur</span> <span class='ocrx_word' id='word_1_681' title='bbox 2031 2015 2204 2052; x_wconf 91' lang='lat' dir='ltr'>Christus</span> <span class='ocrx_word' id='word_1_682' title='bbox 2223 2015 2404 2053; x_wconf 88' lang='lat' dir='ltr'>adoretur</span> <span class='ocrx_word' id='word_1_683' title='bbox 2421 2015 2646 2055; x_wconf 82' lang='lat' dir='ltr'>adoratione</span> 
     </span>
     <span class='ocr_line' id='line_1_100' title="bbox 1580 2067 2646 2118; baseline 0.003 -14"><span class='ocrx_word' id='word_1_684' title='bbox 1580 2068 1720 2114; x_wconf 89' lang='lat' dir='ltr'>latriae,</span> <span class='ocrx_word' id='word_1_685' title='bbox 1750 2080 1993 2117; x_wconf 88' lang='lat' dir='ltr'>consequens</span> <span class='ocrx_word' id='word_1_686' title='bbox 2021 2075 2076 2104; x_wconf 90' lang='lat' dir='ltr'>est</span> <span class='ocrx_word' id='word_1_687' title='bbox 2103 2068 2211 2118; x_wconf 92' lang='lat' dir='ltr'>quod</span> <span class='ocrx_word' id='word_1_688' title='bbox 2239 2067 2322 2106; x_wconf 90' lang='lat' dir='ltr'>eius</span> <span class='ocrx_word' id='word_1_689' title='bbox 2349 2068 2477 2118; x_wconf 85' lang='lat' dir='ltr'>imago</span> <span class='ocrx_word' id='word_1_690' title='bbox 2505 2068 2552 2107; x_wconf 87' lang='lat' dir='ltr'>sit</span> <span class='ocrx_word' id='word_1_691' title='bbox 2578 2069 2646 2108; x_wconf 89' lang='lat' dir='ltr'>ad-</span> 
     </span>
     <span class='ocr_line' id='line_1_101' title="bbox 1581 2121 2145 2158; baseline 0.002 -1"><span class='ocrx_word' id='word_1_692' title='bbox 1581 2121 1753 2158; x_wconf 90' lang='lat' dir='ltr'>oratione</span> <span class='ocrx_word' id='word_1_693' title='bbox 1781 2121 1909 2158; x_wconf 90' lang='lat' dir='ltr'>latriae</span> <span class='ocrx_word' id='word_1_694' title='bbox 1937 2121 2145 2158; x_wconf 88' lang='lat' dir='ltr'>adoranda.</span> 
     </span>
    </p>
   </div>
   <div class='ocr_carea' id='block_1_25' title="bbox 1634 2167 2842 2224">
    <p class='ocr_par' dir='ltr' id='par_1_32' title="bbox 1634 2167 2842 2224">
     <span class='ocr_line' id='line_1_102' title="bbox 1634 2167 2842 2224; baseline 0.003 -14"><span class='ocrx_word' id='word_1_695' title='bbox 1634 2175 1691 2210; x_wconf 81' lang='lat' dir='ltr'>Ao</span> <span class='ocrx_word' id='word_1_696' title='bbox 1711 2185 1846 2211; x_wconf 71' lang='lat' dir='ltr'>ptumum</span> <span class='ocrx_word' id='word_1_697' title='bbox 1867 2185 1965 2211; x_wconf 81' lang='lat' dir='ltr'>ERGO</span> <span class='ocrx_word' id='word_1_698' title='bbox 1984 2185 2166 2211; x_wconf 70' lang='lat' dir='ltr'>Dicssnnum</span> <span class='ocrx_word' id='word_1_699' title='bbox 2185 2173 2293 2222; x_wconf 93' lang='lat' dir='ltr'>quod</span> <span class='ocrx_word' id='word_1_700' title='bbox 2321 2185 2401 2211; x_wconf 91' lang='lat' dir='ltr'>non</span> <span class='ocrx_word' id='word_1_701' title='bbox 2420 2173 2648 2224; x_wconf 84' lang='lat' dir='ltr'>prohibetur</span> <span class='ocrx_word' id='word_1_702' title='bbox 2699 2201 2702 2204; x_wconf 86' lang='lat'><em>-</em></span> <span class='ocrx_word' id='word_1_703' title='bbox 2720 2167 2784 2208; x_wconf 53' lang='grc' dir='ltr'>ἑῖ“““-’·Ἷ</span> <span class='ocrx_word' id='word_1_704' title='bbox 2838 2199 2842 2205; x_wconf 81' lang='lat'>,</span> 
     </span>
    </p>
   </div>
   <div class='ocr_carea' id='block_1_26' title="bbox 1579 2226 2685 2646">
    <p class='ocr_par' dir='ltr' id='par_1_33' title="bbox 1579 2226 2685 2646">
     <span class='ocr_line' id='line_1_103' title="bbox 1580 2226 2647 2278; baseline 0.003 -15"><span class='ocrx_word' id='word_1_705' title='bbox 1580 2226 1644 2263; x_wconf 91' lang='lat' dir='ltr'>illo</span> <span class='ocrx_word' id='word_1_706' title='bbox 1679 2233 1884 2276; x_wconf 89' lang='lat' dir='ltr'>praecepto</span> <span class='ocrx_word' id='word_1_707' title='bbox 1920 2227 2043 2263; x_wconf 86' lang='lat' dir='ltr'>facere</span> <span class='ocrx_word' id='word_1_708' title='bbox 2081 2238 2372 2276; x_wconf 89' lang='lat' dir='ltr'>quamcumque</span> <span class='ocrx_word' id='word_1_709' title='bbox 2410 2228 2647 2278; x_wconf 80' lang='lat' dir='ltr'>sculpturam</span> 
     </span>
     <span class='ocr_line' id='line_1_104' title="bbox 1580 2278 2645 2326; baseline 0.003 -10"><span class='ocrx_word' id='word_1_710' title='bbox 1580 2281 1643 2316; x_wconf 90' lang='lat' dir='ltr'>vel</span> <span class='ocrx_word' id='word_1_711' title='bbox 1670 2278 1980 2326; x_wconf 90' lang='lat' dir='ltr'>similitudinem,</span> <span class='ocrx_word' id='word_1_712' title='bbox 2017 2279 2084 2316; x_wconf 89' lang='lat' dir='ltr'>sed</span> <span class='ocrx_word' id='word_1_713' title='bbox 2110 2279 2232 2317; x_wconf 88' lang='lat' dir='ltr'>facere</span> <span class='ocrx_word' id='word_1_714' title='bbox 2268 2279 2317 2317; x_wconf 90' lang='lat' dir='ltr'>ad</span> <span class='ocrx_word' id='word_1_715' title='bbox 2345 2280 2591 2319; x_wconf 85' lang='lat' dir='ltr'>adorandum</span> <span class='ocrx_word' id='word_1_716' title='bbox 2608 2282 2645 2319; x_wconf 59' lang='lat' dir='ltr'>i.</span> 
     </span>
     <span class='ocr_line' id='line_1_105' title="bbox 1580 2308 2685 2383; baseline 0.004 -14"><span class='ocrx_word' id='word_1_717' title='bbox 1580 2332 1685 2369; x_wconf 90' lang='lat' dir='ltr'>unde</span> <span class='ocrx_word' id='word_1_718' title='bbox 1714 2331 1842 2369; x_wconf 89' lang='lat' dir='ltr'>subdit</span> <span class='ocrx_word' id='word_1_719' title='bbox 1860 2331 1897 2354; x_wconf 81' lang='lat'>*·</span> <span class='ocrx_word' id='word_1_720' title='bbox 1927 2308 2017 2370; x_wconf 58' lang='lat' dir='ltr'>N&#39;on</span> <span class='ocrx_word' id='word_1_721' title='bbox 2043 2332 2218 2370; x_wconf 83' lang='lat' dir='ltr'>adorabis</span> <span class='ocrx_word' id='word_1_722' title='bbox 2243 2345 2289 2370; x_wconf 89' lang='lat' dir='ltr'>ea</span> <span class='ocrx_word' id='word_1_723' title='bbox 2317 2344 2435 2383; x_wconf 87' lang='lat' dir='ltr'>neque</span> <span class='ocrx_word' id='word_1_724' title='bbox 2451 2332 2559 2373; x_wconf 75' lang='lat' dir='ltr'>coles.</span> <span class='ocrx_word' id='word_1_725' title='bbox 2597 2332 2648 2373; x_wconf 74' lang='lat' dir='ltr'>Et</span> <span class='ocrx_word' id='word_1_726' title='bbox 2673 2340 2685 2352; x_wconf 80' lang='lat'><em>⁰</em></span> 
     </span>
     <span class='ocr_line' id='line_1_106' title="bbox 1581 2384 2646 2434; baseline 0.003 -12"><span class='ocrx_word' id='word_1_727' title='bbox 1581 2385 1683 2434; x_wconf 91' lang='lat' dir='ltr'>quia,</span> <span class='ocrx_word' id='word_1_728' title='bbox 1713 2385 1809 2422; x_wconf 92' lang='lat' dir='ltr'>sicut</span> <span class='ocrx_word' id='word_1_729' title='bbox 1836 2384 1983 2422; x_wconf 90' lang='lat' dir='ltr'>dictum</span> <span class='ocrx_word' id='word_1_730' title='bbox 2011 2393 2066 2422; x_wconf 90' lang='lat' dir='ltr'>est</span> <span class='ocrx_word' id='word_1_731' title='bbox 2083 2385 2114 2432; x_wconf 71' lang='lat'>¹⁸,</span> <span class='ocrx_word' id='word_1_732' title='bbox 2143 2384 2248 2423; x_wconf 89' lang='lat' dir='ltr'>idem</span> <span class='ocrx_word' id='word_1_733' title='bbox 2271 2392 2327 2422; x_wconf 90' lang='lat' dir='ltr'>est</span> <span class='ocrx_word' id='word_1_734' title='bbox 2344 2393 2475 2424; x_wconf 89' lang='lat' dir='ltr'>motus</span> <span class='ocrx_word' id='word_1_735' title='bbox 2492 2385 2533 2424; x_wconf 88' lang='lat' dir='ltr'>in</span> <span class='ocrx_word' id='word_1_736' title='bbox 2551 2385 2646 2425; x_wconf 80' lang='lat' dir='ltr'>ima-</span> 
     </span>
     <span class='ocr_line' id='line_1_107' title="bbox 1580 2437 2646 2488; baseline 0.002 -13"><span class='ocrx_word' id='word_1_737' title='bbox 1580 2438 1710 2486; x_wconf 89' lang='lat' dir='ltr'>ginem</span> <span class='ocrx_word' id='word_1_738' title='bbox 1738 2446 1774 2475; x_wconf 92' lang='lat' dir='ltr'>et</span> <span class='ocrx_word' id='word_1_739' title='bbox 1802 2437 1841 2475; x_wconf 95' lang='lat' dir='ltr'>in</span> <span class='ocrx_word' id='word_1_740' title='bbox 1869 2450 1964 2485; x_wconf 83' lang='lat' dir='ltr'>rem,</span> <span class='ocrx_word' id='word_1_741' title='bbox 1993 2450 2040 2475; x_wconf 93' lang='lat' dir='ltr'>eo</span> <span class='ocrx_word' id='word_1_742' title='bbox 2059 2438 2181 2475; x_wconf 90' lang='lat' dir='ltr'>modo</span> <span class='ocrx_word' id='word_1_743' title='bbox 2198 2437 2427 2488; x_wconf 90' lang='lat' dir='ltr'>prohibetur</span> <span class='ocrx_word' id='word_1_744' title='bbox 2444 2437 2646 2477; x_wconf 77' lang='lat' dir='ltr'>adoratio⁸</span> 
     </span>
     <span class='ocr_line' id='line_1_108' title="bbox 1581 2490 2646 2541; baseline 0.003 -13"><span class='ocrx_word' id='word_1_745' title='bbox 1581 2503 1660 2541; x_wconf 93' lang='lat' dir='ltr'>quo</span> <span class='ocrx_word' id='word_1_746' title='bbox 1680 2491 1907 2540; x_wconf 87' lang='lat' dir='ltr'>prohibetur</span> <span class='ocrx_word' id='word_1_747' title='bbox 1925 2490 2097 2528; x_wconf 89' lang='lat' dir='ltr'>adoratio</span> <span class='ocrx_word' id='word_1_748' title='bbox 2112 2490 2166 2528; x_wconf 92' lang='lat' dir='ltr'>rei</span> <span class='ocrx_word' id='word_1_749' title='bbox 2180 2491 2290 2528; x_wconf 91' lang='lat' dir='ltr'>cuius</span> <span class='ocrx_word' id='word_1_750' title='bbox 2305 2498 2360 2528; x_wconf 92' lang='lat' dir='ltr'>est</span> <span class='ocrx_word' id='word_1_751' title='bbox 2374 2491 2513 2540; x_wconf 84' lang='lat' dir='ltr'>imago.</span> <span class='ocrx_word' id='word_1_752' title='bbox 2532 2492 2646 2531; x_wconf 77' lang='lat' dir='ltr'>Unde</span> 
     </span>
     <span class='ocr_line' id='line_1_109' title="bbox 1580 2540 2646 2601; baseline 0.003 -20"><span class='ocrx_word' id='word_1_753' title='bbox 1580 2544 1632 2581; x_wconf 93' lang='lat' dir='ltr'>ibi</span> <span class='ocrx_word' id='word_1_754' title='bbox 1660 2544 1876 2593; x_wconf 88' lang='lat' dir='ltr'>intelligitur</span> <span class='ocrx_word' id='word_1_755' title='bbox 1893 2543 2090 2594; x_wconf 90' lang='lat' dir='ltr'>prohiberi</span> <span class='ocrx_word' id='word_1_756' title='bbox 2113 2540 2319 2582; x_wconf 91' lang='lat' dir='ltr'>adoratio</span> <span class='ocrx_word' id='word_1_757' title='bbox 2309 2544 2523 2592; x_wconf 80' lang='lat' dir='ltr'>imaginum</span> <span class='ocrx_word' id='word_1_758' title='bbox 2549 2543 2646 2601; x_wconf 71' lang='lat' dir='ltr'>quas</span> 
     </span>
     <span class='ocr_line' id='line_1_110' title="bbox 1579 2595 2646 2646; baseline 0.002 -12"><span class='ocrx_word' id='word_1_759' title='bbox 1579 2597 1736 2646; x_wconf 90' lang='lat' dir='ltr'>gentiles</span> <span class='ocrx_word' id='word_1_760' title='bbox 1762 2597 1950 2635; x_wconf 86' lang='lat' dir='ltr'>faciebant</span> <span class='ocrx_word' id='word_1_761' title='bbox 1977 2595 2017 2634; x_wconf 93' lang='lat' dir='ltr'>in</span> <span class='ocrx_word' id='word_1_762' title='bbox 2044 2596 2335 2635; x_wconf 84' lang='lat' dir='ltr'>venerationem</span> <span class='ocrx_word' id='word_1_763' title='bbox 2363 2597 2529 2636; x_wconf 88' lang='lat' dir='ltr'>deorum</span> <span class='ocrx_word' id='word_1_764' title='bbox 2556 2607 2646 2636; x_wconf 83' lang='lat' dir='ltr'>suo·</span> 
     </span>
    </p>
   </div>
   <div class='ocr_carea' id='block_1_27' title="bbox 1580 2638 2773 2700">
    <p class='ocr_par' dir='ltr' id='par_1_34' title="bbox 1580 2638 2773 2700">
     <span class='ocr_line' id='line_1_111' title="bbox 1580 2638 2773 2700; baseline 0.002 -13"><span class='ocrx_word' id='word_1_765' title='bbox 1580 2663 1686 2698; x_wconf 87' lang='lat' dir='ltr'>rum,</span> <span class='ocrx_word' id='word_1_766' title='bbox 1716 2650 1812 2687; x_wconf 92' lang='lat' dir='ltr'>idest</span> <span class='ocrx_word' id='word_1_767' title='bbox 1840 2650 2097 2688; x_wconf 88' lang='lat' dir='ltr'>daemonum:</span> <span class='ocrx_word' id='word_1_768' title='bbox 2133 2649 2299 2700; x_wconf 91' lang='lat' dir='ltr'>ideoque</span> <span class='ocrx_word' id='word_1_769' title='bbox 2327 2650 2584 2699; x_wconf 86' lang='lat' dir='ltr'>praemittitur</span> <span class='ocrx_word' id='word_1_770' title='bbox 2603 2650 2644 2690; x_wconf 66' lang='grc' dir='ltr'>*ε</span> <span class='ocrx_word' id='word_1_771' title='bbox 2673 2654 2686 2669; x_wconf 85' lang='grc'><em>·</em></span> <span class='ocrx_word' id='word_1_772' title='bbox 2707 2638 2773 2679; x_wconf 91' lang='lat'>5</span> 
     </span>
    </p>
   </div>
   <div class='ocr_carea' id='block_1_28' title="bbox 1580 2681 2646 2816">
    <p class='ocr_par' dir='ltr' id='par_1_35' title="bbox 1580 2681 2646 2805">
     <span class='ocr_line' id='line_1_112' title="bbox 1580 2681 2646 2753; baseline 0.002 -12"><span class='ocrx_word' id='word_1_773' title='bbox 1580 2705 1670 2741; x_wconf 91' lang='lat' dir='ltr'>Non</span> <span class='ocrx_word' id='word_1_774' title='bbox 1698 2705 1848 2741; x_wconf 84' lang='lat' dir='ltr'>habebis</span> <span class='ocrx_word' id='word_1_775' title='bbox 1874 2703 1961 2740; x_wconf 80' lang='lat' dir='ltr'>deos</span> <span class='ocrx_word' id='word_1_776' title='bbox 1987 2703 2128 2740; x_wconf 88' lang='lat' dir='ltr'>alienos</span> <span class='ocrx_word' id='word_1_777' title='bbox 2150 2715 2280 2741; x_wconf 87' lang='lat' dir='ltr'>coram</span> <span class='ocrx_word' id='word_1_778' title='bbox 2308 2715 2378 2740; x_wconf 90' lang='lat' dir='ltr'>me.</span> <span class='ocrx_word' id='word_1_779' title='bbox 2414 2703 2489 2753; x_wconf 89' lang='lat' dir='ltr'>Ipsi</span> <span class='ocrx_word' id='word_1_780' title='bbox 2515 2681 2646 2743; x_wconf 68' lang='lat' dir='ltr'>autem</span> 
     </span>
     <span class='ocr_line' id='line_1_113' title="bbox 1580 2755 2646 2816; baseline 0.002 -22"><span class='ocrx_word' id='word_1_781' title='bbox 1580 2758 1665 2794; x_wconf 89' lang='lat' dir='ltr'>Deo</span> <span class='ocrx_word' id='word_1_782' title='bbox 1693 2768 1799 2804; x_wconf 89' lang='lat' dir='ltr'>vero,</span> <span class='ocrx_word' id='word_1_783' title='bbox 1820 2768 1911 2793; x_wconf 91' lang='lat' dir='ltr'>cum</span> <span class='ocrx_word' id='word_1_784' title='bbox 1931 2755 1976 2792; x_wconf 90' lang='lat' dir='ltr'>sit</span> <span class='ocrx_word' id='word_1_785' title='bbox 1989 2755 2256 2816; x_wconf 87' lang='lat' dir='ltr'>incorporeus,</span> <span class='ocrx_word' id='word_1_786' title='bbox 2276 2757 2381 2794; x_wconf 91' lang='lat' dir='ltr'>nulla</span> <span class='ocrx_word' id='word_1_787' title='bbox 2408 2755 2536 2805; x_wconf 81' lang='lat' dir='ltr'>imago</span> <span class='ocrx_word' id='word_1_788' title='bbox 2561 2760 2646 2796; x_wconf 81' lang='lat' dir='ltr'>cor·</span> 
     </span>
    </p>
   </div>
   <div class='ocr_carea' id='block_1_29' title="bbox 1580 2799 2774 2859">
    <p class='ocr_par' dir='ltr' id='par_1_36' title="bbox 1580 2799 2839 2859">
     <span class='ocr_line' id='line_1_114' title="bbox 1580 2799 2774 2859; baseline -0.003 -12"><span class='ocrx_word' id='word_1_789' title='bbox 1580 2809 1721 2859; x_wconf 90' lang='lat' dir='ltr'>poralis</span> <span class='ocrx_word' id='word_1_790' title='bbox 1739 2817 1888 2859; x_wconf 90' lang='lat' dir='ltr'>poterat</span> <span class='ocrx_word' id='word_1_791' title='bbox 1905 2808 2018 2858; x_wconf 91' lang='lat' dir='ltr'>poni:</span> <span class='ocrx_word' id='word_1_792' title='bbox 2049 2808 2151 2859; x_wconf 91' lang='lat' dir='ltr'>quia,</span> <span class='ocrx_word' id='word_1_793' title='bbox 2172 2818 2214 2846; x_wconf 92' lang='lat' dir='ltr'>ut</span> <span class='ocrx_word' id='word_1_794' title='bbox 2231 2809 2497 2847; x_wconf 83' lang='lat' dir='ltr'>Damascenus</span> <span class='ocrx_word' id='word_1_795' title='bbox 2515 2799 2645 2858; x_wconf 46' lang='grc'>1118119,</span> <span class='ocrx_word' id='word_1_796' title='bbox 2670 2806 2774 2839; x_wconf 61' lang='lat'>⁴⁵*</span> 
     </span>
    </p>
   </div>
   <div class='ocr_carea' id='block_1_30' title="bbox 1580 2863 2650 3440">
    <p class='ocr_par' dir='ltr' id='par_1_37' title="bbox 1580 2863 2650 3059">
     <span class='ocr_line' id='line_1_115' title="bbox 1580 2863 2650 2957; baseline 0 -57"><span class='ocrx_word' id='word_1_797' title='bbox 1580 2865 1809 2913; x_wconf 83' lang='lat' dir='ltr'>insipientiae</span> <span class='ocrx_word' id='word_1_798' title='bbox 1825 2874 1994 2899; x_wconf 86' lang='lat' dir='ltr'>summae</span> <span class='ocrx_word' id='word_1_799' title='bbox 2020 2868 2072 2899; x_wconf 88' lang='lat' dir='ltr'>est</span> <span class='ocrx_word' id='word_1_800' title='bbox 2089 2868 2123 2899; x_wconf 79' lang='lat' dir='ltr'>et</span> <span class='ocrx_word' id='word_1_801' title='bbox 2141 2863 2334 2913; x_wconf 82' lang='lat' dir='ltr'>impietatis</span> <span class='ocrx_word' id='word_1_802' title='bbox 2349 2863 2533 2912; x_wconf 86' lang='lat' dir='ltr'>figurare</span> <span class='ocrx_word' id='word_1_803' title='bbox 2537 2863 2650 2957; x_wconf 55' lang='lat'><strong>¹3:3⁴:</strong></span> 
     </span>
     <span class='ocr_line' id='line_1_116' title="bbox 1581 2912 2640 2964; baseline -0.001 -11"><span class='ocrx_word' id='word_1_804' title='bbox 1581 2922 1632 2953; x_wconf 88' lang='lat' dir='ltr'>est</span> <span class='ocrx_word' id='word_1_805' title='bbox 1659 2916 1836 2954; x_wconf 79' lang='lat' dir='ltr'>divinum.</span> <span class='ocrx_word' id='word_1_806' title='bbox 1867 2915 1943 2953; x_wconf 92' lang='lat' dir='ltr'>Sed</span> <span class='ocrx_word' id='word_1_807' title='bbox 1971 2914 2063 2964; x_wconf 90' lang='lat' dir='ltr'>quia</span> <span class='ocrx_word' id='word_1_808' title='bbox 2085 2914 2125 2952; x_wconf 90' lang='lat' dir='ltr'>in</span> <span class='ocrx_word' id='word_1_809' title='bbox 2144 2927 2250 2952; x_wconf 90' lang='lat' dir='ltr'>novo</span> <span class='ocrx_word' id='word_1_810' title='bbox 2269 2915 2520 2953; x_wconf 84' lang='lat' dir='ltr'>Testamento</span> <span class='ocrx_word' id='word_1_811' title='bbox 2635 2912 2640 2921; x_wconf 64' lang='lat'>²</span> 
     </span>
     <span class='ocr_line' id='line_1_117' title="bbox 1580 2967 2646 3030; baseline 0.002 -24"><span class='ocrx_word' id='word_1_812' title='bbox 1580 2970 1700 3006; x_wconf 84' lang='lat' dir='ltr'>factus</span> <span class='ocrx_word' id='word_1_813' title='bbox 1728 2976 1783 3005; x_wconf 90' lang='lat' dir='ltr'>est</span> <span class='ocrx_word' id='word_1_814' title='bbox 1811 2969 1944 3015; x_wconf 89' lang='lat' dir='ltr'>homo,</span> <span class='ocrx_word' id='word_1_815' title='bbox 1973 2975 2097 3017; x_wconf 91' lang='lat' dir='ltr'>potest</span> <span class='ocrx_word' id='word_1_816' title='bbox 2125 2967 2164 3030; x_wconf 81' lang='lat' dir='ltr'>in</span> <span class='ocrx_word' id='word_1_817' title='bbox 2183 2980 2253 3006; x_wconf 89' lang='lat' dir='ltr'>sua</span> <span class='ocrx_word' id='word_1_818' title='bbox 2272 2967 2438 3017; x_wconf 88' lang='lat' dir='ltr'>imagine</span> <span class='ocrx_word' id='word_1_819' title='bbox 2456 2967 2646 3021; x_wconf 79' lang='lat' dir='ltr'>corporali</span> 
     </span>
     <span class='ocr_line' id='line_1_118' title="bbox 1581 3021 1743 3059; baseline -0.007 0"><span class='ocrx_word' id='word_1_820' title='bbox 1581 3021 1743 3059; x_wconf 90' lang='lat' dir='ltr'>adorari.</span> 
     </span>
    </p>

    <p class='ocr_par' dir='ltr' id='par_1_38' title="bbox 1581 3073 2644 3440">
     <span class='ocr_line' id='line_1_119' title="bbox 1634 3073 2644 3124; baseline 0.002 -13"><span class='ocrx_word' id='word_1_821' title='bbox 1634 3076 1691 3111; x_wconf 82' lang='lat' dir='ltr'>An</span> <span class='ocrx_word' id='word_1_822' title='bbox 1718 3086 1907 3112; x_wconf 77' lang='lat' dir='ltr'>SECUNDUM</span> <span class='ocrx_word' id='word_1_823' title='bbox 1936 3086 2118 3112; x_wconf 68' lang='lat' dir='ltr'>memnon</span> <span class='ocrx_word' id='word_1_824' title='bbox 2145 3073 2253 3124; x_wconf 93' lang='lat' dir='ltr'>quod</span> <span class='ocrx_word' id='word_1_825' title='bbox 2278 3074 2486 3124; x_wconf 85' lang='lat' dir='ltr'>Apostolus</span> <span class='ocrx_word' id='word_1_826' title='bbox 2512 3073 2644 3124; x_wconf 85' lang='lat' dir='ltr'>prohi-</span> 
     </span>
     <span class='ocr_line' id='line_1_120' title="bbox 1581 3125 2643 3177; baseline 0 -13"><span class='ocrx_word' id='word_1_827' title='bbox 1581 3127 1644 3164; x_wconf 89' lang='lat' dir='ltr'>bet</span> <span class='ocrx_word' id='word_1_828' title='bbox 1663 3126 1951 3164; x_wconf 89' lang='lat' dir='ltr'>communicare</span> <span class='ocrx_word' id='word_1_829' title='bbox 1977 3128 2148 3177; x_wconf 85' lang='lat' dir='ltr'>operibus</span> <span class='ocrx_word' id='word_1_830' title='bbox 2166 3127 2403 3175; x_wconf 65' lang='lat' dir='ltr'>infructuosis</span> <span class='ocrx_word' id='word_1_831' title='bbox 2419 3125 2618 3176; x_wconf 83' lang='lat' dir='ltr'>gentilium</span> <span class='ocrx_word' id='word_1_832' title='bbox 2633 3140 2643 3164; x_wconf 69' lang='grc' dir='ltr'><strong><em>ε</em></strong></span> 
     </span>
     <span class='ocr_line' id='line_1_121' title="bbox 1581 3178 2644 3229; baseline 0.001 -13"><span class='ocrx_word' id='word_1_833' title='bbox 1581 3179 1869 3217; x_wconf 91' lang='lat' dir='ltr'>communicare</span> <span class='ocrx_word' id='word_1_834' title='bbox 1913 3187 2043 3217; x_wconf 88' lang='lat' dir='ltr'>autem</span> <span class='ocrx_word' id='word_1_835' title='bbox 2084 3191 2222 3217; x_wconf 89' lang='lat' dir='ltr'>eorum</span> <span class='ocrx_word' id='word_1_836' title='bbox 2266 3178 2420 3217; x_wconf 87' lang='lat' dir='ltr'>utilibus</span> <span class='ocrx_word' id='word_1_837' title='bbox 2461 3178 2644 3229; x_wconf 88' lang='lat' dir='ltr'>operibus</span> 
     </span>
     <span class='ocr_line' id='line_1_122' title="bbox 1581 3231 2644 3282; baseline 0.001 -13"><span class='ocrx_word' id='word_1_838' title='bbox 1581 3234 1789 3282; x_wconf 90' lang='lat' dir='ltr'>Apostolus</span> <span class='ocrx_word' id='word_1_839' title='bbox 1817 3244 1897 3269; x_wconf 92' lang='lat' dir='ltr'>non</span> <span class='ocrx_word' id='word_1_840' title='bbox 1924 3232 2113 3282; x_wconf 87' lang='lat' dir='ltr'>prohibet.</span> <span class='ocrx_word' id='word_1_841' title='bbox 2143 3231 2326 3270; x_wconf 88' lang='lat' dir='ltr'>Adoratio</span> <span class='ocrx_word' id='word_1_842' title='bbox 2354 3239 2484 3270; x_wconf 90' lang='lat' dir='ltr'>autem</span> <span class='ocrx_word' id='word_1_843' title='bbox 2512 3231 2644 3281; x_wconf 82' lang='lat' dir='ltr'>imagi·</span> 
     </span>
     <span class='ocr_line' id='line_1_123' title="bbox 1582 3284 2643 3336; baseline 0.001 -14"><span class='ocrx_word' id='word_1_844' title='bbox 1582 3297 1678 3322; x_wconf 91' lang='lat' dir='ltr'>num</span> <span class='ocrx_word' id='word_1_845' title='bbox 1716 3293 1770 3322; x_wconf 90' lang='lat' dir='ltr'>est</span> <span class='ocrx_word' id='word_1_846' title='bbox 1811 3284 1908 3322; x_wconf 89' lang='lat' dir='ltr'>inter</span> <span class='ocrx_word' id='word_1_847' title='bbox 1948 3285 2182 3322; x_wconf 88' lang='lat' dir='ltr'>infructuosa</span> <span class='ocrx_word' id='word_1_848' title='bbox 2223 3297 2341 3336; x_wconf 88' lang='lat' dir='ltr'>opera</span> <span class='ocrx_word' id='word_1_849' title='bbox 2381 3285 2643 3335; x_wconf 81' lang='lat' dir='ltr'>computanda</span> 
     </span>
     <span class='ocr_line' id='line_1_124' title="bbox 1582 3337 2643 3388; baseline 0.001 -13"><span class='ocrx_word' id='word_1_850' title='bbox 1582 3346 1771 3387; x_wconf 91' lang='lat' dir='ltr'>quantum</span> <span class='ocrx_word' id='word_1_851' title='bbox 1800 3338 1848 3375; x_wconf 91' lang='lat' dir='ltr'>ad</span> <span class='ocrx_word' id='word_1_852' title='bbox 1877 3338 1968 3375; x_wconf 93' lang='lat' dir='ltr'>duo.</span> <span class='ocrx_word' id='word_1_853' title='bbox 2009 3337 2140 3375; x_wconf 91' lang='lat' dir='ltr'>Primo</span> <span class='ocrx_word' id='word_1_854' title='bbox 2168 3337 2347 3388; x_wconf 88' lang='lat' dir='ltr'>quidem,</span> <span class='ocrx_word' id='word_1_855' title='bbox 2375 3345 2565 3388; x_wconf 87' lang='lat' dir='ltr'>quantum</span> <span class='ocrx_word' id='word_1_856' title='bbox 2593 3337 2643 3376; x_wconf 80' lang='lat' dir='ltr'>ad</span> 
     </span>
     <span class='ocr_line' id='line_1_125' title="bbox 1583 3389 2642 3440; baseline 0.001 -13"><span class='ocrx_word' id='word_1_857' title='bbox 1583 3391 1657 3428; x_wconf 92' lang='lat' dir='ltr'>hoc</span> <span class='ocrx_word' id='word_1_858' title='bbox 1692 3390 1799 3439; x_wconf 90' lang='lat' dir='ltr'>quod</span> <span class='ocrx_word' id='word_1_859' title='bbox 1827 3389 1987 3440; x_wconf 87' lang='lat' dir='ltr'>quidam</span> <span class='ocrx_word' id='word_1_860' title='bbox 2015 3402 2153 3428; x_wconf 89' lang='lat' dir='ltr'>eorum</span> <span class='ocrx_word' id='word_1_861' title='bbox 2181 3390 2393 3429; x_wconf 82' lang='lat' dir='ltr'>adorabant</span> <span class='ocrx_word' id='word_1_862' title='bbox 2419 3390 2521 3440; x_wconf 89' lang='lat' dir='ltr'>ipsas</span> <span class='ocrx_word' id='word_1_863' title='bbox 2548 3389 2642 3428; x_wconf 88' lang='lat' dir='ltr'>ima-</span> 
     </span>
    </p>
   </div>
   <div class='ocr_carea' id='block_1_31' title="bbox 1581 3502 2647 3565">
    <p class='ocr_par' dir='ltr' id='par_1_39' title="bbox 1581 3502 2647 3565">
     <span class='ocr_line' id='line_1_126' title="bbox 1633 3502 2647 3538; baseline 0.002 -10"><span class='ocrx_word' id='word_1_864' title='bbox 1633 3502 1659 3537; x_wconf 78' lang='grc' dir='ltr'>δ)</span> <span class='ocrx_word' id='word_1_865' title='bbox 1677 3504 1811 3530; x_wconf 71' lang='lat' dir='ltr'>adoratio.</span> <span class='ocrx_word' id='word_1_866' title='bbox 1829 3517 1848 3523; x_wconf 95' lang='lat'>-</span> <span class='ocrx_word' id='word_1_867' title='bbox 1866 3504 1992 3538; x_wconf 64' lang='lat' dir='ltr'>Imagini:</span> <span class='ocrx_word' id='word_1_868' title='bbox 2015 3504 2112 3529; x_wconf 78' lang='lat' dir='ltr'>addunt</span> <span class='ocrx_word' id='word_1_869' title='bbox 2131 3503 2155 3529; x_wconf 84' lang='lat' dir='ltr'>G</span> <span class='ocrx_word' id='word_1_870' title='bbox 2177 3509 2203 3529; x_wconf 86' lang='lat' dir='ltr'>et</span> <span class='ocrx_word' id='word_1_871' title='bbox 2224 3503 2359 3530; x_wconf 68' lang='lat' dir='ltr'>editiones.</span> <span class='ocrx_word' id='word_1_872' title='bbox 2376 3517 2396 3523; x_wconf 90' lang='lat'>—</span> <span class='ocrx_word' id='word_1_873' title='bbox 2413 3511 2465 3537; x_wconf 79' lang='lat' dir='ltr'>quo</span> <span class='ocrx_word' id='word_1_874' title='bbox 2483 3503 2647 3536; x_wconf 66' lang='lat' dir='ltr'>prohibetur</span> 
     </span>
     <span class='ocr_line' id='line_1_127' title="bbox 1581 3539 1862 3565; baseline 0.004 -1"><span class='ocrx_word' id='word_1_875' title='bbox 1581 3539 1708 3564; x_wconf 77' lang='lat' dir='ltr'>adoratio</span> <span class='ocrx_word' id='word_1_876' title='bbox 1727 3547 1780 3565; x_wconf 87' lang='lat' dir='ltr'>om.</span> <span class='ocrx_word' id='word_1_877' title='bbox 1799 3539 1862 3565; x_wconf 84' lang='lat' dir='ltr'>CEl.</span> 
     </span>
    </p>
   </div>
   <div class='ocr_carea' id='block_1_32' title="bbox 2830 57 2855 742">
    <p class='ocr_par' dir='ltr' id='par_1_40' title="bbox 2830 57 2855 742">
     <span class='ocr_line' id='line_1_128' title="bbox 2830 57 2855 742; baseline 0 3228"><span class='ocrx_word' id='word_1_878' title='bbox 2830 57 2855 742; x_wconf 95' lang='lat' dir='ltr'> </span> 
     </span>
    </p>
   </div>
   <div class='ocr_carea' id='block_1_33' title="bbox 2669 888 2756 1011">
    <p class='ocr_par' dir='ltr' id='par_1_41' title="bbox 2669 888 2760 1011">
     <span class='ocr_line' id='line_1_129' title="bbox 2669 888 2756 1011; textangle 90"><span class='ocrx_word' id='word_1_879' title='bbox 2750 1008 2751 1011; x_wconf 56' lang='lat'><em>„</em></span> <span class='ocrx_word' id='word_1_880' title='bbox 2669 888 2760 990; x_wconf 47' lang='grc' dir='ltr'>ἓέῖζρ</span> 
     </span>
    </p>
   </div>
  </div>
 </body>
</html>
