2872 3970
40 3135 55 3179 zv
84 3156 96 3167 ⁸
108 3155 165 3184 Cup.
179 3162 216 3178 xx..

37 3380 39 3382 -
86 3364 131 3388 ⁸-S
138 3364 182 3387 Th.
193 3365 244 3386 lect.
254 3372 276 3386 v.

49 3404 54 3423 [v
85 3390 140 3414 nid.
147 3392 187 3413 lib
195 3391 235 3418 lv,
244 3397 294 3420 cap.

41 3417 53 3455 s
84 3419 120 3445 ιν,
133 3423 156 3439 n
173 3425 191 3446 i,
205 3425 228 3445 4.

1009 242 1271 290 QUAESTIO
1300 242 1347 288 ΙΙ,
1377 240 1669 278 ARTICULUS
1697 241 1762 276 XII
2424 243 2466 278 51

297 326 392 359 minis
408 325 638 365 praesupponit
659 324 751 354 illum
774 323 956 354 hominem:
981 323 1168 362 oppositum
1187 322 1272 351 enirn
1291 330 1359 351 non
1413 328 1582 359 personam
1606 318 1677 348 Filii
1701 318 1760 348 Dei
1792 319 1848 357 qui
1874 324 1920 348 est
1942 325 2073 349 naturae
2097 319 2255 349 humanae
2279 319 2415 350 Socratis
2439 320 2477 350 ad

300 375 350 403 est
368 369 575 408 intelligibile.
599 367 687 398 Idem
710 372 817 397 autem
841 372 887 396 est
914 366 1018 396 dicere
1042 365 1131 405 quod
1153 367 1258 395 omnis
1282 374 1359 404 ope-
1413 372 1584 402 personam
1615 362 1764 392 Socratis.
1789 362 1830 392 Et
1855 362 1948 398 ideo,
1973 363 2054 392 sicut
2083 369 2194 392 natura
2225 363 2362 393 Socratis
2390 365 2477 403 prius

298 413 378 445 ratio
403 411 520 445 Christi
543 411 773 451 praesupponit
795 411 960 445 unionem,
978 415 1008 440 et
1031 409 1135 440 dicere
1158 409 1248 449 quod
1270 418 1359 459 prae-
1413 412 1526 436 natura
1541 412 1732 446 personatur
1748 415 1805 446 per
1821 405 1984 436 Socratem
2008 415 2105 446 quam
2123 413 2287 446 operetur;
2312 413 2381 437 tum
2405 409 2478 447 quia

299 454 454 497 supponit
478 462 648 497 personam
672 454 756 484 illius
780 453 935 483 hominis,
969 454 1123 492 quoniam
1153 453 1282 483 nonnisi
1304 462 1361 492 per
1415 459 1483 480 esse
1499 450 1676 490 personale,
1693 455 1807 490 utpote
1824 450 2036 485 substantiale,
2054 454 2099 479 est
2114 451 2201 489 prius
2218 460 2313 491 quam
2336 452 2477 491 operari;

298 501 454 530 unionem
477 499 612 538 habetur
626 506 762 538 persona
776 497 860 527 illius
881 497 1030 532 hominis,
1048 497 1203 536 quoniam
1225 502 1271 526 est
1293 497 1361 535 ipsa
1415 499 1485 523 tum
1510 494 1585 533 quia
1608 494 1729 533 primus
1752 494 1907 523 terminus
1929 498 1966 523 ut
1988 493 2074 533 quod
2095 495 2307 532 generationis
2339 501 2384 525 est
2410 496 2478 535 ipse

299 553 437 594 persona
460 535 531 573 Filii
554 542 625 573 Dei.
659 542 706 571 Ex
722 542 787 570 hoc
810 541 906 579 igitur
926 540 1015 580 quod
1038 550 1174 580 persona
1197 541 1281 570 illius
1303 540 1362 569 ho-
1417 537 1578 568 Socrates:
1604 542 1634 567 et
1658 536 1782 572 deinde,
1804 542 1934 566 naturae
1958 537 2079 572 ordine,
2103 544 2344 577 consequuntur
2368 549 2479 578 opera-

300 588 395 618 minis
412 592 459 616 est
481 595 618 625 persona
633 585 705 616 Filii
728 585 788 614 Dei
807 593 864 623 per
879 585 1034 614 unionem
1058 590 1188 614 naturae
1203 584 1363 613 humanae
1416 582 1531 616 tioneS‚
1549 581 1645 611 etiam
1666 581 1933 616 naturalissimae;
1957 587 2002 616 ut,
2027 582 2052 610 si
2076 581 2124 610 sol
2147 581 2246 617 fieret,
2266 583 2370 620 primo
2391 582 2480 612 fieret

301 630 340 661 ad
363 639 534 670 personam
550 629 622 658 Filii
645 629 715 663 Dei,
732 628 854 667 optime
870 633 901 657 et
924 627 1086 658 evidenter
1108 628 1251 678 sequitur
1273 627 1363 677 quod
1408 625 1622 664 suppositum
1651 624 1728 654 solis
1759 630 1790 654 et
1819 623 1934 654 deinde
1966 625 2101 659 luceret,
2133 626 2275 664 quamvis
2303 626 2336 655 in
2365 626 2479 656 eodem

301 675 407 705 omnis
431 673 574 713 operatio
593 672 676 702 illius
698 672 837 701 hominis
860 672 1090 711 praesupponit
1105 672 1271 706 unionem,
1289 671 1364 710 quia
1417 669 1561 698 instanti:
1575 687 1597 689 —
1610 668 1651 697 ita
1667 669 1754 707 prius
1769 673 1881 698 natura
1897 668 2076 698 humanitas
2089 668 2206 698 Christi
2221 675 2409 708 personatur
2424 679 2480 709 per

301 717 532 758 praesupponit
561 715 653 746 illum
683 715 860 745 hominem.
884 732 905 738 —
938 715 1085 746 Secunda
1115 724 1248 754 quoque
1278 720 1365 754 patet
1416 712 1560 742 Verbum
1582 712 1642 761 Dei
1665 721 1763 761 quam
1787 717 1946 751 operetur,
1960 718 2101 762 ⁴propter
2118 718 2286 752 utramque
2303 713 2418 763 dictam
2433 723 2481 743 ra-

302 770 341 793 ex
356 761 427 791 hoc
456 759 547 799 quod
569 760 719 789 meritum
742 757 919 798 praecedit,
943 759 1055 788 saltem
1077 764 1208 788 nami-ae
1232 758 1364 793 ordine,
1417 756 1556 791 tionem;
1581 765 1656 794 quia
1672 755 1791 785 scilicet
1806 765 1968 795 personari
1992 761 2113 795 spectat
2127 756 2167 785 ad
2183 765 2250 786 esse
2267 757 2480 792 substantiale,

301 804 497 846 praemium:
522 808 559 833 ut
580 808 677 842 patet.
1418 798 1543 828 confert
1566 800 1652 828 enim
1675 799 1860 835 subsistere,
1892 799 1981 839 quod
2010 800 2130 839 primae
2161 800 2352 830 substantiae
2383 801 2481 830 solius

357 847 394 878 11.
418 847 563 878 Dubium
577 846 670 876 -hoe'
661 855 696 876 m
710 846 784 876 loco
805 845 1000 876 nonnullum
1016 846 1154 876 occurrit
1177 846 1268 885 quia,
1291 846 1365 876 licet
1419 848 1480 878 est;
1507 848 1538 872 et
1561 843 1636 882 quia
1659 843 1780 882 primus
1803 844 1957 873 terminus
1975 844 2188 883 generationis
2205 843 2323 873 Christi
2345 849 2381 874 ut
2395 845 2482 884 quod

301 891 377 923 hinc
398 891 552 921 habeatur
580 889 668 930 quod
691 890 796 920 omnis
820 890 963 928 operatio
987 890 1071 920 illius
1094 890 1233 919 hominis
1257 890 1365 919 subse·
1419 885 1479 916 fuit
1494 895 1631 925 persona
1645 886 1717 916 Filii
1733 887 1802 922 Dei,
1820 887 1944 917 dicente
1960 887 2096 926 Angelo,
2120 887 2215 923 Quod
2230 897 2272 917 ex
2287 893 2316 918 te
2332 893 2482 918 nascetur

302 940 377 967 cuta
399 940 446 965 est
468 935 641 969 unionem,
671 943 740 964 non
762 939 870 964 tamen
893 934 968 963 hinc
991 934 1125 963 habetur
1147 933 1238 972 quod
1261 934 1366 962 omnis
1418 935 1573 965 sanctum,
1598 931 1774 966 vocabitur,
1798 931 1912 970 procul
1935 931 2033 961 dubio
2058 941 2132 961 cum
2155 932 2200 961 rei
2215 931 2355 967 veritate,
2379 932 2482 962 Filius

302 971 446 1019 operatio
474 978 560 1008 illius
588 983 719 1008 naturae
746 977 905 1008 humanae
936 977 1105 1007 subsecuta
1128 983 1175 1006 est
1197 977 1365 1006 unionem.
1419 973 1490 1003 Dei.
1515 973 1590 1002 Non
1606 979 1711 1012 potest
1727 984 1802 1013 ergo
1818 975 1897 1013 poni
1913 974 2002 1014 quod
2018 975 2122 1004 anilna
2138 975 2254 1005 Christi
2269 976 2356 1015 prius
2372 981 2482 1006 natura

302 1022 344 1054 Et
366 1021 484 1053 diceret
507 1022 666 1062 quispiam
690 1020 780 1060 quod
793 1021 847 1051 illa
861 1026 973 1051 natura
988 1021 1137 1056 humana,
1157 1021 1239 1050 sicut
1254 1029 1367 1050 secun·
1421 1026 1518 1056 quam
1541 1018 1694 1052 uniretur,
1717 1018 1905 1057 intelligeret
1928 1024 1982 1048 aut
2005 1023 2132 1048 amaret-

303 1065 382 1097 dum
400 1075 433 1096 se
456 1066 726 1106 praesupponitur
739 1069 870 1095 naturae
887 1063 999 1094 ordine
1014 1065 1138 1099 unioni,
1155 1065 1230 1104 quia
1246 1073 1367 1094 assum-
1477 1060 1528 1089 ΙΙΙ.
1545 1060 1691 1090 Secunda
1707 1061 1872 1091 conclusio
1886 1068 1946 1091 est:
1966 1062 2068 1092 Nulla
2084 1072 2182 1101 opera
2194 1063 2420 1103 cuiuscumque
2434 1063 2482 1093 al-

302 1110 372 1150 ptio
394 1109 625 1149 praesupponit
648 1107 737 1148 quod
760 1109 945 1144 assumitur;
969 1108 1012 1138 ita
1035 1107 1213 1138 secundum
1236 1107 1368 1147 aliquod
1421 1104 1521 1133 terius
1543 1104 1680 1134 hominis
1697 1110 1876 1144 potuerunt
1902 1115 1969 1135 esse
1991 1106 2158 1136 meritoria
2181 1106 2275 1136 huius
2298 1107 2427 1137 unionis
2442 1117 2484 1137 ex

305 1163 388 1193 opus
411 1154 489 1188 eim,
513 1158 591 1192 puta
613 1152 788 1192 intelligere
805 1157 836 1182 et
850 1151 942 1187 velle,
967 1161 1050 1191 quae
1066 1157 1140 1182 sunt
1159 1152 1368 1187 instantanea,
1422 1147 1596 1188 condigno.
1620 1148 1776 1178 Probatur
1798 1149 1968 1188 tripliciter.
2003 1149 2127 1184 Prim0‚
2153 1150 2227 1188 quia
2250 1151 2327 1180 unio
2351 1151 2409 1180 ista
2432 1161 2484 1181 su-

303 1197 574 1237 praesupponitur
601 1195 712 1226 ordine
734 1201 865 1226 naturae
892 1195 1120 1234 assumptioni;
1152 1201 1182 1225 et
1205 1205 1262 1234 per
1290 1195 1369 1225 illud
1421 1196 1511 1231 perat
1522 1192 1677 1221 unionem
1693 1191 1905 1228 beatitudinis,
1919 1202 2001 1231 quae
2017 1194 2144 1232 proprie
2161 1193 2243 1222 cadit
2259 1194 2316 1223 sub
2329 1195 2484 1224 merito.—

303 1240 402 1276 velle,
426 1239 634 1270 informatum
664 1240 807 1274 caritate,
829 1244 942 1268 natura
963 1238 1017 1268 illa
1039 1240 1156 1269 meruit
1177 1239 1311 1274 assumi,
1335 1240 1368 1269 in
1423 1234 1583 1270 secundm
1609 1235 1683 1274 quia
1705 1236 1784 1265 unio
1803 1237 1862 1265 ista
1885 1241 1930 1265 est
1953 1237 2146 1275 principium
2161 1237 2288 1275 gratiae,
2313 1247 2395 1276 quae
2417 1248 2484 1268 non

305 1283 421 1315 eodem
442 1284 572 1314 instanti
593 1283 756 1322 temporis,
781 1288 812 1312 et
834 1282 922 1322 prius
943 1287 1065 1312 natura.
1421 1283 1529 1317 potest
1552 1277 1663 1308 cadere
1687 1279 1745 1308 sub
1768 1280 1893 1309 merito.
1916 1297 1940 1301 —
1963 1280 2083 1316 Tertio,
2109 1281 2184 1319 quia
2200 1281 2278 1310 unio
2295 1281 2353 1310 ista
2376 1287 2422 1311 est
2437 1292 2485 1312 re—

359 1325 412 1358 Ad
433 1327 497 1358 hoc
520 1325 655 1357 dubium
677 1335 744 1356 non
767 1331 895 1365 oportet
918 1325 1046 1356 aliunde
1070 1335 1168 1365 quam
1192 1335 1230 1356 ex
1247 1326 1369 1357 litterae
1423 1321 1590 1352 formativa
1619 1323 1718 1352 totius
1748 1323 1906 1353 humanae
1936 1329 2083 1359 naturae,
2114 1324 2206 1353 cuius
2234 1325 2332 1354 totius
2363 1326 2486 1355 bonum

304 1370 515 1403 fundamento
539 1369 748 1410 respondere:
780 1371 824 1400 ita
845 1375 953 1399 tamen
983 1375 1019 1399 ut
1040 1379 1109 1399 non
1131 1370 1171 1399 sit
1193 1379 1298 1400 sermo
1330 1370 1369 1400 de
1423 1371 1548 1395 constat
1570 1375 1637 1395 non
1660 1375 1754 1405 posse
1778 1377 1796 1396 a
1819 1367 1968 1406 singulari
1991 1377 2072 1406 puro
2097 1368 2228 1398 homine
2253 1369 2383 1398 causari.

304 1415 450 1456 potentia
471 1414 579 1444 divina
605 1413 768 1448 absolute,
800 1423 875 1443 cum
905 1412 1019 1443 dicitur
1050 1413 1139 1452 quod
1166 1423 1234 1444 non
1263 1415 1370 1453 potuit
1478 1410 1585 1439 Tertia
1606 1410 1772 1440 conclusio
1792 1416 1854 1440 est:
1879 1411 1989 1440 Sancti
2003 1412 2117 1441 Patres
2133 1417 2320 1442 meruerunt
2336 1413 2487 1443 incarna-

305 1459 412 1498 aliqua
427 1458 572 1498 operatio
588 1457 776 1497 praecedere
792 1457 964 1493 unionem3
987 1456 1043 1487 sed
1059 1457 1098 1487 de
1113 1458 1256 1497 potentia
1273 1467 1369 1497 quam
1423 1453 1541 1483 tionem
1557 1453 1595 1483 de
1611 1463 1769 1494 congruo,
1786 1454 1996 1485 desiderando
2013 1460 2044 1485 et
2052 1455 2200 1494 petendo.
2220 1455 2384 1486 Probatur.
2404 1457 2487 1494 Quia

306 1501 386 1533 ordo
405 1511 512 1532 rerum
534 1502 638 1537 habet,
663 1501 847 1541 simpliciter
870 1501 950 1531 etin
965 1501 1117 1540 mysterio
1133 1502 1368 1532 incarnationis.
1424 1506 1604 1536 congruum
1633 1503 1679 1527 est
1709 1498 1814 1527 Deum
1839 1498 1986 1528 exaudire
2016 1499 2075 1528 sibi
2098 1499 2292 1530 obedientes.
2315 1518 2338 1522 —
2361 1501 2401 1530 Et
2424 1501 2486 1530 hoc

307 1546 393 1579 Cum
416 1546 503 1576 enim
525 1551 637 1575 natura
658 1545 800 1575 humana
824 1545 858 1574 in
882 1544 1010 1575 Christo
1040 1550 1217 1575 assumatur
1240 1545 1279 1575 ad
1303 1555 1370 1576 esse
1424 1540 1519 1570 etiam
1538 1540 1638 1571 modo
1661 1543 1778 1580 exponi
1794 1547 1899 1581 potest
1923 1542 2012 1582 quod
2027 1543 2123 1572 Beata
2138 1543 2237 1582 Virgo
2260 1544 2377 1574 meruit
2395 1545 2487 1574 Chri-

306 1582 474 1630 personale
498 1589 568 1625 Dei,
592 1588 679 1620 idem
701 1594 748 1619 est
771 1588 851 1618 ordo
874 1594 1005 1618 naturae
1024 1589 1183 1619 humanae
1200 1588 1317 1619 Christi
1332 1590 1371 1620 ad
1423 1589 1507 1614 stum
1524 1590 1664 1624 Portare
1679 1586 1705 1620 ⁴2
1730 1586 1849 1616 scilicet
1871 1587 1985 1616 merito
2010 1588 2153 1626 congrui.

1035 1740 1353 1782 ARTICULUS
1383 1741 1766 1784 DUODECIMUS

683 1803 861 1864 ‘UTRUM
885 1832 1050 1863 GRATIA
1072 1833 1248 1863 UNIONIS
1270 1833 1430 1864 FUERIT
1455 1834 1644 1866 CHRISTO
1669 1835 1827 1866 HOMINI
1850 1836 2097 1868 NATURALIS

859 1919 934 1944 Infra.
954 1927 997 1952 qu.
1017 1927 1098 1950 xxxiv,
1118 1925 1164 1945 art.
1186 1919 1208 1949 3,
1228 1921 1259 1944 ad
1280 1927 1309 1950 23
1329 1920 1360 1944 ΙΙΙ
1380 1921 1462 1950 5εηΐ,,
1483 1922 1540 1946 dist.
1558 1929 1592 1953 ιν,
1612 1930 1656 1954 qu.
1676 1930 1717 1953 111,
1738 1927 1783 1947 art.
1805 1930 1828 1954 2,
1848 1923 1897 1955 qu⁸
1918 1930 1942 1948 1.

336 2014 389 2066 &aa
400 2016 484 2045 “t
463 2020 500 2061 s
523 2010 546 2034 ι)
577 2009 813 2035 DUODECIMUM
850 2009 901 2034 s1c
937 2009 1172 2035 PROCEDITUR.
1215 1998 1376 2035 Videtur
1430 2000 1541 2036 Unde
1569 2001 1739 2036 naturale
1766 2009 1889 2049 potest
1909 2001 2051 2050 aliquid
2071 2002 2145 2039 dici
2164 2003 2372 2052 dupliciter
2403 2005 2489 2042 Uno

336 2027 503 2108 &3⁵ss4
523 2050 630 2099 quod
657 2049 774 2098 gratia
801 2049 956 2086 unionis
983 2062 1064 2086 non
1091 2050 1203 2087 fuerit
1223 2050 1376 2088 Christo
1429 2053 1562 2099 modo,
1583 2053 1690 2101 quod
1710 2061 1765 2089 est
1782 2061 1932 2090 tantum
1951 2067 1998 2091 ex
2015 2054 2209 2103 principiis
2231 2057 2490 2095 essentialibus

331 2106 367 2150 ’γ
390 2089 673 2146 ψ’,ᾚοῐῐιίῐιί
707 2102 899 2139 naturalis.
934 2102 1036 2139 Unio
1065 2102 1186 2139 enim
1202 2102 1375 2139 incarna-
1430 2104 1500 2141 rei:
1522 2104 1618 2141 sicut
1636 2105 1712 2152 igni
1730 2108 1901 2142 naturale
1921 2115 1975 2143 est
1989 2119 2143 2144 sursum
2156 2108 2253 2145 ferri.
2270 2109 2355 2146 Alio
2370 2111 2490 2147 m'odo

371 2124 493 2197 (⁶⁴33)
483 2149 637 2195 &tionis
670 2167 751 2191 non
779 2162 833 2191 est
866 2155 963 2192 facta
990 2155 1029 2192 in
1057 2163 1210 2201 natura,
1241 2156 1307 2192 sed
1335 2155 1375 2192 in
1429 2157 1566 2193 dicitur
1585 2163 1602 2179 α
1631 2170 1712 2194 esse
1740 2159 1891 2195 homini
1917 2161 2088 2196 naturale
2116 2161 2223 2209 quod
2250 2161 2298 2197 ab
2324 2161 2407 2210 ipsa
2425 2175 2490 2200 na-

312 2219 489 2257 persona,
505 2215 547 2244 ut
565 2219 682 2256 supra
698 2207 719 2229 ²¹²
746 2207 892 2244 dictum
920 2214 984 2244 est.
1024 2208 1100 2244 Sed
1127 2208 1376 2256 unumquod-
1429 2209 1570 2246 tivitate
1589 2210 1720 2247 habet.
1742 2212 1956 2248 secundum
1976 2211 2067 2248 illud
2086 2214 2218 2262 Ephes.
2235 2215 2527 2253 11*:Eramus

314 2271 390 2309 que
410 2287 415 2293 .
432 2260 704 2297 denominatur
740 2272 762 2296 a
797 2259 972 2296 termino.
1022 2261 1124 2308 Ergo
1164 2260 1282 2308 gratia
1315 2261 1376 2297 illa
1431 2268 1564 2299 natura
1580 2263 1661 2310 filii
1692 2275 1790 2307 zrae;
1818 2271 1853 2299 et
1872 2266 1957 2313 Sap.
1978 2277 2024 2301 ΧΠ
2042 2264 2079 2301 *τ
2112 2266 2287 2314 Nequam
2315 2273 2366 2303 est
2391 2270 2528 2306 natio·

313 2311 433 2361 magis
452 2312 566 2350 debet
592 2312 665 2349 dici
691 2311 902 2371 personalis
930 2324 1049 2361 quam
1076 2312 1267 2349 naturalis.
1430 2326 1572 2361 eorum,
1593 2321 1626 2351 et
1647 2316 1825 2352 naturalis
1852 2317 1993 2353 malztia
2021 2318 2196 2366 ipsorum.

369 2376 404 2402 2.
433 2365 665 2411 PRAETEREA,
685 2364 802 2413 gratia
829 2364 1011 2401 dividitur
1029 2373 1161 2402 contra
1179 2372 1373 2402 naturam:
1484 2367 1612 2404 Gratia
1639 2367 1750 2415 igitur
1778 2368 1916 2405 Christi
1936 2367 1961 2415 β,
1991 2369 2070 2405 sive
2094 2370 2247 2406 unionis
2275 2370 2354 2408 sive
2382 2372 2488 2409 habi-

315 2417 411 2455 sicut
443 2413 621 2465 gratuita,
651 2429 771 2466 quae·
785 2425 874 2454 sunt
906 2430 930 2454 a
961 2418 1064 2463 Deo,
1094 2417 1377 2476 distinguuntur
1429 2419 1550 2478 tualis,
1571 2432 1650 2456 non
1669 2428 1792 2468 potest
1819 2421 1892 2457 dici
1920 2422 2099 2458 naturalis
2133 2422 2242 2470 quasi
2261 2432 2414 2460 causata
2442 2438 2488 2461 ex

315 2477 448 2507 eontra
464 2469 661 2516 naturalia,
681 2482 781 2519 quae
800 2477 888 2506 sunt
907 2482 929 2506 a
947 2469 1134 2519 principio
1158 2470 1374 2507 intrinseco.
1429 2472 1623 2521 principiis
1643 2480 1800 2509 naturae
1815 2474 2037 2510 humanae
2028 2486 2067 2510 ln
2087 2474 2188 2522 ipso:
2212 2476 2388 2524 quamvis
2403 2489 2488 2525 pos-

317 2522 394 2559 Sed
422 2533 558 2560 eorum
585 2534 685 2571 quae
713 2534 760 2559 ex
787 2522 965 2571 opposito
993 2522 1228 2568 dividuntur,
1251 2535 1376 2560 unum
1431 2525 1476 2561 sit
1510 2525 1584 2561 dici
1617 2525 1796 2562 naturalis
1833 2526 1942 2574 quasi
1975 2527 2204 2575 proveniens
2239 2527 2277 2563 in
2312 2536 2487 2566 naturam

315 2586 397 2611 non
415 2574 686 2612 denominatur
704 2574 752 2612 ab
772 2575 857 2612 alio.
883 2575 984 2623 Ergo
1003 2575 1120 2622 gratia
1139 2575 1277 2612 Christi
1296 2588 1376 2613 non
1431 2575 1644 2614 humanam
1674 2577 1812 2614 Christi
1837 2586 2015 2615 causante
2040 2579 2169 2616 divina
2196 2587 2330 2616 natura
2357 2580 2486 2629 ipsius.

317 2634 372 2663 est
399 2626 434 2663 ei
461 2627 654 2664 naturalis.
1431 2629 1577 2667 Dicitur
1600 2637 1730 2667 autem
1748 2630 1928 2667 naturalis
1953 2639 2113 2680 utraque
2141 2632 2256 2679 gratia
2275 2632 2313 2668 in
2338 2633 2488 2671 Christo

372 2679 406 2716 3.
436 2679 667 2725 PRAETEREA,
688 2681 857 2717 naturale
885 2679 1022 2717 dicitur
1042 2680 1149 2728 quod
1169 2687 1224 2717 est
1242 2693 1376 2718 secun·
1430 2682 1662 2731 inquantum
1681 2695 1767 2719 eam
1795 2695 1818 2719 a
1836 2683 2027 2720 nativitate
2047 2684 2196 2720 habuit:
2233 2684 2323 2733 quia
2347 2686 2394 2721 ab
2423 2685 2488 2723 ini—

317 2732 414 2769 dum
441 2739 629 2768 naturam.
658 2733 736 2769 Sed
762 2732 879 2780 gratia
905 2732 1059 2769 unionis
1087 2744 1168 2769 non
1197 2740 1250 2769 est
1269 2741 1377 2770 natu-
1430 2735 1483 2771 tio
1507 2735 1766 2784 conceptionis
1793 2735 1860 2771 fuit
1878 2743 2014 2772 natura
2041 2737 2212 2772 humana
2237 2736 2387 2774 divinae
2406 2750 2488 2787 per-

317 2784 404 2821 ralis
433 2784 585 2821 Christo
613 2785 828 2822 secundum
861 2792 1039 2821 naturam
1067 2784 1257 2822 divinam:
1287 2786 1378 2834 quia
1432 2799 1549 2824 sonae
1577 2787 1701 2835 unita,
1731 2795 1767 2825 et
1794 2787 1922 2824 anima
1950 2788 2030 2824 eius
2065 2788 2132 2824 fuit
2159 2800 2319 2826 munere
2351 2791 2489 2838 gratiae

318 2837 372 2874 sic
399 2836 620 2873 conveniret
645 2836 759 2874 etiam
783 2836 864 2874 aliis
884 2837 1069 2886 personis.
1099 2838 1237 2886 Neque
1264 2838 1378 2875 etiam
1432 2841 1585 2888 repleta.

318 2889 498 2926 naturalis
533 2897 588 2926 est
622 2888 656 2925 ei
687 2889 903 2926 secundum
939 2897 1116 2926 naturam
1143 2890 1376 2927 humanam:
1484 2893 1541 2928 An
1570 2904 1704 2929 PRIMUM
1731 2904 1829 2929 ERGO
1856 2904 2036 2929 monimum
2055 2893 2173 2941 quod,
2194 2892 2277 2930 licet
2296 2894 2389 2931 unio
2409 2907 2488 2932 non

319 2941 410 2991 quia
428 2941 481 2978 sic
500 2941 720 2978 conveniret
740 2940 920 2978 omnibus
948 2941 1184 2988 hominibus,
1205 2943 1271 2991 qui
1291 2951 1379 2980 sunt
1432 2944 1478 2980 sit
1504 2944 1599 2981 facta
1626 2944 1665 2980 in
1693 2952 1838 2990 natura,
1868 2952 1922 2980 est
1949 2952 2076 2981 tamen
2105 2953 2256 2990 causata
2285 2958 2330 2982 ex
2353 2947 2489 2984 virtute

319 2994 493 3031 eiusdem
529 3002 685 3031 naturae
714 3005 801 3030 curn
832 2993 927 3042 ipso.
965 2995 1065 3042 Ergo
1093 2994 1244 3031 videtur
1271 2996 1378 3044 quod
1432 2996 1584 3033 divinae
1613 3003 1781 3042 naturae,
1802 3008 1901 3044 quae
1925 3004 1979 3033 est
1997 3009 2087 3034 vere
2106 3005 2242 3034 natura
2262 2998 2411 3036 Christi.
2441 3001 2490 3037 Et

319 3047 426 3084 nullo
454 3047 574 3084 modo
602 3046 718 3094 gratia
745 3045 898 3082 unionis
925 3045 971 3082 sit
999 3045 1150 3082 Christo
1185 3047 1376 3084 naturalis.
1433 3048 1545 3086 etiarn
1573 3048 1752 3084 convenit
1781 3048 1931 3085 Christo
1960 3062 1982 3086 a
2008 3049 2195 3098 principio
2222 3050 2434 3088 nativitatis.

375 3100 448 3137 SED
490 3111 634 3136 CONTRA
671 3111 736 3135 EST
777 3098 883 3147 quod
920 3098 1156 3146 Augustinus
1197 3099 1303 3147 dicit,
1339 3099 1378 3136 in
1485 3102 1541 3136 AD
1574 3113 1761 3137 SECUNDUM
1798 3113 1977 3138 DICENDUM
2015 3103 2121 3150 quod
2147 3099 2237 3139 ¹non
2275 3105 2488 3141 secundum

319 3152 509 3190 Enchirid.
530 3152 567 3188 *ι
604 3150 650 3188 Ῑη
680 3157 835 3188 naturae
861 3152 1048 3187 humanae
1082 3154 1309 3200 susceptione
1325 3154 1379 3200 fit
1432 3152 1536 3190 idem
1555 3152 1691 3189 dicitur
1707 3153 1834 3200 gratia,
1851 3161 1886 3190 et
1900 3154 2089 3191 naturalis
2107 3155 2183 3192 Sed
2197 3155 2313 3203 gratia
2332 3156 2488 3204 quidem

321 3203 593 3254 quodammodo
619 3206 697 3253 ipsa
715 3205 839 3253 gratia
859 3203 912 3239 illi
927 3203 1071 3239 homini
1096 3204 1286 3250 naturalis,
1306 3216 1380 3253 qua
1432 3204 1569 3242 dicitur
1600 3204 1831 3253 inquantum
1858 3218 1938 3242 non
1966 3214 2021 3243 est
2049 3219 2095 3244 ex
2122 3207 2274 3244 merito:
2310 3209 2489 3245 naturalis

322 3257 464 3293 nullum
485 3260 602 3306 possit
628 3257 819 3293 admittere
840 3261 1046 3304 peccatum.
1433 3264 1563 3293 autem
1590 3256 1727 3294 dicitur
1753 3257 1983 3307 inquantum
2012 3267 2066 3295 est
2096 3272 2142 3296 ex
2168 3260 2305 3296 virtute
2337 3260 2488 3298 divinae

374 3310 598 3346 Rnsronnsso
633 3320 813 3346 mcENDUM
848 3307 965 3356 quod,
1001 3307 1216 3343 secundum
1251 3307 1378 3345 Philo·
1434 3317 1592 3345 naturae
1619 3309 1658 3346 in
1681 3310 1916 3347 humanitate
1946 3311 2084 3348 Christi
2109 3312 2157 3348 ab
2177 3312 2257 3349 eius
2286 3313 2486 3350 nativitate.

322 3361 507 3417 sophum,
537 3361 577 3398 in
603 3362 638 3399 V
664 3362 876 3410 Metaphys.
906 3360 941 3407 ³¹⁸,
970 3366 1105 3396 natura
1142 3371 1222 3396 uno
1259 3360 1378 3397 modo
1486 3362 1543 3398 AD
1570 3373 1728 3399 TERTIUM
1755 3375 1936 3400 DICENDUM
1965 3364 2070 3412 quod
2098 3364 2214 3412 gratia
2236 3365 2389 3402 unionis
2408 3378 2488 3403 non

323 3406 479 3451 dicitur
499 3413 582 3463 ipsa
621 3413 810 3461 nativitas,
846 3412 920 3449 alio
957 3412 1075 3448 modo
1118 3411 1277 3448 essentia
1313 3412 1377 3449 rei.
1435 3421 1489 3450 est
1516 3414 1694 3451 naturalis
1723 3415 1873 3452 Christo
1904 3417 2117 3453 secundum
2145 3418 2357 3454 humanam
2380 3426 2488 3455 natu-

377 3531 405 3565 α)
424 3532 531 3559 dicitur.
543 3546 562 3551 -
579 3532 678 3565 PFpH;
698 3533 812 3559 videtur.
1404 3532 1408 3558 Ι
1488 3534 1514 3569 β)
1536 3536 1642 3562 Christi,
1655 3551 1674 3555 -
1693 3537 1770 3567 PEF;
1789 3545 1842 3563 om,

2516 1587 2524 1596 ⁸
2541 1586 2573 1607 Cf.
2590 1591 2636 1613 arg.
2651 1591 2671 1613 3.

2616 2181 2631 2197 α

2542 2223 2608 2244 Vei-s.
2623 2230 2643 2251 3.

2543 2277 2608 2298 Vers.
2627 2282 2661 2297 io.

2615 2376 2628 2409 β
