2872 3970
909 296 1170 342 QUAESTIO
1200 297 1336 344 XXIII,
1364 297 1657 335 ARTICULUS
1685 299 1735 337 IV

291 377 348 412 An
383 386 570 412 SECUNDUM
604 386 783 411 DICENDUM
818 374 923 422 quod
959 374 1079 421 angeli
1116 374 1293 412 dicuntur

238 427 305 465 filii
323 426 394 464 Dei
412 426 591 464 filiatione
611 425 837 475 adoptionis,
853 437 933 466 non
953 426 1042 475 quia
1058 427 1147 476 ipsis
1165 428 1292 476 primo

239 478 458 518 conveniat:
495 479 561 516 sed
594 478 685 527 quia
717 477 789 526 ipsi
820 477 946 526 primo
975 479 1222 528 adoptionem
1249 479 1293 516 fi-

239 532 381 575 liorum
407 538 643 582 receperunt.

247 756 250 758 ’
299 759 405 785 msws
427 748 546 786 clarus,
569 753 606 780 ut
631 753 733 783 sonat.
755 767 778 772 —
807 749 843 780 In
867 759 1001 790 corpore
1029 751 1124 783 unica
1147 757 1193 785 est
1218 761 1295 782 con-

238 761 416 829 Telusio:
436 791 595 837 Adoptari
609 793 758 827 convenit
772 798 941 828 creaturae
961 794 1117 829 rationali
1137 795 1209 830 soli,
1230 805 1294 826 non

240 837 337 876 omni.
359 836 524 871 Probatur.
554 836 653 871 Filius
668 837 730 870 Dei
751 837 934 873 naturaliter
947 837 1093 878 procedit
1115 848 1132 872 a
1154 838 1245 873 Patre
1261 844 1297 873 ut

239 880 381 916 Verbum
409 880 622 914 intellectuale
645 890 747 916 unum
777 890 852 917 cum
875 881 945 921 ipso
969 882 1059 915 Patre
1091 882 1241 913 existens:
1266 888 1297 917 et

238 923 349 960 filiatio
372 922 553 969 adoptionis
581 929 627 954 est
650 924 824 957 similitudo
850 923 1011 959 filiationis
1033 926 1198 962 naturalis,
1228 936 1296 957 non

238 972 363 1005 tantum
383 967 562 1001 secundum
581 967 719 1003 formam
734 973 788 1003 aut
801 968 936 1010 gradum
950 969 1220 1009 intelligibilitatis,
1241 969 1296 1001 sed

239 1011 416 1047 seeundum
437 1012 601 1046 unitatem.
625 1011 711 1052 Ergo
727 1011 871 1054 adoptari
894 1013 1044 1045 convenit
1067 1017 1226 1047 creaturae
1248 1023 1296 1046 ra-

239 1055 351 1093 tionali
372 1055 442 1092 soli,
466 1065 534 1086 non
557 1056 657 1089 omni.

294 1098 505 1135 antecedens,
530 1099 638 1139 quoad
653 1100 788 1140 primam
804 1100 1069 1140 propositionem.
1082 1099 1215 1134 includit
1234 1106 1296 1132 tres

241 1141 440 1180 conditiones
469 1142 508 1174 ad
538 1143 742 1183 propositum
772 1143 844 1178 Filii
874 1143 950 1178 Dei:
984 1144 1088 1184 prima
1110 1149 1175 1180 est,
1207 1142 1296 1184 quod

240 1184 398 1223 Verbum;
422 1186 571 1223 secunda,
595 1187 685 1227 quod
706 1187 934 1224 intellectuale3
958 1188 1057 1223 tertia,
1082 1187 1170 1227 quod
1193 1197 1296 1221 unum

241 1233 316 1268 cum
336 1227 437 1266 Patre.
461 1230 502 1261 Et
519 1230 593 1265 ideo
617 1240 655 1265 ex
670 1231 738 1281 ipsa
752 1231 974 1272 propositione
997 1230 1164 1266 deducitur
1184 1231 1297 1272 triplex

239 1273 356 1305 modus
384 1283 421 1305 ac
449 1273 563 1314 gradus
592 1274 823 1305 assimilationis
851 1274 891 1305 ad
919 1275 1038 1307 Filium
1062 1275 1143 1312 Dei,
1174 1285 1230 1306 seu
1257 1273 1296 1306 ad

239 1318 392 1355 Verbum.
416 1318 550 1355 Primus,
573 1327 630 1358 per
652 1319 864 1354 imitationem
886 1317 1008 1354 formae
1032 1328 1128 1361 quam
1151 1319 1246 1351 habet
1264 1319 1297 1349 in

238 1356 357 1403 Verbo,
381 1361 470 1403 quod
489 1366 536 1396 est
553 1362 700 1397 omniurn
716 1362 963 1398 eminentissima
978 1361 1163 1397 similitudo.
1186 1363 1228 1397 Et
1244 1363 1296 1393 hic

241 1406 422 1443 communis
445 1405 595 1440 omnibus
625 1410 671 1436 est
701 1415 783 1446 quae
810 1409 868 1448 per
889 1405 1032 1440 Verbum
1061 1405 1143 1439 facta
1169 1411 1252 1442 sunt.
1275 1424 1299 1428 —-

361 1839 425 1876 sa<
450 1827 473 1852 n
493 1826 663 1857 QUARTUM
683 1826 734 1851 sm
755 1825 988 1852 PROCEDITUR.
1013 1814 1174 1851 Videtur
1192 1814 1298 1862 quod

272 1856 422 1923 ξ’ᾼὶζιῆ
453 1867 642 1913 Christus,
681 1867 897 1903 secundum
931 1867 1038 1915 quod
1074 1868 1215 1912 homo,
1255 1866 1300 1902 sit

260 1921 281 1972 3.
299 1920 378 1973 ’ὃς
389 1904 421 1959 '“6
435 1916 552 1956 filius
579 1919 651 1956 Dei
679 1919 894 1968 adoptivus.
933 1919 1032 1956 Dicit
1060 1918 1163 1955 enim
1196 1918 1299 1955 Hila-

209 1999 217 2007 .
251 1982 257 1991 ’
300 1964 393 2006 ’Ἢῦ
409 1964 529 2009 rius
552 1972 590 2019 *,
625 1972 673 2009 de
710 1972 861 2009 Christo
896 1973 1077 2021 loquens:
1113 1972 1300 2008 Potestatis

243 2023 402 2073 dignitas
429 2037 504 2062 non
532 2026 709 2062 amittitur
734 2025 822 2062 dum
851 2027 975 2062 carnis
999 2026 1209 2061 humanitas
1236 2024 1300 2060 ad-

243 2081 398 2126 optatur.
436 2078 536 2125 Ergo
567 2077 754 2125 Christus,
783 2077 998 2114 secundum
1026 2077 1133 2126 quod
1161 2077 1299 2123 homo,

242 2136 299 2166 est
324 2128 425 2166 filius
453 2130 668 2179 adoptivus.

296 2192 330 2218 2.
359 2182 596 2229 piu-amm,
636 2182 872 2229 Augustinus
908 2181 1013 2229 dicit,
1049 2181 1089 2218 in
1123 2180 1219 2218 libro
1257 2181 1302 2217 de

241 2234 424 2272 Praedest.
445 2237 568 2272 Sanct.
587 2235 627 2282 ²¹⁶,
661 2235 768 2284 quod
796 2235 924 2272 eadem
951 2237 1076 2284 gratia
1104 2234 1164 2270 ille
1190 2235 1301 2270 homo

242 2292 293 2324 est
323 2287 497 2334 Christus,
527 2300 600 2337 qua
626 2289 751 2337 gratia
779 2289 827 2324 ab
850 2289 952 2324 initio
959 2287 1059 2335 fidei
1084 2288 1302 2336 quicumque

242 2340 353 2376 homo
372 2346 423 2376 est
444 2341 683 2377 Christianus.
715 2340 791 2377 Sed
810 2339 871 2377 alii
890 2339 1067 2376 homines
1086 2346 1174 2375 sunt
1194 2338 1301 2375 Chri-

243 2391 351 2429 stiani
378 2404 448 2442 per
473 2393 631 2442 gratiam
659 2392 887 2441 adoptionis.
917 2393 1018 2440 Ergo
1047 2399 1083 2428 et
1101 2392 1160 2429 ille
1179 2392 1301 2428 homo

244 2451 299 2482 est
327 2445 500 2483 Christus
527 2458 597 2495 per
624 2445 883 2494 adoptionem.
913 2446 962 2481 Et
982 2445 1032 2481 ita
1050 2444 1202 2481 videtur
1221 2455 1301 2480 esse

244 2496 345 2534 filius
372 2498 587 2547 adoptivus.

300 2549 334 2587 3.
355 2551 584 2599 PRAETEREA,
606 2550 789 2596 Christus,
809 2551 1023 2587 secundum
1043 2549 1149 2598 quod
1168 2550 1301 2595 homo,

245 2610 303 2641 est
321 2614 464 2640 servus.
491 2604 568 2641 Sed
587 2603 738 2651 dignius
757 2611 812 2640 est
831 2615 912 2640 esse
931 2602 1057 2639 filium
1076 2601 1303 2650 adoptivum

245 2667 364 2706 quam
383 2668 550 2694 servum.
571 2657 672 2704 Ergo
692 2657 813 2693 multo
833 2655 952 2703 magis
971 2654 1153 2702 Christus,
1169 2665 1303 2691 secun-

245 2709 341 2746 dum
369 2709 474 2758 quod
502 2709 635 2756 homo,
665 2716 719 2745 est
745 2708 847 2745 filius
875 2707 1090 2756 adoptivus.

299 2761 372 2798 San
401 2773 544 2799 CONTRA
565 2774 630 2798 EST
657 2761 764 2810 quod
783 2760 1011 2797 Ambrosius
1030 2759 1128 2807 dicit,
1149 2759 1187 2796 in
1206 2759 1303 2796 libro

245 2813 291 2851 de
319 2815 509 2851 Incarnat.
539 2813 578 2850 *ε
619 2814 843 2863 Adoptivum
872 2814 1000 2862 filium
1039 2825 1112 2849 non
1150 2812 1304 2848 dicimus

234 2867 361 2915 filium
389 2879 466 2904 esse
493 2872 646 2903 natura:
681 2867 746 2903 sed
770 2878 854 2902 eum
882 2866 1035 2902 dicimus
1067 2870 1201 2902 natura
1229 2876 1305 2901 esse

234 2919 362 2967 filium
391 2921 454 2968 qui
478 2931 587 2956 verus
615 2925 666 2955 est
681 2919 798 2967 filius.
830 2917 1002 2955 Christus
1031 2924 1159 2954 autem
1189 2928 1303 2953 verus

246 2978 283 3009 et
300 2971 479 3008 naturalis
498 2978 553 3008 est
571 2970 688 3007 Filius
707 2971 795 3007 Dei:
825 2970 1037 3007 secundum
1059 2969 1150 3005 illud
1170 2970 1183 3005 I
1199 2970 1301 3005 Ioan.

245 3025 311 3062 ult.
330 3023 367 3061 *z
401 3026 448 3062 Ut
473 3025 588 3060 simus
614 3025 651 3059 in
679 3035 768 3060 vero
795 3023 891 3059 Filio
919 3024 1006 3068 eius,
1035 3023 1119 3058 Iesu
1147 3022 1301 3058 Christo.

247 3076 348 3124 Ergo
377 3075 567 3121 Christus,
597 3075 811 3112 secundum
839 3075 945 3123 quod
973 3075 1111 3121 homo,
1141 3085 1221 3109 non
1249 3081 1303 3110 est

246 3127 348 3166 filius
374 3128 588 3177 adoptivus.

299 3182 522 3219 Rssponnsso
550 3191 730 3217 mcENntiM
757 3178 863 3227 quod
891 3178 1022 3215 filiatio
1041 3177 1194 3226 proprie
1213 3189 1303 3214 con-

247 3233 351 3271 venit
371 3232 566 3284 hypostasi
583 3233 645 3269 vel
663 3243 860 3281 personae,
881 3242 961 3267 non
980 3237 1108 3266 autem
1128 3237 1301 3266 naturae:

216 3299 223 3320 τ
248 3286 351 3324 unde
378 3286 418 3323 in
445 3286 574 3323 Prima
601 3285 710 3321 Parte
729 3283 749 3306 ’¹‘
775 3283 921 3320 dictum
949 3290 1006 3318 est>
1035 3282 1141 3330 quod
1173 3281 1302 3317 filiatio

132 3330 143 3345 ’
189 3332 223 3367 ⁰·
249 3345 304 3375 est
329 3338 539 3388 proprietas
566 3335 785 3386 personalis.
819 3336 861 3371 In
890 3334 1039 3371 Christo
1068 3341 1194 3370 autem
1224 3344 1303 3369 non

250 3398 305 3428 est
337 3391 409 3428 alia
441 3402 606 3440 persona
633 3391 695 3426 vel
731 3387 945 3438 hypostasis
977 3398 1096 3435 quam
1127 3385 1301 3431 increata,

250 3443 311 3480 cui
338 3443 516 3480 convenit
543 3455 624 3480 esse
652 3441 792 3478 Filium
824 3452 892 3489 per
919 3447 1105 3476 naturam.
1148 3437 1302 3474 Dictum

303 3555 331 3589 α)
350 3556 449 3582 dicitur
466 3554 576 3589 aliquid.
588 3570 608 3575 —
622 3555 750 3588 recipitur
762 3553 864 3586 aliquid
877 3553 894 3582 1,
908 3551 1035 3584 recipitur
1053 3551 1107 3576 dici
1125 3550 1227 3583 aliquid
1239 3549 1301 3581 Gbc,

251 3590 379 3623 recipitur
395 3591 498 3624 aliquid
516 3591 570 3617 dici
587 3591 615 3616 P.

2324 299 2401 347 267

1348 376 1547 425 proprium
1578 387 1817 425 consequens
1845 384 2036 422 naturam,
2071 379 2136 414 sed
2164 390 2403 427 consequens

1347 428 1517 476 gratiam,
1539 428 1647 465 cuius
1665 436 1800 465 natura
1819 428 2008 465 rationalis
2028 437 2081 465 est
2100 442 2228 478 capax.
2250 432 2297 467 Et
2315 430 2403 467 ideo

1348 493 1429 517 non
1457 488 1605 529 oportet
1633 481 1739 529 quod
1768 481 1875 518 omni
1903 481 2073 518 rationali
2094 490 2285 519 creaturae
2313 495 2403 519 con-

1348 533 1492 574 veniat:
1527 533 1595 570 sed
1630 533 1735 582 quod
1771 533 1897 571 omnis
1932 533 2120 570 rationalis
2152 542 2321 571 creatura
2357 535 2404 572 sit

291 584 350 626 An
385 595 542 621 Tannum
577 594 758 622 mmmmm
792 582 900 631 quod
932 583 1087 632 adoptio
1124 596 1203 622 non
1240 592 1295 621 est
1350 597 1468 634 capax
1496 584 1722 634 adoptionis.

912 678 1244 715 comment-ria
1266 679 1516 713 Cardinalis
1536 680 1736 713 Caietam

1349 751 1533 787 Secundus,
1557 761 1613 792 per
1635 752 1846 785 imitationem
1873 753 1966 783 etiam
1989 752 2103 792 gradus
2125 753 2403 789 immaterialitatis.

1349 796 1390 827 Et
1412 796 1464 831 hic
1486 796 1634 836 proprius
1657 795 1861 831 rationalibus
1885 802 1945 832 est,
1970 806 2051 836 quae
2075 796 2143 829 sola
2165 803 2238 829 sunt
2260 797 2404 832 immate-

1349 839 1443 873 rialia.
1459 857 1482 862 -—
1498 839 1634 876 Tertius,
1650 849 1707 879 per
1725 839 1934 871 imitationem
1958 841 2052 873 etiam
2075 841 2202 871 unitatis
2225 840 2264 871 ad
2287 839 2404 874 Deum.

1349 883 1390 915 Et
1412 883 1464 914 hic
1487 888 1534 913 est
1556 883 1702 924 proprius
1725 884 1855 922 gratiam
1875 884 2008 917 caritatis
2029 884 2227 919 habentibus.

1405 926 1551 962 Secunda
1579 932 1687 959 autem
1716 927 1895 966 propositio
1926 927 2139 961 antecedentis
2167 937 2204 958 ex
2226 929 2404 968 praemissis

1350 969 1517 1002 clarificata
1540 969 1647 1010 quoad
1668 971 1821 1005 terminos
1841 976 1895 1000 est.
1920 970 1961 1001 Et
1984 971 2090 1011 quoad
2109 972 2253 1004 ultimam
2270 978 2405 1012 partem,

1350 1013 1517 1053 dupliciter
1538 1014 1699 1053 probatur.
1723 1014 1841 1049 Primo,
1866 1015 1940 1054 quia
1956 1015 2136 1045 assimilatio
2153 1014 2329 1046 secundum
2345 1017 2404 1051 hu-

1350 1057 1489 1088 iusmodi
1511 1058 1665 1088 unitatem
1688 1057 1723 1093 fit
1745 1067 1802 1098 per
1825 1059 1955 1097 gratiam
1971 1059 2119 1089 caritat'm:
2144 1064 2179 1089 ut
2193 1064 2280 1099 patet
2296 1069 2332 1089 ex
2348 1069 2404 1096 au-

1350 1101 1493 1131 ctoritate
1516 1101 1658 1137 Domini,
1682 1100 1768 1132 Ioan.
1788 1111 1860 1132 xvn.
1884 1119 1907 1123 -
1930 1101 2089 1138 Secundo,
2112 1103 2186 1142 quia
2200 1103 2269 1134 talis
2285 1103 2406 1137 assimi-

1349 1144 1425 1176 latio
1448 1143 1571 1184 perficit
1600 1145 1755 1176 rationem
1784 1144 1978 1184 adoptionis,
2003 1146 2083 1177 sieut
2105 1146 2254 1179 rationale
2281 1146 2406 1186 perficit

1349 1188 1506 1222 rationem
1528 1188 1677 1220 hominis
1701 1188 1871 1219 Probatur:
1900 1189 1974 1228 quia
1997 1190 2040 1222 sic
2063 1189 2217 1220 similibus
2240 1189 2321 1220 Filio
2344 1189 2406 1221 Dei

1351 1230 1483 1262 debetur
1505 1231 1659 1262 hereditas
1683 1237 1817 1262 aeterna.

1405 1274 1645 1315 Consequentia
1666 1284 1753 1311 vero,
1777 1275 1886 1315 quoad
1908 1275 1940 1315 ly
1962 1276 2041 1311 soli,
2073 1276 2200 1307 evidens
2224 1286 2262 1306 ex
2285 1286 2318 1307 se
2342 1282 2404 1309 est:

1351 1319 1426 1359 quia
1448 1319 1517 1349 talis
1540 1318 1712 1349 similitudo
1735 1319 1769 1349 in
1792 1318 1859 1350 sola
1880 1319 2025 1349 rationali
2046 1325 2156 1351 natura
2178 1321 2311 1350 inveniri
2333 1326 2405 1360 pot—

1351 1368 1406 1392 est.
1429 1380 1452 1384 —
1475 1362 1550 1400 Quo
1567 1372 1643 1392 vero
1668 1362 1707 1392 ad
1721 1362 1754 1403 ly
1768 1362 1824 1397 sed
1839 1372 1903 1393 non
1926 1363 2022 1399 omni,
2046 1363 2207 1403 probatur.
2232 1363 2316 1402 Quia
2338 1373 2406 1395 non

1350 1406 1497 1441 omnium
1519 1406 1721 1436 rationalium
1745 1412 1790 1437 est
1814 1406 1922 1441 caritas
1945 1416 2001 1446 per
2025 1406 2176 1447 Spiritum
2200 1406 2360 1438 Sanctum.

1017 1536 1334 1586 ARTICULUS
1365 1538 1638 1590 QUARTUS

530 1633 687 1668 UTRUM
712 1632 934 1670 CHRISTUS,
958 1633 1198 1669 SECUNDUM
1222 1632 1346 1672 QUOD
1369 1632 1511 1668 HOMO,
1536 1632 1602 1663 SIT
1625 1633 1761 1664 Funus
1784 1633 1855 1664 DEI
1878 1633 2124 1665 ADOPTIVUS

341 1702 415 1734 Infra,
434 1709 479 1763 Ti.
496 1709 572 1733 xxm,
591 1706 637 1727 art.
658 1701 688 1733 35
706 1701 739 1726 111
758 1702 841 1734 Sent.‚
860 1702 918 1743 diet.
941 1709 976 1732 tv,
994 1709 1039 1735 qu.
1058 1709 1075 1732 1,
1095 1707 1140 1728 art.
1161 1709 1184 1731 ²,
1204 1701 1253 1734 qu·
1274 1708 1303 1732 ις
1323 1701 1372 1734 qu·
1391 1708 1415 1732 2,
1435 1702 1466 1726 ad
1487 1701 1517 1733 33
1537 1701 1595 1727 dist.
1614 1709 1637 1730 x,
1657 1709 1701 1734 qu.
1720 1709 1747 1732 n,
1767 1707 1812 1727 art.
1834 1709 1856 1731 2,
1876 1701 1925 1734 εμπ·
1945 1701 1974 1733 33
1994 1702 2051 1728 dist.
2069 1710 2102 1733 xi,
2122 1707 2167 1729 art.
2188 1703 2211 1734 3,
2230 1703 2261 1728 ad
2282 1710 2311 1734 2;

401 1738 441 1763 di·
454 1755 462 1763 .
480 1745 525 1769 ιη,
543 1745 588 1770 qu.
605 1744 623 1769 1,
643 1741 689 1763 art.
709 1744 733 1768 1,
751 1737 784 1762 ad
804 1744 815 1762 ι
826 1743 834 1767 ;
853 1738 912 1763 dist.
929 1744 1000 1767 xvm,
1019 1742 1066 1763 art.
1083 1745 1110 1768 4,
1129 1737 1179 1770 qu*
1200 1744 1223 1767 ι,
1243 1737 1275 1762 ad
1295 1743 1324 1768 η
1344 1736 1377 1761 IV
1397 1737 1474 1762 Com.
1497 1737 1588 1766 ssent„
1609 1744 1664 1769 cap.
1683 1744 1722 1767 1v3
1743 1737 1784 1761 De
1807 1737 1901 1766 Verit„
1921 1745 1965 1769 qu.
1983 1744 2048 1767 xxix,
2066 1743 2112 1763 art.
2134 1745 2157 1768 1,
2176 1738 2207 1762 nd
2227 1745 2251 1763 1.

1354 1821 1409 1849 est
1443 1820 1571 1849 autem
1607 1825 1722 1861 supra
1746 1813 1766 1834 ²¹⁶
1800 1813 1906 1861 quod
1942 1813 2072 1850 filiatio
2107 1814 2321 1862 adoptionis
2355 1822 2409 1851 est
2436 1820 2444 1830 ”

1353 1865 1573 1914 participata
1610 1865 1816 1902 similitudo
1855 1865 2045 1902 filiationis
2085 1867 2275 1903 naturalis.
2317 1868 2409 1903 Non

1354 1925 1484 1954 autern
1512 1917 1648 1954 dicitur
1667 1917 1808 1966 aliquid
1824 1923 1840 1939 α
1859 1917 2117 1966 participative
2145 1919 2251 1967 quod
2278 1931 2347 1967 per
2370 1932 2409 1956 se

1354 1970 1501 2007 dicitur.
1531 1971 1579 2006 Et
1606 1970 1693 2007 ideo
1723 1970 1905 2016 Christus,
1935 1970 2000 2019 qui
2029 1978 2083 2007 est
2111 1970 2227 2007 Filius
2255 1971 2326 2007 Dei
2345 1983 2410 2008 na-

1354 2022 1505 2068 turalis,
1534 2024 1639 2059 nullo
1668 2022 1787 2059 modo
1815 2030 1938 2071 potest
1966 2023 2039 2059 dici
2066 2023 2167 2059 filius
2195 2023 2408 2072 adoptivus.

1410 2075 1631 2112 Secundum
1662 2082 1791 2112 autern
1818 2075 1901 2111 illos
1929 2075 1995 2124 qui
2022 2083 2173 2124 ponunt
2199 2075 2238 2112 in
2261 2076 2410 2113 Christo

1355 2128 1452 2170 duas
1487 2139 1688 2176 personas,
1723 2129 1784 2163 vel
1822 2127 1917 2164 duas
1953 2128 2197 2176 hypostases,
2227 2141 2294 2165 seu
2331 2129 2410 2165 duo

1356 2179 1562 2229 supposita,
1583 2179 1677 2216 nihil
1703 2179 1971 2216 rationabiliter
1988 2179 2194 2228 prohibetss
2215 2180 2409 2217 Christum

1357 2232 1558 2269 hominem
1585 2231 1659 2268 dici
1686 2231 1809 2268 filium
1837 2231 2074 2280 adoptivum.

1409 2287 1466 2321 AD
1495 2296 1629 2321 PRIMUM
1648 2296 1744 2321 ERGO
1772 2296 1952 2320 DICENDUM
1980 2285 2098 2332 quod,
2128 2284 2223 2321 sicut
2250 2284 2380 2321 filiatio
2395 2290 2411 2312 Υ

1357 2349 1437 2374 non
1469 2336 1622 2386 proprie
1650 2336 1828 2373 convenit
1855 2343 2029 2381 naturae,
2067 2335 2118 2372 ita
2144 2349 2216 2373 nec
2243 2337 2409 2386 adoptio.

1357 2391 1405 2427 Et
1432 2390 1531 2436 ideo,
1561 2401 1652 2426 cum
1679 2388 1815 2425 dicitur
1842 2389 1947 2436 quod
1975 2390 2098 2425 carnis
2119 2390 2329 2425 humanitas
2346 2390 2410 2426 ad-

1358 2449 1523 2492 optatur,
1559 2441 1767 2490 impropria
1801 2448 1855 2477 est
1886 2440 2046 2477 locutio:
2084 2448 2119 2476 et
2146 2440 2326 2489 accipitur
2358 2440 2410 2477 ibi

1357 2495 1504 2544 adoptio
1532 2506 1602 2543 pro
1631 2494 1774 2530 unione
1802 2494 1994 2530 humanae
2023 2501 2178 2529 naturae
2206 2493 2254 2529 ad
2282 2505 2409 2541 perso-

1358 2559 1450 2584 nam
1477 2547 1572 2584 Filii.

1410 2601 1467 2637 An
1487 2611 1674 2637 SECUNDUM
1700 2610 1878 2635 D1CENDUM
1898 2598 2003 2646 quod
2031 2597 2235 2634 similitudo
2255 2596 2315 2633 illa
2333 2598 2409 2634 Au-

1357 2652 1495 2701 gustini
1523 2659 1578 2689 est
1604 2651 1843 2698 intelligenda
1870 2658 2058 2699 quantum
2086 2650 2133 2686 ad
2161 2649 2407 2698 principium:

1359 2705 1450 2755 quia
1486 2704 1642 2749 scilicet,
1681 2703 1775 2740 sicut
1811 2702 1890 2739 sine
1928 2701 2069 2740 meritis
2105 2702 2218 2738 habet
2253 2701 2410 2750 quilibet

1358 2759 1479 2795 homo
1507 2764 1550 2794 ut
1577 2756 1622 2793 sit
1647 2755 1892 2801 Christianus,
1917 2754 1966 2791 ita
1992 2754 2051 2791 ille
2079 2755 2198 2790 homo
2227 2753 2306 2789 sine
2331 2765 2408 2790 me-

1358 2810 1434 2847 ritis
1461 2809 1595 2846 habuit
1627 2816 1668 2845 ut
1696 2816 1791 2844 esset
1820 2807 2001 2844 Christus.
2044 2807 2111 2842 Est
2143 2813 2283 2842 tamen*
2302 2805 2409 2842 diffe-

1359 2863 1478 2899 rentia
1505 2868 1692 2910 quantum
1719 2860 1768 2897 ad
1787 2859 2010 2896 terminum:
2040 2857 2129 2906 quia
2148 2857 2284 2894 scilicet
2303 2857 2409 2894 Chri-

1359 2923 1437 2952 stus
1456 2926 1524 2963 per
1538 2913 1696 2961 gratiam
1715 2911 1866 2948 unionis
1886 2919 1940 2947 est
1958 2910 2075 2946 Filius
2094 2909 2288 2955 naturalis;
2314 2909 2409 2946 alius

1358 2975 1486 3004 autem
1518 2977 1586 3014 per
1612 2964 1768 3012 gratiam
1797 2962 2028 2999 habitualem
2055 2969 2110 2999 est
2136 2961 2236 2998 filius
2264 2961 2408 3010 adopti-

1358 3032 1441 3056 vus.
1472 3018 1600 3055 Gratia
1619 3023 1746 3053 autem
1775 3014 1974 3051 habitualis
1992 3014 2032 3050 in
2052 3013 2201 3051 Christo
2226 3025 2304 3050 non
2323 3013 2409 3050 facit

1358 3072 1405 3108 de
1433 3069 1606 3107 non-filio
1634 3068 1756 3104 filiurn
1785 3066 2026 3115 adoptivum:
2066 3066 2132 3102 sed
2160 3074 2215 3102 est
2249 3065 2407 3114 quidam

1358 3124 1514 3160 effectus
1548 3119 1736 3157 filiationis
1770 3119 1808 3155 in
1843 3119 1970 3155 anima
2005 3117 2161 3163 Christi,
2195 3118 2407 3155 secundum

1357 3176 1448 3212 illud
1476 3176 1578 3210 Ioan.
1600 3185 1609 3209 1
1628 3172 1662 3208 ²¹²:
1700 3172 1861 3209 Vidimus
1887 3171 2050 3221 gloriam
2082 3172 2158 3207 eius
2192 3172 2297 3219 quasi
2321 3172 2407 3208 Uni·
2435 3174 2445 3184 ⁴

1356 3228 1472 3277 geniti
1497 3239 1521 3263 a
1548 3227 1669 3270 Patre,
1693 3224 1846 3273 plenum
1873 3225 2020 3273 gratiae
2046 3229 2078 3260 et
2106 3224 2273 3261 veritatis.

1410 3281 1466 3315 An
1494 3289 1651 3314 TER-num
1678 3288 1856 3313 mCENDUM
1885 3276 1991 3325 quod
2020 3287 2100 3312 esse
2122 3282 2343 3321 creaturam,
2373 3282 2408 3311 et

1357 3331 1470 3368 etiam
1498 3329 1656 3366 servitus
1675 3330 1736 3365 vel
1755 3328 1936 3365 subiectio
1956 3328 2003 3365 ad
2023 3328 2162 3373 Deum,
2183 3339 2260 3364 non
2281 3329 2405 3364 solum

1357 3382 1506 3432 respicit
1523 3393 1741 3431 personam,
1762 3381 1827 3418 sed
1848 3381 1961 3418 etiam
1980 3387 2173 3417 naturam:
2203 3380 2308 3428 quod
2327 3391 2407 3416 non

1357 3443 1479 3485 potest
1489 3434 1562 3471 dici
1576 3435 1623 3471 de
1637 3433 1827 3470 filiatione.
1845 3434 1892 3470 Et
1902 3433 1987 3470 ideo
1998 3445 2076 3469 non
2092 3439 2145 3468 est
2160 3431 2289 3468 similis
2299 3431 2406 3468 ratio.

1410 3547 1435 3581 β)
1450 3547 1584 3580 prohibet.
1601 3561 1620 3566 -
1633 3554 1687 3579 pro
1705 3547 1736 3577 A,
1750 3546 1906 3578 prohiberet
1924 3545 1951 3569 P.

1408 3584 1435 3618 γ)
1447 3583 1557 3616 filiatio.
1574 3597 1594 3601 -
1611 3583 1653 3607 EF
1673 3587 1698 3606 et
1716 3582 1802 3612 tertia3
1814 3581 1899 3613 filius.

2522 1825 2540 1845 ι,
2555 1818 2582 1839 ad
2596 1823 2618 1839 2.
