2872 3970
513 303 588 350 340
1188 298 1449 346 QUAESTIO
1478 298 1650 345 XXXIII,
1680 298 1972 336 ARTICULUS
1999 299 2014 336 I

993 537 1402 619 QUAESTIO
1442 514 2213 596 TRIGESIMATERTIA

887 661 970 701 DE
1003 658 1179 700 MODO
1215 658 1293 699 ET
1328 657 1559 698 ORDINE
1593 656 2036 700 CONCEPTIONIS
2071 658 2311 700 CHRISTI

1297 772 1331 797 IN
1361 771 1533 802 QUATUOR
1559 753 1761 798 ARTICULOS
1787 772 1901 798 DIVISA

592 892 695 916 ειΝοΕ
723 876 1047 916 considerandum
1071 883 1126 912 est
1154 874 1202 912 de
1227 873 1348 911 modo
1373 880 1410 910 et
1435 872 1569 911 ordine

511 890 851 992 Dconceptionis
880 941 1019 978 Christi
1038 940 1068 977 ²¹².

508 1010 556 1046 Et
583 1008 682 1045 circa
709 1009 785 1044 hoc
812 1013 1050 1056 quaeruntur
1077 1012 1255 1054 quatuor.

559 1073 711 1110 Primo:
741 1081 872 1110 utrum
891 1085 1032 1122 corpus
1052 1070 1192 1109 Christi
1211 1070 1252 1107 in
1269 1069 1397 1120 primo
1417 1069 1569 1107 instanti

612 1139 871 1190 conceptionis
898 1139 1009 1176 fuerit
1035 1139 1256 1176 formatum.

269 954 391 1003 Ing-{dmm
412 959 466 975 xxxi

1678 874 1879 911 Secundo:
1903 882 2034 912 utrum
2054 874 2093 912 in
2111 874 2238 924 primo
2258 875 2410 914 instanti
2428 876 2688 928 conceptionis

1729 926 1840 963 fuerit
1867 926 2093 964 animatum.

1677 978 1830 1016 Tertio:
1865 987 1997 1016 utrum
2024 979 2064 1017 in
2091 979 2218 1029 primo
2246 979 2400 1019 instanti
2427 981 2688 1061 conceptionis

1730 1031 1843 1068 fuerit
1869 1044 1892 1069 a
1919 1032 2049 1069 Verbo
2077 1040 2332 1092 assumptum.

1679 1085 1848 1131 Quarto·
1883 1091 2015 1121 utrum
2049 1085 2250 1136 conceptio
2279 1085 2342 1124 illa
2368 1085 2480 1124 fuerit
2507 1087 2688 1126 naturalis

1730 1138 1792 1174 vel
1820 1136 2062 1175 miraculosa.

1318 1255 1637 1298 ARTICULUS
1669 1254 1875 1297 PRIMUS

690 1351 845 1383 UTRUM
870 1349 1038 1381 coapus
1063 1349 1237 1380 CHRISTI
1261 1349 1420 1380 FUERIT
1445 1348 1697 1380 FORMATUM
1721 1349 1765 1379 IN
1787 1348 1923 1380 PRIMO
1948 1349 2152 1380 1NSTANT1
2177 1349 2500 1382 CONCEPTIONIS

560 1431 590 1456 111
610 1431 691 1459 Sent„
711 1430 770 1456 dist.
789 1437 827 1459 111,
846 1436 890 1462 qu.
910 1436 934 1460 v,
954 1434 1001 1454 art.
1021 1435 1048 1458 25
1068 1428 1102 1453 1v
1124 1428 1199 1453 Cont.
1221 1429 1308 1457 Gent„
1328 1435 1474 1460 cap.xt.1v;
1497 1427 1967 1460 Compend.771eol..cap.ccxvu1‚·
1987 1427 2017 1452 In
2038 1427 2121 1458 toan„
2141 1435 2196 1460 cap.
2214 1435 2232 1459 ι,
2252 1428 2311 1453 lect.
2330 1435 2371 1459 1x;
2390 1435 2446 1461 cap.
2465 1435 2493 1459 ιι,
2511 1429 2570 1455 lect.
2586 1436 2628 1455 xv.

549 1536 600 1575 ,ἢν
622 1552 640 1565 ,
640 1542 668 1559 f
715 1530 738 1554 D
765 1529 898 1554 PRIMUM
927 1529 978 1554 sm
1007 1528 1241 1554 Ριιοεεῡιτυιι.
1271 1515 1432 1552 Videtur
1458 1516 1566 1565 quod
1621 1523 1684 1553 tur
1710 1515 1815 1553 enim
1842 1517 1937 1552 Luc.
1959 1527 1979 1552 11
1998 1515 2030 1562 ²⁸²,
2059 1515 2166 1564 quod
2193 1517 2409 1565 proficiebat
2435 1522 2554 1554 aetate
2578 1522 2614 1554 et
2628 1529 2685 1556 sa·
2711 1524 2782 1555 v

535 1580 562 1618 κ·
549 1550 592 1575 ”
631 1562 652 1579 ”
665 1569 694 1618 '3-
716 1582 856 1619 corpus
879 1569 1017 1607 Christi
1045 1581 1126 1606 non
1154 1568 1264 1606 fuerit
1291 1569 1499 1606 formatum
1527 1568 1567 1605 in
1616 1570 1771 1628 pientia3
1798 1569 1900 1617 Ergo
1919 1568 2072 1606 videtur
2090 1569 2209 1628 quod,
2229 1568 2312 1618 pari
2331 1568 2488 1616 ratione,
2507 1569 2685 1608 formatio

568 1662 569 1666 ,
599 1651 642 1678 ι,
662 1629 841 1674 pr1mo
853 1630 1004 1660 1nstant1
1017 1630 1288 1671 conceptionis
1305 1621 1452 1658 Dicitur
1462 1621 1567 1658 enim

561 1668 818 1713 C's'vhkloan.
835 1675 906 1712 11³⁸:
943 1675 1204 1725 Quadraginta
1233 1681 1265 1711 et
1284 1687 1352 1712 sex
1370 1676 1479 1712 annis
1506 1687 1564 1711 ae-

506 1729 692 1776 dificatum
721 1735 770 1765 est
793 1729 986 1778 Templum
1005 1729 1095 1764 hoc:
1128 1727 1235 1776 quod
1268 1739 1465 1776 exponens
1489 1728 1567 1764 Au—

269 1792 380 1844 3⁰1⁹}
382 1790 459 1839 -ιεῆυ,
449 1790 480 1812 111
506 1781 689 1829 gustinuS,
710 1781 749 1818 in
768 1782 818 1818 IV
832 1781 877 1817 de
895 1783 930 1818 T
927 1793 997 1817 rm
1013 1780 1045 1826 ²¹⁶,
1065 1779 1168 1817 dicit:
1196 1781 1274 1817 Hic
1293 1792 1468 1817 numerus
1482 1792 1567 1829 per-

288 1824 315 1839 en
497 1835 656 1883 sectioni
682 1834 857 1870 dominici
883 1835 1050 1883 corporis
1077 1838 1203 1882 aperte
1230 1834 1412 1882 congruit.
1454 1832 1503 1869 Et
1527 1832 1568 1869 in

271 1893 280 1901 ·
295 1891 342 1918 Qu·
357 1897 399 1913 ffl-
508 1887 604 1924 libro
643 1886 837 1936 Octoginta
872 1887 983 1922 trium
1024 1886 1169 1928 Quaest.
1196 1885 1216 1906 ’¹'
1244 1884 1349 1922 dicit:
1386 1885 1476 1922 Non
1506 1887 1567 1922 ab·

506 1940 617 1977 surde
636 1940 884 1988 quadraginta
897 1951 965 1975 sex
978 1940 1086 1975 annis
1105 1938 1237 1974 dicitur
1244 1938 1478 1985 fabricatum
1493 1950 1569 1974 esse

512 1993 716 2042 Templum,
733 1991 830 2041 quod
842 2003 975 2041 corpus
990 1993 1067 2028 eius
1074 1992 1293 2040 figurabat:
1314 1996 1362 2036 ut,
1380 1996 1464 2039 quot
1478 1992 1571 2027 anni

497 2047 656 2094 fuerunt
684 2046 719 2081 in
738 2045 992 2092 fabricatione
1023 2043 1176 2092 Templi,
1196 2049 1246 2080 tot
1273 2043 1348 2080 dies
1355 2044 1503 2091 suerint
1530 2046 1566 2079 in

508 2099 674 2147 corporis
692 2097 868 2133 dominici
883 2097 1122 2146 perfectione.
1149 2096 1242 2132 Non
1269 2107 1358 2143 ergo
1383 2095 1422 2132 in
1440 2095 1567 2144 primo

508 2150 657 2187 instanti
686 2149 945 2198 conceptionis
973 2161 1113 2198 corpus
1143 2147 1281 2185 Christi
1308 2147 1377 2185 fuit
1404 2148 1567 2197 perfecte

506 2204 724 2240 formatum

563 2267 596 2292 2.
627 2256 855 2302 PRAETEREA,
881 2254 930 2291 ad
947 2253 1218 2291 formationem
1237 2253 1408 2314 corporis
1429 2253 1568 2291 Christi

508 2307 770 2357 requirebatur
789 2315 917 2344 motus
936 2307 1075 2353 localis,
1105 2319 1184 2356 quo
1203 2306 1398 2356 purissimi
1418 2307 1567 2355 sangui-

507 2374 575 2398 nes
603 2361 650 2397 de
679 2372 840 2410 corpore
861 2359 1024 2408 Virginis
1052 2360 1101 2397 ad
1120 2361 1251 2397 locum
1270 2371 1487 2408 congruum
1505 2371 1567 2408 ge-

507 2413 692 2450 nerationi
713 2413 967 2463 pervenirent.
997 2413 1161 2449 Nullum
1180 2420 1310 2450 autem
1329 2424 1470 2462 corpus
1498 2425 1566 2462 po-

506 2474 576 2503 test
603 2466 752 2503 moveri
776 2465 942 2503 localiter
964 2465 1003 2502 in
1023 2465 1190 2502 instanti:
1221 2477 1268 2502 eo
1288 2465 1395 2514 quod
1414 2473 1567 2515 tempus

506 2527 635 2557 motus
658 2517 839 2556 dividitur
857 2518 1073 2555 secundum
1091 2518 1321 2555 divisionem
1340 2517 1505 2564 mobilis,
1525 2526 1568 2555 ut

271 2584 280 2592 ·
299 2570 359 2630 ‘³³⁹3
374 2588 409 2630 ‘ft
425 2588 447 2630 ς’.
462 2582 478 2629 ξ
506 2572 690 2621 probatur
708 2571 747 2608 in
766 2572 815 2608 VI
834 2573 981 2620 Physic.
1001 2571 1022 2593 ’¹‘
1045 2572 1146 2619 Ergo
1167 2583 1308 2620 corpus
1328 2571 1467 2608 Christi
1486 2583 1566 2608 non

270 2615 337 2656 iri-‘¹'
362 2624 367 2630 '
412 2615 479 2630 ’π’
506 2624 573 2662 fuit
602 2624 640 2661 in
669 2624 819 2662 instanti
847 2625 1066 2661 formatum.

562 2677 595 2714 3.
626 2678 855 2720 PRAETEREA,
885 2689 1025 2726 corpus
1046 2676 1184 2714 Christi
1210 2676 1419 2714 formatum
1438 2684 1493 2714 est
1520 2690 1567 2714 ex

272 2736 478 2763 ’Qu·¹¹¹¹›³¹r¹-⁵·
506 2729 717 2779 purissimis
746 2729 994 2778 sanguinibus
1012 2729 1188 2778 Virginis,
1218 2737 1259 2766 ut
1278 2741 1394 2779 supra
1412 2729 1432 2751 ²¹⁵
1460 2730 1566 2767 habi-

506 2791 588 2820 tum
617 2790 682 2819 est.
716 2783 809 2819 Non
837 2790 964 2819 autern
994 2782 1117 2831 potuit
1145 2795 1226 2819 esse
1254 2782 1412 2820 materia
1438 2782 1499 2819 illa
1527 2783 1566 2820 in

507 2836 644 2872 eodem
674 2835 823 2872 instanti
851 2835 1003 2883 sanguis
1032 2843 1067 2872 et
1089 2847 1196 2872 caro:
1227 2835 1318 2884 quia
1337 2834 1389 2872 sic
1408 2835 1566 2873 materia

507 2888 620 2924 simul
646 2887 774 2928 fuisset
802 2888 874 2925 sub
902 2888 1053 2925 duabus
1081 2888 1223 2925 formis.
1254 2889 1356 2936 Ergo
1375 2888 1479 2925 aliud
1498 2888 1567 2925 fuit

508 2940 649 2977 instans
678 2940 716 2977 in
744 2953 823 2990 quo
852 2940 986 2978 ultimo
1019 2941 1088 2978 fuit
1115 2941 1286 2990 sanguis,
1323 2948 1359 2978 et
1386 2941 1489 2978 aliud
1526 2941 1565 2978 in

508 3005 586 3041 quo
614 2993 739 3042 primo
768 2993 835 3031 fuit
854 3006 942 3031 caro
961 2994 1133 3031 formata.
1165 2994 1241 3031 Sed
1261 2993 1357 3031 inter
1375 2994 1566 3043 quaelibet

276 3050 323 3071 'D-
340 3053 388 3076 ⁷⁴¹·
508 3046 587 3083 duo
612 3045 785 3083 instantia
805 3054 859 3083 est
877 3054 1029 3095 tempus
1049 3046 1223 3084 medium
1242 3046 1272 3083 *.
1303 3047 1404 3095 Ergo
1424 3059 1565 3096 corpus

510 3097 646 3134 Christi
682 3110 761 3134 non
788 3098 856 3135 fuit
891 3098 929 3135 in
958 3099 1108 3136 instanti
1136 3100 1362 3146 formatum,
1402 3100 1469 3137 sed
1497 3112 1566 3149 per

509 3150 663 3199 aliquod
691 3159 853 3200 tempus.

561 3215 597 3249 4.
627 3204 856 3249 PRAETEREA,
886 3203 980 3240 sicut
1008 3204 1176 3253 potentia
1203 3204 1487 3254 augmentativa
1508 3217 1563 3243 re-

509 3254 622 3302 quirit
641 3254 935 3292 determinatum
950 3263 1102 3305 tempus
1122 3257 1160 3294 in
1175 3270 1247 3294 suo
1267 3265 1366 3304 actu,
1382 3257 1431 3295 ita
1450 3258 1564 3295 etiarn

510 3306 627 3343 virtus
654 3307 887 3354 generativa.
917 3315 1077 3356 utraque
1097 3309 1200 3346 enim
1229 3317 1283 3347 est
1310 3310 1479 3359 potentia
1498 3323 1563 3348 na-

509 3358 636 3396 turalis
665 3360 711 3396 ad
740 3358 1025 3407 vegetabilem²
1053 3361 1222 3398 animam
1249 3362 1452 3411 pertinens
1488 3364 1563 3401 Sed

511 3422 649 3459 corpus
671 3411 808 3448 Christi
833 3411 901 3448 suit
920 3412 1169 3449 determinato
1188 3421 1360 3463 tempore
1381 3427 1563 3463 augmen-

511 3469 641 3507 tatum,
670 3463 764 3500 sicut
792 3471 827 3500 et
855 3463 1016 3500 aliorum
1041 3464 1244 3502 hominum
1264 3478 1443 3516 corpora:
1474 3467 1563 3505 dici-

268 1689 276 1696 ·
293 1687 358 1708 Vers.
374 1693 409 1708 ιο.

564 3593 590 3626 α)
611 3593 786 3625 vegetabilem.
805 3608 823 3612 —
842 3594 1016 3627 vegetativam
1037 3594 1168 3619 editiones.

1621 1621 1793 1670 corporis
1821 1621 1916 1668 eius,
1945 1633 2045 1670 quae
2067 1621 2229 1680 pertinet
2247 1621 2296 1659 ad
2314 1621 2396 1658 vim
2413 1622 2712 1676 generativam,

1622 1686 1703 1711 non
1730 1674 1840 1712 fuerit
1868 1674 1908 1711 in
1935 1673 2107 1720 instanti,
2136 1674 2204 1711 sed
2230 1673 2483 1713 determinato
2510 1682 2711 1726 tempore

1622 1739 1702 1776 quo
1731 1726 1896 1765 aliorum
1925 1727 2133 1764 hominum
2159 1739 2324 1776 corpora
2350 1727 2576 1767 formantur.

1676 1780 1750 1817 SED
1779 1791 1923 1817 CONTRA
1950 1791 2016 1817 EST
2048 1780 2155 1829 quod
2190 1779 2398 1828 Gregorius
2429 1779 2538 1827 dicit,
2566 1774 2685 1819 XVIII

1621 1833 1764 1870 Moral.
1784 1832 1823 1869 *z
1851 1833 2000 1882 Angelo
2020 1834 2221 1879 nuntiante,
2251 1838 2284 1869 et
2302 1834 2439 1883 Sparitu
2458 1833 2736 1898 adveniente,-

1622 1897 1714 1922 mox
1749 1886 1908 1922 Verbum
1943 1886 1980 1922 in
2010 1891 2132 1931 utero,
2168 1897 2261 1923 mox
2292 1887 2390 1923 intra
2418 1891 2562 1924 uterum
2597 1886 2684 1925 Ver-

1622 1939 1710 1974 bum
1738 1950 1840 1974 caro.

1676 1991 1900 2028 Rnsponnsso
1927 2002 2108 2028 mel-:noum
2136 1990 2243 2040 quod
2271 1990 2311 2028 in
2331 1990 2582 2040 conceptione
2601 2003 2684 2030 cor-

1622 2042 1727 2092 poris
1747 2042 1886 2080 Christi
1913 2042 1983 2080 tria
2002 2051 2057 2080 est
2075 2042 2336 2081 considerare:
2365 2042 2493 2093 primo
2513 2043 2683 2094 quidem,

1622 2103 1775 2133 motum
1795 2096 1955 2133 localem
1975 2095 2168 2144 sanguinis
2195 2096 2244 2133 ad
2263 2097 2394 2133 locum
2412 2096 2683 2145 generationis3

1623 2148 1814 2195 secundo,
1843 2148 2111 2185 formationem
2141 2148 2313 2198 corporis
2341 2161 2388 2186 ex
2414 2148 2478 2186 tali
2504 2147 2682 2197 materia3

1622 2200 1749 2248 tertio,
1785 2208 2037 2249 augmentum
2065 2213 2144 2250 quo
2173 2201 2395 2251 perducitur
2421 2201 2471 2239 ad
2498 2179 2684 2252 quantita:
2698 2240 2700 2242 ,
2727 2210 2737 2234 1

2720 1358 2851 1548 5

1621 2261 1701 2291 tem
1728 2254 1946 2313 perfectam.
1988 2255 2031 2291 In
2058 2266 2229 2314 quorum
2256 2254 2387 2292 medio
2421 2253 2517 2293 ratio
2547 2266 2684 2294 conce-
2721 2252 2775 2310 ‘⁸3ss
2835 2263 2838 2306 f

1621 2306 1763 2356 ptionis
1794 2306 1982 2344 consistit.
2020 2318 2113 2344 nam
2147 2306 2319 2356 primum
2354 2315 2410 2344 est
2442 2307 2709 2368 conceptionig
2724 2304 2745 2345 ἔ
2758 2317 2761 2322 ·
2835 2317 2838 2327 ·

1622 2359 1938 2419 praeambulum3
1957 2359 2111 2396 tertium
2131 2367 2260 2397 autem
2279 2359 2573 2411 conceptionem
2591 2370 2683 2400 oon·
2835 2345 2837 2364 ³

1622 2412 1804 2461 sequitur.

1675 2465 1851 2503 Primum
1886 2473 2013 2502 autem
2050 2477 2130 2503 non
2163 2465 2288 2515 potuit
2321 2478 2403 2503 esse
2438 2465 2477 2504 in
2508 2465 2680 2506 instanti..

1622 2518 1713 2568 quia
1741 2519 1818 2555 hoc
1844 2526 1899 2555 est
1935 2526 2068 2556 contra
2095 2517 2220 2568 ipsam
2246 2518 2436 2556 rationem
2469 2526 2599 2559 motus
2626 2521 2682 2559 lo-

1622 2571 1711 2609 calis
1739 2571 1910 2620 corporis
1932 2571 2224 2626 cuiuscumque.
2253 2571 2364 2609 cuius
2381 2579 2507 2621 partes
2533 2584 2683 2612 sucees-

1622 2624 1701 2661 sive
1717 2624 1930 2662 subintrant
1947 2626 2131 2661 locum.-
2151 2623 2330 2662 Similiter
2347 2632 2384 2662 et
2401 2623 2554 2663 tertium
2567 2628 2683 2677 opor-

1620 2685 1671 2714 tet
1691 2689 1771 2714 esse
1791 2677 2062 2714 successivum.
2099 2677 2203 2714 Tum
2225 2676 2316 2727 quia
2333 2684 2585 2726 augmentum
2601 2686 2684 2718 non·

1621 2738 1676 2767 est
1704 2729 1784 2767 sine
1812 2738 1923 2767 motu
1950 2729 2071 2768 locali.
2108 2730 2216 2767 Tum
2247 2729 2360 2768 etiam
2394 2729 2486 2780 quia
2509 2731 2684 2781 procedit

1621 2795 1667 2820 ex
1695 2782 1832 2820 virtute
1860 2782 2012 2820 animae
2039 2782 2117 2820 iam
2145 2782 2185 2820 in
2208 2794 2370 2843 corpore
2397 2783 2562 2823 formato
2588 2794 2681 2835 ope-
2743 2778 2773 2835 j}
2829 2805 2832 2814 ,

1621 2835 1747 2881 rantis,
1777 2848 1877 2896 quae
1905 2847 1986 2873 non
2013 2843 2194 2885 operatur
2220 2835 2292 2873 nisi
2320 2835 2360 2873 in
2386 2843 2573 2887 tempore.
2607 2864 2610 2867 «

1675 2865 1751 2926 Sed
1779 2888 1862 2938 ipsa
1889 2887 2065 2927 formatio
2084 2888 2285 2948 eorporis,
2320 2888 2359 2926 in
2387 2901 2464 2938 qua
2490 2889 2680 2952 principa—

1619 2941 1703 2979 liter
1730 2941 1824 2979 ratio
1852 2940 2114 2991 conceptionis
2141 2940 2324 2990 consistit,
2352 2941 2422 2979 fuit
2448 2941 2488 2979 in
2514 2941 2679 2991 instanti,

1619 2994 1762 3054 duplici
1790 2994 1946 3032 ratione.
1976 2994 2107 3032 Primo
2126 2993 2297 3044 quidem,
2325 3002 2483 3044 propter
2498 2993 2680 3035 virtutem
2813 3002 2816 3035 ζ

1619 3047 1762 3096 agentis
1776 3047 1977 3100 infinitam,
1993 3046 2131 3084 scilicet
2146 3046 2307 3097 Spiritus
2322 3046 2463 3093 Sancti,
2476 3059 2547 3097 per
2558 3059 2680 3098 quem

1619 3112 1761 3150 corpus
1790 3097 1932 3137 Christi
1956 3107 2012 3137 est
2038 3100 2259 3146 formatum,
2287 3108 2330 3138 ut
2352 3112 2469 3151 supra
2486 3099 2507 3122 '⁸‘
2533 3099 2679 3140 dictum
2705 3110 2767 3125 ”
2822 3135 2824 3137 ,

1619 3161 1685 3190 est.
1715 3153 1843 3190 Tanto
1871 3152 1976 3190 enim
2004 3152 2160 3202 aliquod
2179 3164 2295 3202 agens
2320 3152 2428 3190 citius
2455 3160 2580 3213 potest
2595 3164 2678 3192 ma-

1618 3205 1753 3243 teriam
1780 3205 1996 3255 disponere,
2025 3212 2170 3255 quanto
2198 3205 2309 3243 fuerit
2335 3205 2491 3245 maioris
2517 3205 2676 3244 virtutis.
2816 3223 2817 3226 ¹

1618 3258 1730 3296 Unde
1767 3270 1882 3307 agens
1917 3257 2086 3296 infinitae
2114 3257 2262 3296 virtutis
2294 3266 2420 3308 potest
2453 3257 2491 3296 in
2526 3257 2678 3298 instanti
2741 3270 2743 3273 ’
2808 3279 2815 3289 2

1618 3310 1815 3348 materiam
1845 3310 2049 3360 disponere
2077 3311 2127 3348 ad
2153 3310 2322 3349 debitam
2348 3311 2525 3349 formam.

1672 3363 1865 3409 Secundo,
1895 3375 1941 3401 ex
1960 3371 2066 3413 parte
2085 3375 2272 3413 personae
2292 3363 2388 3410 Filii,
2406 3363 2517 3402 cuius
2535 3374 2677 3414 corpus

1616 3415 1862 3453 formabatur.
1892 3417 1984 3453 Non
2004 3415 2108 3453 enim
2134 3424 2214 3454 erat
2240 3426 2456 3466 congruum
2475 3424 2517 3454 ut
2535 3427 2675 3467 corpus

1618 3468 1836 3506 humanum
1868 3476 2079 3506 assumeret
2111 3468 2182 3506 nisi
2214 3469 2433 3507 formatum.
2477 3468 2518 3508 Si
2545 3476 2674 3508 autem
