2872 3970
157 1166 166 1175 ⁸
175 1164 303 1186 Comment⁴
315 1171 335 1186 n,
344 1170 364 1188 v¹

157 1197 201 1212 vui.

164 2484 214 2505 ’De
226 2483 284 2505 Fide
295 2484 372 2507 Orth..

163 2510 202 2532 lib.
218 2510 256 2537 111,
277 2516 326 2538 cap.
340 2516 372 2532 xi.

263 2644 279 2659 α

171 2850 180 2859 ·
202 2847 288 2869 Eccles.
310 2847 376 2868 Hier,

172 2881 221 2901 cap.
237 2880 266 2899 iv,
278 2878 333 2901 part.
346 2880 376 2895 ιιι.

394 302 467 329 202

1082 286 1343 333 QUAESTIO
1373 285 1477 327 XVI,
1511 283 1803 322 ARTICULUS
1831 285 1876 321 ΙΙΙ

1064 416 1398 449 Commentaria
1419 414 1671 447 Cardinalis
1694 413 1894 447 Caietani

452 510 557 531 1101115
581 500 682 530 clarus
706 504 761 529 est.
777 517 799 520 —
824 498 859 528 In
884 506 1018 537 corpore
1042 495 1164 526 articuli
1188 495 1282 524 unica
1306 498 1352 524 est
1375 503 1452 544 con-

394 512 552 576 Tclusio
576 544 759 584 responsiva
782 543 941 582 quaesito:
966 540 1060 571 Haec
1082 544 1128 570 est
1150 548 1226 569 vera
1249 542 1279 568 et
1295 547 1450 587 propria,

396 603 409 615 ‹
429 589 538 620 Homo
556 593 602 619 est
615 588 704 618 Deus
718 600 745 622 »‚
758 586 919 626 supposito
937 583 1171 615 incarnationis
1187 586 1351 622 mysterio.
1375 581 1452 632 1³qu

393 636 509 665 batur.-
526 633 615 662 Deus
637 630 834 672 praedicatur
856 638 929 659 vere
954 633 984 658 et
1007 627 1136 667 proprie
1160 625 1199 656 de
1222 634 1358 675 persona
1380 625 1452 655 Flln

392 678 462 709 Dei.
490 677 574 716 Ergo
598 675 796 715 praedicatur
818 682 890 703 vere
915 678 945 702 et
968 671 1097 711 proprie
1121 669 1160 700 de
1183 670 1324 699 homine.

447 721 602 751 Probatur
625 718 862 757 consequentia.
898 716 983 754 Quia
1010 715 1104 744 homo
1135 718 1241 753 potest
1269 721 1452 752 supponere

392 775 451 806 pro
474 773 610 805 persona
633 763 703 792 Filii
723 761 792 791 Dei.
816 778 839 782 -
861 760 1015 789 Probatur
1031 758 1104 788 hoc.
1128 757 1238 787 Homo
1255 762 1360 796 potest
1376 766 1452 796 sup-

392 818 512 850 ponere
530 817 588 847 pro
606 806 746 846 qualibet
760 804 921 844 hypostasi
937 804 1095 833 humanae
1111 807 1251 831 naturae.
1276 799 1339 830 Sed
1355 809 1452 840 quae-

393 854 466 884 dam
496 851 672 892 hypostasis
698 850 856 879 humanae
882 852 1013 876 naturae
1045 851 1091 875 est
1121 854 1258 884 persona
1284 844 1357 874 Filii
1381 844 1451 874 Dei.

393 898 476 936 Ergo
500 896 595 925 homo
618 898 723 933 potest
746 900 928 931 supponere
951 899 1009 930 pro
1033 898 1169 929 persona
1192 888 1264 918 Filii
1287 887 1357 918 Dei.

448 941 483 969 ln
505 939 563 968 hac
586 938 715 967 materia
738 934 907 965 recolenda
928 939 1002 963 sunt
1026 933 1108 963 dicta
1130 933 1164 962 in
1187 932 1292 972 priore
1308 932 1452 962 articulo.

393 983 555 1022 Quoniam
570 982 628 1011 ista
643 980 820 1020 propositio
837 978 876 1008 de
892 987 956 1018 qua
972 982 1018 1007 est
1037 986 1151 1012 serm0‚
1170 981 1216 1006 est
1236 976 1331 1006 etiam
1347 985 1404 1016 per
1419 986 1452 1007 se

392 1030 425 1058 in
448 1027 551 1066 primo
571 1024 680 1059 modo,
697 1028 843 1063 respectu
859 1021 1015 1061 suppositi
1038 1030 1095 1060 per
1115 1021 1304 1056 subiectum,
1321 1029 1388 1050 non
1405 1030 1453 1051 re-

392 1076 502 1111 spectu
517 1075 646 1099 naturae
663 1067 864 1107 significatae,
883 1071 913 1096 et
929 1065 1108 1095 subiectum
1124 1065 1256 1095 trahitur
1272 1064 1312 1094 ad
1331 1074 1452 1105 suppo-

391 1114 533 1146 nendum
549 1122 607 1153 pro
624 1112 677 1142 tali
693 1111 860 1151 supposito
877 1119 915 1140 ex
931 1108 1130 1149 praedicato:
1148 1109 1230 1139 sicut
1247 1108 1286 1139 de
1302 1118 1359 1138 sua
1375 1118 1453 1139 con-

391 1163 531 1189 vertente
556 1162 586 1187 et
616 1165 767 1186 conversa
783 1154 905 1184 dictum
929 1159 976 1183 est
991 1153 1024 1184 in
1048 1152 1253 1193 praecedenti
1276 1153 1410 1183 articulo
1426 1154 1452 1183 θ’.

446 1203 487 1232 Et
509 1211 565 1242 per
588 1201 650 1230 hoc
674 1205 759 1239 patet
783 1204 847 1228 tam
872 1207 988 1237 corpus
1008 1197 1141 1233 articuli,
1165 1206 1263 1237 quam
1287 1197 1452 1237 responsio

393 1247 432 1277 ad
455 1247 603 1286 primurn.
1332 1286 1338 1292 ι
1390 1285 1396 1291 .

447 1291 483 1320 Il.
509 1290 543 1320 ln
566 1288 774 1328 responsione
791 1286 830 1317 ad
854 1285 1043 1321 secundum,
1061 1285 1196 1316 dubium
1215 1291 1354 1316 occurnt
1370 1294 1453 1315 circa

392 1334 471 1366 illud
487 1334 623 1364 dictum:
648 1332 686 1362 In
707 1332 768 1362 ista
785 1330 1020 1371 propositione,
1041 1343 1055 1356 «
1074 1330 1164 1360 Deus
1186 1334 1234 1360 est
1246 1329 1346 1360 Pater
1364 1343 1378 1356 »
1391 1353 1398 1365 ‚
1416 1329 1453 1370 ζγ

392 1380 480 1409 Deus
509 1376 658 1418 supponit
674 1385 738 1417 pro
758 1384 902 1415 persona
925 1374 1042 1404 Patris.
1066 1373 1150 1404 Nam
1172 1373 1205 1414 ly
1227 1373 1326 1409 Deus,
1351 1383 1452 1414 quan-

392 1428 461 1453 tum
478 1427 523 1452 est
540 1431 576 1452 ex
592 1420 726 1451 naturali
742 1429 798 1449 sua
817 1419 1050 1459 suppositione,
1067 1418 1222 1458 supponit
1238 1427 1296 1458 pro
1316 1418 1452 1448 habente

394 1467 541 1497 deitatem
556 1465 752 1495 indistincte:
774 1464 855 1493 sicut
873 1463 968 1492 homo
982 1471 1041 1502 pro
1058 1462 1195 1492 habente
1211 1462 1452 1492 humanitatem.

394 1511 440 1540 Ex
464 1515 550 1550 parte
574 1514 681 1539 autem
704 1507 875 1548 praedicati
895 1516 962 1536 non
986 1506 1182 1545 restringitur
1205 1505 1244 1535 ad
1267 1515 1453 1546 supponen-

394 1555 471 1585 dum
486 1564 544 1594 pro
569 1562 703 1594 persona
722 1552 837 1582 Patris:
862 1551 1027 1590 quoniam,
1053 1549 1165 1579 stando
1189 1550 1222 1579 in
1246 1559 1303 1579 sua
1318 1549 1452 1579 naturali

1506 493 1748 533 suppositione,
1771 502 1846 523 vera
1869 499 1915 524 est
1938 495 2130 535 propositio,
2154 496 2243 527 Deus
2266 502 2314 528 est
2334 498 2432 529 Pater
2437 506 2451 536 ,·
2483 509 2568 540 quo-

1506 538 1592 567 niam
1608 537 1727 567 habens
1743 536 1892 568 deitatem
1908 543 1955 569 est
1969 538 2070 576 Pater,
2086 545 2123 570 ut
2137 545 2234 580 patet.
2259 541 2366 572 Minus
2386 552 2461 583 ergo
2484 544 2567 574 bene

1506 580 1628 611 dictum
1643 580 1768 611 videtur
1783 581 1873 621 quod
1888 583 2043 622 supponit
2064 592 2123 624 pro
2143 584 2234 615 Patre
2249 585 2312 616 hoc
2330 595 2452 618 nomen
2466 587 2565 623 Deus,

1507 633 1582 655 cum
1605 634 1726 655 nomen
1749 625 1847 655 Patris
1871 625 1910 656 de
1933 626 1988 657 illo
2012 627 2220 667 praedicatur.

1561 667 1612 698 Ad
1635 669 1697 699 hoc
1721 668 1835 699 dicitur
1859 670 1964 710 quod,
1993 672 2068 711 quia
2091 678 2315 712 argumentum
2343 673 2382 704 de
2405 674 2568 715 praedica—

1506 713 1594 742 tione
1610 722 1667 752 per
1682 722 1716 743 se
1731 713 1886 753 procedit,
1903 713 2072 745 fundatum
2087 725 2184 756 super
2198 716 2251 747 illa
2266 718 2384 757 regula,
2404 718 2569 760 Quidquid

1501 756 1715 797 praedicatur
1741 757 1781 788 de
1797 757 2006 798 praedicato,
2029 765 2104 795 etc.‚
2129 760 2202 791 ideo
2231 761 2380 792 Auctoris
2402 763 2499 793 verba
2527 762 2568 794 de

1506 800 1742 840 praedicatione
1765 810 1823 841 per
1845 810 1878 832 se
1901 802 2105 843 intelligenda
2120 810 2203 835 sunt.
2228 805 2288 835 Ista
2311 806 2470 846 siquidem
2492 816 2568 847 pro-

1506 845 1634 884 positio,
1657 845 1747 876 Deus
1770 850 1818 876 est
1838 845 1951 882 Pater,
1975 852 2082 886 potest
2105 857 2173 878 esse
2195 858 2253 889 per
2275 859 2326 886 se,
2353 855 2384 880 et
2406 860 2463 891 per
2486 851 2568 882 acci—

1507 888 1595 924 dens,
1619 889 1722 929 logice
1741 889 1916 930 loquendo.
1940 890 2024 921 Nam
2039 891 2231 931 praedicatio
2247 902 2304 933 per
2318 903 2352 924 se
2368 895 2463 935 exigit
2477 904 2569 935 prae-

1507 932 1605 963 dicari
1628 942 1731 973 aequa
1754 932 1793 964 de
1818 934 1937 974 aequis,
1962 940 2016 965 aut
2038 936 2159 966 maiora
2183 936 2222 967 de
2244 938 2431 969 minoribus.
2461 939 2568 970 Minus

1508 982 1615 1007 autem
1646 976 1686 1007 de
1709 978 1822 1008 maiori
1850 987 1921 1008 non
1942 978 2004 1008 nisi
2033 987 2091 1019 per
2113 979 2260 1011 accidens
2287 981 2500 1021 praedicatur:
2532 988 2569 1014 ut

1506 1026 1594 1061 patet
1612 1020 1760 1058 dicendo,
1784 1021 1915 1052 Animal
1930 1027 1977 1052 est
1991 1022 2097 1053 homo.
2117 1023 2196 1054 Hoc
2211 1029 2319 1055 autem
2334 1034 2454 1057 nomen
2468 1026 2568 1063 Deus,

1507 1066 1533 1095 si
1556 1065 1735 1096 secundum
1758 1075 1849 1096 suam
1870 1066 2047 1097 naturalem
2062 1072 2206 1098 sumatur
2220 1069 2486 1109 suppositionem,
2503 1079 2570 1101 ma-

1506 1109 1566 1145 ius,
1590 1110 1654 1139 hoc
1678 1115 1733 1146 est,
1759 1111 1965 1141 communius
1988 1116 2035 1141 est
2058 1120 2156 1151 quam
2178 1121 2300 1143 nomen
2315 1113 2413 1144 Patris
2429 1119 2484 1144 aut
2498 1114 2571 1145 Tri-

1507 1153 1628 1183 nitatis:
1654 1154 1810 1193 quoniam
1834 1154 1974 1185 extendit
1997 1164 2031 1185 se
2055 1155 2149 1186 etiam
2173 1155 2213 1186 ad
2228 1156 2347 1187 Filium
2370 1162 2402 1188 et
2417 1157 2571 1198 Spiritum

1507 1197 1671 1233 Sanctum,
1696 1207 1837 1238 quorum
1858 1204 1972 1229 neuter
1995 1204 2042 1230 est
2064 1199 2156 1230 Pater
2178 1205 2233 1230 aut
2256 1200 2403 1232 Trinitas.
2432 1202 2473 1232 Et
2495 1212 2572 1243 pro-

1506 1247 1624 1281 pterea,
1649 1241 1694 1272 sic
1717 1248 1894 1282 sumptum,
1918 1242 2020 1273 reddit
2042 1243 2314 1283 praedicationem
2336 1254 2394 1285 per
2413 1245 2570 1284 accidens,

1507 1285 1655 1321 dicendo,
1679 1286 1769 1316 Deus
1791 1291 1838 1317 est
1858 1287 1965 1322 Pater,
1990 1292 2045 1317 aut
2067 1288 2219 1319 Trinitas.
2244 1288 2320 1327 Quo
2337 1289 2373 1320 fit
2388 1295 2433 1326 ut,
2450 1290 2477 1320 si
2493 1299 2571 1322 con-

1507 1329 1666 1360 stituenda
1688 1330 1728 1360 sit
1750 1331 1928 1371 propositio
1952 1340 2010 1371 per
2027 1340 2060 1362 se
2084 1331 2268 1372 praedicans
2291 1333 2417 1364 Patrem
2433 1333 2471 1364 de
2488 1334 2570 1371 Deo,

1507 1379 1635 1414 oportet
1657 1374 1762 1404 Deum
1786 1375 1930 1415 restringi
1949 1374 1989 1406 ad
2004 1376 2255 1416 supponendum
2278 1386 2337 1418 pro
2361 1387 2498 1418 persona
2512 1379 2572 1409 Pa-

1506 1419 1571 1454 tris,
1595 1423 1631 1448 ut
1654 1418 1698 1448 sic
1722 1418 1855 1458 aequale
1879 1418 1918 1449 de
1942 1419 2067 1459 aequali
2090 1420 2290 1460 praedicetur
2312 1431 2370 1462 per
2392 1431 2442 1453 se:
2471 1423 2570 1459 sicut,

1507 1463 1532 1492 si
1556 1462 1694 1492 Trinitas
1717 1462 1890 1502 praedicari
1914 1472 1971 1503 per
1993 1472 2026 1494 se
2050 1464 2235 1504 intelligitur
2261 1465 2300 1496 de
2324 1466 2412 1502 Deo,
2444 1471 2573 1507 oportet

1506 1506 1610 1536 Deum
1634 1507 1779 1546 restringi
1803 1507 1842 1536 ad
1865 1507 2117 1547 supponendum
2142 1509 2232 1548 quasi
2256 1510 2451 1549 simpliciter,
2473 1516 2508 1541 ut
2527 1511 2572 1541 sic

1508 1549 1640 1589 aequale
1662 1549 1701 1580 de
1720 1550 1845 1590 aequali
1860 1550 2068 1590 praedicetur.
2093 1552 2134 1582 Et
2149 1553 2193 1582 sic
2209 1558 2295 1592 patet
2315 1563 2425 1584 sensus
2441 1554 2571 1587 litterae.

1194 1687 1511 1730 ARTICULUS
1541 1687 1769 1730 TERTIUS

924 1780 1078 1811 UTRUM
1103 1779 1316 1811 emusrus
1338 1779 1485 1810 possm
1510 1779 1597 1810 DICI
1621 1779 1761 1810 HoMo
1783 1780 2046 1812 DOMJNJCUS

1241 1858 1271 1883 111
1292 1858 1375 1887 sent„
1396 1857 1454 1882 dist.
1473 1865 1517 1887 vn,
1537 1865 1582 1890 qu.
1602 1865 1618 1887 1,
1638 1863 1684 1884 art.
1706 1865 1728 1883 2.

430 1963 492 1990 >w
530 1969 567 2000 ,ᾗ
590 1960 628 1984 D
647 1959 803 1984 TERTmM
824 1959 874 1984 510
896 1959 1130 1984 paocrzmwa.
1161 1946 1323 1983 Videtur
1350 1946 1458 1996 quod

422 1979 586 2058 ffissss,
609 2000 779 2037 Christus
814 2000 933 2049 possit
972 1999 1045 2037 dici
1084 2001 1195 2036 homo
1238 2000 1454 2036 dominicus.

415 2048 456 2114 55
544 2038 706 2090 'Dicit
738 2053 840 2089 enim
869 2052 1124 2101 Augustinus,
1154 2052 1194 2089 in
1222 2052 1319 2089 libro
1353 2053 1457 2090 Octo-

455 2120 467 2134 *
565 2073 823 2156 kgintatrium
858 2107 1003 2149 Quaest.
1019 2105 1058 2143 *2
1087 2106 1323 2144 Monendum
1352 2111 1402 2142 est
1421 2111 1459 2142 ut

396 2159 459 2196 illa
487 2161 584 2195 bona
612 2165 846 2209 expectentur
875 2171 970 2208 quae
986 2160 1146 2208 filerunt
1165 2161 1202 2196 in
1223 2159 1285 2196 illo
1309 2160 1458 2196 homine

396 2213 590 2249 dominico.
626 2211 816 2261 Loquitur
843 2220 973 2249 autem
1001 2213 1049 2249 de
1079 2212 1242 2249 Christo.
1272 2213 1374 2261 Ergo
1402 2212 1457 2248 vi-

397 2265 507 2302 detur
535 2266 640 2313 quod
670 2265 842 2302 Christus
871 2265 917 2302 sit
944 2266 1066 2302 homo
1095 2264 1326 2302 dominicus.

451 2329 484 2354 2.
507 2318 735 2365 PRAETEREA,
757 2318 852 2355 sicut
872 2318 1090 2355 dominium
1110 2318 1290 2356 convenit
1305 2318 1456 2356 Christo

397 2370 540 2407 ratione
561 2371 711 2408 divinae
731 2379 906 2418 naturae,
932 2371 982 2409 ita
1001 2372 1116 2409 etiam
1135 2371 1354 2409 humanitas
1372 2383 1457 2421 per-

397 2423 488 2460 tinet
520 2424 568 2460 ad
597 2425 809 2461 humanam
845 2432 1033 2462 naturam.
1074 2425 1151 2462 Sed
1183 2426 1290 2462 Deus
1322 2424 1459 2461 dicitur

398 2478 634 2514 humanatus:
647 2485 689 2514 ut
703 2485 804 2527 patet
818 2490 887 2527 per
896 2479 1195 2526 Damascenum,
1209 2478 1248 2515 in
1262 2479 1308 2515 III
1322 2477 1457 2525 libro*,

399 2529 465 2565 ubi
485 2529 572 2566 dicit
591 2530 696 2579 quod
719 2532 934 2576 humanatio
963 2543 1046 2568 eam
1075 2544 1169 2581 quae
1196 2531 1247 2568 ad
1272 2532 1458 2568 hominem

400 2583 667 2631 copulationem
695 2584 928 2621 demonstrat.
959 2585 1072 2633 Ergo,
1102 2584 1184 2634 pari
1213 2584 1370 2631 ratione,
1389 2596 1459 2633 po-

401 2642 470 2671 test
498 2635 793 2673 demonstrative
812 2636 916 2673 “dici
945 2637 1052 2686 quod
1080 2638 1201 2674 homo
1230 2637 1290 2674 ille
1319 2637 1364 2674 sit
1391 2637 1459 2674 do-

403 2699 576 2724 minicus.

458 2741 490 2776 3.
513 2742 742 2788 PRAETEREA,
763 2742 858 2779 sicut
877 2743 1081 2780 dominicus
1099 2743 1385 2781 denominative
1406 2743 1459 2780 di-

403 2792 499 2829 citur
523 2806 545 2830 a
570 2794 751 2842 Domino,
773 2795 823 2832 ita
848 2796 991 2833 divinus
1010 2796 1147 2833 dicitur
1174 2796 1459 2834 denominative

404 2857 426 2881 a
444 2846 539 2882 Deo.
570 2847 646 2883 Sed
674 2847 881 2897 Dionysius
899 2849 919 2870 ²¹⁶
948 2849 1144 2886 Christum
1172 2849 1347 2887 nominat
1374 2850 1461 2887 divi-

406 2899 592 2935 nissimum
620 2902 754 2937 Iesum.
792 2902 904 2949 Ergo,
934 2902 1015 2951 pari
1051 2902 1207 2950 ratione,
1236 2910 1360 2952 potest
1387 2902 1462 2940 dici

406 2951 511 2999 quod
541 2952 711 2989 Christus
740 2953 784 2989 sit
812 2954 932 2991 homo
961 2955 1189 2993 dominicus.

459 3005 532 3041 SED
560 3016 702 3042 CONTRA
722 3018 786 3043 Esr
805 3007 912 3055 quod
931 3007 1167 3056 Augustinus
1188 3008 1286 3055 dicit,
1307 3009 1347 3046 in
1366 3009 1462 3046 libro

407 3057 564 3093 Retract.
584 3057 618 3094 *ε
648 3059 736 3095 Non
770 3060 874 3096 video
908 3066 1030 3097 utrum
1059 3068 1155 3098 recte
1182 3062 1326 3099 dicatur
1352 3064 1463 3100 homo

408 3109 609 3146 dominicus
629 3113 729 3147 Iesus
752 3112 932 3149 Christus:
959 3125 1043 3150 cum
1061 3116 1105 3151 sit
1129 3116 1251 3164 utique
1268 3117 1462 3152 Dominus,

460 3163 681 3198 RESPONDEO
702 3174 880 3201 DICENDUM
899 3166 1017 3213 quod,
1034 3166 1128 3203 sicut
1150 3180 1266 3217 supra
1280 3168 1299 3190 ’¹‘
1319 3168 1464 3207 dictum

410 3221 475 3259 est,
504 3225 594 3251 cum
622 3213 757 3250 dicitur
783 3217 893 3252 homo
925 3219 1086 3255 Christus
1113 3222 1226 3267 Iesus,
1248 3221 1465 3270 designatur

412 3266 653 3315 suppositum
673 3274 882 3313 aeternum,
900 3270 1005 3316 quod
1025 3279 1079 3307 est
1098 3284 1262 3320 persona
1281 3274 1364 3311 Filii
1378 3275 1463 3323 Dei,

413 3326 566 3367 propter
580 3319 654 3355 hoc
669 3319 774 3367 quod
790 3331 913 3356 unum
933 3323 1173 3370 suppositum
1192 3334 1246 3362 est
1265 3327 1463 3378 utriusque

415 3378 580 3407 naturae.
610 3371 666 3407 De
695 3382 859 3419 persona
887 3380 1014 3409 autem
1034 3374 1116 3411 Filii
1135 3377 1206 3414 Dei
1226 3380 1465 3427 praedicatur

418 3515 446 3539 d·
466 3482 719 3539 ⁴01)'demonstrative
748 3484 808 3509 dici.
826 3498 844 3503 —
867 3485 919 3509 dici
947 3485 1141 3512 denominative
1168 3491 1248 3520 tertia,
1274 3493 1468 3521 denominative

439 3523 469 3540 1c1
490 3524 528 3540 e«.
547 3524 571 3541 α.

471 3550 496 3582 β)
516 3551 572 3576 dea.
589 3566 607 3570 -
626 3553 644 3576 F
664 3558 688 3577 et
707 3555 777 3578 tertia
797 3560 896 3586 practer
915 3556 970 3588 μῦς
991 3555 1023 3579 de
1042 3562 1080 3580 ea.

470 3587 496 3618 γ)
516 3589 652 3613 retractat.
670 3603 688 3606 —
707 3589 725 3612 F
745 3595 769 3614 ct
787 3591 873 3615 tertia:
897 3591 1000 3615 recitat.
1018 3604 1036 3609 —
1055 3591 1104 3615 Pro
1125 3593 1265 3623 praedicta
1285 3597 1370 3625 verba,
1388 3605 1466 3630 prae-

1512 1946 1618 1983 Deus
1638 1954 1674 1983 et
1693 1947 1886 1984 Dominus
1906 1947 2160 1986 essentialiter.
2189 1950 2236 1987 Et
2255 1950 2342 1988 ideo
2362 1963 2443 1990 non
2461 1952 2575 1992 debet

1511 1999 1722 2048 praedicari
1751 1999 2057 2038 denominative:
2087 2001 2179 2051 quia
2206 2003 2282 2040 1100
2303 2003 2459 2054 derogat
2476 2005 2574 2045 veri-

1511 2052 1576 2089 tati
1595 2052 1760 2089 unionis.
1790 2053 1914 2101 Unde,
1935 2066 2026 2091 cum
2053 2055 2259 2093 dominicus
2286 2056 2433 2095 dicatur
2456 2058 2575 2097 deno-

1511 2105 1694 2142 minative
1723 2118 1746 2142 a
1772 2106 1956 2153 Domino,
1982 2119 2062 2144 non
2089 2116 2213 2157 potest
2239 2121 2329 2147 vere
2358 2118 2394 2148 et
2421 2112 2575 2162 proprie

1512 2158 1586 2195 dici
1621 2158 1729 2207 quod
1763 2159 1884 2196 homo
1920 2159 1980 2197 ille
2019 2159 2065 2196 sit
2101 2161 2324 2210 dominicus,
2354 2164 2422 2201 sed
2455 2165 2577 2215 magis

1512 2212 1619 2260 quod
1647 2211 1693 2248 sit
1719 2213 1914 2249 Dominus.

1566 2264 1605 2301 Si
1625 2272 1754 2302 autem
1782 2277 1852 2314 per
1878 2265 1954 2302 hoc
1982 2266 2089 2316 quod
2115 2266 2252 2305 dicitur
2275 2269 2386 2306 homo
2413 2271 2578 2310 Christus

1511 2319 1626 2363 Iesus,
1657 2317 1917 2366 designaretur
1945 2319 2189 2369 suppositum
2208 2320 2366 2370 aliquod
2393 2331 2576 2373 creatum,

1512 2370 1730 2408 secundum
1749 2370 1832 2407 illos
1851 2371 1918 2420 qui
1937 2380 2089 2420 ponunt
2107 2372 2146 2409 in
2162 2373 2314 2410 Christo
2333 2374 2413 2412 duo
2433 2388 2576 2426 suppo-

1513 2422 1598 2460 sita:
1629 2430 1757 2472 posset
1781 2423 1854 2460 dici
1874 2424 1995 2461 homo
2015 2425 2075 2462 ille
2095 2425 2324 2473 dominicus,
2345 2427 2577 2478 inquantum

1514 2475 1677 2512 sumitur
1700 2477 1750 2512 ad
1768 2475 2099 2525 participationem
2126 2478 2285 2516 honoris
2313 2479 2450 2528 divini;
2481 2481 2578 2519 sicut
2613 2515 2616 2518 .

1512 2528 1732 2566 Nestoriani
1760 2537 1984 2577 posuerunt.

1567 2582 1615 2618 Et
1629 2582 1704 2618 hoc
1721 2581 1835 2618 etiam
1855 2582 1975 2619 modo
1995 2583 2167 2620 humana
2186 2592 2322 2622 natura
2341 2598 2421 2623 non
2441 2587 2579 2627 dicitur

1514 2634 1757 2671 essentialiter
1784 2635 1853 2671 dea
1872 2633 1898 2681 β,
1919 2635 1986 2672 sed
2015 2635 2205 2684 deificata.-
2232 2649 2311 2674 non
2331 2639 2490 2688 quidem
2508 2653 2579 2692 per

1514 2687 1808 2725 conversionem
1843 2687 1963 2736 ipsius
1997 2688 2036 2725 in
2071 2688 2242 2727 divinam
2278 2699 2474 2741 naturam,
2509 2695 2579 2733 sed

1514 2753 1583 2790 per
1610 2740 1922 2777 coniunctionem
1951 2741 1999 2778 ad
2028 2741 2199 2779 divinam
2228 2751 2405 2782 naturam
2432 2745 2471 2783 in
2499 2759 2579 2786 una

1515 2793 1728 2843 hypostasi3
1750 2801 1791 2830 ut
1806 2801 1907 2842 patet
1926 2806 1995 2843 per
2009 2795 2307 2843 Damascenum,
2324 2796 2363 2834 in
2378 2799 2423 2836 III
2438 2799 2535 2838 libro
2545 2800 2576 2840 *.

1568 2848 1625 2883 An
1646 2858 1779 2883 PmMUM
1800 2858 1897 2883 ERGO
1922 2859 2103 2885 DICENDUM
2127 2849 2234 2897 quod
2257 2850 2493 2899 Augustinus
2515 2853 2578 2892 illa

1515 2899 1651 2946 verba,
1682 2907 1718 2935 et
1746 2898 1893 2946 similia,
1923 2908 2095 2937 retractat
2114 2906 2129 2929 Υ
2153 2901 2193 2938 111
2221 2901 2317 2940 libro
2335 2905 2577 2944 Retractatio·

1517 2965 1617 2989 num.
1652 2952 1763 2990 Unde
1795 2960 1881 3001 post
1909 2953 2101 3002 praedicta
2129 2955 2245 2992 verba
2275 2955 2359 2993 libri
2385 2958 2577 2997 Retracto-

1516 3005 1687 3043 tionum*
1701 3005 1846 3042 subdit:
1867 3007 1956 3043 Hoc
1975 3008 2194 3057 ubicumque
2207 3008 2297 3055 dixi,
2314 3009 2452 3047 scilicet
2470 3012 2578 3061 quod
2607 3017 2616 3027 ¹

1518 3057 1691 3095 Christus
1725 3059 1829 3095 Iesus
1857 3058 1902 3095 sit
1935 3060 2055 3096 homo
2091 3060 2324 3110 dominicus,
2353 3063 2488 3101 dixisse
2518 3076 2579 3103 me

1518 3111 1665 3148 nollem.
1707 3112 1838 3149 Postea
1876 3113 2009 3162 quippe
2041 3113 2118 3151 vidi
2144 3126 2218 3151 non
2253 3126 2330 3152 esse
2361 3114 2579 3155 dicendum.-

1518 3165 1684 3213 quamvis
1704 3165 1883 3202 nonnulla
1903 3167 2047 3202 ratione
2059 3173 2182 3216 posset
2206 3167 2374 3215 defendi:
2399 3168 2490 3218 quia
2509 3170 2578 3207 sci-

1517 3216 1602 3254 licet
1620 3225 1749 3266 posset
1772 3217 1906 3267 aliquis
1935 3217 2060 3256 dicere
2086 3219 2193 3269 quod
2212 3218 2348 3257 dicitur
2369 3221 2490 3259 homo
2510 3223 2578 3260 do-

1519 3269 1684 3307 minicus
1703 3270 1847 3307 ratione
1863 3271 2057 3309 humanae
2077 3279 2245 3319 naturae,
2261 3284 2380 3322 quam
2395 3273 2580 3323 significat

1490 3347 1492 3361 !
1519 3323 1595 3360 hoc
1622 3335 1766 3361 nomen
1794 3325 1916 3371 homo,
1938 3335 2017 3361 non
2045 3332 2174 3362 autem
2203 3324 2346 3363 ratione
2379 3328 2577 3377 suppositi.

1572 3377 1628 3413 An
1657 3389 1845 3415 SECUNDUM
1873 3388 2054 3415 mCENDUM
2072 3377 2292 3427 quod-illud
2310 3376 2324 3400 ⁶
2345 3391 2470 3418 unum
2489 3393 2579 3431 sup-

1521 3497 1706 3557 ἳηὲεεαριίενὸα
1731 3498 1824 3529 DEFa,
1849 3498 1928 3524 verba
1948 3499 2099 3532 praemissa
2125 3499 2197 3524 tertia
2222 3503 2322 3531 praeter
2341 3499 2358 3526 l.
2383 3500 2434 3525 Pro
2457 3501 2528 3531 libri,
2552 3502 2579 3527 in

1532 3540 1538 3556 Ι
1558 3540 1588 3557 ΓΟ
1642 3552 1647 3558 .

1574 3566 1599 3601 δ)
1620 3567 1693 3593 illud.
1711 3582 1730 3588 -
1748 3568 1810 3593 1>an
1829 3574 1854 3594 et
1872 3570 1958 3600 tertin;
1977 3577 2031 3596 om.
