2872 3970
1008 218 1270 263 QUAESTIO
1300 218 1367 263 IV,
1397 217 1688 254 ARTICULUS
1716 218 1761 254 111
2422 219 2465 255 81

297 301 334 328 ut
355 297 520 332 inchoata,
545 301 576 326 et
598 295 734 326 deducta
757 300 803 325 est
825 303 928 334 usque
951 294 990 324 ad
1012 300 1156 325 naturam
1179 295 1261 325 hanc
1289 295 1358 324 abs-
1385 294 1388 333 Ι
1413 301 1492 330 tura,
1511 305 1528 324 a
1545 295 1772 325 constitutione
1792 295 1840 325 sui
1856 296 1997 326 termini:
2016 301 2050 326 ut
2067 306 2103 326 ex
2120 297 2220 327 littera
2235 298 2368 328 habetur
2383 307 2472 337 prae-

297 339 451 371 ttahendo
475 350 493 370 a
515 340 755 379 personatione,
778 339 1034 368 inconsummata
1057 344 1112 374 est,
1137 339 1291 378 quoniam
1314 343 1360 368 est
1414 339 1509 368 sentis
1534 339 1655 369 articuli
1678 339 1786 369 iuncta
1813 339 1933 369 litterae
1957 339 2066 370 allatae
2082 341 2099 356 ᾗ
2123 350 2159 370 ex
2184 350 2237 380 qu.
2258 351 2289 371 11.
2324 342 2365 371 Et
2388 342 2473 372 simi-
2501 343 2544 364 '1¹¹
2555 343 2652 370 princip.
2662 343 2709 365 hui-

297 393 401 423 usque
425 383 464 413 ad
486 384 658 414 terminum
681 382 849 413 exclusive.
883 381 1000 411 Modus
1024 391 1099 421 ergo
1124 391 1188 421 qua
1209 391 1360 422 persona·
1414 382 1483 412 liter
1506 383 1539 412 in
1562 383 1742 413 substantiis
1765 383 1913 421 angelicis
1936 389 2047 413 natura
2069 384 2136 423 ipsa
2160 388 2242 423 quae
2265 385 2316 420 fit,
2340 385 2473 424 impedi-
2502 375 2564 390 num.

298 428 368 459 litas
391 428 534 467 sequitur
555 432 701 458 naturam
723 426 773 456 vel
796 431 927 455 naturae
950 426 1115 465 principia,
1140 431 1186 455 est
1210 435 1276 465 quo
1299 431 1361 455 ter·
1414 431 1498 456 retur
1521 427 1555 456 in
1571 436 1630 456 suo
1647 426 1714 456 fieri
1730 436 1748 456 a
1764 427 1992 457 consecutione
2008 428 2056 457 sui
2072 428 2207 458 termini.
2232 429 2272 458 Et
2295 435 2473 468 propterea,

298 472 405 502 minus
428 471 561 507 actionis
579 476 611 501 et
624 471 670 500 rei
685 469 785 500 factae
800 469 982 500 naturaliter
997 468 1084 499 adest
1099 470 1132 499 in
1148 469 1211 500 fine
1228 470 1361 499 actionis
1414 469 1538 499 sublato
1562 470 1803 509 impedimento,
1827 480 1894 500 non
1917 476 2043 510 oportet
2064 480 2214 510 quaerere
2238 472 2330 502 aliam
2347 482 2474 503 causam

298 516 344 547 rei
367 514 467 547 factae
490 515 550 545 nisi
573 513 652 545 adsit
674 512 950 553 impedimentum.
976 512 1196 552 Impediuntur
1220 514 1305 543 enim
1328 513 1361 542 in
1414 512 1588 543 donantem
1604 514 1894 553 complementum:
1920 515 2073 554 quoniam
2089 516 2157 555 ipsa
2171 522 2281 546 natura
2298 517 2474 547 secundum

299 559 485 598 compositis
508 557 687 588 substantiis
705 557 861 596 principia
875 562 1015 592 naturae,
1040 557 1210 587 constituta
1225 557 1289 586 iam
1305 566 1359 586 na-
1414 566 1447 587 se
1470 557 1565 588 habet
1587 558 1620 587 in
1644 567 1677 588 se
1701 557 1859 588 sufficiens
1883 559 2125 589 consecutivum
2149 560 2198 589 sui
2220 561 2355 590 termini.

1103 713 1422 756 ARTICULUS
1450 713 1679 756 TERTIUS

838 813 996 844 UTRUM
1018 813 1217 844 PERSONA
1239 814 1389 844 DIVINA
1411 814 1704 845 ASSUMPSERIT
1728 815 1937 846 HOMINEM

524 901 615 934 Supra,
634 908 678 933 qu.
695 907 723 931 11,
742 904 789 925 art.
808 898 824 923 6
831 907 839 931 3
858 899 888 924 111
908 899 994 929 Serum,
1012 899 1070 924 dist.
1088 907 1122 930 w,
1142 907 1187 932 qu.
1205 907 1223 930 1,
1243 904 1289 924 art.
1311 907 1338 929 2;
1361 900 1436 925 Cont.
1456 901 1552 926 Error.
1574 902 1678 930 Graec„
1698 909 1752 934 cap.
1770 909 1813 932 xx;
1837 902 1978 933 Compend.
1998 901 2095 932 Tlaeol„
2115 911 2171 935 cap.
2190 910 2251 933 ccx;

965 934 1009 958 Ad
1026 934 1113 963 Rom„
1134 942 1189 967 cap.
1208 942 1225 964 1,
1245 935 1304 960 lect.
1322 942 1365 966 ¹¹¹3
1383 935 1428 960 Ad
1446 935 1568 967 Philipp„
1588 944 1642 968 cap.
1661 944 1688 967 11,
1709 937 1765 961 lect.
1784 944 1811 962 11.

387 1041 395 1053 ν
436 1044 469 1062 ff>
495 1035 534 1060 D
561 1034 720 1059 TERTIUM
739 1033 791 1060 sic
819 1033 1056 1058 Procanlrua.
1076 1020 1238 1058 Videtur
1256 1021 1364 1069 quod
1416 1022 1680 1059 Damascenus
1698 1022 1734 1069 ²¹⁵,
1765 1023 1860 1060 sicut
1888 1025 1963 1060 hoc
1991 1037 2136 1062 nomen
2164 1027 2265 1062 Deus
2293 1026 2478 1074 significat
2505 1033 2514 1043 ·
2530 1033 2565 1054 De
2576 1032 2635 1053 me
2646 1032 2713 1054 orm.

333 1037 361 1066 )ι”
420 1063 423 1068 .
449 1052 471 1067 κ
2514 1059 2517 1063 -

327 1053 491 1135 {575⁴
512 1087 679 1124 persona
706 1073 837 1111 divina
870 1073 1120 1122 assumpserit
1146 1073 1362 1110 hominem.
1417 1086 1501 1110 eum
1529 1076 1593 1123 qui
1617 1076 1724 1112 hahet
1751 1077 1914 1113 divinam
1940 1083 2125 1123 naturam,
2153 1078 2203 1114 ita
2231 1079 2305 1114 hoe
2333 1091 2477 1116 nornen
2505 1059 2714 1086 11b.111‚cap.x=.

54 1130 274 1159 ¹²¹·¹-¹¹v»ver⁸·⁵·
319 1104 482 1206 {54:⁷22
494 1125 500 1130 ’
513 1127 661 1164 Dicitur
679 1126 783 1163 enirn
802 1126 841 1163 in
860 1127 1014 1163 Psalmo
1034 1126 1073 1162 *2
1100 1129 1237 1163 Beatus
1257 1139 1364 1176 quem
1417 1128 1528 1163 homo
1548 1127 1732 1174 significat
1752 1141 1835 1164 eum
1855 1130 1918 1177 qui
1943 1131 2050 1166 habet
2068 1131 2271 1167 humanam
2292 1137 2475 1168 naturam.

56 1171 74 1229 ]}
89 1182 156 1232 01⁶3
171 1184 234 1211 Aug·
253 1187 276 1205 et
400 1173 453 1214 '5⁵35
468 1172 500 1214 K
513 1180 654 1229 elegisti
671 1185 704 1216 et
722 1180 966 1228 assumpsisti:
985 1179 1092 1227 quod
1112 1179 1249 1216 Glossa
1262 1179 1282 1201 ²¹⁶
1302 1191 1364 1215 ex·
1418 1180 1466 1216 Et
1493 1179 1580 1215 ideo
1609 1192 1689 1216 non
1717 1189 1772 1216 est
1799 1181 1952 1229 proprie
1977 1181 2121 1217 dictum
2150 1183 2255 1230 quod
2274 1184 2390 1220 Filius
2408 1185 2481 1220 Dei

157 1225 166 1233 ⁵
301 1231 418 1282 ponit*
437 1232 486 1269 de
523 1231 765 1271 Christo.'Et
801 1231 1037 1280 Augustinus
1065 1231 1170 1278 dicit,
1200 1231 1240 1268 in
1268 1231 1364 1269 libro
1418 1234 1611 1281 assumpsit
1629 1234 1829 1280 hominem,
1850 1234 2118 1282 supponendo,
2140 1234 2234 1271 sicut
2263 1235 2315 1271 rei
2342 1236 2478 1272 veritas

52 1288 147 1334 ῗ-«Ειμ
161 1299 194 1315 ¹1-
301 1285 347 1322 de
372 1285 509 1334 Agone
539 1286 747 1322 Christiano
766 1283 802 1320 ³¹⁶:
839 1284 954 1321 Filius
987 1285 1061 1320 Dei
1092 1285 1280 1321 hominem
1308 1296 1365 1322 as-
1419 1296 1458 1322 se
1478 1285 1603 1331 habet,
1624 1286 1732 1334 quod
1751 1285 1791 1322 in
1814 1286 1964 1323 Christo
1985 1286 2029 1323 sit
2048 1299 2173 1324 unum
2193 1286 2207 1317 β
2235 1288 2478 1337 suppositum
2605 1295 2619 1328 β

59 1339 62 1341 ’
300 1339 464 1389 sumpsit,
483 1343 516 1375 et
542 1339 580 1374 in
609 1338 671 1375 illo
698 1338 864 1375 humana
886 1349 1082 1386 perpessus
1109 1343 1170 1374 est.
1419 1345 1454 1374 et
1482 1350 1561 1375 una
1588 1338 1815 1387 hypostasis.

357 1401 391 1427 2.
420 1390 652 1434 ΡΚΑΕΤΕΒΕΑ,
673 1389 748 1427 hoc
774 1401 921 1427 nomen
945 1391 1058 1427 homo
1086 1389 1272 1441 significat
1300 1401 1365 1426 na·
1473 1390 1550 1427 Sed
1565 1391 1781 1428 secundum
1800 1391 1882 1428 illos
1902 1391 1969 1440 qui
1987 1400 2138 1441 ponunt
2157 1392 2195 1429 in
2212 1392 2363 1430 Christo
2383 1393 2479 1430 duas

301 1449 428 1482 turam
456 1443 682 1480 humanam.
714 1442 790 1481 Sed
816 1442 935 1480 Filius
962 1442 1036 1480 Dei
1061 1442 1267 1492 assumpsit
1295 1443 1365 1479 hu-
1419 1443 1643 1492 hypostases
1657 1444 1718 1481 vel
1733 1443 1812 1480 duo
1832 1444 2038 1493 supposita,
2055 1445 2326 1482 convenienter
2342 1454 2380 1482 et
2394 1458 2479 1495 pro-

301 1506 460 1534 manam
488 1503 677 1534 naturam.
706 1495 808 1543 Ergo
837 1494 1045 1544 assumpsit
1072 1494 1286 1532 hominem.
1418 1495 1499 1545 prie
1519 1495 1592 1533 dici
1611 1504 1740 1544 posset
1759 1497 1865 1545 quod
1885 1496 2002 1534 Filius
2022 1497 2093 1535 Dei
2115 1498 2316 1535 hominem
2335 1511 2479 1535 assum-

357 1546 392 1584 3.
422 1548 653 1594 PRAETEREA,
679 1547 798 1586 Filius
825 1547 898 1585 Dei
926 1555 981 1585 est
1008 1548 1142 1586 homo.
1180 1548 1257 1585 Sed
1285 1559 1365 1584 non
1418 1547 1563 1597 psisset.
1594 1548 1705 1586 Unde
1725 1556 1760 1586 et
1778 1549 1903 1598 prima
1922 1549 2053 1598 opinio
2074 1563 2172 1599 quae
2194 1551 2349 1599 ponitur
2377 1559 2479 1588 sexta

303 1607 359 1638 est
385 1601 507 1639 homo
536 1613 656 1651 quem
683 1612 764 1639 non
799 1600 1024 1651 assumpsit:
1061 1600 1167 1650 quia
1189 1599 1242 1637 sic
1269 1608 1367 1637 esset
1418 1600 1658 1639 distinctione
1686 1601 1805 1638 Tertii
1839 1601 1945 1639 Libri
1981 1604 2272 1649 Sententiarum,
2307 1604 2481 1642 concedit

302 1652 386 1702 pari
405 1652 551 1690 ratione
571 1654 716 1700 Petrus,
733 1653 795 1689 vel
813 1652 971 1702 quilibet
990 1652 1085 1690 alius
1105 1654 1238 1690 homo.
1264 1653 1365 1701 Ergo
1419 1652 1620 1691 hominem
1649 1665 1730 1690 esse
1758 1662 2012 1702 assumptum.
2044 1655 2119 1691 Sed
2139 1655 2199 1692 illa
2219 1655 2349 1705 opinio
2379 1668 2479 1693 erro-

304 1713 359 1745 est
386 1706 508 1742 homo
537 1718 656 1754 quem
685 1705 901 1755 assumpsit.
1419 1717 1492 1742 nea
1520 1713 1574 1742 est
1592 1705 1622 1752 ²⁸,
1652 1713 1694 1742 ut
1722 1706 1891 1754 supra’¹“¹e
1919 1714 2117 1743 ostensum
2146 1715 2210 1745 est.
2508 1710 2626 1763 19ngss
2642 1736 2714 1757 art-6·

48 1791 63 1806 ι,
357 1757 431 1798 SED
451 1770 596 1796 CONTRA
615 1770 680 1796 EST
699 1757 902 1797 auctoritas
916 1757 1052 1796 Felicis
1066 1758 1194 1806 Papae
1215 1765 1251 1795 et
1264 1758 1366 1794 Mar·
1472 1759 1529 1794 AD
1545 1770 1679 1794 PRIMUM
1704 1770 1800 1795 ERGO
1820 1771 2001 1796 DICENDUM
2016 1760 2122 1807 quod
2142 1759 2366 1797 huiusmodi
2380 1762 2480 1797 locu-

48 1812 78 1858 ‚⁸
89 1813 149 1836 Pm-
159 1813 189 1841 11,
203 1817 248 1836 ‘¹⁰‘-
260 1820 274 1835 ¹·
302 1809 409 1861 tyriS‚
438 1822 539 1861 quae
567 1810 821 1849 introducitur
849 1810 888 1847 in
921 1809 1116 1859 Ephesina
1146 1810 1305 1859 Synodo
1325 1809 1364 1846 *ε
1419 1809 1541 1847 tiones
1566 1822 1647 1847 non
1666 1818 1755 1847 sunt
1781 1811 2052 1858 extendendae,
2077 1820 2262 1861 tanquam
2281 1813 2478 1862 propriae:

47 1867 52 1883 '³
307 1862 499 1903 Credimus
523 1864 560 1899 in
578 1863 785 1903 Dominum
813 1869 978 1900 nostrum
1010 1863 1135 1900 Iesum
1168 1863 1366 1908 Christum,
1420 1863 1487 1900 sed
1521 1862 1583 1912 pie
1619 1870 1707 1900 sunt
1741 1864 2009 1912 exponendae,
2039 1864 2277 1914 ubicumque
2312 1878 2334 1902 a
2367 1866 2481 1902 sacris

303 1914 348 1955 de
373 1916 528 1967 Virgine
554 1917 686 1955 Maria
715 1921 855 1962 natum,
884 1917 970 1965 quia
999 1916 1074 1964 ipse
1101 1921 1152 1952 est
1179 1916 1252 1954 Dei
1276 1927 1367 1952 sem-
1420 1915 1652 1952 Doctoribus
1686 1924 1905 1965 ponuntur;
1933 1924 1975 1953 ut
2003 1917 2177 1955 dicamus
2211 1919 2398 1955 hominem
2427 1931 2481 1957 as-

297 1969 467 2018 piternus
501 1969 618 2008 Filius
645 1974 678 2007 et
721 1969 902 2014 Verbum,
931 1973 964 2005 et
992 1980 1066 2004 non
1094 1969 1206 2006 homo
1235 1980 1258 2005 a
1286 1968 1367 2005 Deo
1419 1974 1617 2019 sumptum,
1638 1967 1729 2017 quia
1748 1968 1829 2006 eius
1858 1977 1993 2006 natura
2021 1977 2076 2007 est
2103 1978 2315 2020 assumpta;
2338 1979 2373 2008 et
2392 1971 2482 2020 quia

303 2027 520 2072 assumptuS,
541 2027 578 2059 ut
605 2021 698 2059 alter
723 2022 768 2059 sit
789 2026 942 2071 praeter
968 2020 1083 2059 illum.
1108 2021 1241 2070 Neque
1269 2021 1367 2057 enim
1420 2020 1631 2070 assumptio
1660 2021 1859 2059 terminata
1879 2029 1934 2059 est
1952 2022 2000 2059 ad
2029 2023 2104 2059 hoc
2132 2023 2238 2072 quod
2266 2023 2383 2061 Filius
2410 2024 2482 2061 Dei

303 2074 492 2113 hominem
528 2075 722 2124 assumpsit
748 2074 822 2111 Dei
846 2074 962 2111 Filius
997 2079 1035 2110 ut
1062 2073 1155 2110 alter
1180 2074 1224 2111 sit
1254 2085 1367 2123 prae·
1421 2072 1466 2111 sit
1494 2074 1628 2110 homo.

51 2159 56 2160 .
163 2133 180 2150 α
303 2131 360 2165 ter
379 2130 396 2148 ‘²
423 2128 555 2177 apsum.
1473 2127 1530 2162 An
1558 2138 1746 2164 SECUNDUM
1774 2139 1956 2165 DJCENDUM
1976 2129 2083 2176 quod
2102 2129 2178 2165 hoc
2196 2141 2341 2166 nomen
2369 2130 2481 2166 homo

52 2181 80 2230 ss’
89 2181 142 2203 *²¹-
157 2181 260 2209 P¹⁸2⁶⁶⁶-
360 2180 585 2220 RESPONDEO
604 2191 787 2218 mcENDUM
808 2178 926 2228 quod,
943 2178 1039 2217 sicut
1058 2177 1208 2229 supra*
1222 2177 1368 2216 dictum
1420 2178 1605 2226 significat
1632 2187 1810 2216 naturam
1838 2180 2053 2218 humanam
2080 2180 2119 2218 in
2147 2189 2338 2228 concreto,
2367 2190 2482 2231 prout

305 2239 372 2278 est,
392 2230 431 2269 id
459 2229 566 2280 quod
590 2231 797 2271 assumitur
824 2243 904 2269 non
933 2238 988 2268 est
1006 2230 1193 2269 terminus
1221 2243 1367 2269 assum·
1420 2231 1559 2274 scilicet
1597 2239 1651 2268 est
1687 2231 1727 2268 in
1764 2231 1894 2281 aliquo
1932 2233 2143 2282 supposito.
2180 2235 2228 2270 Et
2255 2233 2354 2282 ideo,
2385 2234 2481 2271 sicut

53 2323 58 2332 ,Ἴ
304 2283 456 2337 ptioniS‚
478 2284 545 2323 sed
573 2283 827 2335 assumptioni
882 2283 1172 2332 raeintelligitur.
1212 2283 1368 2323 Dictum
1421 2296 1502 2321 non
1536 2296 1745 2333 possumus
1778 2284 1903 2322 dicere
1935 2286 2042 2334 quod
2075 2286 2319 2335 suppositum
2352 2286 2397 2324 sit
2425 2299 2480 2324 as-

50 2332 81 2371 ἶ·
91 2342 203 2371 bid-‚²⁶¹
219 2350 237 2365 ¹·
305 2344 361 2375 est
387 2344 519 2377 autem
536 2336 557 2358 ³²³
576 2337 683 2386 quod
720 2336 840 2375 indivi
869 2348 966 2375 uum
985 2336 1025 2374 in
1053 2349 1132 2385 quo
1161 2336 1370 2375 assumitur
1422 2344 1633 2386 sumptum,
1655 2337 1704 2374 ita
1731 2349 1812 2375 non
1839 2350 2048 2387 possumus
2076 2338 2201 2376 dicere
2228 2339 2335 2387 quod
2358 2340 2479 2376 homo

58 2391 63 2402 ²
304 2397 441 2429 natura
468 2389 652 2437 humana,
672 2401 753 2428 non
781 2396 837 2429 est
864 2389 967 2438 aliud
986 2401 1106 2439 quam
1134 2389 1265 2427 divina
1283 2401 1368 2439 per·
1423 2389 1468 2427 sit
1496 2397 1727 2439 assumptus.

54 2447 277 2500 Lemmata„
305 2453 411 2489 sona,
432 2453 531 2491 quae
559 2450 615 2482 est
633 2441 818 2481 terminus
846 2441 1117 2491 assumptionis
1135 2442 1166 2478 *.
1196 2442 1282 2481 Hoc
1301 2454 1368 2481 au·
1475 2443 1532 2479 AD
1560 2454 1718 2480 ”reanum
1747 2455 1928 2481 mcENDUM
1956 2444 2062 2493 quod
2090 2443 2207 2480 Filius
2227 2443 2299 2481 Dei
2327 2455 2407 2481 non
2427 2451 2481 2480 est

50 2504 70 2526 .·
207 2499 210 2502 ’
304 2502 383 2531 tem
414 2506 560 2531 nomen
593 2495 704 2532 homo
733 2494 917 2543 significat
944 2495 1159 2533 humanam
1191 2502 1369 2533 naturam
1423 2495 1544 2532 homo
1577 2507 1693 2544 quem
1729 2496 1951 2546 assumpsit;
1981 2497 2047 2533 sed
2076 2496 2185 2533 cuius
2217 2504 2394 2534 naturam
2423 2509 2480 2534 as-

304 2554 421 2597 prout
448 2554 503 2585 est
528 2554 618 2585 nata
645 2547 684 2586 in
713 2547 911 2598 supposito
941 2559 1040 2587 esse:
1071 2547 1178 2597 quia,
1195 2555 1250 2585 ‘ut
1282 2547 1371 2586 dicit
1424 2547 1597 2597 sumpsit.

358 2676 387 2712 α)
407 2677 491 2705 illum.
509 2677 629 2710 Neque...
642 2682 762 2710 praeter.
774 2692 793 2697 -
811 2678 873 2704 Om.
891 2679 932 2705 Pl.
1391 2682 1395 2707 Ι
1475 2679 1501 2715 β)
1521 2688 1610 2706 unum.
1623 2694 1642 2699 —
1661 2683 1764 2706 tantum
1785 2688 1865 2706 unum
1886 2681 1925 2706 ΡΙ.

978 2759 1312 2794 Commenta-ria
1333 2759 1584 2793 Car-ainans
1608 2760 1806 2796 Caietam

366 2856 473 2876 rrums
499 2846 582 2876 tertii
606 2845 728 2876 articuli
751 2845 868 2876 directe
884 2847 1006 2886 quaerit
1028 2846 1067 2877 de
1089 2847 1221 2877 homine
1244 2853 1281 2877 ut
1304 2846 1366 2877 dis-
1391 2847 1394 2899 Ι
1420 2847 1577 2877 Doctores
1601 2847 1704 2877 effecit
1726 2853 1762 2877 ut
1783 2848 1890 2877 minus
1909 2848 2094 2887 expresserit
2109 2848 2141 2877 in
2158 2848 2366 2879 conclusione
2383 2858 2480 2888 quam

308 2857 519 2930 Ttinguitur
542 2894 653 2920 contra
675 2894 821 2921 naturam
843 2891 1027 2922 humanam.
1420 2891 1600 2931 probaverit
1622 2892 1655 2921 in
1677 2891 1865 2931 praemissis.
1899 2891 2047 2920 P-robavit
2071 2892 2156 2921 enim
2187 2891 2276 2931 quod
2298 2892 2397 2922 Filius
2420 2893 2481 2923 Dei

361 2934 398 2965 In
413 2943 548 2974 corpore
564 2933 686 2965 articuli
709 2933 775 2964 duo
791 2933 887 2965 fiunt:
911 2935 1027 2974 prium,
1043 2935 1254 2975 respondetur
1270 2944 1367 2974 quae·
1420 2944 1487 2965 non
1511 2935 1679 2974 assumpsit
1702 2935 1883 2966 hominem:
1913 2935 2064 2974 expressit
2085 2940 2208 2966 tantum
2232 2935 2322 2975 quod
2343 2946 2411 2967 non
2434 2941 2482 2967 est

306 2978 367 3009 sito
390 2978 551 3019 negative;
580 2976 738 3013 secund0‚
762 2977 939 3009 excluditur
961 2987 1047 3010 error
1070 2979 1254 3011 contrarius.
1279 2978 1367 3009 Con-
1420 2979 1548 3018 proprie
1572 2978 1692 3009 dictum
1716 2978 1805 3018 quod
1823 2978 1921 3008 Filius
1937 2979 1997 3009 Dei
2013 2979 2182 3019 assumpsit
2196 2980 2371 3010 hominem.
2396 2979 2481 3018 Quia

308 3021 408 3052 clusio
431 3021 616 3062 responsiva
631 3026 692 3051 est:
717 3020 792 3051 Non
809 3026 856 3051 est
871 3022 1008 3063 proprie
1023 3021 1141 3052 dictum
1163 3022 1251 3064 quod
1264 3022 1368 3054 Filius
1421 3023 1483 3052 hoc
1499 3022 1658 3052 invenitur
1673 3021 1867 3062 quandoque
1884 3021 2073 3052 affirmatum
2088 3023 2121 3053 in
2137 3024 2230 3053 sacris
2245 3023 2354 3054 litteris
2365 3024 2392 3060 θ’,
2406 3033 2480 3055 cum
2508 3028 2518 3038 ⁸
2534 3027 2568 3049 Cf>
2583 3034 2630 3055 arg·
2649 3036 2666 3050 ι-

306 3065 370 3096 Dei
391 3065 563 3106 assumpsit
576 3065 745 3095 hominem.
768 3065 932 3095 Probatur.
955 3065 1066 3095 Homo
1086 3066 1241 3106 significat
1255 3067 1368 3096 huma·
1421 3075 1519 3106 grano
1544 3066 1614 3096 salis
1637 3065 1888 3105 intelligendum.

307 3117 383 3140 nam
404 3115 550 3141 naturam
573 3109 606 3139 in
629 3109 807 3148 supposito.
832 3109 917 3148 Ergo
940 3118 1008 3139 non
1027 3114 1074 3139 est
1095 3110 1224 3150 proprie
1247 3109 1368 3140 dictum
1475 3109 1572 3139 Error
1595 3110 1650 3149 qui
1673 3109 1849 3140 excluditur
1871 3110 1904 3140 in
1920 3109 2021 3140 littera
2043 3110 2289 3141 concedentium
2304 3111 2338 3141 in
2354 3110 2480 3142 Christo

309 3153 398 3193 quod
427 3153 526 3184 Filius
548 3153 609 3184 Dei
632 3153 801 3192 assumpsit
822 3152 999 3184 hominem.
1021 3171 1045 3175 -
1066 3153 1267 3184 Antecedens
1294 3163 1369 3193 pro·
1421 3153 1513 3193 plura
1535 3153 1709 3192 supposita,
1733 3154 1805 3184 satis
1828 3159 1924 3194 patet.

308 3197 400 3229 batur
423 3206 462 3229 ex
481 3197 667 3230 auctoritate
683 3197 888 3229 Damasceni:
912 3196 1003 3229 Sicut
1016 3196 1105 3228 Deus
1119 3197 1283 3238 significat
1297 3207 1368 3227 eum
1478 3197 1514 3228 11.
1539 3197 1574 3227 In
1593 3197 1801 3237 responsione
1817 3197 1855 3230 ad
1871 3198 2022 3238 primum,
2037 3204 2114 3229 nota
2130 3198 2207 3231 duas
2222 3199 2341 3238 glossas
2365 3199 2481 3238 quibus

328 3241 364 3274 ui
377 3241 471 3273 habet
485 3241 643 3276 deitatem,
659 3241 705 3272 ita
719 3241 815 3271 homo
832 3250 904 3271 eum
919 3240 974 3281 qui
988 3240 1082 3272 habet
1095 3240 1334 3273 humanitatem.
1346 3259 1369 3263 —
1422 3241 1474 3280 pie
1497 3246 1632 3280 possunt
1655 3242 1773 3281 exponi
1795 3241 1878 3273 dicta
1900 3242 2100 3273 Sanctorum.
2124 3242 2237 3279 Prima,
2254 3248 2290 3273 ut
2306 3249 2482 3283 exponatur

307 3250 550 3324 gonsequentia
571 3285 733 3325 probatur.
757 3283 838 3314 Illud
854 3283 943 3324 quod
959 3284 1137 3319 assumitur,
1160 3293 1228 3314 non
1244 3289 1290 3314 est
1308 3290 1368 3314 ter-
1422 3285 1517 3314 homo
1542 3284 1649 3324 quoad
1671 3290 1826 3315 naturam.
1859 3285 1900 3316 Et
1922 3287 2004 3316 hanc
2028 3286 2155 3316 dederat
2178 3287 2326 3326 Magister
2348 3286 2482 3317 Senten—

308 3329 415 3359 minus
437 3329 679 3368 assumptionis,
710 3327 765 3358 sed
791 3327 1051 3368 praeintelligitur
1077 3327 1131 3358 illi.
1167 3327 1368 3358 Individuum
1422 3329 1538 3358 tiarum
1560 3329 1594 3358 in
1616 3328 1718 3359 littera
1740 3329 1782 3359 ΙΙΙ
1805 3329 1902 3366 Sent„
1927 3330 1996 3360 dist.
2014 3340 2054 3360 νι.

309 3377 416 3406 autem
438 3373 474 3405 in
488 3381 555 3412 quo
577 3377 690 3402 natura
705 3372 845 3402 humana
860 3372 1039 3407 assumitur,
1063 3377 1110 3402 est
1130 3372 1294 3407 terminus,
1311 3373 1369 3402 sci·
1478 3371 1624 3403 Secunda
1648 3378 1694 3403 est
1716 3379 1752 3403 ut
1776 3379 1953 3413 exponatur
1975 3374 2149 3414 assumptio
2172 3383 2240 3404 non
2263 3375 2296 3404 in
2319 3373 2403 3410 fieri,
2427 3374 2483 3404 sed

309 3415 384 3446 licet
405 3415 510 3446 divina
531 3424 676 3456 persona.
712 3415 824 3455 Igitur,
849 3416 875 3445 si
897 3415 992 3445 homo
1019 3414 1174 3455 significat
1196 3416 1369 3446 humanam
1423 3417 1456 3446 in
1480 3415 1564 3446 facto
1588 3426 1671 3447 esse:
1706 3417 1781 3456 quia
1803 3419 1978 3457 assumptio
2002 3418 2034 3447 in
2058 3417 2141 3448 facto
2166 3427 2232 3448 esse
2262 3418 2356 3448 habet
2378 3418 2482 3448 homi-

308 3463 454 3489 naturam
475 3460 509 3489 in
532 3460 710 3499 supposito,
734 3469 801 3490 non
825 3459 1002 3489 assumitur.
1422 3470 1498 3490 nem
1520 3469 1579 3500 pro
1602 3461 1756 3497 termino;
1781 3462 1855 3501 quia
1878 3462 1940 3492 hoc
1964 3461 2067 3492 effecit
2089 3462 2279 3502 assumptio,
2304 3467 2335 3492 et
2358 3461 2396 3492 ad
2419 3462 2482 3492 hoc

364 3502 427 3534 Ubi
449 3507 526 3534 nota
549 3502 639 3547 quod
662 3503 831 3543 congenita
853 3503 986 3534 Auctori
1006 3503 1180 3534 reverentia
1202 3502 1242 3535 ad
1265 3513 1369 3534 sacros
1423 3505 1589 3534 terminata
1612 3510 1667 3540 est,
1692 3504 1781 3544 quod
1804 3505 1902 3535 Filius
1926 3505 1985 3536 Dei
2009 3510 2055 3536 est
2077 3506 2188 3536 homo.

450 3563 560 3589 Summi
578 3564 679 3591 Tanos..
697 3565 729 3591 D.
743 3564 858 3590 Tamum
876 3564 908 3590 T.
923 3565 986 3590 vul.
2308 3574 2335 3591 11
