<?xml version="1.0" encoding="UTF-8"?>
<!DOCTYPE html PUBLIC "-//W3C//DTD XHTML 1.0 Transitional//EN"
    "http://www.w3.org/TR/xhtml1/DTD/xhtml1-transitional.dtd">
<html xmlns="http://www.w3.org/1999/xhtml" xml:lang="en" lang="en">
 <head>
  <title>
</title>
<meta http-equiv="Content-Type" content="text/html;charset=utf-8" />
  <meta name='ocr-system' content='tesseract 3.04.00' />
  <meta name='ocr-capabilities' content='ocr_page ocr_carea ocr_par ocr_line ocrx_word'/>
</head>
<body>
  <div class='ocr_page' id='page_1' title='image "./operaomniaiussui11thom/operaomniaiussui11thom_0247.png"; bbox 0 0 2872 3970; ppageno 0'>
   <div class='ocr_carea' id='block_1_1' title="bbox 0 0 110 280">
    <p class='ocr_par' dir='ltr' id='par_1_1' title="bbox 0 0 110 280">
     <span class='ocr_line' id='line_1_1' title="bbox 0 0 110 280; baseline 0 3690"><span class='ocrx_word' id='word_1_1' title='bbox 0 0 110 280; x_wconf 95' lang='lat' dir='ltr'> </span> 
     </span>
    </p>
   </div>
   <div class='ocr_carea' id='block_1_2' title="bbox 10 574 128 635">
    <p class='ocr_par' dir='ltr' id='par_1_2' title="bbox 10 566 128 639">
     <span class='ocr_line' id='line_1_2' title="bbox 10 574 105 604; baseline 0 -11"><span class='ocrx_word' id='word_1_2' title='bbox 10 590 13 593; x_wconf 86' lang='lat'>.</span> <span class='ocrx_word' id='word_1_3' title='bbox 71 574 105 604; x_wconf 78' lang='grc'>.,</span> 
     </span>
     <span class='ocr_line' id='line_1_3' title="bbox 11 604 128 635; baseline 0 -12"><span class='ocrx_word' id='word_1_4' title='bbox 11 608 23 626; x_wconf 66' lang='lat'>1</span> <span class='ocrx_word' id='word_1_5' title='bbox 61 604 128 635; x_wconf 44' lang='grc'>,1.</span> 
     </span>
    </p>
   </div>
   <div class='ocr_carea' id='block_1_3' title="bbox 113 576 272 600">
    <p class='ocr_par' dir='ltr' id='par_1_3' title="bbox 113 576 272 600">
     <span class='ocr_line' id='line_1_4' title="bbox 113 576 272 600; baseline -0.006 -4"><span class='ocrx_word' id='word_1_6' title='bbox 113 579 137 596; x_wconf 70' lang='grc' dir='ltr'>α.</span> <span class='ocrx_word' id='word_1_7' title='bbox 146 579 191 600; x_wconf 69' lang='lat' dir='ltr'>xiv,</span> <span class='ocrx_word' id='word_1_8' title='bbox 202 576 243 595; x_wconf 81' lang='lat' dir='ltr'>m.</span> <span class='ocrx_word' id='word_1_9' title='bbox 254 580 272 600; x_wconf 84' lang='grc' dir='ltr'>ι,</span> 
     </span>
    </p>
   </div>
   <div class='ocr_carea' id='block_1_4' title="bbox 1016 286 1797 335">
    <p class='ocr_par' dir='ltr' id='par_1_4' title="bbox 1016 286 1797 335">
     <span class='ocr_line' id='line_1_5' title="bbox 1016 286 1797 335; baseline 0.009 -12"><span class='ocrx_word' id='word_1_10' title='bbox 1016 286 1279 333; x_wconf 90' lang='lat' dir='ltr'>QUAESTIO</span> <span class='ocrx_word' id='word_1_11' title='bbox 1308 289 1394 335; x_wconf 94' lang='lat' dir='ltr'>XV,</span> <span class='ocrx_word' id='word_1_12' title='bbox 1429 290 1719 329; x_wconf 89' lang='lat' dir='ltr'>ARTICULUS</span> <span class='ocrx_word' id='word_1_13' title='bbox 1747 293 1797 329; x_wconf 94' lang='lat' dir='ltr'>VI</span> 
     </span>
    </p>
   </div>
   <div class='ocr_carea' id='block_1_5' title="bbox 2404 307 2469 344">
    <p class='ocr_par' dir='ltr' id='par_1_5' title="bbox 2404 307 2469 344">
     <span class='ocr_line' id='line_1_6' title="bbox 2404 307 2469 344; baseline 0 -12"><span class='ocrx_word' id='word_1_14' title='bbox 2404 307 2469 344; x_wconf 88' lang='lat'>191</span> 
     </span>
    </p>
   </div>
   <div class='ocr_carea' id='block_1_6' title="bbox 305 363 2475 423">
    <p class='ocr_par' dir='ltr' id='par_1_6' title="bbox 305 363 2475 423">
     <span class='ocr_line' id='line_1_7' title="bbox 305 363 2475 423; baseline 0.006 -24"><span class='ocrx_word' id='word_1_15' title='bbox 305 370 392 400; x_wconf 54' lang='lat' dir='ltr'>vatess</span> <span class='ocrx_word' id='word_1_16' title='bbox 407 364 638 400; x_wconf 78' lang='lat' dir='ltr'>naturalium</span> <span class='ocrx_word' id='word_1_17' title='bbox 666 363 955 413; x_wconf 84' lang='lat' dir='ltr'>principiorum,</span> <span class='ocrx_word' id='word_1_18' title='bbox 985 365 1052 401; x_wconf 89' lang='lat' dir='ltr'>sed</span> <span class='ocrx_word' id='word_1_19' title='bbox 1081 365 1194 402; x_wconf 88' lang='lat' dir='ltr'>etiam</span> <span class='ocrx_word' id='word_1_20' title='bbox 1227 379 1272 402; x_wconf 88' lang='lat' dir='ltr'>ex</span> <span class='ocrx_word' id='word_1_21' title='bbox 1300 378 1365 403; x_wconf 91' lang='lat' dir='ltr'>ne·</span> <span class='ocrx_word' id='word_1_22' title='bbox 1390 371 1393 410; x_wconf 85' lang='grc' dir='ltr'>Ι</span> <span class='ocrx_word' id='word_1_23' title='bbox 1420 370 1472 407; x_wconf 90' lang='lat' dir='ltr'>sic</span> <span class='ocrx_word' id='word_1_24' title='bbox 1499 371 1693 407; x_wconf 85' lang='lat' dir='ltr'>beatitudo</span> <span class='ocrx_word' id='word_1_25' title='bbox 1722 371 1760 407; x_wconf 92' lang='lat' dir='ltr'>in</span> <span class='ocrx_word' id='word_1_26' title='bbox 1789 371 1917 408; x_wconf 84' lang='lat' dir='ltr'>anima</span> <span class='ocrx_word' id='word_1_27' title='bbox 1953 372 2216 410; x_wconf 84' lang='lat' dir='ltr'>continebatur</span> <span class='ocrx_word' id='word_1_28' title='bbox 2252 375 2358 423; x_wconf 92' lang='lat' dir='ltr'>quod</span> <span class='ocrx_word' id='word_1_29' title='bbox 2394 387 2475 412; x_wconf 91' lang='lat' dir='ltr'>non</span> 
     </span>
    </p>
   </div>
   <div class='ocr_carea' id='block_1_7' title="bbox 304 415 1365 467">
    <p class='ocr_par' dir='ltr' id='par_1_7' title="bbox 304 415 1365 467">
     <span class='ocr_line' id='line_1_8' title="bbox 304 415 1365 467; baseline 0.004 -15"><span class='ocrx_word' id='word_1_30' title='bbox 304 415 478 453; x_wconf 43' lang='lat' dir='ltr'>cessitate*</span> <span class='ocrx_word' id='word_1_31' title='bbox 501 423 626 453; x_wconf 87' lang='lat' dir='ltr'>reatus</span> <span class='ocrx_word' id='word_1_32' title='bbox 652 416 807 467; x_wconf 87' lang='lat' dir='ltr'>peccati.</span> <span class='ocrx_word' id='word_1_33' title='bbox 838 416 949 463; x_wconf 86' lang='lat' dir='ltr'>Quae</span> <span class='ocrx_word' id='word_1_34' title='bbox 977 417 1135 465; x_wconf 89' lang='lat' dir='ltr'>quidem</span> <span class='ocrx_word' id='word_1_35' title='bbox 1163 419 1365 456; x_wconf 86' lang='lat' dir='ltr'>necessitas</span> 
     </span>
    </p>
   </div>
   <div class='ocr_carea' id='block_1_8' title="bbox 299 467 1363 676">
    <p class='ocr_par' dir='ltr' id='par_1_8' title="bbox 300 467 1363 570">
     <span class='ocr_line' id='line_1_9' title="bbox 302 467 1363 508; baseline 0.003 -3"><span class='ocrx_word' id='word_1_36' title='bbox 302 467 342 505; x_wconf 87' lang='lat' dir='ltr'>in</span> <span class='ocrx_word' id='word_1_37' title='bbox 357 468 522 507; x_wconf 83' lang='lat' dir='ltr'>Christo</span> <span class='ocrx_word' id='word_1_38' title='bbox 550 480 630 505; x_wconf 89' lang='lat' dir='ltr'>non</span> <span class='ocrx_word' id='word_1_39' title='bbox 657 467 746 505; x_wconf 57' lang='lat' dir='ltr'>fuit:</span> <span class='ocrx_word' id='word_1_40' title='bbox 776 469 843 505; x_wconf 90' lang='lat' dir='ltr'>sed</span> <span class='ocrx_word' id='word_1_41' title='bbox 871 470 998 505; x_wconf 90' lang='lat' dir='ltr'>solum</span> <span class='ocrx_word' id='word_1_42' title='bbox 1027 470 1228 507; x_wconf 88' lang='lat' dir='ltr'>necessitas</span> <span class='ocrx_word' id='word_1_43' title='bbox 1256 479 1363 508; x_wconf 92' lang='lat' dir='ltr'>natu-</span> 
     </span>
     <span class='ocr_line' id='line_1_10' title="bbox 300 520 888 570; baseline 0 -13"><span class='ocrx_word' id='word_1_44' title='bbox 300 521 441 558; x_wconf 76' lang='lat' dir='ltr'>ralium</span> <span class='ocrx_word' id='word_1_45' title='bbox 467 520 755 570; x_wconf 79' lang='lat' dir='ltr'>principiorum.</span> <span class='ocrx_word' id='word_1_46' title='bbox 886 531 888 533; x_wconf 68' lang='grc'><strong><em>’</em></strong></span> 
     </span>
    </p>

    <p class='ocr_par' dir='ltr' id='par_1_9' title="bbox 299 574 1362 676">
     <span class='ocr_line' id='line_1_11' title="bbox 302 574 1362 624; baseline 0.002 -14"><span class='ocrx_word' id='word_1_47' title='bbox 302 596 306 600; x_wconf 87' lang='grc'>-</span> <span class='ocrx_word' id='word_1_48' title='bbox 346 574 410 610; x_wconf 87' lang='lat' dir='ltr'>An</span> <span class='ocrx_word' id='word_1_49' title='bbox 438 584 596 610; x_wconf 70' lang='grc' dir='ltr'>τεκτιυΜ</span> <span class='ocrx_word' id='word_1_50' title='bbox 623 582 804 610; x_wconf 65' lang='lat' dir='ltr'>memnon</span> <span class='ocrx_word' id='word_1_51' title='bbox 832 574 961 622; x_wconf 87' lang='lat' dir='ltr'>quod,</span> <span class='ocrx_word' id='word_1_52' title='bbox 991 574 1087 611; x_wconf 85' lang='lat' dir='ltr'>sicut</span> <span class='ocrx_word' id='word_1_53' title='bbox 1122 587 1237 624; x_wconf 91' lang='lat' dir='ltr'>supra</span> <span class='ocrx_word' id='word_1_54' title='bbox 1260 575 1279 597; x_wconf 72' lang='lat'>&#39;¹‘</span> <span class='ocrx_word' id='word_1_55' title='bbox 1307 576 1362 612; x_wconf 91' lang='lat' dir='ltr'>di-</span> 
     </span>
     <span class='ocr_line' id='line_1_12' title="bbox 299 625 1361 676; baseline 0.002 -14"><span class='ocrx_word' id='word_1_56' title='bbox 299 632 405 662; x_wconf 86' lang='lat' dir='ltr'>ctum</span> <span class='ocrx_word' id='word_1_57' title='bbox 433 633 503 672; x_wconf 90' lang='lat' dir='ltr'>est,</span> <span class='ocrx_word' id='word_1_58' title='bbox 532 625 669 663; x_wconf 87' lang='lat' dir='ltr'>virtute</span> <span class='ocrx_word' id='word_1_59' title='bbox 698 625 901 663; x_wconf 86' lang='lat' dir='ltr'>divinitatis</span> <span class='ocrx_word' id='word_1_60' title='bbox 933 627 1072 664; x_wconf 88' lang='lat' dir='ltr'>Christi</span> <span class='ocrx_word' id='word_1_61' title='bbox 1107 627 1361 676; x_wconf 85' lang='lat' dir='ltr'>dispensative</span> 
     </span>
    </p>
   </div>
   <div class='ocr_carea' id='block_1_9' title="bbox 1416 423 2476 672">
    <p class='ocr_par' dir='ltr' id='par_1_10' title="bbox 1416 423 2476 672">
     <span class='ocr_line' id='line_1_13' title="bbox 1419 423 2476 474; baseline 0.005 -15"><span class='ocrx_word' id='word_1_62' title='bbox 1419 423 1661 460; x_wconf 88' lang='lat' dir='ltr'>derivabatur</span> <span class='ocrx_word' id='word_1_63' title='bbox 1679 424 1727 460; x_wconf 94' lang='lat' dir='ltr'>ad</span> <span class='ocrx_word' id='word_1_64' title='bbox 1747 436 1897 473; x_wconf 80' lang='lat' dir='ltr'>corpuS,</span> <span class='ocrx_word' id='word_1_65' title='bbox 1914 432 1955 461; x_wconf 91' lang='lat' dir='ltr'>ut</span> <span class='ocrx_word' id='word_1_66' title='bbox 1976 425 2057 462; x_wconf 92' lang='lat' dir='ltr'>eius</span> <span class='ocrx_word' id='word_1_67' title='bbox 2076 426 2298 474; x_wconf 86' lang='lat' dir='ltr'>passibilitas</span> <span class='ocrx_word' id='word_1_68' title='bbox 2317 435 2353 464; x_wconf 95' lang='lat' dir='ltr'>et</span> <span class='ocrx_word' id='word_1_69' title='bbox 2372 439 2476 464; x_wconf 89' lang='lat' dir='ltr'>mor-</span> 
     </span>
     <span class='ocr_line' id='line_1_14' title="bbox 1417 475 2474 525; baseline 0.006 -14"><span class='ocrx_word' id='word_1_70' title='bbox 1417 475 1537 512; x_wconf 90' lang='lat' dir='ltr'>talitas</span> <span class='ocrx_word' id='word_1_71' title='bbox 1572 477 1774 513; x_wconf 90' lang='lat' dir='ltr'>tolleretur.</span> <span class='ocrx_word' id='word_1_72' title='bbox 1818 478 1884 523; x_wconf 81' lang='lat' dir='ltr'>Et,</span> <span class='ocrx_word' id='word_1_73' title='bbox 1913 478 2049 514; x_wconf 91' lang='lat' dir='ltr'>eadem</span> <span class='ocrx_word' id='word_1_74' title='bbox 2086 478 2248 525; x_wconf 87' lang='lat' dir='ltr'>ratione,</span> <span class='ocrx_word' id='word_1_75' title='bbox 2278 480 2474 518; x_wconf 88' lang='lat' dir='ltr'>delectatio</span> 
     </span>
     <span class='ocr_line' id='line_1_15' title="bbox 1418 529 2474 581; baseline 0.006 -17"><span class='ocrx_word' id='word_1_76' title='bbox 1418 529 1749 577; x_wconf 86' lang='lat' dir='ltr'>contemplationis</span> <span class='ocrx_word' id='word_1_77' title='bbox 1777 529 1829 566; x_wconf 92' lang='lat' dir='ltr'>sic</span> <span class='ocrx_word' id='word_1_78' title='bbox 1857 529 2120 567; x_wconf 87' lang='lat' dir='ltr'>continebatur</span> <span class='ocrx_word' id='word_1_79' title='bbox 2145 531 2184 567; x_wconf 91' lang='lat' dir='ltr'>in</span> <span class='ocrx_word' id='word_1_80' title='bbox 2210 540 2337 569; x_wconf 88' lang='lat' dir='ltr'>mente</span> <span class='ocrx_word' id='word_1_81' title='bbox 2368 534 2474 581; x_wconf 91' lang='lat' dir='ltr'>quod</span> 
     </span>
     <span class='ocr_line' id='line_1_16' title="bbox 1417 581 2474 633; baseline 0.005 -16"><span class='ocrx_word' id='word_1_82' title='bbox 1417 593 1496 617; x_wconf 90' lang='lat' dir='ltr'>non</span> <span class='ocrx_word' id='word_1_83' title='bbox 1524 581 1767 618; x_wconf 85' lang='lat' dir='ltr'>derivabatur</span> <span class='ocrx_word' id='word_1_84' title='bbox 1794 582 1843 618; x_wconf 93' lang='lat' dir='ltr'>ad</span> <span class='ocrx_word' id='word_1_85' title='bbox 1870 581 1970 618; x_wconf 90' lang='lat' dir='ltr'>vires</span> <span class='ocrx_word' id='word_1_86' title='bbox 1998 583 2205 630; x_wconf 87' lang='lat' dir='ltr'>sensibiles,</span> <span class='ocrx_word' id='word_1_87' title='bbox 2235 592 2276 620; x_wconf 90' lang='lat' dir='ltr'>ut</span> <span class='ocrx_word' id='word_1_88' title='bbox 2303 597 2372 633; x_wconf 90' lang='lat' dir='ltr'>per</span> <span class='ocrx_word' id='word_1_89' title='bbox 2399 586 2474 622; x_wconf 93' lang='lat' dir='ltr'>hoc</span> 
     </span>
     <span class='ocr_line' id='line_1_17' title="bbox 1416 633 2041 672; baseline 0.003 -3"><span class='ocrx_word' id='word_1_90' title='bbox 1416 633 1528 670; x_wconf 90' lang='lat' dir='ltr'>dolor</span> <span class='ocrx_word' id='word_1_91' title='bbox 1555 634 1739 671; x_wconf 91' lang='lat' dir='ltr'>sensibilis</span> <span class='ocrx_word' id='word_1_92' title='bbox 1768 634 2041 672; x_wconf 88' lang='lat' dir='ltr'>excluderetur.</span> 
     </span>
    </p>
   </div>
   <div class='ocr_carea' id='block_1_10' title="bbox 967 742 1800 776">
    <p class='ocr_par' dir='ltr' id='par_1_11' title="bbox 967 742 1800 776">
     <span class='ocr_line' id='line_1_18' title="bbox 967 742 1800 776; baseline -0.001 -1"><span class='ocrx_word' id='word_1_93' title='bbox 967 742 1302 775; x_wconf 78' lang='lat' dir='ltr'>Commentaria</span> <span class='ocrx_word' id='word_1_94' title='bbox 1325 742 1578 776; x_wconf 78' lang='lat' dir='ltr'>cardinalis</span> <span class='ocrx_word' id='word_1_95' title='bbox 1600 742 1800 774; x_wconf 75' lang='lat' dir='ltr'>Caietani</span> 
     </span>
    </p>
   </div>
   <div class='ocr_carea' id='block_1_11' title="bbox 288 828 1357 1486">
    <p class='ocr_par' dir='ltr' id='par_1_12' title="bbox 294 828 1357 1000">
     <span class='ocr_line' id='line_1_19' title="bbox 338 828 1357 869; baseline 0 -8"><span class='ocrx_word' id='word_1_96' title='bbox 338 838 463 862; x_wconf 68' lang='lat' dir='ltr'>,mus</span> <span class='ocrx_word' id='word_1_97' title='bbox 491 828 593 865; x_wconf 79' lang='lat' dir='ltr'>clarus</span> <span class='ocrx_word' id='word_1_98' title='bbox 622 834 679 860; x_wconf 84' lang='lat' dir='ltr'>est.</span> <span class='ocrx_word' id='word_1_99' title='bbox 703 847 726 852; x_wconf 92' lang='lat'><em>-</em></span> <span class='ocrx_word' id='word_1_100' title='bbox 749 829 784 859; x_wconf 92' lang='lat' dir='ltr'>In</span> <span class='ocrx_word' id='word_1_101' title='bbox 812 839 946 869; x_wconf 85' lang='lat' dir='ltr'>corpore</span> <span class='ocrx_word' id='word_1_102' title='bbox 977 831 1072 860; x_wconf 86' lang='lat' dir='ltr'>unica</span> <span class='ocrx_word' id='word_1_103' title='bbox 1102 831 1286 861; x_wconf 88' lang='lat' dir='ltr'>conclusio:</span> <span class='ocrx_word' id='word_1_104' title='bbox 1319 831 1357 861; x_wconf 92' lang='lat' dir='ltr'>In</span> 
     </span>
     <span class='ocr_line' id='line_1_20' title="bbox 340 872 1357 914; baseline 0.002 -11.919"><span class='ocrx_word' id='word_1_105' title='bbox 340 899 341 903; x_wconf 75' lang='grc'>,</span> <span class='ocrx_word' id='word_1_106' title='bbox 358 872 486 904; x_wconf 77' lang='lat' dir='ltr'>Christo</span> <span class='ocrx_word' id='word_1_107' title='bbox 500 873 575 914; x_wconf 84' lang='lat' dir='ltr'>fuit</span> <span class='ocrx_word' id='word_1_108' title='bbox 595 882 691 904; x_wconf 82' lang='lat' dir='ltr'>verus</span> <span class='ocrx_word' id='word_1_109' title='bbox 713 872 819 903; x_wconf 84' lang='lat' dir='ltr'>dolor.</span> <span class='ocrx_word' id='word_1_110' title='bbox 842 874 1007 905; x_wconf 88' lang='lat' dir='ltr'>Probatur.</span> <span class='ocrx_word' id='word_1_111' title='bbox 1040 874 1074 904; x_wconf 89' lang='lat' dir='ltr'>In</span> <span class='ocrx_word' id='word_1_112' title='bbox 1100 884 1166 914; x_wconf 92' lang='lat' dir='ltr'>quo</span> <span class='ocrx_word' id='word_1_113' title='bbox 1196 881 1241 905; x_wconf 91' lang='lat' dir='ltr'>est</span> <span class='ocrx_word' id='word_1_114' title='bbox 1259 875 1357 905; x_wconf 87' lang='lat' dir='ltr'>laesio</span> 
     </span>
     <span class='ocr_line' id='line_1_21' title="bbox 294 916 1357 956; baseline 0.002 -10"><span class='ocrx_word' id='word_1_115' title='bbox 294 917 438 956; x_wconf 85' lang='lat' dir='ltr'>corporis</span> <span class='ocrx_word' id='word_1_116' title='bbox 461 922 493 947; x_wconf 89' lang='lat' dir='ltr'>et</span> <span class='ocrx_word' id='word_1_117' title='bbox 515 925 625 947; x_wconf 91' lang='lat' dir='ltr'>sensus</span> <span class='ocrx_word' id='word_1_118' title='bbox 655 916 821 952; x_wconf 87' lang='lat' dir='ltr'>laesionis,</span> <span class='ocrx_word' id='word_1_119' title='bbox 846 923 892 947; x_wconf 88' lang='lat' dir='ltr'>est</span> <span class='ocrx_word' id='word_1_120' title='bbox 921 917 1014 948; x_wconf 90' lang='lat' dir='ltr'>dolor</span> <span class='ocrx_word' id='word_1_121' title='bbox 1044 919 1208 949; x_wconf 89' lang='lat' dir='ltr'>sensibilis.</span> <span class='ocrx_word' id='word_1_122' title='bbox 1239 918 1302 949; x_wconf 85' lang='lat' dir='ltr'>Sed</span> <span class='ocrx_word' id='word_1_123' title='bbox 1325 919 1357 948; x_wconf 91' lang='lat' dir='ltr'>in</span> 
     </span>
     <span class='ocr_line' id='line_1_22' title="bbox 295 959 836 1000; baseline 0 -10"><span class='ocrx_word' id='word_1_124' title='bbox 295 959 423 991; x_wconf 86' lang='lat' dir='ltr'>Christo</span> <span class='ocrx_word' id='word_1_125' title='bbox 448 959 508 990; x_wconf 85' lang='lat' dir='ltr'>fuit</span> <span class='ocrx_word' id='word_1_126' title='bbox 530 965 715 1000; x_wconf 89' lang='lat' dir='ltr'>utrumque.</span> <span class='ocrx_word' id='word_1_127' title='bbox 739 960 836 1000; x_wconf 88' lang='lat' dir='ltr'>Ergo.</span> 
     </span>
    </p>

    <p class='ocr_par' dir='ltr' id='par_1_13' title="bbox 293 1004 1356 1133">
     <span class='ocr_line' id='line_1_23' title="bbox 347 1004 1356 1046; baseline 0.002 -12"><span class='ocrx_word' id='word_1_128' title='bbox 347 1004 504 1035; x_wconf 81' lang='lat' dir='ltr'>Probatur</span> <span class='ocrx_word' id='word_1_129' title='bbox 532 1005 639 1035; x_wconf 87' lang='lat' dir='ltr'>minor</span> <span class='ocrx_word' id='word_1_130' title='bbox 666 1004 774 1044; x_wconf 83' lang='lat' dir='ltr'>quoad</span> <span class='ocrx_word' id='word_1_131' title='bbox 796 1005 947 1045; x_wconf 89' lang='lat' dir='ltr'>primum.</span> <span class='ocrx_word' id='word_1_132' title='bbox 983 1005 1067 1044; x_wconf 86' lang='lat' dir='ltr'>Quia</span> <span class='ocrx_word' id='word_1_133' title='bbox 1098 1015 1214 1046; x_wconf 92' lang='lat' dir='ltr'>corpus</span> <span class='ocrx_word' id='word_1_134' title='bbox 1239 1006 1356 1036; x_wconf 89' lang='lat' dir='ltr'>Christi</span> 
     </span>
     <span class='ocr_line' id='line_1_24' title="bbox 294 1048 1356 1090; baseline 0.002 -12"><span class='ocrx_word' id='word_1_135' title='bbox 294 1053 360 1078; x_wconf 86' lang='lat' dir='ltr'>erat</span> <span class='ocrx_word' id='word_1_136' title='bbox 381 1048 530 1088; x_wconf 90' lang='lat' dir='ltr'>passibile</span> <span class='ocrx_word' id='word_1_137' title='bbox 553 1053 584 1079; x_wconf 90' lang='lat' dir='ltr'>et</span> <span class='ocrx_word' id='word_1_138' title='bbox 605 1049 750 1079; x_wconf 88' lang='lat' dir='ltr'>mortale.</span> <span class='ocrx_word' id='word_1_139' title='bbox 774 1066 795 1071; x_wconf 98' lang='lat'><em>-</em></span> <span class='ocrx_word' id='word_1_140' title='bbox 818 1049 937 1087; x_wconf 90' lang='lat' dir='ltr'>Quoad</span> <span class='ocrx_word' id='word_1_141' title='bbox 960 1050 1139 1080; x_wconf 86' lang='lat' dir='ltr'>secundum</span> <span class='ocrx_word' id='word_1_142' title='bbox 1163 1060 1255 1080; x_wconf 89' lang='lat' dir='ltr'>vero:</span> <span class='ocrx_word' id='word_1_143' title='bbox 1281 1050 1356 1090; x_wconf 91' lang='lat' dir='ltr'>quia</span> 
     </span>
     <span class='ocr_line' id='line_1_25' title="bbox 293 1091 1354 1133; baseline 0.002 -11"><span class='ocrx_word' id='word_1_144' title='bbox 293 1092 399 1125; x_wconf 87' lang='lat' dir='ltr'>anima</span> <span class='ocrx_word' id='word_1_145' title='bbox 421 1091 539 1125; x_wconf 85' lang='lat' dir='ltr'>Christi</span> <span class='ocrx_word' id='word_1_146' title='bbox 568 1091 708 1133; x_wconf 84' lang='lat' dir='ltr'>perfecte</span> <span class='ocrx_word' id='word_1_147' title='bbox 734 1093 844 1122; x_wconf 85' lang='lat' dir='ltr'>habuit</span> <span class='ocrx_word' id='word_1_148' title='bbox 867 1103 980 1123; x_wconf 89' lang='lat' dir='ltr'>omnes</span> <span class='ocrx_word' id='word_1_149' title='bbox 1006 1094 1165 1133; x_wconf 87' lang='lat' dir='ltr'>potentias</span> <span class='ocrx_word' id='word_1_150' title='bbox 1187 1094 1354 1125; x_wconf 85' lang='lat' dir='ltr'>naturales.</span> 
     </span>
    </p>

    <p class='ocr_par' dir='ltr' id='par_1_14' title="bbox 288 1135 1355 1486">
     <span class='ocr_line' id='line_1_26' title="bbox 348 1135 1355 1178; baseline 0.001 -11"><span class='ocrx_word' id='word_1_151' title='bbox 348 1135 385 1167; x_wconf 90' lang='grc' dir='ltr'>ΙΙ.</span> <span class='ocrx_word' id='word_1_152' title='bbox 408 1136 503 1173; x_wconf 89' lang='lat' dir='ltr'>Nota,</span> <span class='ocrx_word' id='word_1_153' title='bbox 526 1136 665 1172; x_wconf 85' lang='lat' dir='ltr'>Novitie,</span> <span class='ocrx_word' id='word_1_154' title='bbox 689 1136 779 1176; x_wconf 91' lang='lat' dir='ltr'>quod</span> <span class='ocrx_word' id='word_1_155' title='bbox 801 1136 855 1166; x_wconf 89' lang='lat' dir='ltr'>illa</span> <span class='ocrx_word' id='word_1_156' title='bbox 870 1137 936 1167; x_wconf 93' lang='lat' dir='ltr'>duo</span> <span class='ocrx_word' id='word_1_157' title='bbox 957 1137 991 1167; x_wconf 92' lang='lat' dir='ltr'>in</span> <span class='ocrx_word' id='word_1_158' title='bbox 1006 1138 1109 1168; x_wconf 89' lang='lat' dir='ltr'>littera</span> <span class='ocrx_word' id='word_1_159' title='bbox 1123 1139 1228 1178; x_wconf 83' lang='lat' dir='ltr'>posita</span> <span class='ocrx_word' id='word_1_160' title='bbox 1249 1139 1355 1178; x_wconf 90' lang='lat' dir='ltr'>requi-</span> 
     </span>
     <span class='ocr_line' id='line_1_27' title="bbox 291 1178 1355 1221; baseline 0.002 -11"><span class='ocrx_word' id='word_1_161' title='bbox 291 1179 350 1210; x_wconf 84' lang='lat' dir='ltr'>sita</span> <span class='ocrx_word' id='word_1_162' title='bbox 372 1179 412 1211; x_wconf 91' lang='lat' dir='ltr'>ad</span> <span class='ocrx_word' id='word_1_163' title='bbox 435 1178 590 1217; x_wconf 80' lang='lat' dir='ltr'>dolorem,</span> <span class='ocrx_word' id='word_1_164' title='bbox 614 1190 682 1211; x_wconf 91' lang='lat' dir='ltr'>non</span> <span class='ocrx_word' id='word_1_165' title='bbox 705 1186 779 1211; x_wconf 90' lang='lat' dir='ltr'>sunt</span> <span class='ocrx_word' id='word_1_166' title='bbox 801 1179 921 1212; x_wconf 91' lang='lat' dir='ltr'>doloris</span> <span class='ocrx_word' id='word_1_167' title='bbox 944 1187 1058 1221; x_wconf 78' lang='lat' dir='ltr'>parteS,</span> <span class='ocrx_word' id='word_1_168' title='bbox 1082 1182 1137 1212; x_wconf 88' lang='lat' dir='ltr'>sed</span> <span class='ocrx_word' id='word_1_169' title='bbox 1161 1192 1273 1212; x_wconf 88' lang='lat' dir='ltr'>causae</span> <span class='ocrx_word' id='word_1_170' title='bbox 1289 1181 1355 1212; x_wconf 87' lang='lat' dir='ltr'>suf-</span> 
     </span>
     <span class='ocr_line' id='line_1_28' title="bbox 291 1223 1354 1266; baseline 0.002 -12"><span class='ocrx_word' id='word_1_171' title='bbox 291 1223 444 1254; x_wconf 89' lang='lat' dir='ltr'>ficientes.</span> <span class='ocrx_word' id='word_1_172' title='bbox 468 1224 571 1255; x_wconf 87' lang='lat' dir='ltr'>Dolor</span> <span class='ocrx_word' id='word_1_173' title='bbox 592 1233 733 1264; x_wconf 87' lang='lat' dir='ltr'>namque</span> <span class='ocrx_word' id='word_1_174' title='bbox 755 1233 816 1255; x_wconf 90' lang='lat' dir='ltr'>nec</span> <span class='ocrx_word' id='word_1_175' title='bbox 832 1230 878 1255; x_wconf 89' lang='lat' dir='ltr'>est</span> <span class='ocrx_word' id='word_1_176' title='bbox 899 1225 1007 1261; x_wconf 89' lang='lat' dir='ltr'>laesio,</span> <span class='ocrx_word' id='word_1_177' title='bbox 1031 1235 1091 1256; x_wconf 92' lang='lat' dir='ltr'>nec</span> <span class='ocrx_word' id='word_1_178' title='bbox 1106 1226 1270 1266; x_wconf 90' lang='lat' dir='ltr'>perceptio</span> <span class='ocrx_word' id='word_1_179' title='bbox 1291 1226 1354 1256; x_wconf 90' lang='lat' dir='ltr'>lae-</span> 
     </span>
     <span class='ocr_line' id='line_1_29' title="bbox 291 1267 1354 1310; baseline 0.002 -12"><span class='ocrx_word' id='word_1_180' title='bbox 291 1268 405 1298; x_wconf 86' lang='lat' dir='ltr'>sionis:</span> <span class='ocrx_word' id='word_1_181' title='bbox 436 1267 493 1299; x_wconf 89' lang='lat' dir='ltr'>sed</span> <span class='ocrx_word' id='word_1_182' title='bbox 524 1274 572 1299; x_wconf 88' lang='lat' dir='ltr'>est</span> <span class='ocrx_word' id='word_1_183' title='bbox 599 1269 705 1308; x_wconf 85' lang='lat' dir='ltr'>passio</span> <span class='ocrx_word' id='word_1_184' title='bbox 733 1269 893 1309; x_wconf 85' lang='lat' dir='ltr'>appetitus</span> <span class='ocrx_word' id='word_1_185' title='bbox 918 1270 1058 1299; x_wconf 89' lang='lat' dir='ltr'>sensitivi</span> <span class='ocrx_word' id='word_1_186' title='bbox 1089 1279 1285 1310; x_wconf 86' lang='lat' dir='ltr'>consurgens</span> <span class='ocrx_word' id='word_1_187' title='bbox 1315 1280 1354 1300; x_wconf 87' lang='lat' dir='ltr'>ex</span> 
     </span>
     <span class='ocr_line' id='line_1_30' title="bbox 291 1312 1353 1354; baseline 0.002 -12"><span class='ocrx_word' id='word_1_188' title='bbox 291 1312 435 1352; x_wconf 85' lang='lat' dir='ltr'>corporis</span> <span class='ocrx_word' id='word_1_189' title='bbox 457 1312 598 1343; x_wconf 90' lang='lat' dir='ltr'>laesione</span> <span class='ocrx_word' id='word_1_190' title='bbox 620 1318 771 1353; x_wconf 86' lang='lat' dir='ltr'>percepta</span> <span class='ocrx_word' id='word_1_191' title='bbox 793 1322 899 1343; x_wconf 89' lang='lat' dir='ltr'>sensu.</span> <span class='ocrx_word' id='word_1_192' title='bbox 934 1313 1027 1349; x_wconf 86' lang='lat' dir='ltr'>Nam,</span> <span class='ocrx_word' id='word_1_193' title='bbox 1052 1319 1353 1354; x_wconf 89' lang='lat' dir='ltr'>quantumcumque</span> 
     </span>
     <span class='ocr_line' id='line_1_31' title="bbox 291 1356 1352 1397; baseline 0.002 -11"><span class='ocrx_word' id='word_1_194' title='bbox 291 1365 408 1396; x_wconf 88' lang='lat' dir='ltr'>corpus</span> <span class='ocrx_word' id='word_1_195' title='bbox 430 1356 607 1388; x_wconf 86' lang='lat' dir='ltr'>laederetur</span> <span class='ocrx_word' id='word_1_196' title='bbox 630 1356 766 1397; x_wconf 87' lang='lat' dir='ltr'>flagello,</span> <span class='ocrx_word' id='word_1_197' title='bbox 784 1357 874 1387; x_wconf 90' lang='lat' dir='ltr'>clavo</span> <span class='ocrx_word' id='word_1_198' title='bbox 899 1358 949 1387; x_wconf 92' lang='lat' dir='ltr'>vel</span> <span class='ocrx_word' id='word_1_199' title='bbox 971 1357 1088 1397; x_wconf 86' lang='lat' dir='ltr'>gladio,</span> <span class='ocrx_word' id='word_1_200' title='bbox 1113 1358 1139 1387; x_wconf 91' lang='lat' dir='ltr'>si</span> <span class='ocrx_word' id='word_1_201' title='bbox 1161 1367 1228 1387; x_wconf 93' lang='lat' dir='ltr'>non</span> <span class='ocrx_word' id='word_1_202' title='bbox 1251 1359 1352 1397; x_wconf 89' lang='lat' dir='ltr'>perci-</span> 
     </span>
     <span class='ocr_line' id='line_1_32' title="bbox 288 1401 1353 1441; baseline 0.002 -11"><span class='ocrx_word' id='word_1_203' title='bbox 288 1405 434 1440; x_wconf 88' lang='lat' dir='ltr'>peretur,</span> <span class='ocrx_word' id='word_1_204' title='bbox 457 1410 525 1431; x_wconf 89' lang='lat' dir='ltr'>non</span> <span class='ocrx_word' id='word_1_205' title='bbox 549 1407 754 1441; x_wconf 88' lang='lat' dir='ltr'>consurgeret</span> <span class='ocrx_word' id='word_1_206' title='bbox 777 1401 888 1431; x_wconf 88' lang='lat' dir='ltr'>dolor:</span> <span class='ocrx_word' id='word_1_207' title='bbox 918 1407 954 1432; x_wconf 93' lang='lat' dir='ltr'>ut</span> <span class='ocrx_word' id='word_1_208' title='bbox 977 1407 1063 1440; x_wconf 84' lang='lat' dir='ltr'>patet</span> <span class='ocrx_word' id='word_1_209' title='bbox 1086 1411 1160 1432; x_wconf 91' lang='lat' dir='ltr'>cum</span> <span class='ocrx_word' id='word_1_210' title='bbox 1184 1402 1353 1433; x_wconf 88' lang='lat' dir='ltr'>laeduntur</span> 
     </span>
     <span class='ocr_line' id='line_1_33' title="bbox 288 1444 1352 1486; baseline 0.002 -12"><span class='ocrx_word' id='word_1_211' title='bbox 288 1444 322 1475; x_wconf 92' lang='lat' dir='ltr'>hi</span> <span class='ocrx_word' id='word_1_212' title='bbox 345 1445 402 1484; x_wconf 88' lang='lat' dir='ltr'>qui</span> <span class='ocrx_word' id='word_1_213' title='bbox 423 1445 587 1484; x_wconf 84' lang='lat' dir='ltr'>patiuntur</span> <span class='ocrx_word' id='word_1_214' title='bbox 610 1446 751 1476; x_wconf 89' lang='lat' dir='ltr'>extasim.</span> <span class='ocrx_word' id='word_1_215' title='bbox 775 1445 817 1475; x_wconf 93' lang='lat' dir='ltr'>Et</span> <span class='ocrx_word' id='word_1_216' title='bbox 831 1455 948 1482; x_wconf 87' lang='lat' dir='ltr'>rursus,</span> <span class='ocrx_word' id='word_1_217' title='bbox 966 1452 1265 1486; x_wconf 88' lang='lat' dir='ltr'>quantumcumque</span> <span class='ocrx_word' id='word_1_218' title='bbox 1283 1456 1352 1476; x_wconf 91' lang='lat' dir='ltr'>cor-</span> 
     </span>
    </p>
   </div>
   <div class='ocr_carea' id='block_1_12' title="bbox 276 1488 1352 1530">
    <p class='ocr_par' dir='ltr' id='par_1_15' title="bbox 276 1488 1352 1530">
     <span class='ocr_line' id='line_1_34' title="bbox 276 1488 1352 1530; baseline 0.002 -12"><span class='ocrx_word' id='word_1_219' title='bbox 276 1497 350 1528; x_wconf 87' lang='lat' dir='ltr'>pus</span> <span class='ocrx_word' id='word_1_220' title='bbox 371 1488 513 1520; x_wconf 87' lang='lat' dir='ltr'>laedatur</span> <span class='ocrx_word' id='word_1_221' title='bbox 539 1494 571 1519; x_wconf 92' lang='lat' dir='ltr'>et</span> <span class='ocrx_word' id='word_1_222' title='bbox 592 1489 690 1520; x_wconf 88' lang='lat' dir='ltr'>laesio</span> <span class='ocrx_word' id='word_1_223' title='bbox 718 1490 910 1530; x_wconf 87' lang='lat' dir='ltr'>percipiatur</span> <span class='ocrx_word' id='word_1_224' title='bbox 933 1490 1096 1520; x_wconf 89' lang='lat' dir='ltr'>intellectu</span> <span class='ocrx_word' id='word_1_225' title='bbox 1126 1490 1176 1520; x_wconf 92' lang='lat' dir='ltr'>vel</span> <span class='ocrx_word' id='word_1_226' title='bbox 1199 1490 1352 1530; x_wconf 89' lang='lat' dir='ltr'>imagina-</span> 
     </span>
    </p>
   </div>
   <div class='ocr_carea' id='block_1_13' title="bbox 283 1532 1351 2314">
    <p class='ocr_par' dir='ltr' id='par_1_16' title="bbox 285 1532 1351 1922">
     <span class='ocr_line' id='line_1_35' title="bbox 287 1532 1351 1574; baseline 0.002 -12"><span class='ocrx_word' id='word_1_227' title='bbox 287 1532 387 1568; x_wconf 85' lang='lat' dir='ltr'>tione,</span> <span class='ocrx_word' id='word_1_228' title='bbox 411 1533 437 1562; x_wconf 90' lang='lat' dir='ltr'>si</span> <span class='ocrx_word' id='word_1_229' title='bbox 459 1543 527 1564; x_wconf 90' lang='lat' dir='ltr'>non</span> <span class='ocrx_word' id='word_1_230' title='bbox 550 1534 693 1570; x_wconf 86' lang='lat' dir='ltr'>sentitur,</span> <span class='ocrx_word' id='word_1_231' title='bbox 717 1542 785 1563; x_wconf 91' lang='lat' dir='ltr'>non</span> <span class='ocrx_word' id='word_1_232' title='bbox 808 1534 952 1574; x_wconf 87' lang='lat' dir='ltr'>sequitur</span> <span class='ocrx_word' id='word_1_233' title='bbox 971 1533 1079 1564; x_wconf 89' lang='lat' dir='ltr'>dolor:</span> <span class='ocrx_word' id='word_1_234' title='bbox 1105 1540 1141 1564; x_wconf 89' lang='lat' dir='ltr'>ut</span> <span class='ocrx_word' id='word_1_235' title='bbox 1163 1539 1250 1574; x_wconf 87' lang='lat' dir='ltr'>patet</span> <span class='ocrx_word' id='word_1_236' title='bbox 1265 1535 1298 1564; x_wconf 94' lang='lat' dir='ltr'>in</span> <span class='ocrx_word' id='word_1_237' title='bbox 1314 1535 1351 1564; x_wconf 93' lang='lat' dir='ltr'>iis</span> 
     </span>
     <span class='ocr_line' id='line_1_36' title="bbox 288 1576 1350 1618; baseline 0.001 -11"><span class='ocrx_word' id='word_1_238' title='bbox 288 1577 355 1616; x_wconf 89' lang='lat' dir='ltr'>qui,</span> <span class='ocrx_word' id='word_1_239' title='bbox 367 1576 476 1607; x_wconf 86' lang='lat' dir='ltr'>calidis</span> <span class='ocrx_word' id='word_1_240' title='bbox 492 1577 597 1608; x_wconf 88' lang='lat' dir='ltr'>adhuc</span> <span class='ocrx_word' id='word_1_241' title='bbox 611 1577 722 1618; x_wconf 88' lang='lat' dir='ltr'>plagis,</span> <span class='ocrx_word' id='word_1_242' title='bbox 739 1577 1013 1617; x_wconf 88' lang='lat' dir='ltr'>superlaeduntur.</span> <span class='ocrx_word' id='word_1_243' title='bbox 1033 1578 1077 1608; x_wconf 91' lang='lat' dir='ltr'>Hi</span> <span class='ocrx_word' id='word_1_244' title='bbox 1093 1578 1188 1613; x_wconf 82' lang='lat' dir='ltr'>enim,</span> <span class='ocrx_word' id='word_1_245' title='bbox 1202 1587 1350 1618; x_wconf 87' lang='lat' dir='ltr'>magnam</span> 
     </span>
     <span class='ocr_line' id='line_1_37' title="bbox 287 1620 1351 1662; baseline 0.001 -11"><span class='ocrx_word' id='word_1_246' title='bbox 287 1620 463 1652; x_wconf 85' lang='lat' dir='ltr'>laesionem</span> <span class='ocrx_word' id='word_1_247' title='bbox 484 1621 650 1661; x_wconf 84' lang='lat' dir='ltr'>patientes,</span> <span class='ocrx_word' id='word_1_248' title='bbox 673 1621 726 1652; x_wconf 82' lang='lat' dir='ltr'>vix</span> <span class='ocrx_word' id='word_1_249' title='bbox 748 1621 868 1658; x_wconf 89' lang='lat' dir='ltr'>dolent,</span> <span class='ocrx_word' id='word_1_250' title='bbox 893 1623 969 1662; x_wconf 89' lang='lat' dir='ltr'>quia</span> <span class='ocrx_word' id='word_1_251' title='bbox 991 1621 1056 1652; x_wconf 86' lang='lat' dir='ltr'>fere</span> <span class='ocrx_word' id='word_1_252' title='bbox 1078 1622 1165 1652; x_wconf 91' lang='lat' dir='ltr'>illam</span> <span class='ocrx_word' id='word_1_253' title='bbox 1188 1631 1255 1652; x_wconf 91' lang='lat' dir='ltr'>non</span> <span class='ocrx_word' id='word_1_254' title='bbox 1279 1632 1351 1652; x_wconf 88' lang='lat' dir='ltr'>sen-</span> 
     </span>
     <span class='ocr_line' id='line_1_38' title="bbox 286 1665 1350 1706; baseline 0.001 -11"><span class='ocrx_word' id='word_1_255' title='bbox 286 1665 380 1702; x_wconf 86' lang='lat' dir='ltr'>tiunt,</span> <span class='ocrx_word' id='word_1_256' title='bbox 403 1666 587 1706; x_wconf 91' lang='lat' dir='ltr'>perturbato</span> <span class='ocrx_word' id='word_1_257' title='bbox 611 1675 732 1705; x_wconf 88' lang='lat' dir='ltr'>organo</span> <span class='ocrx_word' id='word_1_258' title='bbox 755 1671 873 1696; x_wconf 90' lang='lat' dir='ltr'>tactus:</span> <span class='ocrx_word' id='word_1_259' title='bbox 898 1675 996 1705; x_wconf 89' lang='lat' dir='ltr'>quam</span> <span class='ocrx_word' id='word_1_260' title='bbox 1018 1672 1127 1696; x_wconf 86' lang='lat' dir='ltr'>tamen</span> <span class='ocrx_word' id='word_1_261' title='bbox 1150 1672 1350 1706; x_wconf 89' lang='lat' dir='ltr'>cognoscunt</span> 
     </span>
     <span class='ocr_line' id='line_1_39' title="bbox 287 1709 1349 1750; baseline 0 -10"><span class='ocrx_word' id='word_1_262' title='bbox 287 1718 356 1740; x_wconf 85' lang='lat' dir='ltr'>esse</span> <span class='ocrx_word' id='word_1_263' title='bbox 370 1718 520 1749; x_wconf 87' lang='lat' dir='ltr'>magnam</span> <span class='ocrx_word' id='word_1_264' title='bbox 533 1710 676 1750; x_wconf 90' lang='lat' dir='ltr'>corporis</span> <span class='ocrx_word' id='word_1_265' title='bbox 692 1709 877 1740; x_wconf 89' lang='lat' dir='ltr'>laesionem.</span> <span class='ocrx_word' id='word_1_266' title='bbox 897 1710 945 1740; x_wconf 90' lang='lat' dir='ltr'>Ex</span> <span class='ocrx_word' id='word_1_267' title='bbox 960 1710 1024 1740; x_wconf 89' lang='lat' dir='ltr'>hoc</span> <span class='ocrx_word' id='word_1_268' title='bbox 1040 1711 1127 1740; x_wconf 88' lang='lat' dir='ltr'>enim</span> <span class='ocrx_word' id='word_1_269' title='bbox 1143 1709 1232 1750; x_wconf 89' lang='lat' dir='ltr'>quod</span> <span class='ocrx_word' id='word_1_270' title='bbox 1249 1719 1349 1750; x_wconf 89' lang='lat' dir='ltr'>quan-</span> 
     </span>
     <span class='ocr_line' id='line_1_40' title="bbox 286 1752 1349 1794; baseline 0.001 -11"><span class='ocrx_word' id='word_1_271' title='bbox 286 1753 358 1784; x_wconf 85' lang='lat' dir='ltr'>titas</span> <span class='ocrx_word' id='word_1_272' title='bbox 381 1752 500 1784; x_wconf 89' lang='lat' dir='ltr'>doloris</span> <span class='ocrx_word' id='word_1_273' title='bbox 522 1754 609 1784; x_wconf 87' lang='lat' dir='ltr'>iuxta</span> <span class='ocrx_word' id='word_1_274' title='bbox 632 1754 841 1794; x_wconf 87' lang='lat' dir='ltr'>quantitatem</span> <span class='ocrx_word' id='word_1_275' title='bbox 857 1754 1044 1784; x_wconf 85' lang='lat' dir='ltr'>sensationis</span> <span class='ocrx_word' id='word_1_276' title='bbox 1061 1754 1277 1793; x_wconf 90' lang='lat' dir='ltr'>consequitur,</span> <span class='ocrx_word' id='word_1_277' title='bbox 1294 1755 1349 1784; x_wconf 84' lang='lat' dir='ltr'>ha-</span> 
     </span>
     <span class='ocr_line' id='line_1_41' title="bbox 285 1797 1349 1837; baseline -0.001 -9"><span class='ocrx_word' id='word_1_278' title='bbox 285 1797 379 1828; x_wconf 86' lang='lat' dir='ltr'>betur</span> <span class='ocrx_word' id='word_1_279' title='bbox 402 1797 491 1837; x_wconf 91' lang='lat' dir='ltr'>quod</span> <span class='ocrx_word' id='word_1_280' title='bbox 514 1797 607 1828; x_wconf 91' lang='lat' dir='ltr'>dolor</span> <span class='ocrx_word' id='word_1_281' title='bbox 629 1797 773 1828; x_wconf 87' lang='lat' dir='ltr'>absolute</span> <span class='ocrx_word' id='word_1_282' title='bbox 796 1798 1010 1828; x_wconf 88' lang='lat' dir='ltr'>sensationem</span> <span class='ocrx_word' id='word_1_283' title='bbox 1033 1798 1178 1828; x_wconf 89' lang='lat' dir='ltr'>absolute</span> <span class='ocrx_word' id='word_1_284' title='bbox 1201 1798 1349 1828; x_wconf 85' lang='lat' dir='ltr'>laesionis</span> 
     </span>
     <span class='ocr_line' id='line_1_42' title="bbox 286 1841 1348 1882; baseline -0.001 -10"><span class='ocrx_word' id='word_1_285' title='bbox 286 1842 431 1882; x_wconf 85' lang='lat' dir='ltr'>corporis</span> <span class='ocrx_word' id='word_1_286' title='bbox 454 1842 676 1882; x_wconf 88' lang='lat' dir='ltr'>consequitur:</span> <span class='ocrx_word' id='word_1_287' title='bbox 704 1842 748 1872; x_wconf 89' lang='lat' dir='ltr'>ita</span> <span class='ocrx_word' id='word_1_288' title='bbox 776 1841 884 1881; x_wconf 91' lang='lat' dir='ltr'>quod,</span> <span class='ocrx_word' id='word_1_289' title='bbox 908 1842 934 1871; x_wconf 89' lang='lat' dir='ltr'>si</span> <span class='ocrx_word' id='word_1_290' title='bbox 960 1842 1067 1871; x_wconf 90' lang='lat' dir='ltr'>nullus</span> <span class='ocrx_word' id='word_1_291' title='bbox 1092 1847 1173 1872; x_wconf 89' lang='lat' dir='ltr'>esset</span> <span class='ocrx_word' id='word_1_292' title='bbox 1201 1841 1348 1872; x_wconf 90' lang='lat' dir='ltr'>laesionis</span> 
     </span>
     <span class='ocr_line' id='line_1_43' title="bbox 285 1885 768 1922; baseline -0.002 -6"><span class='ocrx_word' id='word_1_293' title='bbox 285 1894 407 1922; x_wconf 85' lang='lat' dir='ltr'>sensus,</span> <span class='ocrx_word' id='word_1_294' title='bbox 430 1885 538 1916; x_wconf 91' lang='lat' dir='ltr'>nullus</span> <span class='ocrx_word' id='word_1_295' title='bbox 562 1890 644 1916; x_wconf 85' lang='lat' dir='ltr'>esset</span> <span class='ocrx_word' id='word_1_296' title='bbox 666 1885 768 1916; x_wconf 92' lang='lat' dir='ltr'>dolor.</span> 
     </span>
    </p>

    <p class='ocr_par' dir='ltr' id='par_1_17' title="bbox 283 1929 1348 2235">
     <span class='ocr_line' id='line_1_44' title="bbox 340 1929 1347 1971; baseline -0.001 -11"><span class='ocrx_word' id='word_1_297' title='bbox 340 1929 391 1960; x_wconf 85' lang='lat'>111.</span> <span class='ocrx_word' id='word_1_298' title='bbox 409 1929 445 1960; x_wconf 93' lang='lat' dir='ltr'>In</span> <span class='ocrx_word' id='word_1_299' title='bbox 466 1930 677 1971; x_wconf 87' lang='lat' dir='ltr'>responsione</span> <span class='ocrx_word' id='word_1_300' title='bbox 699 1929 739 1960; x_wconf 92' lang='lat' dir='ltr'>ad</span> <span class='ocrx_word' id='word_1_301' title='bbox 753 1930 904 1969; x_wconf 85' lang='lat' dir='ltr'>primum,</span> <span class='ocrx_word' id='word_1_302' title='bbox 922 1929 1056 1960; x_wconf 90' lang='lat' dir='ltr'>dubium</span> <span class='ocrx_word' id='word_1_303' title='bbox 1073 1930 1211 1960; x_wconf 88' lang='lat' dir='ltr'>occurrit</span> <span class='ocrx_word' id='word_1_304' title='bbox 1227 1929 1266 1959; x_wconf 92' lang='lat' dir='ltr'>ad</span> <span class='ocrx_word' id='word_1_305' title='bbox 1288 1930 1347 1960; x_wconf 94' lang='lat' dir='ltr'>ho-</span> 
     </span>
     <span class='ocr_line' id='line_1_45' title="bbox 284 1973 1348 2014; baseline -0.002 -9"><span class='ocrx_word' id='word_1_306' title='bbox 284 1974 416 2013; x_wconf 82' lang='lat' dir='ltr'>minem.</span> <span class='ocrx_word' id='word_1_307' title='bbox 441 1973 526 2012; x_wconf 83' lang='lat' dir='ltr'>Quia</span> <span class='ocrx_word' id='word_1_308' title='bbox 539 1974 664 2004; x_wconf 89' lang='lat' dir='ltr'>Auctor</span> <span class='ocrx_word' id='word_1_309' title='bbox 688 1974 844 2014; x_wconf 85' lang='lat' dir='ltr'>superius,</span> <span class='ocrx_word' id='word_1_310' title='bbox 861 1973 895 2003; x_wconf 91' lang='lat' dir='ltr'>in</span> <span class='ocrx_word' id='word_1_311' title='bbox 911 1982 966 2013; x_wconf 90' lang='lat' dir='ltr'>qu.</span> <span class='ocrx_word' id='word_1_312' title='bbox 983 1983 1044 2010; x_wconf 82' lang='lat' dir='ltr'>xiv,</span> <span class='ocrx_word' id='word_1_313' title='bbox 1058 1978 1113 2003; x_wconf 89' lang='lat' dir='ltr'>art.</span> <span class='ocrx_word' id='word_1_314' title='bbox 1128 1973 1157 2009; x_wconf 90' lang='lat'>3,</span> <span class='ocrx_word' id='word_1_315' title='bbox 1171 1973 1211 2003; x_wconf 91' lang='lat' dir='ltr'>ad</span> <span class='ocrx_word' id='word_1_316' title='bbox 1229 1983 1257 2009; x_wconf 90' lang='lat'>2,</span> <span class='ocrx_word' id='word_1_317' title='bbox 1272 1973 1348 2004; x_wconf 89' lang='lat' dir='ltr'>dixit</span> 
     </span>
     <span class='ocr_line' id='line_1_46' title="bbox 284 2018 1347 2059; baseline -0.002 -10"><span class='ocrx_word' id='word_1_318' title='bbox 284 2018 555 2059; x_wconf 86' lang='lat' dir='ltr'>compositionem</span> <span class='ocrx_word' id='word_1_319' title='bbox 577 2027 615 2048; x_wconf 85' lang='lat' dir='ltr'>ex</span> <span class='ocrx_word' id='word_1_320' title='bbox 630 2018 794 2048; x_wconf 90' lang='lat' dir='ltr'>contrariis</span> <span class='ocrx_word' id='word_1_321' title='bbox 818 2027 884 2048; x_wconf 88' lang='lat' dir='ltr'>esse</span> <span class='ocrx_word' id='word_1_322' title='bbox 901 2027 1028 2048; x_wconf 90' lang='lat' dir='ltr'>causam</span> <span class='ocrx_word' id='word_1_323' title='bbox 1044 2023 1210 2053; x_wconf 88' lang='lat' dir='ltr'>remotam,</span> <span class='ocrx_word' id='word_1_324' title='bbox 1234 2026 1347 2057; x_wconf 87' lang='lat' dir='ltr'>pecca-</span> 
     </span>
     <span class='ocr_line' id='line_1_47' title="bbox 283 2061 1346 2102; baseline -0.004 -7"><span class='ocrx_word' id='word_1_325' title='bbox 283 2067 354 2095; x_wconf 88' lang='lat' dir='ltr'>tum</span> <span class='ocrx_word' id='word_1_326' title='bbox 376 2071 452 2094; x_wconf 89' lang='lat' dir='ltr'>vero</span> <span class='ocrx_word' id='word_1_327' title='bbox 477 2071 605 2092; x_wconf 87' lang='lat' dir='ltr'>causam</span> <span class='ocrx_word' id='word_1_328' title='bbox 626 2062 806 2102; x_wconf 87' lang='lat' dir='ltr'>proximam</span> <span class='ocrx_word' id='word_1_329' title='bbox 825 2062 936 2092; x_wconf 87' lang='lat' dir='ltr'>mortis</span> <span class='ocrx_word' id='word_1_330' title='bbox 960 2067 991 2092; x_wconf 90' lang='lat' dir='ltr'>et</span> <span class='ocrx_word' id='word_1_331' title='bbox 1009 2062 1145 2092; x_wconf 89' lang='lat' dir='ltr'>aliorum</span> <span class='ocrx_word' id='word_1_332' title='bbox 1161 2061 1346 2092; x_wconf 88' lang='lat' dir='ltr'>defectuum</span> 
     </span>
     <span class='ocr_line' id='line_1_48' title="bbox 283 2105 1346 2146; baseline -0.002 -9"><span class='ocrx_word' id='word_1_333' title='bbox 283 2112 415 2138; x_wconf 84' lang='lat' dir='ltr'>naturae</span> <span class='ocrx_word' id='word_1_334' title='bbox 436 2106 606 2137; x_wconf 87' lang='lat' dir='ltr'>humanae.</span> <span class='ocrx_word' id='word_1_335' title='bbox 629 2106 725 2136; x_wconf 89' lang='lat' dir='ltr'>Nunc</span> <span class='ocrx_word' id='word_1_336' title='bbox 747 2115 823 2136; x_wconf 90' lang='lat' dir='ltr'>vero</span> <span class='ocrx_word' id='word_1_337' title='bbox 847 2105 924 2136; x_wconf 89' lang='lat' dir='ltr'>dicit</span> <span class='ocrx_word' id='word_1_338' title='bbox 945 2111 1114 2146; x_wconf 88' lang='lat' dir='ltr'>peccatum</span> <span class='ocrx_word' id='word_1_339' title='bbox 1134 2115 1201 2136; x_wconf 86' lang='lat' dir='ltr'>esse</span> <span class='ocrx_word' id='word_1_340' title='bbox 1218 2115 1346 2136; x_wconf 89' lang='lat' dir='ltr'>causam</span> 
     </span>
     <span class='ocr_line' id='line_1_49' title="bbox 283 2150 1345 2192; baseline -0.003 -10"><span class='ocrx_word' id='word_1_341' title='bbox 283 2152 430 2192; x_wconf 80' lang='lat' dir='ltr'>primam,</span> <span class='ocrx_word' id='word_1_342' title='bbox 454 2156 486 2181; x_wconf 88' lang='lat' dir='ltr'>et</span> <span class='ocrx_word' id='word_1_343' title='bbox 508 2150 779 2191; x_wconf 87' lang='lat' dir='ltr'>compositionem</span> <span class='ocrx_word' id='word_1_344' title='bbox 803 2160 841 2180; x_wconf 84' lang='lat' dir='ltr'>ex</span> <span class='ocrx_word' id='word_1_345' title='bbox 865 2150 1027 2180; x_wconf 85' lang='lat' dir='ltr'>contrariis</span> <span class='ocrx_word' id='word_1_346' title='bbox 1044 2159 1111 2180; x_wconf 90' lang='lat' dir='ltr'>esse</span> <span class='ocrx_word' id='word_1_347' title='bbox 1127 2159 1255 2180; x_wconf 89' lang='lat' dir='ltr'>causam</span> <span class='ocrx_word' id='word_1_348' title='bbox 1271 2159 1345 2190; x_wconf 93' lang='lat' dir='ltr'>pro-</span> 
     </span>
     <span class='ocr_line' id='line_1_50' title="bbox 284 2191 1346 2235; baseline -0.003 -9"><span class='ocrx_word' id='word_1_349' title='bbox 284 2195 440 2235; x_wconf 81' lang='lat' dir='ltr'>pinquam</span> <span class='ocrx_word' id='word_1_350' title='bbox 461 2195 580 2225; x_wconf 89' lang='lat' dir='ltr'>horum</span> <span class='ocrx_word' id='word_1_351' title='bbox 602 2193 797 2224; x_wconf 86' lang='lat' dir='ltr'>defectuum.</span> <span class='ocrx_word' id='word_1_352' title='bbox 822 2193 1000 2232; x_wconf 91' lang='lat' dir='ltr'>Quomodo</span> <span class='ocrx_word' id='word_1_353' title='bbox 1024 2199 1107 2224; x_wconf 90' lang='lat' dir='ltr'>stant</span> <span class='ocrx_word' id='word_1_354' title='bbox 1129 2194 1207 2224; x_wconf 90' lang='lat' dir='ltr'>haec</span> <span class='ocrx_word' id='word_1_355' title='bbox 1231 2191 1346 2224; x_wconf 87' lang='lat' dir='ltr'>simul?</span> 
     </span>
    </p>

    <p class='ocr_par' dir='ltr' id='par_1_18' title="bbox 283 2237 1345 2314">
     <span class='ocr_line' id='line_1_51' title="bbox 337 2237 1344 2278; baseline -0.003 -8"><span class='ocrx_word' id='word_1_356' title='bbox 337 2239 390 2270; x_wconf 94' lang='lat' dir='ltr'>Ad</span> <span class='ocrx_word' id='word_1_357' title='bbox 411 2239 475 2269; x_wconf 89' lang='lat' dir='ltr'>hoc</span> <span class='ocrx_word' id='word_1_358' title='bbox 498 2238 613 2269; x_wconf 91' lang='lat' dir='ltr'>dicitur</span> <span class='ocrx_word' id='word_1_359' title='bbox 636 2237 726 2278; x_wconf 93' lang='lat' dir='ltr'>quod</span> <span class='ocrx_word' id='word_1_360' title='bbox 748 2238 835 2278; x_wconf 89' lang='lat' dir='ltr'>prius</span> <span class='ocrx_word' id='word_1_361' title='bbox 854 2237 937 2268; x_wconf 89' lang='lat' dir='ltr'>dicta</span> <span class='ocrx_word' id='word_1_362' title='bbox 954 2237 1156 2268; x_wconf 88' lang='lat' dir='ltr'>verificantur</span> <span class='ocrx_word' id='word_1_363' title='bbox 1178 2237 1344 2268; x_wconf 89' lang='lat' dir='ltr'>referendo</span> 
     </span>
     <span class='ocr_line' id='line_1_52' title="bbox 283 2281 1345 2314; baseline -0.002 0"><span class='ocrx_word' id='word_1_364' title='bbox 283 2293 393 2314; x_wconf 86' lang='lat' dir='ltr'>causas</span> <span class='ocrx_word' id='word_1_365' title='bbox 416 2282 602 2314; x_wconf 88' lang='lat' dir='ltr'>defectuum</span> <span class='ocrx_word' id='word_1_366' title='bbox 624 2281 664 2312; x_wconf 90' lang='lat' dir='ltr'>ad</span> <span class='ocrx_word' id='word_1_367' title='bbox 685 2287 832 2313; x_wconf 88' lang='lat' dir='ltr'>naturam</span> <span class='ocrx_word' id='word_1_368' title='bbox 854 2282 1046 2312; x_wconf 87' lang='lat' dir='ltr'>humanam:</span> <span class='ocrx_word' id='word_1_369' title='bbox 1071 2282 1123 2312; x_wconf 92' lang='lat' dir='ltr'>hic</span> <span class='ocrx_word' id='word_1_370' title='bbox 1139 2287 1246 2312; x_wconf 87' lang='lat' dir='ltr'>autem</span> <span class='ocrx_word' id='word_1_371' title='bbox 1263 2281 1345 2312; x_wconf 88' lang='lat' dir='ltr'>dicta</span> 
     </span>
    </p>
   </div>
   <div class='ocr_carea' id='block_1_14' title="bbox 1398 830 2471 2320">
    <p class='ocr_par' dir='ltr' id='par_1_19' title="bbox 1405 830 2471 1486">
     <span class='ocr_line' id='line_1_53' title="bbox 1411 830 2470 872; baseline 0.002 -12"><span class='ocrx_word' id='word_1_372' title='bbox 1411 830 1613 861; x_wconf 88' lang='lat' dir='ltr'>verificantur</span> <span class='ocrx_word' id='word_1_373' title='bbox 1645 830 1811 862; x_wconf 88' lang='lat' dir='ltr'>referendo</span> <span class='ocrx_word' id='word_1_374' title='bbox 1843 831 1970 861; x_wconf 90' lang='lat' dir='ltr'>easdem</span> <span class='ocrx_word' id='word_1_375' title='bbox 1993 831 2032 861; x_wconf 87' lang='lat' dir='ltr'>ad</span> <span class='ocrx_word' id='word_1_376' title='bbox 2064 832 2236 872; x_wconf 86' lang='lat' dir='ltr'>singulares</span> <span class='ocrx_word' id='word_1_377' title='bbox 2266 831 2349 862; x_wconf 86' lang='lat' dir='ltr'>filios</span> <span class='ocrx_word' id='word_1_378' title='bbox 2372 832 2470 862; x_wconf 89' lang='lat' dir='ltr'>Adae.</span> 
     </span>
     <span class='ocr_line' id='line_1_54' title="bbox 1411 875 2471 915; baseline 0.002 -11"><span class='ocrx_word' id='word_1_379' title='bbox 1411 875 1493 905; x_wconf 88' lang='lat' dir='ltr'>Nam</span> <span class='ocrx_word' id='word_1_380' title='bbox 1509 876 1534 905; x_wconf 91' lang='lat' dir='ltr'>si</span> <span class='ocrx_word' id='word_1_381' title='bbox 1550 875 1589 906; x_wconf 93' lang='lat' dir='ltr'>ad</span> <span class='ocrx_word' id='word_1_382' title='bbox 1605 881 1750 906; x_wconf 88' lang='lat' dir='ltr'>naturam</span> <span class='ocrx_word' id='word_1_383' title='bbox 1766 880 1888 914; x_wconf 87' lang='lat' dir='ltr'>spectes</span> <span class='ocrx_word' id='word_1_384' title='bbox 1904 875 2087 910; x_wconf 88' lang='lat' dir='ltr'>humanam,</span> <span class='ocrx_word' id='word_1_385' title='bbox 2104 876 2246 905; x_wconf 88' lang='lat' dir='ltr'>invenies</span> <span class='ocrx_word' id='word_1_386' title='bbox 2262 876 2471 915; x_wconf 90' lang='lat' dir='ltr'>compositio—</span> 
     </span>
     <span class='ocr_line' id='line_1_55' title="bbox 1411 919 2470 950; baseline 0.002 -2"><span class='ocrx_word' id='word_1_387' title='bbox 1411 928 1485 948; x_wconf 91' lang='lat' dir='ltr'>nem</span> <span class='ocrx_word' id='word_1_388' title='bbox 1501 929 1539 949; x_wconf 89' lang='lat' dir='ltr'>ex</span> <span class='ocrx_word' id='word_1_389' title='bbox 1555 919 1719 949; x_wconf 88' lang='lat' dir='ltr'>contrariis</span> <span class='ocrx_word' id='word_1_390' title='bbox 1743 928 1870 949; x_wconf 88' lang='lat' dir='ltr'>causam</span> <span class='ocrx_word' id='word_1_391' title='bbox 1886 929 1953 949; x_wconf 88' lang='lat' dir='ltr'>esse</span> <span class='ocrx_word' id='word_1_392' title='bbox 1977 920 2087 949; x_wconf 91' lang='lat' dir='ltr'>mortis</span> <span class='ocrx_word' id='word_1_393' title='bbox 2104 925 2134 949; x_wconf 89' lang='lat' dir='ltr'>et</span> <span class='ocrx_word' id='word_1_394' title='bbox 2157 919 2341 949; x_wconf 88' lang='lat' dir='ltr'>defectuum</span> <span class='ocrx_word' id='word_1_395' title='bbox 2365 929 2470 950; x_wconf 88' lang='lat' dir='ltr'>remo-</span> 
     </span>
     <span class='ocr_line' id='line_1_56' title="bbox 1409 962 2467 1003; baseline 0.002 -11"><span class='ocrx_word' id='word_1_396' title='bbox 1409 967 1489 992; x_wconf 89' lang='lat' dir='ltr'>tam:</span> <span class='ocrx_word' id='word_1_397' title='bbox 1516 964 1591 1002; x_wconf 88' lang='lat' dir='ltr'>quia</span> <span class='ocrx_word' id='word_1_398' title='bbox 1613 962 1844 1002; x_wconf 87' lang='lat' dir='ltr'>impediebatur</span> <span class='ocrx_word' id='word_1_399' title='bbox 1866 973 1884 992; x_wconf 88' lang='lat' dir='ltr'>a</span> <span class='ocrx_word' id='word_1_400' title='bbox 1907 964 2150 1003; x_wconf 90' lang='lat' dir='ltr'>superveniente</span> <span class='ocrx_word' id='word_1_401' title='bbox 2174 963 2318 1002; x_wconf 87' lang='lat' dir='ltr'>originali</span> <span class='ocrx_word' id='word_1_402' title='bbox 2337 964 2467 1000; x_wconf 88' lang='lat' dir='ltr'>iustitia,</span> 
     </span>
     <span class='ocr_line' id='line_1_57' title="bbox 1408 1006 2470 1047; baseline 0.002 -11"><span class='ocrx_word' id='word_1_403' title='bbox 1408 1012 1444 1036; x_wconf 92' lang='lat' dir='ltr'>ut</span> <span class='ocrx_word' id='word_1_404' title='bbox 1459 1007 1491 1036; x_wconf 91' lang='lat' dir='ltr'>in</span> <span class='ocrx_word' id='word_1_405' title='bbox 1508 1016 1603 1036; x_wconf 91' lang='lat' dir='ltr'>suum</span> <span class='ocrx_word' id='word_1_406' title='bbox 1618 1016 1685 1037; x_wconf 90' lang='lat' dir='ltr'>non</span> <span class='ocrx_word' id='word_1_407' title='bbox 1701 1012 1810 1046; x_wconf 89' lang='lat' dir='ltr'>posset</span> <span class='ocrx_word' id='word_1_408' title='bbox 1825 1006 1987 1042; x_wconf 78' lang='lat' dir='ltr'>effectum;</span> <span class='ocrx_word' id='word_1_409' title='bbox 2008 1017 2043 1037; x_wconf 91' lang='lat' dir='ltr'>ac</span> <span class='ocrx_word' id='word_1_410' title='bbox 2059 1016 2116 1047; x_wconf 91' lang='lat' dir='ltr'>per</span> <span class='ocrx_word' id='word_1_411' title='bbox 2131 1008 2204 1042; x_wconf 92' lang='lat' dir='ltr'>hoc,</span> <span class='ocrx_word' id='word_1_412' title='bbox 2217 1013 2395 1046; x_wconf 90' lang='lat' dir='ltr'>peccatum,</span> <span class='ocrx_word' id='word_1_413' title='bbox 2409 1008 2470 1038; x_wconf 89' lang='lat' dir='ltr'>tol-</span> 
     </span>
     <span class='ocr_line' id='line_1_58' title="bbox 1409 1050 2469 1090; baseline 0.001 -10"><span class='ocrx_word' id='word_1_414' title='bbox 1409 1050 1475 1080; x_wconf 89' lang='lat' dir='ltr'>lens</span> <span class='ocrx_word' id='word_1_415' title='bbox 1499 1051 1684 1090; x_wconf 86' lang='lat' dir='ltr'>originalem</span> <span class='ocrx_word' id='word_1_416' title='bbox 1707 1051 1858 1080; x_wconf 89' lang='lat' dir='ltr'>iustitiam</span> <span class='ocrx_word' id='word_1_417' title='bbox 1881 1051 2103 1090; x_wconf 91' lang='lat' dir='ltr'>prohibentem</span> <span class='ocrx_word' id='word_1_418' title='bbox 2126 1051 2278 1086; x_wconf 84' lang='lat' dir='ltr'>defectus,</span> <span class='ocrx_word' id='word_1_419' title='bbox 2296 1050 2330 1081; x_wconf 86' lang='lat' dir='ltr'>fit</span> <span class='ocrx_word' id='word_1_420' title='bbox 2358 1052 2469 1082; x_wconf 91' lang='lat' dir='ltr'>mortis</span> 
     </span>
     <span class='ocr_line' id='line_1_59' title="bbox 1409 1093 2467 1135; baseline 0.002 -11"><span class='ocrx_word' id='word_1_421' title='bbox 1409 1099 1439 1124; x_wconf 88' lang='lat' dir='ltr'>et</span> <span class='ocrx_word' id='word_1_422' title='bbox 1461 1093 1646 1124; x_wconf 89' lang='lat' dir='ltr'>defectuum</span> <span class='ocrx_word' id='word_1_423' title='bbox 1668 1095 1813 1135; x_wconf 89' lang='lat' dir='ltr'>proxima</span> <span class='ocrx_word' id='word_1_424' title='bbox 1836 1104 1939 1130; x_wconf 87' lang='lat' dir='ltr'>causa,</span> <span class='ocrx_word' id='word_1_425' title='bbox 1963 1105 2030 1124; x_wconf 90' lang='lat' dir='ltr'>non</span> <span class='ocrx_word' id='word_1_426' title='bbox 2053 1095 2198 1134; x_wconf 84' lang='lat' dir='ltr'>positive,</span> <span class='ocrx_word' id='word_1_427' title='bbox 2223 1101 2258 1125; x_wconf 91' lang='lat' dir='ltr'>ut</span> <span class='ocrx_word' id='word_1_428' title='bbox 2274 1096 2467 1135; x_wconf 89' lang='lat' dir='ltr'>compositio</span> 
     </span>
     <span class='ocr_line' id='line_1_60' title="bbox 1408 1138 2468 1178; baseline 0.002 -11"><span class='ocrx_word' id='word_1_429' title='bbox 1408 1147 1446 1167; x_wconf 84' lang='lat' dir='ltr'>ex</span> <span class='ocrx_word' id='word_1_430' title='bbox 1470 1139 1644 1174; x_wconf 90' lang='lat' dir='ltr'>contrariis,</span> <span class='ocrx_word' id='word_1_431' title='bbox 1661 1138 1716 1168; x_wconf 90' lang='lat' dir='ltr'>sed</span> <span class='ocrx_word' id='word_1_432' title='bbox 1739 1138 1935 1168; x_wconf 90' lang='lat' dir='ltr'>removendo</span> <span class='ocrx_word' id='word_1_433' title='bbox 1958 1139 2141 1178; x_wconf 90' lang='lat' dir='ltr'>prohibens.</span> <span class='ocrx_word' id='word_1_434' title='bbox 2174 1139 2214 1168; x_wconf 92' lang='lat' dir='ltr'>Et</span> <span class='ocrx_word' id='word_1_435' title='bbox 2236 1139 2300 1169; x_wconf 91' lang='lat' dir='ltr'>hoc</span> <span class='ocrx_word' id='word_1_436' title='bbox 2323 1140 2468 1178; x_wconf 89' lang='lat' dir='ltr'>superius</span> 
     </span>
     <span class='ocr_line' id='line_1_61' title="bbox 1407 1181 2467 1222; baseline 0.002 -11"><span class='ocrx_word' id='word_1_437' title='bbox 1407 1181 1531 1212; x_wconf 89' lang='lat' dir='ltr'>Auctor</span> <span class='ocrx_word' id='word_1_438' title='bbox 1553 1182 1672 1212; x_wconf 87' lang='lat' dir='ltr'>docuit.</span> <span class='ocrx_word' id='word_1_439' title='bbox 1696 1200 1719 1204; x_wconf 92' lang='lat'><strong>—</strong></span> <span class='ocrx_word' id='word_1_440' title='bbox 1741 1182 1774 1212; x_wconf 91' lang='lat' dir='ltr'>Si</span> <span class='ocrx_word' id='word_1_441' title='bbox 1796 1192 1872 1212; x_wconf 90' lang='lat' dir='ltr'>vero</span> <span class='ocrx_word' id='word_1_442' title='bbox 1897 1182 1936 1212; x_wconf 92' lang='lat' dir='ltr'>ad</span> <span class='ocrx_word' id='word_1_443' title='bbox 1958 1183 2100 1222; x_wconf 87' lang='lat' dir='ltr'>singulos</span> <span class='ocrx_word' id='word_1_444' title='bbox 2123 1182 2206 1212; x_wconf 90' lang='lat' dir='ltr'>filios</span> <span class='ocrx_word' id='word_1_445' title='bbox 2222 1182 2310 1212; x_wconf 91' lang='lat' dir='ltr'>Adae</span> <span class='ocrx_word' id='word_1_446' title='bbox 2334 1189 2467 1222; x_wconf 90' lang='lat' dir='ltr'>spectes,</span> 
     </span>
     <span class='ocr_line' id='line_1_62' title="bbox 1406 1226 2468 1266; baseline 0 -10"><span class='ocrx_word' id='word_1_447' title='bbox 1406 1226 1548 1256; x_wconf 88' lang='lat' dir='ltr'>invenies</span> <span class='ocrx_word' id='word_1_448' title='bbox 1571 1231 1739 1265; x_wconf 90' lang='lat' dir='ltr'>peccatum</span> <span class='ocrx_word' id='word_1_449' title='bbox 1763 1235 1830 1256; x_wconf 91' lang='lat' dir='ltr'>esse</span> <span class='ocrx_word' id='word_1_450' title='bbox 1854 1235 1981 1256; x_wconf 89' lang='lat' dir='ltr'>causam</span> <span class='ocrx_word' id='word_1_451' title='bbox 2003 1227 2148 1265; x_wconf 90' lang='lat' dir='ltr'>primam,</span> <span class='ocrx_word' id='word_1_452' title='bbox 2173 1231 2285 1266; x_wconf 88' lang='lat' dir='ltr'>utpote</span> <span class='ocrx_word' id='word_1_453' title='bbox 2308 1228 2468 1257; x_wconf 90' lang='lat' dir='ltr'>universa-</span> 
     </span>
     <span class='ocr_line' id='line_1_63' title="bbox 1406 1269 2468 1306; baseline 0 -6"><span class='ocrx_word' id='word_1_454' title='bbox 1406 1270 1471 1299; x_wconf 89' lang='lat' dir='ltr'>lem</span> <span class='ocrx_word' id='word_1_455' title='bbox 1494 1279 1622 1300; x_wconf 90' lang='lat' dir='ltr'>causam</span> <span class='ocrx_word' id='word_1_456' title='bbox 1645 1271 1678 1300; x_wconf 91' lang='lat' dir='ltr'>in</span> <span class='ocrx_word' id='word_1_457' title='bbox 1702 1280 1772 1306; x_wconf 86' lang='lat' dir='ltr'>suo,</span> <span class='ocrx_word' id='word_1_458' title='bbox 1796 1275 1832 1299; x_wconf 89' lang='lat' dir='ltr'>ut</span> <span class='ocrx_word' id='word_1_459' title='bbox 1855 1269 1975 1300; x_wconf 90' lang='lat' dir='ltr'>dictum</span> <span class='ocrx_word' id='word_1_460' title='bbox 2000 1275 2055 1305; x_wconf 90' lang='lat' dir='ltr'>est,</span> <span class='ocrx_word' id='word_1_461' title='bbox 2081 1270 2202 1305; x_wconf 84' lang='lat' dir='ltr'>ordine,</span> <span class='ocrx_word' id='word_1_462' title='bbox 2227 1270 2282 1300; x_wconf 88' lang='lat' dir='ltr'>sed</span> <span class='ocrx_word' id='word_1_463' title='bbox 2304 1276 2340 1300; x_wconf 91' lang='lat' dir='ltr'>ut</span> <span class='ocrx_word' id='word_1_464' title='bbox 2362 1280 2468 1301; x_wconf 91' lang='lat' dir='ltr'>remo-</span> 
     </span>
     <span class='ocr_line' id='line_1_64' title="bbox 1406 1314 2467 1353; baseline 0 -9"><span class='ocrx_word' id='word_1_465' title='bbox 1406 1319 1534 1344; x_wconf 90' lang='lat' dir='ltr'>ventem</span> <span class='ocrx_word' id='word_1_466' title='bbox 1557 1314 1746 1353; x_wconf 87' lang='lat' dir='ltr'>prohibens:</span> <span class='ocrx_word' id='word_1_467' title='bbox 1771 1314 2041 1353; x_wconf 88' lang='lat' dir='ltr'>compositionem</span> <span class='ocrx_word' id='word_1_468' title='bbox 2065 1319 2171 1343; x_wconf 90' lang='lat' dir='ltr'>autern</span> <span class='ocrx_word' id='word_1_469' title='bbox 2195 1323 2232 1343; x_wconf 87' lang='lat' dir='ltr'>ex</span> <span class='ocrx_word' id='word_1_470' title='bbox 2248 1315 2411 1344; x_wconf 88' lang='lat' dir='ltr'>contrariis</span> <span class='ocrx_word' id='word_1_471' title='bbox 2434 1315 2467 1345; x_wconf 90' lang='lat' dir='ltr'>in</span> 
     </span>
     <span class='ocr_line' id='line_1_65' title="bbox 1405 1357 2467 1398; baseline -0.001 -10"><span class='ocrx_word' id='word_1_472' title='bbox 1405 1358 1469 1388; x_wconf 93' lang='lat' dir='ltr'>hoc</span> <span class='ocrx_word' id='word_1_473' title='bbox 1483 1358 1616 1388; x_wconf 88' lang='lat' dir='ltr'>homine</span> <span class='ocrx_word' id='word_1_474' title='bbox 1633 1367 1700 1388; x_wconf 89' lang='lat' dir='ltr'>esse</span> <span class='ocrx_word' id='word_1_475' title='bbox 1715 1359 1932 1398; x_wconf 86' lang='lat' dir='ltr'>propinquam</span> <span class='ocrx_word' id='word_1_476' title='bbox 1949 1367 2076 1387; x_wconf 89' lang='lat' dir='ltr'>causam</span> <span class='ocrx_word' id='word_1_477' title='bbox 2091 1358 2202 1387; x_wconf 89' lang='lat' dir='ltr'>mortis</span> <span class='ocrx_word' id='word_1_478' title='bbox 2219 1363 2249 1387; x_wconf 91' lang='lat' dir='ltr'>et</span> <span class='ocrx_word' id='word_1_479' title='bbox 2265 1357 2467 1395; x_wconf 85' lang='lat' dir='ltr'>defectuum;</span> 
     </span>
     <span class='ocr_line' id='line_1_66' title="bbox 1406 1401 2467 1441; baseline 0.001 -9"><span class='ocrx_word' id='word_1_480' title='bbox 1406 1403 1481 1441; x_wconf 91' lang='lat' dir='ltr'>quia</span> <span class='ocrx_word' id='word_1_481' title='bbox 1503 1402 1582 1432; x_wconf 93' lang='lat' dir='ltr'>haec</span> <span class='ocrx_word' id='word_1_482' title='bbox 1606 1402 1673 1432; x_wconf 89' lang='lat' dir='ltr'>sola</span> <span class='ocrx_word' id='word_1_483' title='bbox 1696 1401 1811 1432; x_wconf 86' lang='lat' dir='ltr'>sufficit</span> <span class='ocrx_word' id='word_1_484' title='bbox 1833 1402 1872 1432; x_wconf 88' lang='lat' dir='ltr'>ad</span> <span class='ocrx_word' id='word_1_485' title='bbox 1896 1401 2091 1432; x_wconf 88' lang='lat' dir='ltr'>causandum</span> <span class='ocrx_word' id='word_1_486' title='bbox 2114 1407 2251 1439; x_wconf 84' lang='lat' dir='ltr'>mortem</span> <span class='ocrx_word' id='word_1_487' title='bbox 2275 1407 2306 1431; x_wconf 90' lang='lat' dir='ltr'>et</span> <span class='ocrx_word' id='word_1_488' title='bbox 2325 1401 2467 1433; x_wconf 89' lang='lat' dir='ltr'>defectus</span> 
     </span>
     <span class='ocr_line' id='line_1_67' title="bbox 1406 1447 1596 1486; baseline 0 -10"><span class='ocrx_word' id='word_1_489' title='bbox 1406 1447 1596 1486; x_wconf 89' lang='lat' dir='ltr'>corporales.</span> 
     </span>
    </p>

    <p class='ocr_par' dir='ltr' id='par_1_20' title="bbox 1398 1490 2467 2320">
     <span class='ocr_line' id='line_1_68' title="bbox 1460 1490 2467 1530; baseline 0 -9"><span class='ocrx_word' id='word_1_490' title='bbox 1460 1490 1522 1521; x_wconf 89' lang='lat' dir='ltr'>Sed</span> <span class='ocrx_word' id='word_1_491' title='bbox 1546 1491 1700 1530; x_wconf 90' lang='lat' dir='ltr'>quoniam</span> <span class='ocrx_word' id='word_1_492' title='bbox 1723 1496 1788 1520; x_wconf 93' lang='lat' dir='ltr'>tam</span> <span class='ocrx_word' id='word_1_493' title='bbox 1812 1490 2005 1530; x_wconf 90' lang='lat' dir='ltr'>compositio</span> <span class='ocrx_word' id='word_1_494' title='bbox 2030 1500 2067 1520; x_wconf 87' lang='lat' dir='ltr'>ex</span> <span class='ocrx_word' id='word_1_495' title='bbox 2084 1490 2248 1520; x_wconf 89' lang='lat' dir='ltr'>contrariis</span> <span class='ocrx_word' id='word_1_496' title='bbox 2271 1499 2368 1530; x_wconf 90' lang='lat' dir='ltr'>quam</span> <span class='ocrx_word' id='word_1_497' title='bbox 2391 1500 2467 1530; x_wconf 90' lang='lat' dir='ltr'>pec—</span> 
     </span>
     <span class='ocr_line' id='line_1_69' title="bbox 1405 1534 2465 1573; baseline 0 -8"><span class='ocrx_word' id='word_1_498' title='bbox 1405 1540 1512 1565; x_wconf 90' lang='lat' dir='ltr'>catum</span> <span class='ocrx_word' id='word_1_499' title='bbox 1542 1540 1588 1565; x_wconf 89' lang='lat' dir='ltr'>est</span> <span class='ocrx_word' id='word_1_500' title='bbox 1619 1544 1713 1564; x_wconf 85' lang='lat' dir='ltr'>causa</span> <span class='ocrx_word' id='word_1_501' title='bbox 1740 1535 1924 1564; x_wconf 88' lang='lat' dir='ltr'>universalis</span> <span class='ocrx_word' id='word_1_502' title='bbox 1954 1534 2115 1569; x_wconf 90' lang='lat' dir='ltr'>absolute,</span> <span class='ocrx_word' id='word_1_503' title='bbox 2147 1539 2178 1564; x_wconf 90' lang='lat' dir='ltr'>et</span> <span class='ocrx_word' id='word_1_504' title='bbox 2207 1534 2402 1573; x_wconf 89' lang='lat' dir='ltr'>particularis</span> <span class='ocrx_word' id='word_1_505' title='bbox 2432 1535 2465 1565; x_wconf 92' lang='lat' dir='ltr'>in</span> 
     </span>
     <span class='ocr_line' id='line_1_70' title="bbox 1403 1578 2465 1618; baseline 0 -9"><span class='ocrx_word' id='word_1_506' title='bbox 1403 1579 1477 1615; x_wconf 92' lang='lat' dir='ltr'>hoc,</span> <span class='ocrx_word' id='word_1_507' title='bbox 1494 1578 1566 1609; x_wconf 89' lang='lat' dir='ltr'>ideo</span> <span class='ocrx_word' id='word_1_508' title='bbox 1584 1579 1672 1608; x_wconf 91' lang='lat' dir='ltr'>aliter</span> <span class='ocrx_word' id='word_1_509' title='bbox 1688 1578 1801 1608; x_wconf 92' lang='lat' dir='ltr'>dicitur</span> <span class='ocrx_word' id='word_1_510' title='bbox 1821 1578 1910 1618; x_wconf 91' lang='lat' dir='ltr'>quod</span> <span class='ocrx_word' id='word_1_511' title='bbox 1925 1579 2012 1618; x_wconf 90' lang='lat' dir='ltr'>prius</span> <span class='ocrx_word' id='word_1_512' title='bbox 2028 1578 2149 1607; x_wconf 89' lang='lat' dir='ltr'>dictum</span> <span class='ocrx_word' id='word_1_513' title='bbox 2165 1588 2276 1608; x_wconf 91' lang='lat' dir='ltr'>verum</span> <span class='ocrx_word' id='word_1_514' title='bbox 2293 1584 2339 1608; x_wconf 92' lang='lat' dir='ltr'>est</span> <span class='ocrx_word' id='word_1_515' title='bbox 2358 1579 2465 1618; x_wconf 91' lang='lat' dir='ltr'>quoad</span> 
     </span>
     <span class='ocr_line' id='line_1_71' title="bbox 1403 1622 2465 1663; baseline 0 -10"><span class='ocrx_word' id='word_1_516' title='bbox 1403 1623 1485 1663; x_wconf 90' lang='lat' dir='ltr'>ipsas</span> <span class='ocrx_word' id='word_1_517' title='bbox 1509 1633 1634 1653; x_wconf 90' lang='lat' dir='ltr'>causas:</span> <span class='ocrx_word' id='word_1_518' title='bbox 1659 1632 1746 1652; x_wconf 90' lang='lat' dir='ltr'>nunc</span> <span class='ocrx_word' id='word_1_519' title='bbox 1769 1631 1844 1652; x_wconf 92' lang='lat' dir='ltr'>vero</span> <span class='ocrx_word' id='word_1_520' title='bbox 1869 1622 1990 1652; x_wconf 91' lang='lat' dir='ltr'>dictum</span> <span class='ocrx_word' id='word_1_521' title='bbox 2013 1631 2125 1652; x_wconf 89' lang='lat' dir='ltr'>verum</span> <span class='ocrx_word' id='word_1_522' title='bbox 2149 1627 2195 1651; x_wconf 85' lang='lat' dir='ltr'>est</span> <span class='ocrx_word' id='word_1_523' title='bbox 2218 1622 2326 1662; x_wconf 91' lang='lat' dir='ltr'>quoad</span> <span class='ocrx_word' id='word_1_524' title='bbox 2350 1632 2465 1653; x_wconf 89' lang='lat' dir='ltr'>execu-</span> 
     </span>
     <span class='ocr_line' id='line_1_72' title="bbox 1402 1665 2465 1706; baseline 0 -9"><span class='ocrx_word' id='word_1_525' title='bbox 1402 1668 1506 1697; x_wconf 91' lang='lat' dir='ltr'>tiones</span> <span class='ocrx_word' id='word_1_526' title='bbox 1529 1668 1669 1706; x_wconf 89' lang='lat' dir='ltr'>ipsarum</span> <span class='ocrx_word' id='word_1_527' title='bbox 1693 1676 1868 1696; x_wconf 88' lang='lat' dir='ltr'>causarum.</span> <span class='ocrx_word' id='word_1_528' title='bbox 1904 1666 1987 1696; x_wconf 90' lang='lat' dir='ltr'>Nam</span> <span class='ocrx_word' id='word_1_529' title='bbox 2014 1666 2040 1695; x_wconf 92' lang='lat' dir='ltr'>si</span> <span class='ocrx_word' id='word_1_530' title='bbox 2063 1665 2102 1696; x_wconf 88' lang='lat' dir='ltr'>ad</span> <span class='ocrx_word' id='word_1_531' title='bbox 2126 1667 2396 1705; x_wconf 89' lang='lat' dir='ltr'>compositionem</span> <span class='ocrx_word' id='word_1_532' title='bbox 2427 1677 2465 1697; x_wconf 88' lang='lat' dir='ltr'>ex</span> 
     </span>
     <span class='ocr_line' id='line_1_73' title="bbox 1403 1710 2464 1750; baseline 0 -9"><span class='ocrx_word' id='word_1_533' title='bbox 1403 1712 1566 1741; x_wconf 89' lang='lat' dir='ltr'>contrariis</span> <span class='ocrx_word' id='word_1_534' title='bbox 1596 1716 1627 1740; x_wconf 91' lang='lat' dir='ltr'>et</span> <span class='ocrx_word' id='word_1_535' title='bbox 1655 1715 1824 1750; x_wconf 87' lang='lat' dir='ltr'>peccatum</span> <span class='ocrx_word' id='word_1_536' title='bbox 1855 1715 2054 1750; x_wconf 90' lang='lat' dir='ltr'>spectemus,</span> <span class='ocrx_word' id='word_1_537' title='bbox 2084 1710 2244 1739; x_wconf 91' lang='lat' dir='ltr'>invenitur</span> <span class='ocrx_word' id='word_1_538' title='bbox 2272 1711 2464 1750; x_wconf 83' lang='lat' dir='ltr'>compositio</span> 
     </span>
     <span class='ocr_line' id='line_1_74' title="bbox 1402 1754 2465 1795; baseline -0.001 -10"><span class='ocrx_word' id='word_1_539' title='bbox 1402 1756 1498 1795; x_wconf 92' lang='lat' dir='ltr'>prior,</span> <span class='ocrx_word' id='word_1_540' title='bbox 1523 1760 1554 1784; x_wconf 92' lang='lat' dir='ltr'>et</span> <span class='ocrx_word' id='word_1_541' title='bbox 1576 1759 1744 1794; x_wconf 87' lang='lat' dir='ltr'>peccatum</span> <span class='ocrx_word' id='word_1_542' title='bbox 1767 1754 1882 1783; x_wconf 89' lang='lat' dir='ltr'>tollens</span> <span class='ocrx_word' id='word_1_543' title='bbox 1906 1754 2183 1793; x_wconf 89' lang='lat' dir='ltr'>supervenientem</span> <span class='ocrx_word' id='word_1_544' title='bbox 2204 1754 2354 1783; x_wconf 89' lang='lat' dir='ltr'>iustitiam</span> <span class='ocrx_word' id='word_1_545' title='bbox 2377 1755 2465 1785; x_wconf 91' lang='lat' dir='ltr'>inve-</span> 
     </span>
     <span class='ocr_line' id='line_1_75' title="bbox 1401 1797 2464 1839; baseline 0 -11"><span class='ocrx_word' id='word_1_546' title='bbox 1401 1800 1487 1829; x_wconf 92' lang='lat' dir='ltr'>nitur</span> <span class='ocrx_word' id='word_1_547' title='bbox 1509 1799 1667 1839; x_wconf 90' lang='lat' dir='ltr'>posterior</span> <span class='ocrx_word' id='word_1_548' title='bbox 1690 1807 1793 1827; x_wconf 90' lang='lat' dir='ltr'>causa.</span> <span class='ocrx_word' id='word_1_549' title='bbox 1821 1797 1861 1826; x_wconf 91' lang='lat' dir='ltr'>Et</span> <span class='ocrx_word' id='word_1_550' title='bbox 1884 1798 1947 1827; x_wconf 88' lang='lat' dir='ltr'>hoc</span> <span class='ocrx_word' id='word_1_551' title='bbox 1970 1797 2115 1837; x_wconf 87' lang='lat' dir='ltr'>superius</span> <span class='ocrx_word' id='word_1_552' title='bbox 2135 1797 2245 1827; x_wconf 92' lang='lat' dir='ltr'>docuit</span> <span class='ocrx_word' id='word_1_553' title='bbox 2260 1798 2393 1833; x_wconf 85' lang='lat' dir='ltr'>Auctor,</span> <span class='ocrx_word' id='word_1_554' title='bbox 2418 1798 2464 1828; x_wconf 94' lang='lat' dir='ltr'>di-</span> 
     </span>
     <span class='ocr_line' id='line_1_76' title="bbox 1402 1842 2464 1881; baseline 0 -9"><span class='ocrx_word' id='word_1_555' title='bbox 1402 1852 1476 1872; x_wconf 92' lang='lat' dir='ltr'>cens</span> <span class='ocrx_word' id='word_1_556' title='bbox 1500 1842 1771 1881; x_wconf 90' lang='lat' dir='ltr'>compositionem</span> <span class='ocrx_word' id='word_1_557' title='bbox 1794 1847 1969 1876; x_wconf 86' lang='lat' dir='ltr'>remotam,</span> <span class='ocrx_word' id='word_1_558' title='bbox 1994 1846 2163 1881; x_wconf 88' lang='lat' dir='ltr'>peccatum</span> <span class='ocrx_word' id='word_1_559' title='bbox 2186 1851 2262 1871; x_wconf 88' lang='lat' dir='ltr'>vero</span> <span class='ocrx_word' id='word_1_560' title='bbox 2285 1842 2464 1881; x_wconf 89' lang='lat' dir='ltr'>proximam</span> 
     </span>
     <span class='ocr_line' id='line_1_77' title="bbox 1401 1884 2464 1924; baseline 0.001 -8"><span class='ocrx_word' id='word_1_561' title='bbox 1401 1895 1539 1916; x_wconf 92' lang='lat' dir='ltr'>causam.</span> <span class='ocrx_word' id='word_1_562' title='bbox 1564 1885 1597 1916; x_wconf 89' lang='lat' dir='ltr'>Si</span> <span class='ocrx_word' id='word_1_563' title='bbox 1620 1891 1728 1915; x_wconf 91' lang='lat' dir='ltr'>autem</span> <span class='ocrx_word' id='word_1_564' title='bbox 1750 1890 1931 1924; x_wconf 88' lang='lat' dir='ltr'>spectemus</span> <span class='ocrx_word' id='word_1_565' title='bbox 1955 1884 1995 1914; x_wconf 92' lang='lat' dir='ltr'>ad</span> <span class='ocrx_word' id='word_1_566' title='bbox 2017 1885 2222 1915; x_wconf 83' lang='lat' dir='ltr'>executiones</span> <span class='ocrx_word' id='word_1_567' title='bbox 2246 1886 2464 1917; x_wconf 88' lang='lat' dir='ltr'>causalitatum</span> 
     </span>
     <span class='ocr_line' id='line_1_78' title="bbox 1401 1929 2465 1970; baseline 0.001 -10"><span class='ocrx_word' id='word_1_568' title='bbox 1401 1931 1578 1970; x_wconf 90' lang='lat' dir='ltr'>utriusque,</span> <span class='ocrx_word' id='word_1_569' title='bbox 1601 1930 1782 1959; x_wconf 89' lang='lat' dir='ltr'>invenimus</span> <span class='ocrx_word' id='word_1_570' title='bbox 1798 1934 1967 1968; x_wconf 89' lang='lat' dir='ltr'>peccatum</span> <span class='ocrx_word' id='word_1_571' title='bbox 1983 1937 2050 1959; x_wconf 86' lang='lat' dir='ltr'>esse</span> <span class='ocrx_word' id='word_1_572' title='bbox 2066 1929 2205 1968; x_wconf 89' lang='lat' dir='ltr'>priorem</span> <span class='ocrx_word' id='word_1_573' title='bbox 2222 1939 2364 1959; x_wconf 87' lang='lat' dir='ltr'>causam:</span> <span class='ocrx_word' id='word_1_574' title='bbox 2390 1932 2465 1970; x_wconf 92' lang='lat' dir='ltr'>quia</span> 
     </span>
     <span class='ocr_line' id='line_1_79' title="bbox 1400 1972 2464 2014; baseline 0.002 -10"><span class='ocrx_word' id='word_1_575' title='bbox 1400 1975 1487 2014; x_wconf 89' lang='lat' dir='ltr'>prius</span> <span class='ocrx_word' id='word_1_576' title='bbox 1510 1979 1678 2014; x_wconf 89' lang='lat' dir='ltr'>peccatum</span> <span class='ocrx_word' id='word_1_577' title='bbox 1702 1972 1828 2003; x_wconf 91' lang='lat' dir='ltr'>sustulit</span> <span class='ocrx_word' id='word_1_578' title='bbox 1851 1973 2001 2003; x_wconf 89' lang='lat' dir='ltr'>iustitiam</span> <span class='ocrx_word' id='word_1_579' title='bbox 2024 1973 2248 2012; x_wconf 90' lang='lat' dir='ltr'>prohibentem</span> <span class='ocrx_word' id='word_1_580' title='bbox 2271 1979 2409 2004; x_wconf 89' lang='lat' dir='ltr'>mortem</span> <span class='ocrx_word' id='word_1_581' title='bbox 2433 1981 2464 2006; x_wconf 92' lang='lat' dir='ltr'>et</span> 
     </span>
     <span class='ocr_line' id='line_1_80' title="bbox 1400 2016 2462 2056; baseline 0.001 -8"><span class='ocrx_word' id='word_1_582' title='bbox 1400 2018 1558 2054; x_wconf 86' lang='lat' dir='ltr'>defectus;</span> <span class='ocrx_word' id='word_1_583' title='bbox 1589 2023 1620 2047; x_wconf 90' lang='lat' dir='ltr'>et</span> <span class='ocrx_word' id='word_1_584' title='bbox 1643 2016 1758 2047; x_wconf 90' lang='lat' dir='ltr'>deinde</span> <span class='ocrx_word' id='word_1_585' title='bbox 1782 2017 1975 2056; x_wconf 89' lang='lat' dir='ltr'>compositio</span> <span class='ocrx_word' id='word_1_586' title='bbox 2001 2026 2038 2046; x_wconf 89' lang='lat' dir='ltr'>ex</span> <span class='ocrx_word' id='word_1_587' title='bbox 2062 2017 2224 2047; x_wconf 88' lang='lat' dir='ltr'>contrariis</span> <span class='ocrx_word' id='word_1_588' title='bbox 2247 2018 2353 2047; x_wconf 92' lang='lat' dir='ltr'>intulit</span> <span class='ocrx_word' id='word_1_589' title='bbox 2376 2018 2462 2049; x_wconf 89' lang='lat' dir='ltr'>defe-</span> 
     </span>
     <span class='ocr_line' id='line_1_81' title="bbox 1401 2060 2462 2100; baseline 0.002 -8"><span class='ocrx_word' id='word_1_590' title='bbox 1401 2068 1469 2092; x_wconf 90' lang='lat' dir='ltr'>ctus</span> <span class='ocrx_word' id='word_1_591' title='bbox 1493 2067 1524 2092; x_wconf 88' lang='lat' dir='ltr'>et</span> <span class='ocrx_word' id='word_1_592' title='bbox 1546 2067 1695 2091; x_wconf 90' lang='lat' dir='ltr'>mortem.</span> <span class='ocrx_word' id='word_1_593' title='bbox 1723 2061 1764 2091; x_wconf 91' lang='lat' dir='ltr'>Et</span> <span class='ocrx_word' id='word_1_594' title='bbox 1786 2060 1860 2090; x_wconf 89' lang='lat' dir='ltr'>ideo</span> <span class='ocrx_word' id='word_1_595' title='bbox 1883 2061 2008 2090; x_wconf 91' lang='lat' dir='ltr'>Auctor</span> <span class='ocrx_word' id='word_1_596' title='bbox 2030 2060 2081 2090; x_wconf 92' lang='lat' dir='ltr'>hic</span> <span class='ocrx_word' id='word_1_597' title='bbox 2104 2060 2180 2090; x_wconf 92' lang='lat' dir='ltr'>dicit</span> <span class='ocrx_word' id='word_1_598' title='bbox 2202 2066 2371 2100; x_wconf 87' lang='lat' dir='ltr'>peccatum</span> <span class='ocrx_word' id='word_1_599' title='bbox 2395 2072 2462 2094; x_wconf 88' lang='lat' dir='ltr'>esse</span> 
     </span>
     <span class='ocr_line' id='line_1_82' title="bbox 1399 2103 2462 2146; baseline 0.002 -10"><span class='ocrx_word' id='word_1_600' title='bbox 1399 2107 1535 2146; x_wconf 88' lang='lat' dir='ltr'>primam</span> <span class='ocrx_word' id='word_1_601' title='bbox 1559 2114 1687 2136; x_wconf 89' lang='lat' dir='ltr'>causam</span> <span class='ocrx_word' id='word_1_602' title='bbox 1709 2105 1819 2135; x_wconf 91' lang='lat' dir='ltr'>mortis</span> <span class='ocrx_word' id='word_1_603' title='bbox 1840 2110 1874 2138; x_wconf 60' lang='lat' dir='ltr'>&gt;et</span> <span class='ocrx_word' id='word_1_604' title='bbox 1893 2103 2087 2140; x_wconf 89' lang='lat' dir='ltr'>defectuum,</span> <span class='ocrx_word' id='word_1_605' title='bbox 2105 2105 2181 2144; x_wconf 88' lang='lat' dir='ltr'>quia</span> <span class='ocrx_word' id='word_1_606' title='bbox 2203 2105 2241 2135; x_wconf 89' lang='lat' dir='ltr'>ab</span> <span class='ocrx_word' id='word_1_607' title='bbox 2265 2106 2336 2145; x_wconf 91' lang='lat' dir='ltr'>ipso</span> <span class='ocrx_word' id='word_1_608' title='bbox 2352 2107 2462 2138; x_wconf 89' lang='lat' dir='ltr'>incoe-</span> 
     </span>
     <span class='ocr_line' id='line_1_83' title="bbox 1398 2148 2462 2190; baseline 0.002 -10"><span class='ocrx_word' id='word_1_609' title='bbox 1398 2151 1449 2190; x_wconf 76' lang='lat' dir='ltr'>pit</span> <span class='ocrx_word' id='word_1_610' title='bbox 1460 2159 1547 2180; x_wconf 89' lang='lat' dir='ltr'>mors</span> <span class='ocrx_word' id='word_1_611' title='bbox 1563 2155 1594 2179; x_wconf 89' lang='lat' dir='ltr'>et</span> <span class='ocrx_word' id='word_1_612' title='bbox 1610 2148 1751 2179; x_wconf 88' lang='lat' dir='ltr'>defectus</span> <span class='ocrx_word' id='word_1_613' title='bbox 1764 2149 1885 2178; x_wconf 86' lang='lat' dir='ltr'>omnis:</span> <span class='ocrx_word' id='word_1_614' title='bbox 1903 2149 2096 2188; x_wconf 88' lang='lat' dir='ltr'>compositio</span> <span class='ocrx_word' id='word_1_615' title='bbox 2115 2154 2222 2179; x_wconf 89' lang='lat' dir='ltr'>autem</span> <span class='ocrx_word' id='word_1_616' title='bbox 2239 2149 2353 2180; x_wconf 90' lang='lat' dir='ltr'>dicitur</span> <span class='ocrx_word' id='word_1_617' title='bbox 2368 2161 2462 2182; x_wconf 89' lang='lat' dir='ltr'>causa</span> 
     </span>
     <span class='ocr_line' id='line_1_84' title="bbox 1398 2192 2460 2234; baseline 0.003 -11"><span class='ocrx_word' id='word_1_618' title='bbox 1398 2194 1590 2233; x_wconf 88' lang='lat' dir='ltr'>propinqua,</span> <span class='ocrx_word' id='word_1_619' title='bbox 1615 2193 1689 2233; x_wconf 90' lang='lat' dir='ltr'>quia</span> <span class='ocrx_word' id='word_1_620' title='bbox 1713 2192 1905 2232; x_wconf 90' lang='lat' dir='ltr'>compositio</span> <span class='ocrx_word' id='word_1_621' title='bbox 1931 2202 1968 2222; x_wconf 85' lang='lat' dir='ltr'>ex</span> <span class='ocrx_word' id='word_1_622' title='bbox 1992 2193 2164 2229; x_wconf 87' lang='lat' dir='ltr'>contrariis,</span> <span class='ocrx_word' id='word_1_623' title='bbox 2188 2199 2262 2233; x_wconf 90' lang='lat' dir='ltr'>post</span> <span class='ocrx_word' id='word_1_624' title='bbox 2281 2200 2460 2234; x_wconf 84' lang='lat' dir='ltr'>peccatum,</span> 
     </span>
     <span class='ocr_line' id='line_1_85' title="bbox 1399 2237 2460 2279; baseline 0.001 -11"><span class='ocrx_word' id='word_1_625' title='bbox 1399 2243 1531 2268; x_wconf 86' lang='lat' dir='ltr'>executa</span> <span class='ocrx_word' id='word_1_626' title='bbox 1555 2242 1601 2267; x_wconf 89' lang='lat' dir='ltr'>est</span> <span class='ocrx_word' id='word_1_627' title='bbox 1623 2237 1843 2276; x_wconf 88' lang='lat' dir='ltr'>operationem</span> <span class='ocrx_word' id='word_1_628' title='bbox 1866 2245 1972 2271; x_wconf 86' lang='lat' dir='ltr'>suam,</span> <span class='ocrx_word' id='word_1_629' title='bbox 2007 2246 2070 2276; x_wconf 89' lang='lat' dir='ltr'>qua</span> <span class='ocrx_word' id='word_1_630' title='bbox 2092 2242 2230 2266; x_wconf 90' lang='lat' dir='ltr'>mortem</span> <span class='ocrx_word' id='word_1_631' title='bbox 2253 2237 2460 2279; x_wconf 88' lang='lat' dir='ltr'>defectusque</span> 
     </span>
     <span class='ocr_line' id='line_1_86' title="bbox 1398 2280 2392 2320; baseline 0.001 -9"><span class='ocrx_word' id='word_1_632' title='bbox 1398 2281 1514 2311; x_wconf 92' lang='lat' dir='ltr'>intulit.</span> <span class='ocrx_word' id='word_1_633' title='bbox 1538 2281 1580 2311; x_wconf 88' lang='lat' dir='ltr'>Et</span> <span class='ocrx_word' id='word_1_634' title='bbox 1601 2281 1680 2311; x_wconf 89' lang='lat' dir='ltr'>haec</span> <span class='ocrx_word' id='word_1_635' title='bbox 1704 2285 1750 2310; x_wconf 91' lang='lat' dir='ltr'>est</span> <span class='ocrx_word' id='word_1_636' title='bbox 1772 2289 1846 2310; x_wconf 89' lang='lat' dir='ltr'>vera</span> <span class='ocrx_word' id='word_1_637' title='bbox 1869 2280 2026 2320; x_wconf 86' lang='lat' dir='ltr'>expositio</span> <span class='ocrx_word' id='word_1_638' title='bbox 2050 2280 2167 2311; x_wconf 90' lang='lat' dir='ltr'>horum</span> <span class='ocrx_word' id='word_1_639' title='bbox 2191 2280 2350 2312; x_wconf 86' lang='lat' dir='ltr'>dictorum</span> <span class='ocrx_word' id='word_1_640' title='bbox 2366 2283 2392 2312; x_wconf 50' lang='grc' dir='ltr'>*ἦ</span> 
     </span>
    </p>
   </div>
   <div class='ocr_carea' id='block_1_15' title="bbox 940 2433 1805 2560">
    <p class='ocr_par' dir='ltr' id='par_1_21' title="bbox 940 2433 1805 2560">
     <span class='ocr_line' id='line_1_87' title="bbox 1096 2433 1659 2478; baseline -0.004 -1"><span class='ocrx_word' id='word_1_641' title='bbox 1096 2435 1414 2478; x_wconf 88' lang='lat' dir='ltr'>ARTICULUS</span> <span class='ocrx_word' id='word_1_642' title='bbox 1451 2433 1659 2477; x_wconf 87' lang='lat' dir='ltr'>SEXTUS</span> 
     </span>
     <span class='ocr_line' id='line_1_88' title="bbox 940 2528 1805 2560; baseline -0.001 -1"><span class='ocrx_word' id='word_1_643' title='bbox 940 2529 1094 2560; x_wconf 87' lang='lat' dir='ltr'><strong>UTRUM</strong></span> <span class='ocrx_word' id='word_1_644' title='bbox 1118 2529 1162 2559; x_wconf 87' lang='lat' dir='ltr'>IN</span> <span class='ocrx_word' id='word_1_645' title='bbox 1186 2528 1376 2560; x_wconf 81' lang='lat' dir='ltr'>CHRISTo</span> <span class='ocrx_word' id='word_1_646' title='bbox 1401 2529 1560 2560; x_wconf 84' lang='lat' dir='ltr'>FUERIT</span> <span class='ocrx_word' id='word_1_647' title='bbox 1589 2528 1805 2559; x_wconf 81' lang='lat' dir='ltr'>TRISTITIA</span> 
     </span>
    </p>
   </div>
   <div class='ocr_carea' id='block_1_16' title="bbox 335 2607 2404 2641">
    <p class='ocr_par' dir='ltr' id='par_1_22' title="bbox 335 2607 2404 2641">
     <span class='ocr_line' id='line_1_89' title="bbox 335 2607 2404 2641; baseline -0.001 -6"><span class='ocrx_word' id='word_1_648' title='bbox 335 2611 367 2636; x_wconf 90' lang='lat'>111</span> <span class='ocrx_word' id='word_1_649' title='bbox 386 2610 468 2638; x_wconf 69' lang='lat' dir='ltr'>Sem„</span> <span class='ocrx_word' id='word_1_650' title='bbox 487 2609 546 2634; x_wconf 86' lang='lat' dir='ltr'>dist.</span> <span class='ocrx_word' id='word_1_651' title='bbox 564 2615 603 2638; x_wconf 84' lang='lat' dir='ltr'>xv,</span> <span class='ocrx_word' id='word_1_652' title='bbox 623 2615 667 2640; x_wconf 90' lang='lat' dir='ltr'>qu.</span> <span class='ocrx_word' id='word_1_653' title='bbox 686 2615 714 2638; x_wconf 85' lang='lat'>11,</span> <span class='ocrx_word' id='word_1_654' title='bbox 733 2612 780 2633; x_wconf 84' lang='lat' dir='ltr'>art.</span> <span class='ocrx_word' id='word_1_655' title='bbox 801 2614 824 2639; x_wconf 89' lang='lat'>2,</span> <span class='ocrx_word' id='word_1_656' title='bbox 844 2608 893 2640; x_wconf 65' lang='lat' dir='ltr'>qu*</span> <span class='ocrx_word' id='word_1_657' title='bbox 915 2614 944 2638; x_wconf 81' lang='lat'>1;</span> <span class='ocrx_word' id='word_1_658' title='bbox 963 2608 1059 2641; x_wconf 85' lang='lat' dir='ltr'>Expos.</span> <span class='ocrx_word' id='word_1_659' title='bbox 1079 2608 1140 2639; x_wconf 78' lang='lat' dir='ltr'>litt.;</span> <span class='ocrx_word' id='word_1_660' title='bbox 1160 2607 1202 2633; x_wconf 86' lang='lat' dir='ltr'>De</span> <span class='ocrx_word' id='word_1_661' title='bbox 1225 2607 1315 2637; x_wconf 71' lang='lat' dir='ltr'>Ver-it„</span> <span class='ocrx_word' id='word_1_662' title='bbox 1335 2615 1380 2641; x_wconf 86' lang='lat' dir='ltr'>qu.</span> <span class='ocrx_word' id='word_1_663' title='bbox 1399 2615 1464 2637; x_wconf 81' lang='lat' dir='ltr'>xxvi.</span> <span class='ocrx_word' id='word_1_664' title='bbox 1485 2613 1531 2633; x_wconf 85' lang='lat' dir='ltr'>art.</span> <span class='ocrx_word' id='word_1_665' title='bbox 1550 2607 1582 2639; x_wconf 70' lang='lat'>85</span> <span class='ocrx_word' id='word_1_666' title='bbox 1604 2607 1747 2640; x_wconf 80' lang='lat' dir='ltr'>Compend.</span> <span class='ocrx_word' id='word_1_667' title='bbox 1764 2607 1860 2636; x_wconf 61' lang='lat' dir='ltr'>Tineol„</span> <span class='ocrx_word' id='word_1_668' title='bbox 1880 2615 1934 2639; x_wconf 83' lang='lat' dir='ltr'>cap.</span> <span class='ocrx_word' id='word_1_669' title='bbox 1953 2614 2068 2636; x_wconf 77' lang='lat' dir='ltr'>ccxxxn3</span> <span class='ocrx_word' id='word_1_670' title='bbox 2090 2607 2118 2631; x_wconf 86' lang='lat' dir='ltr'>In</span> <span class='ocrx_word' id='word_1_671' title='bbox 2139 2607 2245 2636; x_wconf 82' lang='lat' dir='ltr'>Matth.,</span> <span class='ocrx_word' id='word_1_672' title='bbox 2266 2615 2321 2640; x_wconf 80' lang='lat' dir='ltr'>cap.</span> <span class='ocrx_word' id='word_1_673' title='bbox 2339 2615 2404 2633; x_wconf 80' lang='lat' dir='ltr'>xxvi.</span> 
     </span>
    </p>
   </div>
   <div class='ocr_carea' id='block_1_17' title="bbox 306 2695 1344 2809">
    <p class='ocr_par' dir='ltr' id='par_1_23' title="bbox 306 2695 1344 2809">
     <span class='ocr_line' id='line_1_90' title="bbox 318 2695 1343 2754; baseline -0.001 -21"><span class='ocrx_word' id='word_1_674' title='bbox 318 2717 367 2752; x_wconf 45' lang='lat'>535</span> <span class='ocrx_word' id='word_1_675' title='bbox 395 2712 468 2754; x_wconf 42' lang='grc' dir='ltr'>μᾷ(</span> <span class='ocrx_word' id='word_1_676' title='bbox 491 2709 514 2733; x_wconf 89' lang='lat' dir='ltr'>D</span> <span class='ocrx_word' id='word_1_677' title='bbox 542 2707 684 2733; x_wconf 68' lang='lat' dir='ltr'>serrum</span> <span class='ocrx_word' id='word_1_678' title='bbox 712 2707 764 2732; x_wconf 70' lang='grc' dir='ltr'>εις</span> <span class='ocrx_word' id='word_1_679' title='bbox 792 2707 1027 2733; x_wconf 72' lang='lat' dir='ltr'>PRocnnrrUR.</span> <span class='ocrx_word' id='word_1_680' title='bbox 1056 2695 1218 2732; x_wconf 90' lang='lat' dir='ltr'>Videtur</span> <span class='ocrx_word' id='word_1_681' title='bbox 1235 2696 1343 2745; x_wconf 91' lang='lat' dir='ltr'>quod</span> 
     </span>
     <span class='ocr_line' id='line_1_91' title="bbox 306 2737 1344 2809; baseline -0.004 -20"><span class='ocrx_word' id='word_1_682' title='bbox 306 2737 472 2809; x_wconf 38' lang='lat'>§5¹2⁴</span> <span class='ocrx_word' id='word_1_683' title='bbox 493 2748 532 2786; x_wconf 87' lang='lat' dir='ltr'>in</span> <span class='ocrx_word' id='word_1_684' title='bbox 560 2747 711 2786; x_wconf 89' lang='lat' dir='ltr'>Christo</span> <span class='ocrx_word' id='word_1_685' title='bbox 749 2761 829 2786; x_wconf 90' lang='lat' dir='ltr'>non</span> <span class='ocrx_word' id='word_1_686' title='bbox 866 2748 977 2785; x_wconf 87' lang='lat' dir='ltr'>suerit</span> <span class='ocrx_word' id='word_1_687' title='bbox 1004 2748 1158 2785; x_wconf 90' lang='lat' dir='ltr'>tristitia.</span> <span class='ocrx_word' id='word_1_688' title='bbox 1196 2748 1344 2786; x_wconf 90' lang='lat' dir='ltr'>Dicitur</span> 
     </span>
    </p>
   </div>
   <div class='ocr_carea' id='block_1_18' title="bbox 298 2779 481 2850">
    <p class='ocr_par' dir='ltr' id='par_1_24' title="bbox 298 2779 481 2850">
     <span class='ocr_line' id='line_1_92' title="bbox 419 2779 428 2794; baseline 0 0"><span class='ocrx_word' id='word_1_689' title='bbox 419 2779 428 2794; x_wconf 71' lang='lat' dir='ltr'>x</span> 
     </span>
     <span class='ocr_line' id='line_1_93' title="bbox 298 2786 481 2850; baseline 0.011 -41"><span class='ocrx_word' id='word_1_690' title='bbox 298 2804 337 2850; x_wconf 36' lang='lat' dir='ltr'>&gt;Y</span> <span class='ocrx_word' id='word_1_691' title='bbox 430 2786 453 2811; x_wconf 63' lang='lat'>1!</span> <span class='ocrx_word' id='word_1_692' title='bbox 476 2799 481 2802; x_wconf 40' lang='grc' dir='ltr'>ὲ</span> 
     </span>
    </p>
   </div>
   <div class='ocr_carea' id='block_1_19' title="bbox 293 2709 451 2896">
    <p class='ocr_par' dir='ltr' id='par_1_25' title="bbox 293 2709 451 2896">
     <span class='ocr_line' id='line_1_94' title="bbox 293 2709 395 2815; baseline 0 0"><span class='ocrx_word' id='word_1_693' title='bbox 293 2709 395 2815; x_wconf 95' lang='lat' dir='ltr'>   </span> 
     </span>
     <span class='ocr_line' id='line_1_95' title="bbox 293 2815 451 2896; baseline 0 0"><span class='ocrx_word' id='word_1_694' title='bbox 293 2815 451 2896; x_wconf 95' lang='lat' dir='ltr'>  </span> 
     </span>
    </p>
   </div>
   <div class='ocr_carea' id='block_1_20' title="bbox 280 2800 1344 3010">
    <p class='ocr_par' dir='ltr' id='par_1_26' title="bbox 301 2800 1344 2903">
     <span class='ocr_line' id='line_1_96' title="bbox 345 2800 1344 2847; baseline -0.003 -6"><span class='ocrx_word' id='word_1_695' title='bbox 345 2816 419 2845; x_wconf 40' lang='grc' dir='ltr'>ἢν,</span> <span class='ocrx_word' id='word_1_696' title='bbox 435 2806 462 2847; x_wconf 56' lang='grc' dir='ltr'>’ἦ</span> <span class='ocrx_word' id='word_1_697' title='bbox 493 2800 597 2838; x_wconf 91' lang='lat' dir='ltr'>enirn</span> <span class='ocrx_word' id='word_1_698' title='bbox 616 2801 663 2838; x_wconf 90' lang='lat' dir='ltr'>de</span> <span class='ocrx_word' id='word_1_699' title='bbox 685 2801 848 2847; x_wconf 88' lang='lat' dir='ltr'>Christo,</span> <span class='ocrx_word' id='word_1_700' title='bbox 868 2801 985 2839; x_wconf 87' lang='lat' dir='ltr'>Isaiae</span> <span class='ocrx_word' id='word_1_701' title='bbox 1005 2814 1075 2838; x_wconf 73' lang='lat' dir='ltr'>xm</span> <span class='ocrx_word' id='word_1_702' title='bbox 1093 2801 1130 2838; x_wconf 72' lang='grc' dir='ltr'>*ε</span> <span class='ocrx_word' id='word_1_703' title='bbox 1160 2802 1251 2839; x_wconf 86' lang='grc' dir='ltr'>Νοη</span> <span class='ocrx_word' id='word_1_704' title='bbox 1276 2803 1344 2838; x_wconf 85' lang='lat' dir='ltr'>erit</span> 
     </span>
     <span class='ocr_line' id='line_1_97' title="bbox 301 2830 1008 2903; baseline 0.004 -15"><span class='ocrx_word' id='word_1_705' title='bbox 301 2845 314 2858; x_wconf 63' lang='lat'><em>”</em></span> <span class='ocrx_word' id='word_1_706' title='bbox 337 2830 389 2888; x_wconf 58' lang='grc' dir='ltr'>ζ’·</span> <span class='ocrx_word' id='word_1_707' title='bbox 451 2846 483 2888; x_wconf 46' lang='grc' dir='ltr'>Χ</span> <span class='ocrx_word' id='word_1_708' title='bbox 506 2855 601 2891; x_wconf 78' lang='lat' dir='ltr'>n&#39;stis</span> <span class='ocrx_word' id='word_1_709' title='bbox 629 2866 746 2903; x_wconf 84' lang='lat' dir='ltr'>neque</span> <span class='ocrx_word' id='word_1_710' title='bbox 772 2854 1008 2892; x_wconf 83' lang='lat' dir='ltr'>turbulentus.</span> 
     </span>
    </p>

    <p class='ocr_par' dir='ltr' id='par_1_27' title="bbox 280 2906 1342 3010">
     <span class='ocr_line' id='line_1_98' title="bbox 337 2906 1342 2954; baseline -0.002 -9"><span class='ocrx_word' id='word_1_711' title='bbox 337 2920 371 2945; x_wconf 88' lang='lat'>2.</span> <span class='ocrx_word' id='word_1_712' title='bbox 400 2909 631 2954; x_wconf 62' lang='lat' dir='ltr'>Pium-mm,</span> <span class='ocrx_word' id='word_1_713' title='bbox 657 2907 833 2945; x_wconf 78' lang='lat' dir='ltr'>Proverh.</span> <span class='ocrx_word' id='word_1_714' title='bbox 854 2919 899 2944; x_wconf 85' lang='lat' dir='ltr'>xu</span> <span class='ocrx_word' id='word_1_715' title='bbox 917 2906 937 2928; x_wconf 77' lang='lat'>’¹‘</span> <span class='ocrx_word' id='word_1_716' title='bbox 963 2906 1115 2944; x_wconf 85' lang='lat' dir='ltr'>dicitur:</span> <span class='ocrx_word' id='word_1_717' title='bbox 1145 2908 1234 2944; x_wconf 89' lang='lat' dir='ltr'>Non</span> <span class='ocrx_word' id='word_1_718' title='bbox 1255 2919 1342 2944; x_wconf 85' lang='lat' dir='ltr'>con-</span> 
     </span>
     <span class='ocr_line' id='line_1_99' title="bbox 280 2959 1341 3010; baseline -0.003 -11"><span class='ocrx_word' id='word_1_719' title='bbox 280 2962 435 2999; x_wconf 79' lang='lat' dir='ltr'>tristabit</span> <span class='ocrx_word' id='word_1_720' title='bbox 462 2962 594 2997; x_wconf 83' lang='lat' dir='ltr'>iustum</span> <span class='ocrx_word' id='word_1_721' title='bbox 623 2960 798 3010; x_wconf 77' lang='lat' dir='ltr'>quidquid</span> <span class='ocrx_word' id='word_1_722' title='bbox 814 2961 850 2996; x_wconf 90' lang='lat' dir='ltr'>ei</span> <span class='ocrx_word' id='word_1_723' title='bbox 866 2960 1049 2997; x_wconf 84' lang='lat' dir='ltr'>acciderit.</span> <span class='ocrx_word' id='word_1_724' title='bbox 1079 2961 1127 2996; x_wconf 91' lang='lat' dir='ltr'>Et</span> <span class='ocrx_word' id='word_1_725' title='bbox 1150 2959 1265 2996; x_wconf 93' lang='lat' dir='ltr'>huius</span> <span class='ocrx_word' id='word_1_726' title='bbox 1285 2972 1341 2997; x_wconf 93' lang='lat' dir='ltr'>ra-</span> 
     </span>
    </p>
   </div>
   <div class='ocr_carea' id='block_1_21' title="bbox 242 3011 1343 3061">
    <p class='ocr_par' dir='ltr' id='par_1_28' title="bbox 242 3011 1343 3061">
     <span class='ocr_line' id='line_1_100' title="bbox 242 3011 1343 3061; baseline -0.003 -9"><span class='ocrx_word' id='word_1_727' title='bbox 242 3031 254 3037; x_wconf 93' lang='lat'><strong>·</strong></span> <span class='ocrx_word' id='word_1_728' title='bbox 279 3014 427 3052; x_wconf 84' lang='lat' dir='ltr'>tionem</span> <span class='ocrx_word' id='word_1_729' title='bbox 455 3011 572 3051; x_wconf 92' lang='lat' dir='ltr'>Stoici</span> <span class='ocrx_word' id='word_1_730' title='bbox 599 3012 838 3061; x_wconf 87' lang='lat' dir='ltr'>assignabant</span> <span class='ocrx_word' id='word_1_731' title='bbox 855 3012 887 3059; x_wconf 65' lang='lat'>²⁸,</span> <span class='ocrx_word' id='word_1_732' title='bbox 916 3012 1007 3061; x_wconf 92' lang='lat' dir='ltr'>quia</span> <span class='ocrx_word' id='word_1_733' title='bbox 1032 3013 1159 3049; x_wconf 89' lang='lat' dir='ltr'>nullus</span> <span class='ocrx_word' id='word_1_734' title='bbox 1177 3012 1343 3049; x_wconf 87' lang='lat' dir='ltr'>tristatur</span> 
     </span>
    </p>
   </div>
   <div class='ocr_carea' id='block_1_22' title="bbox 279 3065 1341 3485">
    <p class='ocr_par' dir='ltr' id='par_1_29' title="bbox 279 3065 1341 3485">
     <span class='ocr_line' id='line_1_101' title="bbox 281 3065 1341 3105; baseline -0.004 0"><span class='ocrx_word' id='word_1_735' title='bbox 281 3066 353 3105; x_wconf 88' lang='lat' dir='ltr'>nisi</span> <span class='ocrx_word' id='word_1_736' title='bbox 380 3067 429 3104; x_wconf 91' lang='lat' dir='ltr'>de</span> <span class='ocrx_word' id='word_1_737' title='bbox 457 3065 662 3104; x_wconf 86' lang='lat' dir='ltr'>amissione</span> <span class='ocrx_word' id='word_1_738' title='bbox 690 3066 886 3102; x_wconf 91' lang='lat' dir='ltr'>bonorum</span> <span class='ocrx_word' id='word_1_739' title='bbox 914 3077 1096 3102; x_wconf 90' lang='lat' dir='ltr'>suorum:</span> <span class='ocrx_word' id='word_1_740' title='bbox 1126 3065 1247 3102; x_wconf 90' lang='lat' dir='ltr'>iustus</span> <span class='ocrx_word' id='word_1_741' title='bbox 1275 3078 1341 3102; x_wconf 91' lang='lat' dir='ltr'>au-</span> 
     </span>
     <span class='ocr_line' id='line_1_102' title="bbox 280 3117 1341 3168; baseline -0.005 -10"><span class='ocrx_word' id='word_1_742' title='bbox 280 3127 360 3159; x_wconf 85' lang='lat' dir='ltr'>tem</span> <span class='ocrx_word' id='word_1_743' title='bbox 386 3132 467 3157; x_wconf 91' lang='lat' dir='ltr'>non</span> <span class='ocrx_word' id='word_1_744' title='bbox 495 3126 644 3168; x_wconf 89' lang='lat' dir='ltr'>reputat</span> <span class='ocrx_word' id='word_1_745' title='bbox 666 3118 770 3155; x_wconf 90' lang='lat' dir='ltr'>bona</span> <span class='ocrx_word' id='word_1_746' title='bbox 789 3130 858 3155; x_wconf 88' lang='lat' dir='ltr'>sua</span> <span class='ocrx_word' id='word_1_747' title='bbox 877 3117 949 3154; x_wconf 89' lang='lat' dir='ltr'>nisi</span> <span class='ocrx_word' id='word_1_748' title='bbox 971 3117 1151 3154; x_wconf 86' lang='lat' dir='ltr'>iustitiam</span> <span class='ocrx_word' id='word_1_749' title='bbox 1171 3125 1207 3154; x_wconf 89' lang='lat' dir='ltr'>et</span> <span class='ocrx_word' id='word_1_750' title='bbox 1224 3117 1341 3154; x_wconf 90' lang='lat' dir='ltr'>virtu-</span> 
     </span>
     <span class='ocr_line' id='line_1_103' title="bbox 280 3169 1340 3222; baseline -0.005 -11"><span class='ocrx_word' id='word_1_751' title='bbox 280 3180 360 3211; x_wconf 90' lang='lat' dir='ltr'>tem</span> <span class='ocrx_word' id='word_1_752' title='bbox 380 3177 409 3220; x_wconf 58' lang='grc' dir='ltr'>α,</span> <span class='ocrx_word' id='word_1_753' title='bbox 429 3185 526 3222; x_wconf 88' lang='lat' dir='ltr'>quas</span> <span class='ocrx_word' id='word_1_754' title='bbox 544 3184 624 3209; x_wconf 92' lang='lat' dir='ltr'>non</span> <span class='ocrx_word' id='word_1_755' title='bbox 642 3179 766 3221; x_wconf 89' lang='lat' dir='ltr'>potest</span> <span class='ocrx_word' id='word_1_756' title='bbox 785 3170 966 3208; x_wconf 88' lang='lat' dir='ltr'>amittere.</span> <span class='ocrx_word' id='word_1_757' title='bbox 996 3169 1190 3219; x_wconf 90' lang='lat' dir='ltr'>Alioquin,</span> <span class='ocrx_word' id='word_1_758' title='bbox 1215 3170 1340 3207; x_wconf 89' lang='lat' dir='ltr'>subia-</span> 
     </span>
     <span class='ocr_line' id='line_1_104' title="bbox 281 3221 1339 3273; baseline -0.005 -10"><span class='ocrx_word' id='word_1_759' title='bbox 281 3233 382 3264; x_wconf 89' lang='lat' dir='ltr'>ceret</span> <span class='ocrx_word' id='word_1_760' title='bbox 395 3223 412 3256; x_wconf 70' lang='grc' dir='ltr'>Ρ</span> <span class='ocrx_word' id='word_1_761' title='bbox 433 3225 556 3263; x_wconf 88' lang='lat' dir='ltr'>iustus</span> <span class='ocrx_word' id='word_1_762' title='bbox 573 3225 759 3269; x_wconf 88' lang='lat' dir='ltr'>fortunae,</span> <span class='ocrx_word' id='word_1_763' title='bbox 781 3223 811 3260; x_wconf 92' lang='lat' dir='ltr'>si</span> <span class='ocrx_word' id='word_1_764' title='bbox 830 3234 900 3273; x_wconf 85' lang='lat' dir='ltr'>pro</span> <span class='ocrx_word' id='word_1_765' title='bbox 921 3221 1125 3260; x_wconf 89' lang='lat' dir='ltr'>amissione</span> <span class='ocrx_word' id='word_1_766' title='bbox 1145 3222 1339 3259; x_wconf 89' lang='lat' dir='ltr'>bonorum</span> 
     </span>
     <span class='ocr_line' id='line_1_105' title="bbox 279 3274 1338 3317; baseline -0.007 0"><span class='ocrx_word' id='word_1_767' title='bbox 279 3276 454 3317; x_wconf 82' lang='lat' dir='ltr'>fortunae</span> <span class='ocrx_word' id='word_1_768' title='bbox 489 3277 705 3316; x_wconf 89' lang='lat' dir='ltr'>tristaretur.</span> <span class='ocrx_word' id='word_1_769' title='bbox 746 3276 822 3314; x_wconf 90' lang='lat' dir='ltr'>Sed</span> <span class='ocrx_word' id='word_1_770' title='bbox 860 3275 1032 3313; x_wconf 88' lang='lat' dir='ltr'>Christus</span> <span class='ocrx_word' id='word_1_771' title='bbox 1068 3274 1136 3311; x_wconf 83' lang='lat' dir='ltr'>fuit</span> <span class='ocrx_word' id='word_1_772' title='bbox 1172 3275 1338 3311; x_wconf 88' lang='lat' dir='ltr'>maxime</span> 
     </span>
     <span class='ocr_line' id='line_1_106' title="bbox 281 3326 1339 3369; baseline -0.006 0"><span class='ocrx_word' id='word_1_773' title='bbox 281 3328 421 3369; x_wconf 82' lang='lat' dir='ltr'>iustus:</span> <span class='ocrx_word' id='word_1_774' title='bbox 460 3330 675 3368; x_wconf 90' lang='lat' dir='ltr'>secundum</span> <span class='ocrx_word' id='word_1_775' title='bbox 712 3329 805 3366; x_wconf 91' lang='lat' dir='ltr'>illud</span> <span class='ocrx_word' id='word_1_776' title='bbox 837 3330 968 3365; x_wconf 91' lang='lat' dir='ltr'>Ierem.</span> <span class='ocrx_word' id='word_1_777' title='bbox 1002 3340 1082 3364; x_wconf 84' lang='lat' dir='ltr'>xxm</span> <span class='ocrx_word' id='word_1_778' title='bbox 1100 3326 1131 3363; x_wconf 72' lang='lat'>²¹⁶.</span> <span class='ocrx_word' id='word_1_779' title='bbox 1169 3328 1258 3364; x_wconf 87' lang='lat' dir='ltr'>Hoc</span> <span class='ocrx_word' id='word_1_780' title='bbox 1289 3333 1339 3364; x_wconf 85' lang='lat' dir='ltr'>est</span> 
     </span>
     <span class='ocr_line' id='line_1_107' title="bbox 282 3382 1336 3434; baseline -0.007 -12"><span class='ocrx_word' id='word_1_781' title='bbox 282 3395 416 3422; x_wconf 81' lang='lat' dir='ltr'>nomen</span> <span class='ocrx_word' id='word_1_782' title='bbox 437 3384 535 3434; x_wconf 82' lang='lat' dir='ltr'>quod</span> <span class='ocrx_word' id='word_1_783' title='bbox 550 3385 734 3421; x_wconf 82' lang='lat' dir='ltr'>vocabunt</span> <span class='ocrx_word' id='word_1_784' title='bbox 752 3394 847 3428; x_wconf 87' lang='lat' dir='ltr'>eum,</span> <span class='ocrx_word' id='word_1_785' title='bbox 865 3382 1048 3417; x_wconf 83' lang='lat' dir='ltr'>Dominus</span> <span class='ocrx_word' id='word_1_786' title='bbox 1066 3382 1186 3416; x_wconf 88' lang='lat' dir='ltr'>Iustus</span> <span class='ocrx_word' id='word_1_787' title='bbox 1206 3385 1336 3416; x_wconf 87' lang='lat' dir='ltr'>noster.</span> 
     </span>
     <span class='ocr_line' id='line_1_108' title="bbox 282 3434 911 3485; baseline -0.006 -11"><span class='ocrx_word' id='word_1_788' title='bbox 282 3436 384 3485; x_wconf 85' lang='lat' dir='ltr'>Ergo</span> <span class='ocrx_word' id='word_1_789' title='bbox 412 3436 452 3474; x_wconf 92' lang='lat' dir='ltr'>in</span> <span class='ocrx_word' id='word_1_790' title='bbox 479 3448 526 3474; x_wconf 88' lang='lat' dir='ltr'>eo</span> <span class='ocrx_word' id='word_1_791' title='bbox 554 3448 635 3473; x_wconf 93' lang='lat' dir='ltr'>non</span> <span class='ocrx_word' id='word_1_792' title='bbox 662 3435 730 3472; x_wconf 89' lang='lat' dir='ltr'>fuit</span> <span class='ocrx_word' id='word_1_793' title='bbox 757 3434 911 3471; x_wconf 88' lang='lat' dir='ltr'>tristitia.</span> 
     </span>
    </p>
   </div>
   <div class='ocr_carea' id='block_1_23' title="bbox 335 3513 1217 3618">
    <p class='ocr_par' dir='ltr' id='par_1_30' title="bbox 335 3513 1217 3618">
     <span class='ocr_line' id='line_1_109' title="bbox 335 3513 1217 3618; baseline 0.001 -2"><span class='ocrx_word' id='word_1_794' title='bbox 335 3548 363 3618; x_wconf 58' lang='lat' dir='ltr'>a</span> <span class='ocrx_word' id='word_1_795' title='bbox 967 3513 1217 3517; x_wconf 37' lang='lat' dir='ltr'>“*ffl*</span> 
     </span>
    </p>
   </div>
   <div class='ocr_carea' id='block_1_24' title="bbox 378 3549 1156 3615">
    <p class='ocr_par' dir='ltr' id='par_1_31' title="bbox 378 3549 1156 3615">
     <span class='ocr_line' id='line_1_110' title="bbox 382 3549 837 3579; baseline 0 -5"><span class='ocrx_word' id='word_1_796' title='bbox 382 3550 515 3576; x_wconf 74' lang='lat' dir='ltr'>virtutem.</span> <span class='ocrx_word' id='word_1_797' title='bbox 533 3564 552 3570; x_wconf 90' lang='lat'>--</span> <span class='ocrx_word' id='word_1_798' title='bbox 569 3550 670 3579; x_wconf 83' lang='lat' dir='ltr'>Tertia;</span> <span class='ocrx_word' id='word_1_799' title='bbox 690 3549 837 3574; x_wconf 76' lang='lat' dir='ltr'>veritatem.</span> 
     </span>
     <span class='ocr_line' id='line_1_111' title="bbox 378 3583 1156 3615; baseline -0.004 -4"><span class='ocrx_word' id='word_1_800' title='bbox 378 3585 532 3611; x_wconf 73' lang='lat' dir='ltr'>subiaceret.</span> <span class='ocrx_word' id='word_1_801' title='bbox 550 3600 569 3604; x_wconf 98' lang='lat'><em>-</em></span> <span class='ocrx_word' id='word_1_802' title='bbox 586 3585 726 3611; x_wconf 75' lang='lat' dir='ltr'>subiiceret</span> <span class='ocrx_word' id='word_1_803' title='bbox 745 3585 762 3615; x_wconf 89' lang='lat'>1,</span> <span class='ocrx_word' id='word_1_804' title='bbox 781 3584 955 3609; x_wconf 80' lang='lat' dir='ltr'>subiiceretur</span> <span class='ocrx_word' id='word_1_805' title='bbox 974 3589 1056 3608; x_wconf 86' lang='lat' dir='ltr'>cetera</span> <span class='ocrx_word' id='word_1_806' title='bbox 1076 3583 1156 3608; x_wconf 83' lang='lat' dir='ltr'>tertia.</span> 
     </span>
    </p>
   </div>
   <div class='ocr_carea' id='block_1_25' title="bbox 1364 2707 1372 3454">
    <p class='ocr_par' dir='ltr' id='par_1_32' title="bbox 1364 2707 1372 3454">
     <span class='ocr_line' id='line_1_112' title="bbox 1364 2707 1372 3454; baseline 0 0"><span class='ocrx_word' id='word_1_807' title='bbox 1364 2707 1372 3454; x_wconf 95' lang='lat' dir='ltr'> </span> 
     </span>
    </p>
   </div>
   <div class='ocr_carea' id='block_1_26' title="bbox 1362 2707 1372 3612">
    <p class='ocr_par' dir='ltr' id='par_1_33' title="bbox 1362 2707 1372 3612">
     <span class='ocr_line' id='line_1_113' title="bbox 1362 2707 1372 3612; baseline 0 0"><span class='ocrx_word' id='word_1_808' title='bbox 1362 2707 1372 3612; x_wconf 95' lang='lat' dir='ltr'> </span> 
     </span>
    </p>
   </div>
   <div class='ocr_carea' id='block_1_27' title="bbox 1380 2694 2455 3480">
    <p class='ocr_par' dir='ltr' id='par_1_34' title="bbox 1397 2694 2454 2902">
     <span class='ocr_line' id='line_1_114' title="bbox 1453 2694 2453 2744; baseline 0 -12"><span class='ocrx_word' id='word_1_809' title='bbox 1453 2696 1486 2732; x_wconf 90' lang='lat'>3.</span> <span class='ocrx_word' id='word_1_810' title='bbox 1517 2697 1747 2742; x_wconf 72' lang='lat' dir='ltr'>PRAETEREA,</span> <span class='ocrx_word' id='word_1_811' title='bbox 1764 2695 2023 2744; x_wconf 89' lang='lat' dir='ltr'>Philosophus</span> <span class='ocrx_word' id='word_1_812' title='bbox 2043 2694 2142 2740; x_wconf 88' lang='lat' dir='ltr'>dicit,</span> <span class='ocrx_word' id='word_1_813' title='bbox 2159 2694 2197 2731; x_wconf 90' lang='lat' dir='ltr'>in</span> <span class='ocrx_word' id='word_1_814' title='bbox 2213 2695 2277 2731; x_wconf 89' lang='lat' dir='ltr'>VII</span> <span class='ocrx_word' id='word_1_815' title='bbox 2291 2696 2407 2732; x_wconf 83' lang='lat' dir='ltr'>Ethic.</span> <span class='ocrx_word' id='word_1_816' title='bbox 2423 2695 2453 2742; x_wconf 66' lang='lat'>²⁸,</span> 
     </span>
     <span class='ocr_line' id='line_1_115' title="bbox 1397 2747 2454 2798; baseline -0.001 -12"><span class='ocrx_word' id='word_1_817' title='bbox 1397 2749 1504 2798; x_wconf 93' lang='lat' dir='ltr'>quod</span> <span class='ocrx_word' id='word_1_818' title='bbox 1524 2748 1649 2786; x_wconf 90' lang='lat' dir='ltr'>omnis</span> <span class='ocrx_word' id='word_1_819' title='bbox 1667 2747 1811 2785; x_wconf 88' lang='lat' dir='ltr'>tristitia</span> <span class='ocrx_word' id='word_1_820' title='bbox 1835 2755 1889 2784; x_wconf 91' lang='lat' dir='ltr'>est</span> <span class='ocrx_word' id='word_1_821' title='bbox 1907 2748 2046 2784; x_wconf 87' lang='lat' dir='ltr'>malum</span> <span class='ocrx_word' id='word_1_822' title='bbox 2067 2753 2100 2784; x_wconf 86' lang='lat' dir='ltr'>et</span> <span class='ocrx_word' id='word_1_823' title='bbox 2107 2748 2346 2796; x_wconf 82' lang='lat' dir='ltr'>fugiendum.</span> <span class='ocrx_word' id='word_1_824' title='bbox 2378 2748 2454 2785; x_wconf 89' lang='lat' dir='ltr'>Sed</span> 
     </span>
     <span class='ocr_line' id='line_1_116' title="bbox 1397 2799 2451 2848; baseline -0.001 -10"><span class='ocrx_word' id='word_1_825' title='bbox 1397 2803 1547 2838; x_wconf 89' lang='lat' dir='ltr'>nullum</span> <span class='ocrx_word' id='word_1_826' title='bbox 1575 2802 1723 2838; x_wconf 88' lang='lat' dir='ltr'>malum</span> <span class='ocrx_word' id='word_1_827' title='bbox 1750 2802 1811 2838; x_wconf 87' lang='lat' dir='ltr'>vel</span> <span class='ocrx_word' id='word_1_828' title='bbox 1838 2800 2063 2848; x_wconf 83' lang='lat' dir='ltr'>fugiendum</span> <span class='ocrx_word' id='word_1_829' title='bbox 2082 2805 2097 2828; x_wconf 72' lang='lat' dir='ltr'>&#39;s</span> <span class='ocrx_word' id='word_1_830' title='bbox 2125 2800 2193 2836; x_wconf 86' lang='lat' dir='ltr'>fuit</span> <span class='ocrx_word' id='word_1_831' title='bbox 2219 2799 2451 2837; x_wconf 74' lang='lat' dir='ltr'>iri—Christo.</span> 
     </span>
     <span class='ocr_line' id='line_1_117' title="bbox 1397 2852 2120 2902; baseline -0.004 -11"><span class='ocrx_word' id='word_1_832' title='bbox 1397 2855 1498 2902; x_wconf 89' lang='lat' dir='ltr'>Ergo</span> <span class='ocrx_word' id='word_1_833' title='bbox 1527 2854 1566 2890; x_wconf 91' lang='lat' dir='ltr'>in</span> <span class='ocrx_word' id='word_1_834' title='bbox 1596 2853 1746 2890; x_wconf 89' lang='lat' dir='ltr'>Christo</span> <span class='ocrx_word' id='word_1_835' title='bbox 1775 2865 1854 2890; x_wconf 91' lang='lat' dir='ltr'>non</span> <span class='ocrx_word' id='word_1_836' title='bbox 1881 2853 1950 2889; x_wconf 84' lang='lat' dir='ltr'>fuit</span> <span class='ocrx_word' id='word_1_837' title='bbox 1968 2852 2120 2889; x_wconf 89' lang='lat' dir='ltr'>tristitia.</span> 
     </span>
    </p>

    <p class='ocr_par' dir='ltr' id='par_1_35' title="bbox 1395 2904 2455 3167">
     <span class='ocr_line' id='line_1_118' title="bbox 1431 2904 2455 2954; baseline -0.001 -11"><span class='ocrx_word' id='word_1_838' title='bbox 1431 2918 1484 2954; x_wconf 49' lang='lat'>⁷4.</span> <span class='ocrx_word' id='word_1_839' title='bbox 1515 2908 1750 2952; x_wconf 78' lang='lat' dir='ltr'>PRAETEREA,</span> <span class='ocrx_word' id='word_1_840' title='bbox 1781 2906 1876 2942; x_wconf 90' lang='lat' dir='ltr'>sicut</span> <span class='ocrx_word' id='word_1_841' title='bbox 1904 2904 2138 2952; x_wconf 86' lang='lat' dir='ltr'>Augustinus</span> <span class='ocrx_word' id='word_1_842' title='bbox 2167 2904 2266 2950; x_wconf 87' lang='lat' dir='ltr'>dicit,</span> <span class='ocrx_word' id='word_1_843' title='bbox 2295 2906 2381 2942; x_wconf 92' lang='lat' dir='ltr'>XIV</span> <span class='ocrx_word' id='word_1_844' title='bbox 2409 2906 2455 2942; x_wconf 86' lang='lat' dir='ltr'>de</span> 
     </span>
     <span class='ocr_line' id='line_1_119' title="bbox 1400 2958 2453 3006; baseline -0.002 -9"><span class='ocrx_word' id='word_1_845' title='bbox 1400 2961 1477 2997; x_wconf 68' lang='lat' dir='ltr'>Ciu.</span> <span class='ocrx_word' id='word_1_846' title='bbox 1497 2960 1570 2995; x_wconf 88' lang='lat' dir='ltr'>Dei</span> <span class='ocrx_word' id='word_1_847' title='bbox 1582 2959 1611 3004; x_wconf 66' lang='lat'>³⁸,</span> <span class='ocrx_word' id='word_1_848' title='bbox 1632 2960 1774 2995; x_wconf 85' lang='lat' dir='ltr'>tristitia</span> <span class='ocrx_word' id='word_1_849' title='bbox 1793 2964 1843 2994; x_wconf 84' lang='lat' dir='ltr'>est</span> <span class='ocrx_word' id='word_1_850' title='bbox 1861 2958 1906 2994; x_wconf 81' lang='lat' dir='ltr'>de</span> <span class='ocrx_word' id='word_1_851' title='bbox 1923 2959 1979 2994; x_wconf 87' lang='lat' dir='ltr'>his</span> <span class='ocrx_word' id='word_1_852' title='bbox 1998 2969 2091 3006; x_wconf 86' lang='lat' dir='ltr'>quae</span> <span class='ocrx_word' id='word_1_853' title='bbox 2119 2959 2222 2994; x_wconf 87' lang='lat' dir='ltr'>nobis</span> <span class='ocrx_word' id='word_1_854' title='bbox 2250 2958 2453 2995; x_wconf 84' lang='lat' dir='ltr'>nolentibus</span> 
     </span>
     <span class='ocr_line' id='line_1_120' title="bbox 1396 3009 2452 3059; baseline -0.002 -10"><span class='ocrx_word' id='word_1_855' title='bbox 1396 3012 1575 3049; x_wconf 86' lang='lat' dir='ltr'>accidunt.</span> <span class='ocrx_word' id='word_1_856' title='bbox 1593 3011 1669 3048; x_wconf 92' lang='lat' dir='ltr'>Sed</span> <span class='ocrx_word' id='word_1_857' title='bbox 1684 3010 1777 3047; x_wconf 91' lang='lat' dir='ltr'>nihil</span> <span class='ocrx_word' id='word_1_858' title='bbox 1790 3022 1925 3059; x_wconf 89' lang='lat' dir='ltr'>passus</span> <span class='ocrx_word' id='word_1_859' title='bbox 1941 3017 1995 3046; x_wconf 86' lang='lat' dir='ltr'>est</span> <span class='ocrx_word' id='word_1_860' title='bbox 2011 3009 2181 3046; x_wconf 90' lang='lat' dir='ltr'>Christus</span> <span class='ocrx_word' id='word_1_861' title='bbox 2196 3018 2327 3046; x_wconf 89' lang='lat' dir='ltr'>contra</span> <span class='ocrx_word' id='word_1_862' title='bbox 2341 3022 2452 3047; x_wconf 89' lang='lat' dir='ltr'>suam</span> 
     </span>
     <span class='ocr_line' id='line_1_121' title="bbox 1395 3061 2452 3101; baseline -0.001 0"><span class='ocrx_word' id='word_1_863' title='bbox 1395 3066 1652 3101; x_wconf 88' lang='lat' dir='ltr'>voluntatem:</span> <span class='ocrx_word' id='word_1_864' title='bbox 1683 3062 1818 3099; x_wconf 89' lang='lat' dir='ltr'>dicitur</span> <span class='ocrx_word' id='word_1_865' title='bbox 1841 3062 1944 3098; x_wconf 86' lang='lat' dir='ltr'>enim</span> <span class='ocrx_word' id='word_1_866' title='bbox 1964 3061 2078 3099; x_wconf 89' lang='lat' dir='ltr'>Isaiae</span> <span class='ocrx_word' id='word_1_867' title='bbox 2099 3074 2154 3099; x_wconf 83' lang='lat' dir='ltr'>L111</span> <span class='ocrx_word' id='word_1_868' title='bbox 2173 3061 2209 3099; x_wconf 80' lang='lat' dir='ltr'>*z</span> <span class='ocrx_word' id='word_1_869' title='bbox 2234 3063 2384 3100; x_wconf 87' lang='lat' dir='ltr'>Oblatus</span> <span class='ocrx_word' id='word_1_870' title='bbox 2402 3069 2452 3100; x_wconf 88' lang='lat' dir='ltr'>est</span> 
     </span>
     <span class='ocr_line' id='line_1_122' title="bbox 1396 3114 2449 3167; baseline 0 -14"><span class='ocrx_word' id='word_1_871' title='bbox 1396 3119 1481 3167; x_wconf 89' lang='lat' dir='ltr'>quia</span> <span class='ocrx_word' id='word_1_872' title='bbox 1500 3119 1576 3166; x_wconf 86' lang='lat' dir='ltr'>ipse</span> <span class='ocrx_word' id='word_1_873' title='bbox 1593 3116 1715 3154; x_wconf 80' lang='lat' dir='ltr'>voluit.</span> <span class='ocrx_word' id='word_1_874' title='bbox 1746 3115 1846 3163; x_wconf 85' lang='lat' dir='ltr'>Ergo</span> <span class='ocrx_word' id='word_1_875' title='bbox 1866 3114 1906 3151; x_wconf 92' lang='lat' dir='ltr'>in</span> <span class='ocrx_word' id='word_1_876' title='bbox 1926 3114 2077 3151; x_wconf 91' lang='lat' dir='ltr'>Christo</span> <span class='ocrx_word' id='word_1_877' title='bbox 2103 3127 2182 3152; x_wconf 91' lang='lat' dir='ltr'>non</span> <span class='ocrx_word' id='word_1_878' title='bbox 2201 3115 2269 3151; x_wconf 87' lang='lat' dir='ltr'>fuit</span> <span class='ocrx_word' id='word_1_879' title='bbox 2296 3114 2449 3153; x_wconf 87' lang='lat' dir='ltr'>tristitia.</span> 
     </span>
    </p>

    <p class='ocr_par' dir='ltr' id='par_1_36' title="bbox 1380 3167 2449 3428">
     <span class='ocr_line' id='line_1_123' title="bbox 1448 3167 2447 3216; baseline -0.002 -10"><span class='ocrx_word' id='word_1_880' title='bbox 1448 3170 1520 3206; x_wconf 80' lang='lat' dir='ltr'>SED</span> <span class='ocrx_word' id='word_1_881' title='bbox 1554 3180 1697 3205; x_wconf 77' lang='lat' dir='ltr'>CONTRA</span> <span class='ocrx_word' id='word_1_882' title='bbox 1725 3179 1790 3205; x_wconf 81' lang='lat' dir='ltr'>1-:sr</span> <span class='ocrx_word' id='word_1_883' title='bbox 1823 3167 1929 3216; x_wconf 91' lang='lat' dir='ltr'>quod</span> <span class='ocrx_word' id='word_1_884' title='bbox 1962 3167 2050 3204; x_wconf 92' lang='lat' dir='ltr'>dicit</span> <span class='ocrx_word' id='word_1_885' title='bbox 2078 3167 2285 3213; x_wconf 88' lang='lat' dir='ltr'>Dominus,</span> <span class='ocrx_word' id='word_1_886' title='bbox 2313 3169 2447 3205; x_wconf 90' lang='lat' dir='ltr'>Matth.</span> 
     </span>
     <span class='ocr_line' id='line_1_124' title="bbox 1393 3220 2449 3270; baseline -0.001 -12"><span class='ocrx_word' id='word_1_887' title='bbox 1393 3234 1475 3258; x_wconf 75' lang='lat' dir='ltr'>xxw</span> <span class='ocrx_word' id='word_1_888' title='bbox 1493 3221 1530 3257; x_wconf 76' lang='grc' dir='ltr'>*ε</span> <span class='ocrx_word' id='word_1_889' title='bbox 1564 3222 1691 3258; x_wconf 85' lang='lat' dir='ltr'>Tristis</span> <span class='ocrx_word' id='word_1_890' title='bbox 1709 3227 1759 3256; x_wconf 84' lang='lat' dir='ltr'>est</span> <span class='ocrx_word' id='word_1_891' title='bbox 1777 3222 1904 3257; x_wconf 86' lang='lat' dir='ltr'>anima</span> <span class='ocrx_word' id='word_1_892' title='bbox 1932 3232 2015 3257; x_wconf 85' lang='lat' dir='ltr'>mea</span> <span class='ocrx_word' id='word_1_893' title='bbox 2042 3232 2154 3270; x_wconf 83' lang='lat' dir='ltr'>usque</span> <span class='ocrx_word' id='word_1_894' title='bbox 2172 3220 2222 3257; x_wconf 86' lang='lat' dir='ltr'>ad</span> <span class='ocrx_word' id='word_1_895' title='bbox 2238 3226 2403 3257; x_wconf 89' lang='lat' dir='ltr'>mortem.</span> <span class='ocrx_word' id='word_1_896' title='bbox 2424 3243 2449 3248; x_wconf 86' lang='lat'>—</span> 
     </span>
     <span class='ocr_line' id='line_1_125' title="bbox 1393 3272 2448 3319; baseline -0.001 -8"><span class='ocrx_word' id='word_1_897' title='bbox 1393 3275 1441 3311; x_wconf 93' lang='lat' dir='ltr'>Et</span> <span class='ocrx_word' id='word_1_898' title='bbox 1468 3273 1695 3310; x_wconf 88' lang='lat' dir='ltr'>Ambrosius</span> <span class='ocrx_word' id='word_1_899' title='bbox 1723 3272 1821 3319; x_wconf 92' lang='lat' dir='ltr'>dicit,</span> <span class='ocrx_word' id='word_1_900' title='bbox 1851 3274 1880 3310; x_wconf 95' lang='lat' dir='ltr'>II</span> <span class='ocrx_word' id='word_1_901' title='bbox 1908 3273 1953 3309; x_wconf 86' lang='lat' dir='ltr'>de</span> <span class='ocrx_word' id='word_1_902' title='bbox 1975 3275 2010 3310; x_wconf 94' lang='lat' dir='ltr'><em>T</em></span> <span class='ocrx_word' id='word_1_903' title='bbox 2008 3274 2078 3309; x_wconf 90' lang='lat' dir='ltr'>rin.</span> <span class='ocrx_word' id='word_1_904' title='bbox 2098 3273 2136 3310; x_wconf 77' lang='lat' dir='ltr'>*z</span> <span class='ocrx_word' id='word_1_905' title='bbox 2171 3274 2217 3311; x_wconf 90' lang='lat' dir='ltr'>Ut</span> <span class='ocrx_word' id='word_1_906' title='bbox 2244 3274 2366 3319; x_wconf 84' lang='lat' dir='ltr'>homo,</span> <span class='ocrx_word' id='word_1_907' title='bbox 2386 3275 2448 3310; x_wconf 90' lang='lat' dir='ltr'>tri—</span> 
     </span>
     <span class='ocr_line' id='line_1_126' title="bbox 1391 3327 2447 3375; baseline -0.001 -12"><span class='ocrx_word' id='word_1_908' title='bbox 1391 3328 1523 3363; x_wconf 88' lang='lat' dir='ltr'>stitiam</span> <span class='ocrx_word' id='word_1_909' title='bbox 1542 3327 1685 3363; x_wconf 82' lang='lat' dir='ltr'>habuit:</span> <span class='ocrx_word' id='word_1_910' title='bbox 1702 3327 1856 3375; x_wconf 85' lang='lat' dir='ltr'>suscepit</span> <span class='ocrx_word' id='word_1_911' title='bbox 1875 3327 1972 3363; x_wconf 86' lang='lat' dir='ltr'>enim</span> <span class='ocrx_word' id='word_1_912' title='bbox 1991 3327 2170 3363; x_wconf 86' lang='lat' dir='ltr'>tristitiam</span> <span class='ocrx_word' id='word_1_913' title='bbox 2188 3338 2321 3363; x_wconf 85' lang='lat' dir='ltr'>meam.</span> <span class='ocrx_word' id='word_1_914' title='bbox 2351 3327 2447 3363; x_wconf 92' lang='lat' dir='ltr'>Con-</span> 
     </span>
     <span class='ocr_line' id='line_1_127' title="bbox 1380 3379 2393 3428; baseline 0 -13"><span class='ocrx_word' id='word_1_915' title='bbox 1380 3379 1545 3427; x_wconf 82' lang='lat' dir='ltr'>fidenter</span> <span class='ocrx_word' id='word_1_916' title='bbox 1567 3380 1746 3415; x_wconf 88' lang='lat' dir='ltr'>tristitiam</span> <span class='ocrx_word' id='word_1_917' title='bbox 1771 3380 1934 3424; x_wconf 86' lang='lat' dir='ltr'>nomino,</span> <span class='ocrx_word' id='word_1_918' title='bbox 1955 3380 2018 3428; x_wconf 82' lang='lat' dir='ltr'>qui</span> <span class='ocrx_word' id='word_1_919' title='bbox 2034 3391 2182 3415; x_wconf 84' lang='lat' dir='ltr'>crucem</span> <span class='ocrx_word' id='word_1_920' title='bbox 2207 3379 2393 3427; x_wconf 84' lang='lat' dir='ltr'>praedico.</span> 
     </span>
    </p>

    <p class='ocr_par' dir='ltr' id='par_1_37' title="bbox 1444 3431 2446 3480">
     <span class='ocr_line' id='line_1_128' title="bbox 1444 3431 2446 3480; baseline 0 -12"><span class='ocrx_word' id='word_1_921' title='bbox 1444 3433 1667 3468; x_wconf 81' lang='lat' dir='ltr'>RESPONDEO</span> <span class='ocrx_word' id='word_1_922' title='bbox 1696 3443 1875 3468; x_wconf 85' lang='lat' dir='ltr'>DICENDUM</span> <span class='ocrx_word' id='word_1_923' title='bbox 1904 3432 2020 3480; x_wconf 91' lang='lat' dir='ltr'>quod,</span> <span class='ocrx_word' id='word_1_924' title='bbox 2051 3431 2146 3468; x_wconf 89' lang='lat' dir='ltr'>sicut</span> <span class='ocrx_word' id='word_1_925' title='bbox 2174 3431 2318 3468; x_wconf 89' lang='lat' dir='ltr'>dictum</span> <span class='ocrx_word' id='word_1_926' title='bbox 2342 3439 2397 3468; x_wconf 89' lang='lat' dir='ltr'>est</span> <span class='ocrx_word' id='word_1_927' title='bbox 2415 3431 2446 3480; x_wconf 65' lang='lat'>²⁸,</span> 
     </span>
    </p>
   </div>
   <div class='ocr_carea' id='block_1_28' title="bbox 1391 3545 2448 3615">
    <p class='ocr_par' dir='ltr' id='par_1_38' title="bbox 1391 3545 2448 3615">
     <span class='ocr_line' id='line_1_129' title="bbox 1444 3545 2448 3580; baseline -0.002 -9"><span class='ocrx_word' id='word_1_928' title='bbox 1444 3545 1471 3579; x_wconf 89' lang='grc' dir='ltr'>γ)</span> <span class='ocrx_word' id='word_1_929' title='bbox 1491 3547 1588 3571; x_wconf 87' lang='lat' dir='ltr'>malum</span> <span class='ocrx_word' id='word_1_930' title='bbox 1614 3546 1655 3571; x_wconf 77' lang='lat' dir='ltr'>vel</span> <span class='ocrx_word' id='word_1_931' title='bbox 1674 3546 1845 3580; x_wconf 80' lang='lat' dir='ltr'>fugiendum.</span> <span class='ocrx_word' id='word_1_932' title='bbox 1863 3560 1882 3564; x_wconf 95' lang='lat'>—</span> <span class='ocrx_word' id='word_1_933' title='bbox 1900 3546 1997 3570; x_wconf 84' lang='lat' dir='ltr'>malum</span> <span class='ocrx_word' id='word_1_934' title='bbox 2021 3548 2047 3570; x_wconf 76' lang='lat' dir='ltr'>et</span> <span class='ocrx_word' id='word_1_935' title='bbox 2065 3545 2226 3579; x_wconf 81' lang='lat' dir='ltr'>fugiendum</span> <span class='ocrx_word' id='word_1_936' title='bbox 2246 3545 2263 3576; x_wconf 86' lang='lat'>1,</span> <span class='ocrx_word' id='word_1_937' title='bbox 2284 3545 2381 3569; x_wconf 81' lang='lat' dir='ltr'>malum</span> <span class='ocrx_word' id='word_1_938' title='bbox 2398 3545 2448 3577; x_wconf 84' lang='lat' dir='ltr'>su—</span> 
     </span>
     <span class='ocr_line' id='line_1_130' title="bbox 1391 3581 2013 3615; baseline -0.002 -9"><span class='ocrx_word' id='word_1_939' title='bbox 1391 3581 1516 3615; x_wconf 83' lang='lat' dir='ltr'>giendum</span> <span class='ocrx_word' id='word_1_940' title='bbox 1537 3581 1615 3613; x_wconf 85' lang='lat' dir='ltr'>FGH,</span> <span class='ocrx_word' id='word_1_941' title='bbox 1627 3581 1790 3615; x_wconf 76' lang='lat' dir='ltr'>fugiendum</span> <span class='ocrx_word' id='word_1_942' title='bbox 1810 3582 1847 3611; x_wconf 83' lang='lat' dir='ltr'>bc,</span> <span class='ocrx_word' id='word_1_943' title='bbox 1867 3581 1966 3606; x_wconf 82' lang='lat' dir='ltr'>malum</span> <span class='ocrx_word' id='word_1_944' title='bbox 1987 3581 2013 3605; x_wconf 79' lang='lat' dir='ltr'>P.</span> 
     </span>
    </p>
   </div>
   <div class='ocr_carea' id='block_1_29' title="bbox 2485 2242 2698 2318">
    <p class='ocr_par' dir='ltr' id='par_1_39' title="bbox 2485 2242 2698 2318">
     <span class='ocr_line' id='line_1_131' title="bbox 2486 2242 2697 2271; baseline 0.005 -8"><span class='ocrx_word' id='word_1_945' title='bbox 2486 2243 2496 2253; x_wconf 79' lang='lat'>⁸</span> <span class='ocrx_word' id='word_1_946' title='bbox 2520 2242 2557 2264; x_wconf 86' lang='lat' dir='ltr'>Cf.</span> <span class='ocrx_word' id='word_1_947' title='bbox 2583 2249 2622 2270; x_wconf 90' lang='lat' dir='ltr'>qu.</span> <span class='ocrx_word' id='word_1_948' title='bbox 2645 2249 2697 2271; x_wconf 78' lang='lat' dir='ltr'>xw,</span> 
     </span>
     <span class='ocr_line' id='line_1_132' title="bbox 2486 2269 2698 2297; baseline 0.009 -7"><span class='ocrx_word' id='word_1_949' title='bbox 2486 2272 2527 2290; x_wconf 79' lang='lat' dir='ltr'>art.</span> <span class='ocrx_word' id='word_1_950' title='bbox 2535 2275 2555 2297; x_wconf 83' lang='lat'>3,</span> <span class='ocrx_word' id='word_1_951' title='bbox 2565 2269 2698 2292; x_wconf 84' lang='lat' dir='ltr'>Comment.</span> 
     </span>
     <span class='ocr_line' id='line_1_133' title="bbox 2485 2301 2592 2318; baseline 0.019 -2"><span class='ocrx_word' id='word_1_952' title='bbox 2485 2301 2551 2317; x_wconf 86' lang='lat' dir='ltr'>num.</span> <span class='ocrx_word' id='word_1_953' title='bbox 2565 2301 2592 2318; x_wconf 88' lang='lat' dir='ltr'>n.</span> 
     </span>
    </p>
   </div>
   <div class='ocr_carea' id='block_1_30' title="bbox 2481 2702 2694 2752">
    <p class='ocr_par' dir='ltr' id='par_1_40' title="bbox 2481 2702 2694 2752">
     <span class='ocr_line' id='line_1_134' title="bbox 2481 2702 2694 2750; baseline 0.005 -26"><span class='ocrx_word' id='word_1_954' title='bbox 2481 2702 2556 2750; x_wconf 45' lang='lat' dir='ltr'>&#39;Segla</span> <span class='ocrx_word' id='word_1_955' title='bbox 2565 2709 2615 2730; x_wconf 83' lang='lat' dir='ltr'>xm,</span> <span class='ocrx_word' id='word_1_956' title='bbox 2624 2709 2672 2726; x_wconf 67' lang='grc' dir='ltr'>πω.</span> <span class='ocrx_word' id='word_1_957' title='bbox 2682 2716 2694 2721; x_wconf 96' lang='grc'>-</span> 
     </span>
     <span class='ocr_line' id='line_1_135' title="bbox 2500 2729 2692 2752; baseline 0.01 -2"><span class='ocrx_word' id='word_1_958' title='bbox 2500 2743 2506 2750; x_wconf 98' lang='grc'><em>.</em></span> <span class='ocrx_word' id='word_1_959' title='bbox 2543 2729 2565 2751; x_wconf 87' lang='lat' dir='ltr'>h.</span> <span class='ocrx_word' id='word_1_960' title='bbox 2580 2730 2632 2751; x_wconf 84' lang='lat' dir='ltr'>lect.</span> <span class='ocrx_word' id='word_1_961' title='bbox 2642 2736 2692 2752; x_wconf 86' lang='lat' dir='ltr'>xm.</span> 
     </span>
    </p>
   </div>
   <div class='ocr_carea' id='block_1_31' title="bbox 2578 2818 2595 2843">
    <p class='ocr_par' dir='ltr' id='par_1_41' title="bbox 2578 2818 2595 2843">
     <span class='ocr_line' id='line_1_136' title="bbox 2578 2818 2595 2843; baseline 0 0"><span class='ocrx_word' id='word_1_962' title='bbox 2578 2818 2595 2843; x_wconf 81' lang='grc' dir='ltr'>Υ</span> 
     </span>
    </p>
   </div>
   <div class='ocr_carea' id='block_1_32' title="bbox 2481 2964 2658 2993">
    <p class='ocr_par' dir='ltr' id='par_1_42' title="bbox 2481 2964 2658 2993">
     <span class='ocr_line' id='line_1_137' title="bbox 2481 2964 2658 2993; baseline 0.017 -8"><span class='ocrx_word' id='word_1_963' title='bbox 2481 2965 2490 2975; x_wconf 78' lang='grc'><em>·</em></span> <span class='ocrx_word' id='word_1_964' title='bbox 2504 2964 2560 2992; x_wconf 71' lang='lat' dir='ltr'>Cup.</span> <span class='ocrx_word' id='word_1_965' title='bbox 2576 2971 2606 2993; x_wconf 77' lang='lat' dir='ltr'>vr,</span> <span class='ocrx_word' id='word_1_966' title='bbox 2621 2971 2658 2988; x_wconf 87' lang='lat' dir='ltr'>xv.</span> 
     </span>
    </p>
   </div>
   <div class='ocr_carea' id='block_1_33' title="bbox 2478 3069 2609 3096">
    <p class='ocr_par' dir='ltr' id='par_1_43' title="bbox 2478 3069 2609 3096">
     <span class='ocr_line' id='line_1_138' title="bbox 2478 3069 2609 3096; baseline 0.008 -6"><span class='ocrx_word' id='word_1_967' title='bbox 2478 3069 2489 3079; x_wconf 81' lang='lat'>’</span> <span class='ocrx_word' id='word_1_968' title='bbox 2504 3069 2570 3091; x_wconf 69' lang='lat' dir='ltr'>Vera.</span> <span class='ocrx_word' id='word_1_969' title='bbox 2587 3075 2609 3096; x_wconf 81' lang='lat'>7.</span> 
     </span>
    </p>
   </div>
   <div class='ocr_carea' id='block_1_34' title="bbox 2476 3227 2617 3257">
    <p class='ocr_par' dir='ltr' id='par_1_44' title="bbox 2476 3227 2617 3257">
     <span class='ocr_line' id='line_1_139' title="bbox 2476 3227 2617 3257; baseline 0 -7"><span class='ocrx_word' id='word_1_970' title='bbox 2476 3229 2485 3239; x_wconf 73' lang='lat'>⁴</span> <span class='ocrx_word' id='word_1_971' title='bbox 2501 3227 2567 3250; x_wconf 68' lang='lat' dir='ltr'>Vere.</span> <span class='ocrx_word' id='word_1_972' title='bbox 2581 3229 2617 3257; x_wconf 83' lang='lat'>38.</span> 
     </span>
    </p>
   </div>
   <div class='ocr_carea' id='block_1_35' title="bbox 2475 3281 2688 3360">
    <p class='ocr_par' dir='ltr' id='par_1_45' title="bbox 2475 3281 2688 3360">
     <span class='ocr_line' id='line_1_140' title="bbox 2476 3281 2688 3305; baseline 0.005 -3"><span class='ocrx_word' id='word_1_973' title='bbox 2476 3281 2486 3291; x_wconf 77' lang='lat'><strong>·</strong></span> <span class='ocrx_word' id='word_1_974' title='bbox 2495 3281 2532 3305; x_wconf 83' lang='lat' dir='ltr'>Al.</span> <span class='ocrx_word' id='word_1_975' title='bbox 2543 3281 2572 3302; x_wconf 82' lang='lat' dir='ltr'>de</span> <span class='ocrx_word' id='word_1_976' title='bbox 2585 3281 2644 3303; x_wconf 80' lang='lat' dir='ltr'>Fide</span> <span class='ocrx_word' id='word_1_977' title='bbox 2654 3281 2688 3303; x_wconf 81' lang='lat' dir='ltr'>ad</span> 
     </span>
     <span class='ocr_line' id='line_1_141' title="bbox 2477 3307 2686 3335; baseline 0.005 -7"><span class='ocrx_word' id='word_1_978' title='bbox 2477 3307 2602 3335; x_wconf 68' lang='lat' dir='ltr'>Gratiam„</span> <span class='ocrx_word' id='word_1_979' title='bbox 2612 3308 2650 3329; x_wconf 86' lang='lat' dir='ltr'>lib.</span> <span class='ocrx_word' id='word_1_980' title='bbox 2657 3308 2686 3335; x_wconf 89' lang='lat'>11,</span> 
     </span>
     <span class='ocr_line' id='line_1_142' title="bbox 2475 3339 2580 3360; baseline 0.01 -6"><span class='ocrx_word' id='word_1_981' title='bbox 2475 3339 2526 3360; x_wconf 77' lang='lat' dir='ltr'>cap.</span> <span class='ocrx_word' id='word_1_982' title='bbox 2541 3340 2580 3355; x_wconf 85' lang='lat' dir='ltr'>vn.</span> 
     </span>
    </p>
   </div>
   <div class='ocr_carea' id='block_1_36' title="bbox 2474 3429 2684 3483">
    <p class='ocr_par' dir='ltr' id='par_1_46' title="bbox 2474 3429 2684 3483">
     <span class='ocr_line' id='line_1_143' title="bbox 2475 3429 2684 3457; baseline 0.005 -8"><span class='ocrx_word' id='word_1_983' title='bbox 2475 3429 2485 3439; x_wconf 74' lang='lat'>⁴</span> <span class='ocrx_word' id='word_1_984' title='bbox 2503 3429 2553 3451; x_wconf 80' lang='lat' dir='ltr'>Art.</span> <span class='ocrx_word' id='word_1_985' title='bbox 2571 3430 2684 3457; x_wconf 71' lang='lat' dir='ltr'>praeced..</span> 
     </span>
     <span class='ocr_line' id='line_1_144' title="bbox 2474 3455 2537 3483; baseline 0 -7"><span class='ocrx_word' id='word_1_986' title='bbox 2474 3455 2503 3476; x_wconf 76' lang='lat' dir='ltr'>ad</span> <span class='ocrx_word' id='word_1_987' title='bbox 2517 3462 2537 3483; x_wconf 84' lang='lat'>3.</span> 
     </span>
    </p>
   </div>
  </div>
 </body>
</html>
