2872 3970
332 209 375 245 18
1059 203 1323 251 QUAESTIO
1351 204 1384 251 Ι,
1414 202 1707 240 ARTICULUS
1734 203 1769 239 V

994 346 1327 379 commentaria
1348 345 1604 378 Cat-dinetus
1624 345 1825 378 Caietam

351 456 370 475 N
394 445 515 475 articuli
539 444 641 484 quarti
660 442 804 473 eiusdem
820 442 939 482 primae
961 441 1155 481 quaestionis
1172 449 1307 480 corpore
1323 440 1380 470 tria

80 495 91 505 ⁴
104 492 139 514 Cf·
153 497 292 518 num.n,1n.
324 458 432 520 Ifiunt
447 490 473 518 ⁴⁶.
508 488 626 523 Primo,
643 486 862 517 manifestatur
876 485 909 515 id
929 484 1019 525 quod
1042 484 1186 524 quaestio
1203 484 1282 514 haec
1306 493 1380 523 sup-

88 3115 96 3122 ·
113 3113 177 3134 Vers.
192 3119 214 3138 4,
231 3118 249 3139 5.

91 3377 100 3385 ·
116 3374 180 3396 Vers.
197 3375 230 3397 28.

319 534 420 573 ponit,
437 532 555 562 scilicet
571 532 734 562 Christum
750 530 869 560 delesse
886 529 994 559 omnia
1010 534 1139 568 peccata
1154 527 1276 558 mundi.
1295 527 1380 557 Cum

320 579 405 608 enirn
438 577 515 606 haec
544 575 688 615 quaestio
720 575 758 604 sit
789 574 1019 613 comparativa,
1050 573 1169 602 scilicet
1201 581 1239 602 an
1263 571 1380 612 princi-

318 622 420 661 palius
450 630 508 660 pro
533 619 677 659 originali
709 627 805 658 quam
835 626 894 656 pro
922 617 1097 646 actualibus
1125 616 1262 656 peccatis
1292 615 1380 645 Deus

318 666 497 695 incarnatus
513 664 561 699 sit,
581 662 810 702 praesupponit
825 661 995 701 positivam
1012 666 1139 695 certam,
1156 660 1275 689 scilicet
1292 658 1381 698 quod

318 719 377 749 pro
406 709 547 747 utrisque
573 706 711 746 peccatis
742 706 921 735 incarnatus
953 705 1002 734 sit.
1038 704 1078 734 Et
1113 704 1177 733 hoc
1215 709 1260 733 est
1291 701 1381 742 quod

318 753 423 793 primo
446 752 480 781 in
503 751 604 781 littera
627 749 752 780 dicitur.

374 796 436 826 Ubi
452 800 528 825 nota
544 793 633 834 quod
648 803 716 823 non
740 798 786 823 est
801 802 906 822 sermo
926 792 965 822 de
982 792 1133 821 omnibus
1152 791 1290 830 peccatis
1306 790 1382 820 sim-

319 841 452 881 pliciter,
469 838 524 869 sed
547 838 585 868 de
602 837 753 868 omnibus
769 837 906 876 peccatis
922 836 1110 865 hominum:
1136 835 1291 874 quoniam
1314 843 1382 864 non

318 885 404 914 venit
428 883 572 913 Christus
601 891 659 921 pro
690 880 828 920 peccatis
857 879 1054 919 angelorum.
1090 879 1130 908 Et
1158 879 1221 908 hoc
1252 878 1382 908 denotat

318 929 419 958 littera
443 935 517 956 cum
541 925 631 955 dicit:
663 924 719 954 sed
741 924 784 954 ad
806 923 995 954 deletionem
1020 922 1162 953 omnium
1172 927 1382 963 peccatorum

318 981 399 1012 quae
409 969 624 1011 postmodum,
644 968 762 998 scilicet
785 973 859 1007 post
882 967 1047 1007 originale,
1067 966 1275 1006 superaddita
1298 971 1382 996 sunt.

373 1015 409 1045 11.
434 1013 600 1049 Secundo,
631 1017 825 1042 monstratur
847 1010 964 1042 modus
995 1020 1061 1051 quo
1092 1011 1180 1041 Deus
1202 1011 1383 1040 incarnatus

318 1059 433 1089 delevit
457 1057 566 1088 omnia
588 1062 733 1097 peccata:
759 1056 879 1086 scilicet
908 1065 975 1085 non
1006 1054 1186 1086 secundum
1215 1054 1382 1091 effectum,

317 1103 372 1133 sed
395 1101 573 1133 secundum
596 1100 817 1131 sufficientiam
839 1099 982 1130 remedii.
1019 1099 1064 1130 Ita
1094 1098 1184 1139 quod
1213 1098 1295 1129 duae
1324 1108 1384 1139 po-

317 1152 436 1178 nuntur
452 1146 503 1176 hic
520 1145 754 1176 conclusiones.
778 1143 884 1174 Prima
899 1144 1059 1184 negativa:
1085 1143 1160 1173 Non
1184 1143 1293 1173 omnia
1307 1152 1384 1183 pec-

317 1196 390 1222 cata
413 1191 577 1220 hominum
601 1189 748 1219 delentur
765 1197 829 1228 per
853 1188 1025 1218 Christum.
1051 1187 1091 1217 Et
1113 1187 1193 1217 ratio
1217 1187 1313 1217 huius
1337 1192 1384 1217 est

318 1235 460 1266 defectus
472 1235 653 1264 hominum.
673 1233 828 1262 Probatur
845 1233 1030 1262 auctoritate
1046 1230 1189 1267 Domini,
1207 1231 1294 1261 Ioan.
1308 1241 1383 1261 1¹1.-

317 1279 465 1310 Secunda
487 1278 686 1308 affirmativa:
715 1277 862 1307 Christus
877 1276 1020 1306 exhibuit
1034 1275 1122 1316 quod
1136 1275 1301 1316 sufficiens
1311 1275 1386 1317 fuit

318 1324 360 1355 ad
379 1323 521 1353 omnium
538 1327 747 1362 peccatorum
763 1320 962 1351 deletionem.
987 1321 1142 1350 Probatur
1158 1329 1196 1350 ex
1211 1319 1383 1359 Apostolo.

318 1369 381 1399 Ubi
404 1373 481 1397 nota
505 1365 610 1406 quod,
642 1366 717 1405 quia
747 1370 834 1395 actus
864 1365 1042 1394 activorum
1072 1363 1154 1394 fiunt
1183 1364 1217 1393 in
1243 1364 1384 1404 patiente

300 1412 483 1452 disposito,
509 1416 539 1441 et
562 1419 629 1440 non
652 1411 685 1439 in
709 1409 757 1439 his
781 1418 862 1448 quae
882 1409 1002 1448 agentis
1018 1408 1179 1438 actionem
1202 1417 1269 1438 non
1285 1408 1384 1438 susci-

318 1457 426 1496 piunt;
446 1455 530 1489 ideo,
548 1459 847 1494 quantumcumque
863 1453 944 1492 ignis
960 1452 999 1482 sit
1015 1451 1174 1482 sufficiens
1191 1461 1286 1481 causa
1302 1451 1383 1482 cale-

318 1499 454 1530 faciendi
467 1500 616 1538 aliquem,
630 1498 689 1527 nisi
705 1497 757 1527 ille
775 1497 940 1536 proximus
956 1497 995 1526 sit
1011 1495 1086 1535 igni,
1100 1505 1166 1525 non
1187 1494 1299 1530 calefit,
1316 1505 1383 1525 non

319 1555 355 1575 ex
380 1543 508 1574 defectu
530 1543 622 1582 ignis,
639 1541 695 1571 sed
717 1541 868 1576 hominis,
886 1541 942 1580 qui
965 1549 1033 1570 non
1057 1539 1179 1570 accedit
1203 1539 1242 1569 ad
1264 1540 1382 1579 ignem.

318 1588 432 1618 Attulit
449 1587 593 1618 Christus
612 1585 805 1616 medicinam
822 1584 1121 1615 sufficientissimam
1137 1593 1197 1623 pro
1214 1583 1382 1614 omnibus:

319 1638 350 1663 et
372 1632 433 1662 nisi
465 1633 635 1670 iungamur
667 1629 794 1659 Christo
825 1639 882 1669 per
905 1628 1003 1659 fidem
1034 1634 1064 1658 et
1094 1627 1326 1663 obedientiam,
1349 1628 1383 1657 in

318 1676 456 1717 peccatis
479 1675 594 1705 nostris
616 1682 834 1708 remanemus,
859 1682 926 1703 non
950 1682 988 1702 ex
1011 1671 1139 1702 defectu
1162 1671 1304 1707 remedii,
1329 1671 1384 1701 sed

320 1731 357 1751 ex
380 1719 508 1751 defectu
531 1724 660 1753 nostro,
685 1717 762 1747 dum
786 1717 891 1757 magis
914 1725 1059 1746 amamus
1083 1715 1229 1745 tenebras
1251 1716 1384 1745 sensibi-

319 1765 399 1795 lium
425 1764 587 1793 bonorum
617 1771 712 1802 quam
740 1761 842 1790 lucem
871 1759 1075 1799 intelligibilis
1107 1759 1270 1798 divinique
1294 1759 1383 1789 boni.

374 1808 425 1838 111.
450 1807 571 1842 Tertio,
597 1806 629 1835 in
648 1806 749 1835 littera
772 1804 983 1844 respondetur
999 1803 1143 1843 quaesito
1166 1803 1289 1833 duabus
1306 1812 1384 1833 con—

320 1852 528 1886 clusionibus,
553 1850 649 1880 altera
672 1849 835 1889 implicite,
860 1848 955 1878 altera
979 1847 1134 1887 explicite.
1163 1848 1277 1883 Prima,
1301 1857 1384 1886 quae

319 1906 387 1926 non
411 1896 600 1935 explicatur,
626 1899 687 1924 est:
722 1893 886 1929 Quantum
916 1892 958 1922 ad
981 1891 1235 1932 magnitudinem
1258 1891 1384 1931 peccati

319 1940 518 1974 intensivum,
539 1938 685 1968 Christus
702 1937 918 1977 principalius
941 1936 1027 1966 venit
1049 1935 1092 1965 ad
1115 1935 1290 1966 tollendum
1308 1944 1384 1975 pec-

319 1989 426 2015 catum
449 1983 576 2014 actuale
598 1992 693 2022 quam
718 1981 889 2022 originale.
914 1998 933 2003 —
958 1979 1115 2014 Secunda,
1141 1989 1223 2019 quae
1247 1979 1384 2019 explica-

319 2035 388 2063 tur,
413 2034 474 2058 est:
503 2027 666 2063 Quantum
690 2025 733 2055 ad
755 2024 1009 2066 magnitudinem
1033 2024 1229 2054 extensivam
1247 2023 1383 2063 peccati,

323 2073 468 2103 Christus
485 2070 700 2111 principalius
724 2070 809 2100 venit
831 2069 874 2099 ad
896 2068 1072 2098 tollendum
1088 2073 1257 2107 peccatum
1282 2068 1384 2108 origi-

322 2118 396 2147 nale
418 2126 514 2156 quam
538 2115 675 2145 actuale.

377 2162 517 2200 Utraque
541 2159 707 2189 conclusio
731 2158 862 2187 assumit
885 2166 983 2186 unam
1007 2162 1038 2186 et
1061 2155 1195 2186 eandem
1218 2156 1384 2191 maiorem,

320 2205 455 2235 scilicet:
485 2205 587 2234 Tanto
604 2202 821 2243 principalius
844 2200 887 2231 ad
901 2200 1039 2237 alicuius
1053 2200 1180 2240 peccati
1195 2199 1384 2230 deletionem

323 2250 469 2279 Christus
487 2248 581 2282 venit,
605 2251 725 2287 quanto
750 2245 830 2276 illud
846 2249 1015 2285 peccatum
1031 2244 1135 2274 maius
1151 2249 1206 2274 est.
1232 2243 1295 2274 Sed
1310 2244 1385 2274 sub-

319 2294 417 2323 sumit
433 2292 587 2322 diversam
603 2291 771 2320 minorem.
795 2289 878 2319 Nam
897 2298 956 2329 pro
973 2289 1075 2328 prima
1090 2289 1296 2324 subsumitur,
1308 2297 1384 2328 pec-

320 2343 426 2368 catum
455 2336 582 2366 actuale
612 2344 679 2365 esse
708 2334 813 2364 maius
836 2333 1010 2363 intensive:
1040 2342 1099 2372 pro
1126 2331 1266 2363 secunda
1289 2342 1383 2368 vero,

315 2386 483 2422 peccatum
507 2379 670 2420 originale
693 2388 760 2408 esse
782 2378 887 2408 maius
910 2377 1081 2408 extensive.

376 2425 427 2455 IV.
452 2425 515 2455 Ubi
538 2423 619 2454 duae
642 2423 747 2453 statim
768 2427 941 2452 occurrunt
956 2422 1181 2452 dubitationes.
1206 2421 1311 2450 Prima
1328 2425 1384 2456 est,

320 2470 396 2510 quia
419 2469 533 2499 falsum
550 2474 596 2499 est
612 2467 710 2508 quod,
735 2467 918 2506 regulariter
934 2465 1111 2506 loquendo,
1136 2470 1305 2505 peccatum
1322 2465 1385 2494 ori-

1435 439 1539 479 ginale
1562 440 1601 470 sit
1623 439 1726 470 maius
1750 440 1910 470 extensive
1933 448 2031 479 quam
2050 438 2182 469 actuale.
2207 438 2372 476 Quoniam
2389 447 2504 469 omnes

1435 482 1544 514 infecti
1569 483 1714 523 originali
1737 488 1811 514 sunt
1834 484 1929 514 etiam
1959 482 2069 513 infecti
2098 482 2212 513 actuali
2236 488 2386 522 peccato,
2411 492 2504 522 regu-

1435 527 1539 557 lariter
1569 526 1752 567 loquendo,
1784 533 1814 557 et
1840 527 1969 557 sublatis
1993 527 2246 567 impedimentis:
2271 544 2292 549 —-
2316 525 2406 567 quod
2430 526 2503 557 dico

1435 577 1566 611 propter
1589 571 1720 601 Beatam
1742 571 1923 611 Virginem,
1949 576 1987 603 etr
2001 571 2138 602 infantes
2160 576 2307 601 mortuos
2331 576 2504 610 antequam

1436 615 1558 655 possint
1583 615 1746 645 actualiter
1769 615 1911 655 peccare.

1481 658 1628 689 Secunda
1652 658 1806 689 dubitatio
1832 665 1887 695 est,
1912 659 1987 699 quia
2011 669 2048 689 ex
2067 659 2169 689 littera
2192 669 2260 689 non
2276 659 2411 693 habetur
2425 667 2506 689 con-

1407 707 1409 719 '
1436 702 1538 733 clusio
1555 703 1739 743 simpliciter
1754 703 1939 742 responsiva
1955 703 2110 743 quaesito,
2127 702 2183 733 sed
2202 703 2308 733 solum
2324 701 2504 734 secundum

1408 769 1409 779 1
1438 746 1525 786 quid.
1557 746 1633 777 Non
1658 747 1743 777 enim
1767 747 1901 778 habetur
1924 756 1963 777 an
1987 747 2132 777 absolute
2155 744 2328 777 dicendum
2350 746 2392 778 sit
2414 745 2505 787 quod

1437 790 1582 821 Christus
1605 791 1811 831 principalius
1834 799 1893 831 pro
1911 791 2056 830 originali
2079 791 2184 827 venit3
2216 796 2248 821 et
2269 790 2418 822 similiter
2435 799 2505 822 non

1437 835 1571 866 habetur
1593 844 1633 865 an
1657 834 1831 865 dicendum
1859 835 1898 865 sit
1922 834 2011 875 quod
2035 834 2180 866 Christus
2210 834 2418 875 principalius
2444 843 2505 875 pro

1438 879 1554 911 actuali
1575 884 1709 919 peccato
1733 879 1839 914 venit,
1863 884 1899 908 ut
1921 884 2024 919 patet:
2049 878 2105 909 sed
2128 879 2261 909 habetur
2281 878 2371 918 quod
2392 887 2506 909 secun-

1438 922 1513 953 dum
1529 923 1598 959 hoc,
1622 922 1704 953 idest
1719 923 1919 959 intensivam,
1945 927 1975 953 et
1989 922 2165 953 secundum
2181 921 2272 959 illud,
2296 921 2378 953 idest
2397 927 2506 953 exten-

1438 968 1537 997 sivam
1561 965 1829 1007 magnitudinem,
1853 967 1941 997 venit
1963 966 2170 1007 principalius
2193 976 2253 1006 pro
2276 966 2341 996 hoc
2364 967 2414 997 vel
2437 966 2505 996 illo.

1493 1011 1532 1041 V.
1556 1011 1607 1041 Ad
1631 1011 1772 1051 primum
1796 1010 1911 1041 dicitur
1935 1010 2041 1050 quod,
2073 1019 2130 1050 per
2152 1020 2186 1041 se
2209 1009 2393 1050 loquendo,
2424 1010 2508 1040 inter

1439 1055 1592 1096 originale
1619 1061 1650 1085 et
1674 1055 1796 1085 actuale
1819 1060 1989 1095 peccatum
2020 1055 2099 1084 haec
2124 1059 2170 1084 est
2194 1053 2385 1090 differentia,
2417 1053 2508 1094 quod

1439 1100 1572 1135 actuale,
1596 1104 1632 1129 ut
1654 1099 1687 1129 in
1711 1099 1813 1129 littera
1836 1098 1966 1135 dicitur,
1991 1103 2038 1129 est
2059 1103 2229 1139 peccatum
2252 1098 2421 1138 proprium
2443 1097 2508 1128 sin-

1438 1143 1554 1184 gularis
1576 1146 1733 1183 personae
1757 1152 1839 1183 quae
1859 1142 1934 1173 facit
1955 1141 2051 1173 illud:
2077 1142 2229 1182 originale
2245 1147 2353 1172 autem
2370 1147 2417 1172 est
2431 1151 2508 1182 pec-

1439 1193 1546 1218 catum
1561 1187 1729 1228 proprium
1753 1192 1883 1217 naturae
1899 1187 2059 1217 humanae
2075 1187 2112 1217 ab
2129 1185 2233 1216 Adam
2248 1185 2416 1216 seminarie
2431 1195 2507 1226 pro-

1439 1231 1589 1262 cedentis.
1614 1231 1654 1261 Et
1673 1231 1747 1262 ideo
1768 1231 1931 1271 originale,
1955 1239 2012 1271 per
2027 1240 2060 1261 se
2076 1229 2253 1270 loquendo,
2270 1236 2316 1260 est
2332 1239 2507 1261 commune

1438 1275 1570 1306 infinitis
1593 1276 1788 1311 hominibus,
1813 1284 1872 1315 pro
1890 1280 2012 1315 quanto
2035 1280 2147 1304 natura
2170 1274 2310 1304 humana
2333 1279 2440 1314 potest
2462 1275 2508 1304 sic

1437 1319 1570 1351 infinitis
1594 1319 1842 1350 communicari:
1875 1325 1906 1349 et
1928 1318 2002 1349 ideo
2032 1318 2116 1348 tollit
2145 1318 2270 1348 bonum
2299 1318 2424 1358 generis
2446 1317 2508 1348 hu-

1438 1364 1541 1400 mani,
1565 1373 1623 1404 per
1646 1373 1679 1394 se
1702 1363 1886 1403 loquendo,
1910 1361 2054 1393 tolle‘ndo
2079 1363 2203 1393 bonum
2226 1363 2259 1392 in
2283 1368 2395 1393 natura
2418 1371 2508 1392 com-

1438 1408 1530 1438 muni
1553 1408 1661 1447 generi
1684 1408 1839 1437 humano.
1873 1407 2045 1437 Peccatum
2073 1412 2181 1436 autem
2203 1406 2326 1436 actuale
2355 1415 2423 1436 non
2446 1406 2508 1436 nisi

1438 1452 1570 1484 bonum,
1585 1452 1681 1481 huius
1704 1461 1860 1491 personae
1875 1450 1974 1481 tollit:
2000 1451 2030 1480 et
2046 1449 2160 1480 accidit
2174 1455 2309 1490 peccato
2325 1459 2400 1480 meo
2418 1449 2508 1490 quod

1438 1496 1516 1526 alter
1539 1495 1634 1526 etiam
1657 1501 1780 1535 peccet,
1805 1500 1836 1525 et
1859 1495 1904 1525 sic
1929 1494 1967 1525 de
1992 1494 2069 1524 aliis.
2097 1493 2218 1524 Stando
2241 1494 2337 1534 igitur
2359 1493 2441 1524 infra
2461 1494 2508 1524 la—

1437 1539 1609 1570 titudinem
1625 1539 1782 1569 sermonis
1805 1547 1862 1579 per
1878 1548 1921 1574 se,
1947 1538 2069 1578 optime
2085 1543 2178 1568 sonat
2194 1537 2369 1568 differentia
2384 1538 2505 1578 posita:

1438 1593 1506 1614 non
1530 1584 1616 1614 enirn
1632 1582 1747 1613 accidit
1764 1588 1898 1623 peccato
1914 1588 2046 1612 naturae
2063 1582 2131 1612 esse
2146 1582 2179 1612 in
2196 1586 2266 1612 toto
2282 1590 2409 1621 genere,
2426 1581 2508 1612 sicut

1439 1627 1553 1658 accidit
1576 1632 1709 1667 peccato
1733 1636 1900 1666 personae.
2108 1655 2111 1661 ,

1493 1671 1543 1701 Ad
1567 1671 1746 1701 secundum
1769 1669 1884 1701 dicitur
1907 1669 1997 1710 quod
2020 1670 2154 1705 Auctor,
2179 1669 2369 1710 explicando
2393 1678 2508 1700 secun-

1438 1715 1512 1745 dam
1536 1715 1780 1745 conclusionem
1805 1720 1835 1744 et
1857 1723 1925 1744 non
1948 1714 2095 1754 primam,
2123 1719 2154 1744 et
2177 1712 2324 1744 addendo
2348 1713 2508 1744 secundae

1439 1759 1641 1789 conclusioni
1663 1758 1831 1793 rationem,
1855 1757 1986 1793 scilicet,
2011 1758 2087 1798 quia
2110 1756 2228 1787 bonum
2243 1756 2350 1798 gentis
2368 1756 2509 1788 divinius

1438 1808 1469 1833 et
1495 1802 1684 1833 eminentius
1707 1806 1754 1832 est
1780 1810 1876 1842 quam
1898 1801 2016 1832 bonum
2040 1802 2155 1837 unius,
2181 1801 2353 1831 insinuavit
2375 1801 2507 1832 conclu-

1437 1848 1563 1877 sionem
1586 1846 1804 1886 responsivam
1828 1845 1973 1886 quaesito
1997 1845 2182 1885 simpliciter
2205 1850 2237 1875 et
2251 1845 2397 1875 absolute
2420 1845 2507 1876 illam

1438 1901 1506 1922 esse
1530 1900 1628 1930 quam
1652 1890 1803 1930 expressit
1825 1890 1858 1919 in
1874 1890 2084 1930 responsione
2108 1888 2147 1919 ad
2170 1889 2315 1919 tertium:
2339 1889 2508 1929 Principa-

1438 1935 1501 1966 Iius
1524 1935 1611 1966 venit
1632 1934 1762 1964 abolere
1784 1938 1954 1973 peccatum
1981 1933 2079 1964 totius
2102 1938 2242 1963 naturae
2270 1942 2366 1974 quam
2389 1942 2507 1973 pecca-

1439 1985 1506 2010 tum
1530 1979 1626 2009 unius
1642 1987 1816 2018 personae.

1493 2023 1546 2053 Vl.
1571 2022 1607 2052 In
1630 2021 1840 2062 responsione
1865 2020 1903 2051 ad
1926 2021 2072 2057 tertium,
2104 2020 2231 2051 adverte
2258 2020 2348 2061 quod
2377 2021 2507 2052 illorum

1437 2067 1620 2101 verborum,
1645 2065 1774 2101 scilicet,
1797 2065 1854 2095 sed
1877 2070 1912 2095 ut
1928 2074 1993 2105 pro
2010 2065 2157 2095 omnibus
2178 2074 2213 2095 se
2227 2065 2332 2095 solum
2349 2065 2510 2096 indicaret

1438 2111 1623 2146 obnoxium,
1645 2118 1765 2145 sensus,
1789 2109 1893 2141 unica.
1907 2108 2075 2139 subaudita
2097 2109 2339 2144 coniunctione,
2358 2108 2507 2146 dicendo,

1437 2165 1471 2186 se
1494 2155 1590 2186 etiam
1612 2154 1718 2184 solum
1749 2153 1908 2184 indicaret
1937 2153 2130 2188 obnoxium,
2162 2153 2264 2183 clarus
2291 2152 2372 2183 adeo
2397 2157 2444 2183 est
2471 2158 2509 2184 ut

1437 2199 1516 2230 nihil
1532 2203 1627 2228 restet
1643 2197 1852 2228 obscuritatis.
1868 2197 1985 2227 Paulus
2003 2197 2088 2227 enim
2104 2197 2148 2227 ita
2163 2206 2196 2227 se
2209 2197 2386 2237 obligatum
2401 2197 2508 2228 omni-

1430 2244 1497 2273 -bus
1522 2242 1639 2273 Christi
1660 2240 1823 2272 beneficiis
1847 2241 1959 2277 aiebat,
1983 2246 2019 2271 ut
2041 2250 2109 2271 non
2125 2241 2232 2271 solum
2256 2250 2320 2271 una
2336 2250 2412 2271 cum
2427 2241 2506 2280 aliis,

1437 2287 1493 2318 sed
1518 2288 1613 2317 etiam
1636 2286 1705 2325 ipse
1728 2290 1890 2315 teneretur
1912 2294 1972 2324 pro
1997 2285 2163 2315 omnibus:
2187 2290 2258 2315 tum
2279 2290 2413 2325 propter
2434 2293 2507 2326 per-

1437 2331 1554 2362 fectam
1577 2330 1708 2360 illorum
1731 2329 1937 2369 adeptionem
1961 2329 1994 2359 in
2017 2330 2135 2369 seipso,
2158 2338 2195 2359 ac
2218 2329 2244 2359 si
2266 2338 2326 2369 pro
2342 2329 2413 2369 ipso
2434 2329 2506 2360 solo

1438 2385 1591 2406 concessa
1606 2374 1756 2410 fuissent;
1780 2379 1851 2403 tum
1866 2378 1998 2413 propter
2013 2373 2147 2403 caritatis
2163 2373 2320 2403 unionem
2335 2382 2411 2403 cum
2427 2373 2506 2410 aliis,

1438 2429 1503 2460 qua
1526 2419 1674 2449 omnium
1697 2419 1783 2448 bona
1805 2427 1864 2447 sua
1885 2417 2026 2457 putabat.
2050 2417 2140 2448 Haec
2157 2417 2243 2448 enim
2267 2416 2333 2448 duo
2355 2417 2390 2447 in
2405 2417 2508 2448 littera

1438 2469 1622 2503 tanguntur,
1646 2468 1683 2492 ut
1705 2467 1801 2502 patet.

1108 2616 1428 2660 ARTICULUS
1458 2615 1717 2667 QUINTUS

526 2723 682 2754 UTRUM
708 2721 985 2753 CONVENIENS
1010 2721 1186 2752 FUISSET
1211 2720 1336 2751 DEUM
1365 2719 1602 2750 INCARNARI
1626 2719 1655 2748 A
1678 2716 1891 2747 PRlNCIPIO
1915 2715 2090 2747 HUMANI
2115 2714 2300 2746 GENER1s

561 2809 591 2834 llI
612 2809 695 2838 sent„
715 2809 773 2834 dist.
792 2816 808 2838 1,
829 2816 873 2841 qu.
892 2816 909 2837 ι,
929 2813 975 2833 art.
994 2816 1025 2839 4;
1046 2808 1079 2832 IV
1101 2808 1176 2833 Cont.
1199 2808 1286 2837 Gent„
1306 2814 1361 2839 cap.
1381 2814 1438 2837 mr,
1457 2813 1505 2836 1.v;
1527 2805 1555 2830 In
1576 2805 1689 2834 Isaiam,
1710 2811 1765 2836 cap.
1784 2811 1818 2835 113
1837 2803 1880 2828 Ad
1901 2802 2004 2831 Galat..
2024 2810 2080 2835 cap.
2099 2810 2133 2833 w,
2158 2803 2216 2828 lect.
2234 2809 2263 2828 n.

440 2919 488 2947 5
533 2910 554 2934 D
575 2909 735 2939 QuiNTUM
754 2909 805 2933 s1c
826 2908 1060 2933 PROCEDITUR.
1090 2895 1250 2933 Videtur
1276 2894 1382 2944 quod

534 2949 766 2986 conveniens
803 2949 932 2986 fuisset
968 2950 1097 2985 Deum
1139 2948 1327 2985 incarnari
1362 2959 1384 2984 a

339 3006 355 3052 ’Ἰ
370 3002 387 3048 2
424 3019 459 3047 r,
479 3000 719 3051 (principio
744 3002 905 3039 humani
923 3002 1082 3050 generis.
1113 2999 1384 3038 Incarnationis

377 3071 390 3087 s
411 3047 638 3091 NJenim
667 3067 766 3103 opus
795 3067 840 3091 ex
869 3054 1123 3091 immensitate
1153 3053 1304 3090 divinae
1325 3065 1384 3090 ca-

326 3107 438 3143 ritatis
457 3108 654 3155 processit:
686 3108 900 3144 secundum
920 3107 1012 3144 illud
1031 3108 1163 3156 Ephes.
1180 3119 1201 3143 11
1215 3106 1250 3143 *ε
1271 3107 1384 3151 Deus,

326 3162 388 3209 qui
414 3160 511 3196 dives
538 3166 588 3197 est
616 3162 652 3196 in
681 3160 946 3206 misericordia,
969 3165 1124 3209 propter
1152 3161 1307 3196 nimiam
1326 3171 1385 3195 ca-

326 3214 468 3249 ritatem
496 3226 601 3250 suam
621 3226 693 3262 qua
713 3214 838 3250 dilexit
858 3225 936 3258 nos,
955 3225 1040 3248 cum
1065 3224 1222 3249 essemus
1249 3213 1388 3248 mortui

322 3268 490 3314 peccatis,
520 3268 787 3314 convivificavit
811 3278 877 3302 nos
901 3267 937 3301 in
963 3266 1117 3301 Christo.
1149 3265 1224 3301 Sed
1253 3263 1386 3301 caritas

328 3330 405 3354 non
425 3319 544 3354 tardat
564 3318 766 3355 subvenire
787 3317 912 3355 amico
932 3317 1194 3353 necessitatem
1214 3316 1384 3365 patienti:

328 3371 541 3407 secundum
570 3371 660 3407 illud
689 3373 799 3408 Prov.
821 3383 851 3407 111
872 3370 908 3407 ²⁸:
946 3370 1008 3406 Ne
1036 3370 1136 3406 dicas
1155 3371 1275 3406 amico
1304 3375 1388 3406 tuo.-

1447 2893 1547 2932 Vade
1565 2899 1599 2930 et
1617 2898 1812 2938 revertere,
1827 2904 1912 2928 cras
1931 2892 2027 2928 daho
2046 2892 2129 2936 tibi;
2147 2902 2232 2927 cum
2252 2891 2372 2928 statim
2387 2892 2505 2940 possis

1440 2947 1541 2984 dare.
1572 2946 1673 2993 Ergo
1693 2945 1800 2982 Deus
1827 2943 2097 2981 incarnationis
2125 2955 2225 2992 opus
2253 2942 2404 2979 differre
2423 2953 2504 2979 non

1440 2998 1582 3046 debuit,
1604 2998 1671 3035 sed
1695 2997 1820 3034 statim
1839 3010 1862 3034 a
1880 2996 2069 3046 principio
2097 3008 2167 3045 per
2193 3007 2304 3032 suam
2332 2993 2503 3031 incarna-

1440 3052 1587 3089 tionem
1615 3052 1790 3087 humano
1817 3049 1947 3098 generi
1975 3048 2191 3087 subvenire.

1496 3116 1530 3140 2.
1561 3105 1792 3150 PRAETEREA,
1813 3104 1826 3139 I
1851 3105 1944 3140 Tim.
1966 3102 2010 3139 ι*
2030 3101 2183 3139 dicitur:
2217 3101 2380 3137 Christus
2406 3101 2504 3137 venit

1441 3159 1478 3194 in
1508 3158 1607 3194 hunc
1639 3156 1821 3192 mundum
1850 3161 2066 3205 peccatores
2097 3153 2219 3191 salvos
2241 3153 2388 3200 facere.
2425 3152 2503 3189 Sed

1441 3211 1570 3259 plures
1598 3209 1729 3246 salvati
1756 3208 1914 3245 fuissent
1941 3207 1971 3244 si
1995 3219 2018 3244 a
2035 3205 2223 3255 principio
2252 3204 2414 3242 humani
2440 3215 2502 3252 ge-

1442 3262 1543 3300 neris
1562 3262 1668 3299 Deus
1687 3261 1905 3298 incarnatus
1923 3259 2069 3297 suisset:
2090 3256 2246 3307 plurimi
2265 3257 2381 3304 enim,
2396 3255 2502 3304 igno-

1442 3323 1567 3352 rantes
1595 3315 1735 3361 Deum,
1751 3314 1791 3351 in
1820 3325 1891 3351 suo
1917 3318 2074 3361 peccato
2094 3309 2289 3359 perierunt
2311 3309 2351 3346 in
2378 3309 2502 3347 diver—

1442 3368 1491 3405 sis
1520 3366 1679 3404 saeculis
1708 3372 1736 3403 ⁸.
1776 3367 1877 3414 Ergo
1913 3362 2204 3402 convenientius
2237 3362 2367 3399 fuisset
2395 3363 2502 3411 quod

382 3512 409 3542 α)
429 3512 546 3536 saeculis.
560 3527 578 3530 —
596 3512 734 3537 sceleribus
754 3513 781 3537 Ρ.

2531 3108 2540 3118 ·
2554 3107 2621 3130 Vern.
2638 3114 2671 3137 ¹⁵-
