<?xml version="1.0" encoding="UTF-8"?>
<!DOCTYPE html PUBLIC "-//W3C//DTD XHTML 1.0 Transitional//EN"
    "http://www.w3.org/TR/xhtml1/DTD/xhtml1-transitional.dtd">
<html xmlns="http://www.w3.org/1999/xhtml" xml:lang="en" lang="en">
 <head>
  <title>
</title>
<meta http-equiv="Content-Type" content="text/html;charset=utf-8" />
  <meta name='ocr-system' content='tesseract 3.04.00' />
  <meta name='ocr-capabilities' content='ocr_page ocr_carea ocr_par ocr_line ocrx_word'/>
</head>
<body>
  <div class='ocr_page' id='page_1' title='image "./operaomniaiussui11thom/operaomniaiussui11thom_0121.png"; bbox 0 0 2872 3970; ppageno 0'>
   <div class='ocr_carea' id='block_1_1' title="bbox 40 874 186 901">
    <p class='ocr_par' dir='ltr' id='par_1_1' title="bbox 40 874 186 901">
     <span class='ocr_line' id='line_1_1' title="bbox 40 874 186 901; baseline -0.007 -7"><span class='ocrx_word' id='word_1_1' title='bbox 40 874 54 885; x_wconf 70' lang='lat'>⁶</span> <span class='ocrx_word' id='word_1_2' title='bbox 66 874 116 895; x_wconf 76' lang='lat' dir='ltr'>Art.</span> <span class='ocrx_word' id='word_1_3' title='bbox 134 879 152 899; x_wconf 71' lang='grc' dir='ltr'>ι,</span> <span class='ocrx_word' id='word_1_4' title='bbox 166 878 186 901; x_wconf 85' lang='lat'>3.</span> 
     </span>
    </p>
   </div>
   <div class='ocr_carea' id='block_1_2' title="bbox 43 1133 255 1214">
    <p class='ocr_par' dir='ltr' id='par_1_2' title="bbox 43 1133 255 1214">
     <span class='ocr_line' id='line_1_2' title="bbox 44 1133 254 1162; baseline -0.01 -6"><span class='ocrx_word' id='word_1_5' title='bbox 44 1134 111 1156; x_wconf 79' lang='grc' dir='ltr'>Ἀτῐ.</span> <span class='ocrx_word' id='word_1_6' title='bbox 116 1139 137 1162; x_wconf 73' lang='lat'>3:</span> <span class='ocrx_word' id='word_1_7' title='bbox 146 1133 175 1155; x_wconf 85' lang='lat' dir='ltr'>cf.</span> <span class='ocrx_word' id='word_1_8' title='bbox 181 1133 254 1155; x_wconf 87' lang='lat' dir='ltr'>Com-</span> 
     </span>
     <span class='ocr_line' id='line_1_3' title="bbox 43 1163 255 1186; baseline -0.009 -4"><span class='ocrx_word' id='word_1_9' title='bbox 43 1163 115 1182; x_wconf 82' lang='lat' dir='ltr'>ment.</span> <span class='ocrx_word' id='word_1_10' title='bbox 136 1165 200 1181; x_wconf 87' lang='lat' dir='ltr'>num.</span> <span class='ocrx_word' id='word_1_11' title='bbox 217 1166 255 1186; x_wconf 78' lang='lat' dir='ltr'>ni,</span> 
     </span>
     <span class='ocr_line' id='line_1_4' title="bbox 43 1191 115 1214; baseline 0 -6"><span class='ocrx_word' id='word_1_12' title='bbox 43 1191 76 1214; x_wconf 77' lang='grc' dir='ltr'>ιι,</span> <span class='ocrx_word' id='word_1_13' title='bbox 91 1192 115 1208; x_wconf 85' lang='lat' dir='ltr'>x.</span> 
     </span>
    </p>
   </div>
   <div class='ocr_carea' id='block_1_3' title="bbox 0 2827 35 3970">
    <p class='ocr_par' dir='ltr' id='par_1_3' title="bbox 0 2827 35 3970">
     <span class='ocr_line' id='line_1_5' title="bbox 0 2827 35 3970; baseline 0 0"><span class='ocrx_word' id='word_1_14' title='bbox 0 2827 35 3970; x_wconf 95' lang='lat' dir='ltr'> </span> 
     </span>
    </p>
   </div>
   <div class='ocr_carea' id='block_1_4' title="bbox 988 243 1742 291">
    <p class='ocr_par' dir='ltr' id='par_1_4' title="bbox 988 243 1742 291">
     <span class='ocr_line' id='line_1_6' title="bbox 988 243 1742 291; baseline -0.004 -9"><span class='ocrx_word' id='word_1_15' title='bbox 988 245 1250 291; x_wconf 89' lang='lat' dir='ltr'>QUAESTIO</span> <span class='ocrx_word' id='word_1_16' title='bbox 1279 245 1344 287; x_wconf 84' lang='grc' dir='ltr'><strong>ΙΙΙ,</strong></span> <span class='ocrx_word' id='word_1_17' title='bbox 1373 244 1665 282; x_wconf 92' lang='lat' dir='ltr'>ARTICULUS</span> <span class='ocrx_word' id='word_1_18' title='bbox 1693 243 1742 279; x_wconf 91' lang='lat' dir='ltr'>VI</span> 
     </span>
    </p>
   </div>
   <div class='ocr_carea' id='block_1_5' title="bbox 277 322 1341 635">
    <p class='ocr_par' dir='ltr' id='par_1_5' title="bbox 277 322 1341 635">
     <span class='ocr_line' id='line_1_7' title="bbox 279 322 1337 376; baseline -0.004 -13"><span class='ocrx_word' id='word_1_19' title='bbox 279 338 377 376; x_wconf 90' lang='lat' dir='ltr'>quae</span> <span class='ocrx_word' id='word_1_20' title='bbox 397 333 486 362; x_wconf 90' lang='lat' dir='ltr'>sunt</span> <span class='ocrx_word' id='word_1_21' title='bbox 513 325 706 362; x_wconf 86' lang='lat' dir='ltr'><strong>humanae</strong></span> <span class='ocrx_word' id='word_1_22' title='bbox 726 332 896 370; x_wconf 81' lang='lat' dir='ltr'>naturae,</span> <span class='ocrx_word' id='word_1_23' title='bbox 917 331 953 360; x_wconf 91' lang='lat' dir='ltr'>et</span> <span class='ocrx_word' id='word_1_24' title='bbox 980 336 1025 360; x_wconf 89' lang='lat' dir='ltr'>ea</span> <span class='ocrx_word' id='word_1_25' title='bbox 1051 336 1150 372; x_wconf 90' lang='lat' dir='ltr'>quae</span> <span class='ocrx_word' id='word_1_26' title='bbox 1179 331 1267 360; x_wconf 90' lang='lat' dir='ltr'>sunt</span> <span class='ocrx_word' id='word_1_27' title='bbox 1286 322 1337 359; x_wconf 91' lang='lat' dir='ltr'>di-</span> 
     </span>
     <span class='ocr_line' id='line_1_8' title="bbox 277 375 1339 425; baseline -0.004 -10"><span class='ocrx_word' id='word_1_28' title='bbox 277 379 411 416; x_wconf 86' lang='lat' dir='ltr'>vinae:</span> <span class='ocrx_word' id='word_1_29' title='bbox 449 385 485 414; x_wconf 90' lang='lat' dir='ltr'>et</span> <span class='ocrx_word' id='word_1_30' title='bbox 512 377 681 414; x_wconf 89' lang='lat' dir='ltr'>similiter</span> <span class='ocrx_word' id='word_1_31' title='bbox 712 378 760 413; x_wconf 93' lang='lat' dir='ltr'>de</span> <span class='ocrx_word' id='word_1_32' title='bbox 795 388 962 425; x_wconf 90' lang='lat' dir='ltr'>persona</span> <span class='ocrx_word' id='word_1_33' title='bbox 989 376 1072 412; x_wconf 90' lang='lat' dir='ltr'>Filii</span> <span class='ocrx_word' id='word_1_34' title='bbox 1109 384 1145 412; x_wconf 92' lang='lat' dir='ltr'>et</span> <span class='ocrx_word' id='word_1_35' title='bbox 1179 375 1339 424; x_wconf 88' lang='lat' dir='ltr'><strong>Spiritus</strong></span> 
     </span>
     <span class='ocr_line' id='line_1_9' title="bbox 281 428 1339 477; baseline -0.004 -9"><span class='ocrx_word' id='word_1_36' title='bbox 281 430 418 469; x_wconf 84' lang='lat' dir='ltr'><strong>Sancti.</strong></span> <span class='ocrx_word' id='word_1_37' title='bbox 448 431 540 467; x_wconf 93' lang='lat' dir='ltr'>Non</span> <span class='ocrx_word' id='word_1_38' title='bbox 569 437 697 467; x_wconf 89' lang='lat' dir='ltr'>autem</span> <span class='ocrx_word' id='word_1_39' title='bbox 716 429 807 466; x_wconf 93' lang='lat' dir='ltr'>illud</span> <span class='ocrx_word' id='word_1_40' title='bbox 837 429 943 477; x_wconf 91' lang='lat' dir='ltr'>quod</span> <span class='ocrx_word' id='word_1_41' title='bbox 962 428 1184 464; x_wconf 89' lang='lat' dir='ltr'>conveniret</span> <span class='ocrx_word' id='word_1_42' title='bbox 1211 440 1339 476; x_wconf 92' lang='lat' dir='ltr'>perso-</span> 
     </span>
     <span class='ocr_line' id='line_1_10' title="bbox 279 481 1340 530; baseline -0.004 -10"><span class='ocrx_word' id='word_1_43' title='bbox 279 496 350 521; x_wconf 90' lang='lat' dir='ltr'>nae</span> <span class='ocrx_word' id='word_1_44' title='bbox 379 482 499 520; x_wconf 89' lang='lat' dir='ltr'>Patris</span> <span class='ocrx_word' id='word_1_45' title='bbox 527 482 672 519; x_wconf 92' lang='lat' dir='ltr'>ratione</span> <span class='ocrx_word' id='word_1_46' title='bbox 700 481 877 530; x_wconf 89' lang='lat' dir='ltr'>propriae</span> <span class='ocrx_word' id='word_1_47' title='bbox 905 493 1104 529; x_wconf 82' lang='lat' dir='ltr'>personae,</span> <span class='ocrx_word' id='word_1_48' title='bbox 1135 488 1262 529; x_wconf 88' lang='lat' dir='ltr'>posset</span> <span class='ocrx_word' id='word_1_49' title='bbox 1290 488 1340 516; x_wconf 92' lang='lat' dir='ltr'>at-</span> 
     </span>
     <span class='ocr_line' id='line_1_11' title="bbox 278 533 1341 584; baseline -0.004 -11"><span class='ocrx_word' id='word_1_50' title='bbox 278 535 392 573; x_wconf 89' lang='lat' dir='ltr'><strong>tribui</strong></span> <span class='ocrx_word' id='word_1_51' title='bbox 420 547 606 584; x_wconf 87' lang='lat' dir='ltr'>personae</span> <span class='ocrx_word' id='word_1_52' title='bbox 635 534 718 571; x_wconf 89' lang='lat' dir='ltr'><strong>Filii</strong></span> <span class='ocrx_word' id='word_1_53' title='bbox 744 541 810 570; x_wconf 91' lang='lat' dir='ltr'>aut</span> <span class='ocrx_word' id='word_1_54' title='bbox 838 533 998 581; x_wconf 89' lang='lat' dir='ltr'><strong>Spiritus</strong></span> <span class='ocrx_word' id='word_1_55' title='bbox 1026 533 1164 580; x_wconf 86' lang='lat' dir='ltr'>Sancti,</span> <span class='ocrx_word' id='word_1_56' title='bbox 1185 540 1341 581; x_wconf 88' lang='lat' dir='ltr'>propter</span> 
     </span>
     <span class='ocr_line' id='line_1_12' title="bbox 280 586 1340 635; baseline -0.004 -10"><span class='ocrx_word' id='word_1_57' title='bbox 280 588 562 625; x_wconf 85' lang='lat' dir='ltr'>distinctionem</span> <span class='ocrx_word' id='word_1_58' title='bbox 588 598 854 635; x_wconf 89' lang='lat' dir='ltr'>personarum,</span> <span class='ocrx_word' id='word_1_59' title='bbox 875 597 974 634; x_wconf 88' lang='lat' dir='ltr'>quae</span> <span class='ocrx_word' id='word_1_60' title='bbox 998 593 1220 622; x_wconf 88' lang='lat' dir='ltr'>remaneret.</span> <span class='ocrx_word' id='word_1_61' title='bbox 1251 586 1340 621; x_wconf 91' lang='lat' dir='ltr'>Pos-</span> 
     </span>
    </p>
   </div>
   <div class='ocr_carea' id='block_1_6' title="bbox 2405 242 2454 278">
    <p class='ocr_par' dir='ltr' id='par_1_6' title="bbox 2405 242 2454 278">
     <span class='ocr_line' id='line_1_13' title="bbox 2405 242 2454 278; baseline 0 0"><span class='ocrx_word' id='word_1_62' title='bbox 2405 242 2454 278; x_wconf 78' lang='lat'>65</span> 
     </span>
    </p>
   </div>
   <div class='ocr_carea' id='block_1_7' title="bbox 1395 321 2460 642">
    <p class='ocr_par' dir='ltr' id='par_1_7' title="bbox 1395 321 2460 632">
     <span class='ocr_line' id='line_1_14' title="bbox 1397 321 2458 371; baseline -0.002 -12"><span class='ocrx_word' id='word_1_63' title='bbox 1397 331 1630 371; x_wconf 87' lang='lat' dir='ltr'>supponeret</span> <span class='ocrx_word' id='word_1_64' title='bbox 1657 334 1728 371; x_wconf 93' lang='lat' dir='ltr'>pro</span> <span class='ocrx_word' id='word_1_65' title='bbox 1765 333 1931 370; x_wconf 90' lang='lat' dir='ltr'>persona</span> <span class='ocrx_word' id='word_1_66' title='bbox 1968 321 2098 358; x_wconf 90' lang='lat' dir='ltr'>Patris.</span> <span class='ocrx_word' id='word_1_67' title='bbox 2138 321 2177 358; x_wconf 88' lang='lat' dir='ltr'>Si</span> <span class='ocrx_word' id='word_1_68' title='bbox 2206 321 2292 370; x_wconf 90' lang='lat' dir='ltr'>quis</span> <span class='ocrx_word' id='word_1_69' title='bbox 2329 329 2458 357; x_wconf 88' lang='lat' dir='ltr'>autem</span> 
     </span>
     <span class='ocr_line' id='line_1_15' title="bbox 1395 374 2459 424; baseline -0.002 -13"><span class='ocrx_word' id='word_1_70' title='bbox 1395 375 1551 411; x_wconf 88' lang='lat' dir='ltr'>ulterius</span> <span class='ocrx_word' id='word_1_71' title='bbox 1570 375 1804 424; x_wconf 88' lang='lat' dir='ltr'>procederet,</span> <span class='ocrx_word' id='word_1_72' title='bbox 1825 375 1955 411; x_wconf 90' lang='lat' dir='ltr'>Homo</span> <span class='ocrx_word' id='word_1_73' title='bbox 1984 380 2034 410; x_wconf 89' lang='lat' dir='ltr'>est</span> <span class='ocrx_word' id='word_1_74' title='bbox 2061 376 2255 423; x_wconf 80' lang='lat' dir='ltr'>ingenitus,</span> <span class='ocrx_word' id='word_1_75' title='bbox 2276 374 2391 410; x_wconf 87' lang='lat' dir='ltr'>Filius</span> <span class='ocrx_word' id='word_1_76' title='bbox 2410 378 2459 409; x_wconf 85' lang='lat' dir='ltr'>est</span> 
     </span>
     <span class='ocr_line' id='line_1_16' title="bbox 1395 425 2459 477; baseline -0.003 -12"><span class='ocrx_word' id='word_1_77' title='bbox 1395 429 1518 473; x_wconf 82' lang='lat' dir='ltr'>homo,</span> <span class='ocrx_word' id='word_1_78' title='bbox 1539 430 1646 477; x_wconf 82' lang='lat' dir='ltr'>Ergo</span> <span class='ocrx_word' id='word_1_79' title='bbox 1673 427 1790 465; x_wconf 88' lang='lat' dir='ltr'>Filius</span> <span class='ocrx_word' id='word_1_80' title='bbox 1817 432 1867 463; x_wconf 82' lang='lat' dir='ltr'>est</span> <span class='ocrx_word' id='word_1_81' title='bbox 1894 428 2096 476; x_wconf 82' lang='lat' dir='ltr'>ingenitus,</span> <span class='ocrx_word' id='word_1_82' title='bbox 2127 434 2223 462; x_wconf 90' lang='lat' dir='ltr'>esset</span> <span class='ocrx_word' id='word_1_83' title='bbox 2249 425 2391 462; x_wconf 83' lang='lat' dir='ltr'>fallacia</span> <span class='ocrx_word' id='word_1_84' title='bbox 2418 425 2459 461; x_wconf 93' lang='lat' dir='ltr'>fi-</span> 
     </span>
     <span class='ocr_line' id='line_1_17' title="bbox 1396 477 2460 527; baseline -0.002 -11"><span class='ocrx_word' id='word_1_85' title='bbox 1396 492 1511 527; x_wconf 86' lang='lat' dir='ltr'>gurae</span> <span class='ocrx_word' id='word_1_86' title='bbox 1540 479 1715 517; x_wconf 91' lang='lat' dir='ltr'>dictionis</span> <span class='ocrx_word' id='word_1_87' title='bbox 1742 480 1804 515; x_wconf 89' lang='lat' dir='ltr'>vel</span> <span class='ocrx_word' id='word_1_88' title='bbox 1831 478 2046 515; x_wconf 90' lang='lat' dir='ltr'>accidentis.</span> <span class='ocrx_word' id='word_1_89' title='bbox 2078 478 2182 515; x_wconf 88' lang='lat' dir='ltr'>Sicut</span> <span class='ocrx_word' id='word_1_90' title='bbox 2210 486 2246 514; x_wconf 93' lang='lat' dir='ltr'>et</span> <span class='ocrx_word' id='word_1_91' title='bbox 2273 490 2377 514; x_wconf 91' lang='lat' dir='ltr'>nunc</span> <span class='ocrx_word' id='word_1_92' title='bbox 2405 477 2460 514; x_wconf 90' lang='lat' dir='ltr'>di-</span> 
     </span>
     <span class='ocr_line' id='line_1_18' title="bbox 1395 530 2459 580; baseline -0.003 -11"><span class='ocrx_word' id='word_1_93' title='bbox 1395 532 1520 569; x_wconf 85' lang='lat' dir='ltr'>cimus</span> <span class='ocrx_word' id='word_1_94' title='bbox 1547 533 1678 569; x_wconf 93' lang='lat' dir='ltr'>Deum</span> <span class='ocrx_word' id='word_1_95' title='bbox 1706 544 1788 568; x_wconf 91' lang='lat' dir='ltr'>esse</span> <span class='ocrx_word' id='word_1_96' title='bbox 1817 531 2040 579; x_wconf 84' lang='lat' dir='ltr'>ingenitum,</span> <span class='ocrx_word' id='word_1_97' title='bbox 2067 531 2157 580; x_wconf 91' lang='lat' dir='ltr'>quia</span> <span class='ocrx_word' id='word_1_98' title='bbox 2185 532 2296 567; x_wconf 87' lang='lat' dir='ltr'>Pater</span> <span class='ocrx_word' id='word_1_99' title='bbox 2323 538 2378 567; x_wconf 93' lang='lat' dir='ltr'>est</span> <span class='ocrx_word' id='word_1_100' title='bbox 2406 530 2459 567; x_wconf 92' lang='lat' dir='ltr'>in-</span> 
     </span>
     <span class='ocr_line' id='line_1_19' title="bbox 1398 583 2460 642; baseline -0.001 -22"><span class='ocrx_word' id='word_1_101' title='bbox 1398 585 1565 632; x_wconf 83' lang='lat' dir='ltr'>genitus:</span> <span class='ocrx_word' id='word_1_102' title='bbox 1595 597 1667 622; x_wconf 90' lang='lat' dir='ltr'>nec</span> <span class='ocrx_word' id='word_1_103' title='bbox 1698 592 1828 621; x_wconf 88' lang='lat' dir='ltr'>tamen</span> <span class='ocrx_word' id='word_1_104' title='bbox 1856 596 2071 642; x_wconf 39' lang='lat' dir='ltr'>possumus·</span> <span class='ocrx_word' id='word_1_105' title='bbox 2097 584 2325 620; x_wconf 87' lang='lat' dir='ltr'>concludere</span> <span class='ocrx_word' id='word_1_106' title='bbox 2354 583 2460 631; x_wconf 91' lang='lat' dir='ltr'>quod</span> 
     </span>
    </p>
   </div>
   <div class='ocr_carea' id='block_1_8' title="bbox 281 636 2233 688">
    <p class='ocr_par' dir='ltr' id='par_1_8' title="bbox 281 636 2233 688">
     <span class='ocr_line' id='line_1_20' title="bbox 281 636 2233 688; baseline -0.003 -11"><span class='ocrx_word' id='word_1_107' title='bbox 281 649 335 678; x_wconf 93' lang='lat' dir='ltr'>set</span> <span class='ocrx_word' id='word_1_108' title='bbox 363 652 452 688; x_wconf 86' lang='lat' dir='ltr'>ergo</span> <span class='ocrx_word' id='word_1_109' title='bbox 481 639 555 676; x_wconf 92' lang='lat' dir='ltr'>dici</span> <span class='ocrx_word' id='word_1_110' title='bbox 583 639 701 688; x_wconf 87' lang='lat' dir='ltr'>quod,</span> <span class='ocrx_word' id='word_1_111' title='bbox 723 638 818 674; x_wconf 93' lang='lat' dir='ltr'>sicut</span> <span class='ocrx_word' id='word_1_112' title='bbox 845 639 956 674; x_wconf 87' lang='lat' dir='ltr'>Pater</span> <span class='ocrx_word' id='word_1_113' title='bbox 984 646 1038 674; x_wconf 89' lang='lat' dir='ltr'>est</span> <span class='ocrx_word' id='word_1_114' title='bbox 1066 637 1267 685; x_wconf 79' lang='lat' dir='ltr'>ingenitus,</span> <span class='ocrx_word' id='word_1_115' title='bbox 1292 637 1342 673; x_wconf 88' lang='lat' dir='ltr'>ita</span> <span class='ocrx_word' id='word_1_116' title='bbox 1398 637 1515 674; x_wconf 90' lang='lat' dir='ltr'>Filius</span> <span class='ocrx_word' id='word_1_117' title='bbox 1543 637 1589 673; x_wconf 92' lang='lat' dir='ltr'>sit</span> <span class='ocrx_word' id='word_1_118' title='bbox 1617 637 1817 685; x_wconf 86' lang='lat' dir='ltr'>ingenitus,</span> <span class='ocrx_word' id='word_1_119' title='bbox 1838 636 2016 685; x_wconf 89' lang='lat' dir='ltr'>quamvis</span> <span class='ocrx_word' id='word_1_120' title='bbox 2045 636 2090 672; x_wconf 90' lang='lat' dir='ltr'>sit</span> <span class='ocrx_word' id='word_1_121' title='bbox 2116 637 2233 672; x_wconf 92' lang='lat' dir='ltr'>Deus.</span> 
     </span>
    </p>
   </div>
   <div class='ocr_carea' id='block_1_9' title="bbox 280 690 1341 739">
    <p class='ocr_par' dir='ltr' id='par_1_9' title="bbox 280 690 1341 739">
     <span class='ocr_line' id='line_1_21' title="bbox 280 690 1341 739; baseline -0.004 -9"><span class='ocrx_word' id='word_1_122' title='bbox 280 694 402 730; x_wconf 90' lang='lat' dir='ltr'>homo</span> <span class='ocrx_word' id='word_1_123' title='bbox 430 699 527 728; x_wconf 90' lang='lat' dir='ltr'>esset</span> <span class='ocrx_word' id='word_1_124' title='bbox 554 690 758 739; x_wconf 85' lang='lat' dir='ltr'>ingenitus,</span> <span class='ocrx_word' id='word_1_125' title='bbox 785 690 1002 727; x_wconf 91' lang='lat' dir='ltr'>secundum</span> <span class='ocrx_word' id='word_1_126' title='bbox 1030 691 1137 739; x_wconf 91' lang='lat' dir='ltr'>quod</span> <span class='ocrx_word' id='word_1_127' title='bbox 1165 692 1202 739; x_wconf 93' lang='lat' dir='ltr'>ly</span> <span class='ocrx_word' id='word_1_128' title='bbox 1229 692 1341 727; x_wconf 89' lang='lat' dir='ltr'>homo</span> 
     </span>
    </p>
   </div>
   <div class='ocr_carea' id='block_1_10' title="bbox 959 784 1787 818">
    <p class='ocr_par' dir='ltr' id='par_1_10' title="bbox 959 784 1787 818">
     <span class='ocr_line' id='line_1_22' title="bbox 959 784 1787 818; baseline 0 0"><span class='ocrx_word' id='word_1_129' title='bbox 959 785 1291 818; x_wconf 77' lang='lat' dir='ltr'>Commentaria.</span> <span class='ocrx_word' id='word_1_130' title='bbox 1315 784 1565 818; x_wconf 80' lang='lat' dir='ltr'>Cardinalis</span> <span class='ocrx_word' id='word_1_131' title='bbox 1587 786 1787 818; x_wconf 76' lang='lat' dir='ltr'>Caietam</span> 
     </span>
    </p>
   </div>
   <div class='ocr_carea' id='block_1_11' title="bbox 280 864 1354 3585">
    <p class='ocr_par' dir='ltr' id='par_1_11' title="bbox 280 864 1351 1960">
     <span class='ocr_line' id='line_1_23' title="bbox 341 864 1344 904; baseline -0.004 -6"><span class='ocrx_word' id='word_1_132' title='bbox 341 877 448 898; x_wconf 75' lang='lat' dir='ltr'>rrums</span> <span class='ocrx_word' id='word_1_133' title='bbox 471 866 594 897; x_wconf 83' lang='lat' dir='ltr'>articuli</span> <span class='ocrx_word' id='word_1_134' title='bbox 617 875 655 896; x_wconf 82' lang='lat' dir='ltr'>ex</span> <span class='ocrx_word' id='word_1_135' title='bbox 677 866 741 895; x_wconf 89' lang='lat' dir='ltr'>iam</span> <span class='ocrx_word' id='word_1_136' title='bbox 764 866 780 882; x_wconf 69' lang='lat'>³*</span> <span class='ocrx_word' id='word_1_137' title='bbox 810 864 900 895; x_wconf 91' lang='lat' dir='ltr'>dictis</span> <span class='ocrx_word' id='word_1_138' title='bbox 930 870 1029 904; x_wconf 88' lang='lat' dir='ltr'>patet:</span> <span class='ocrx_word' id='word_1_139' title='bbox 1057 864 1281 904; x_wconf 87' lang='lat' dir='ltr'>intelligendus</span> <span class='ocrx_word' id='word_1_140' title='bbox 1305 864 1344 894; x_wconf 90' lang='lat' dir='ltr'>de</span> 
     </span>
     <span class='ocr_line' id='line_1_24' title="bbox 284 879 1344 951; baseline -0.004 -10"><span class='ocrx_word' id='word_1_141' title='bbox 284 879 485 951; x_wconf 85' lang='lat' dir='ltr'>Tpersonis</span> <span class='ocrx_word' id='word_1_142' title='bbox 501 910 614 940; x_wconf 89' lang='lat' dir='ltr'>divinis</span> <span class='ocrx_word' id='word_1_143' title='bbox 636 907 814 939; x_wconf 89' lang='lat' dir='ltr'>secundum</span> <span class='ocrx_word' id='word_1_144' title='bbox 836 918 907 938; x_wconf 90' lang='lat' dir='ltr'>suas</span> <span class='ocrx_word' id='word_1_145' title='bbox 930 909 1168 948; x_wconf 85' lang='lat' dir='ltr'>personalitates</span> <span class='ocrx_word' id='word_1_146' title='bbox 1191 909 1344 947; x_wconf 91' lang='lat' dir='ltr'>proprias,</span> 
     </span>
     <span class='ocr_line' id='line_1_25' title="bbox 281 951 1346 993; baseline -0.005 -7"><span class='ocrx_word' id='word_1_147' title='bbox 281 960 318 986; x_wconf 91' lang='lat' dir='ltr'>ut</span> <span class='ocrx_word' id='word_1_148' title='bbox 340 956 378 985; x_wconf 93' lang='lat' dir='ltr'>ab</span> <span class='ocrx_word' id='word_1_149' title='bbox 402 955 540 985; x_wconf 88' lang='lat' dir='ltr'>invicem</span> <span class='ocrx_word' id='word_1_150' title='bbox 569 953 814 993; x_wconf 87' lang='lat' dir='ltr'>distinguuntur.</span> <span class='ocrx_word' id='word_1_151' title='bbox 850 953 959 982; x_wconf 87' lang='lat' dir='ltr'>Potest</span> <span class='ocrx_word' id='word_1_152' title='bbox 989 952 1148 991; x_wconf 89' lang='lat' dir='ltr'>siquidem</span> <span class='ocrx_word' id='word_1_153' title='bbox 1178 951 1346 991; x_wconf 86' lang='lat' dir='ltr'>dupliciter</span> 
     </span>
     <span class='ocr_line' id='line_1_26' title="bbox 281 996 1346 1039; baseline -0.004 -10"><span class='ocrx_word' id='word_1_154' title='bbox 281 998 415 1039; x_wconf 86' lang='lat' dir='ltr'>intelligi</span> <span class='ocrx_word' id='word_1_155' title='bbox 438 1007 479 1029; x_wconf 90' lang='lat' dir='ltr'>an</span> <span class='ocrx_word' id='word_1_156' title='bbox 500 998 607 1038; x_wconf 90' lang='lat' dir='ltr'>plures</span> <span class='ocrx_word' id='word_1_157' title='bbox 630 1006 786 1038; x_wconf 85' lang='lat' dir='ltr'>personae</span> <span class='ocrx_word' id='word_1_158' title='bbox 810 996 934 1026; x_wconf 87' lang='lat' dir='ltr'>divinae</span> <span class='ocrx_word' id='word_1_159' title='bbox 958 997 1081 1036; x_wconf 87' lang='lat' dir='ltr'>possint</span> <span class='ocrx_word' id='word_1_160' title='bbox 1103 1005 1201 1026; x_wconf 90' lang='lat' dir='ltr'>unam</span> <span class='ocrx_word' id='word_1_161' title='bbox 1226 1001 1256 1025; x_wconf 91' lang='lat' dir='ltr'>et</span> <span class='ocrx_word' id='word_1_162' title='bbox 1273 1005 1346 1025; x_wconf 87' lang='lat' dir='ltr'>ean-</span> 
     </span>
     <span class='ocr_line' id='line_1_27' title="bbox 282 1039 1347 1080; baseline -0.004 -7"><span class='ocrx_word' id='word_1_163' title='bbox 282 1043 356 1073; x_wconf 91' lang='lat' dir='ltr'>dem</span> <span class='ocrx_word' id='word_1_164' title='bbox 378 1048 525 1073; x_wconf 87' lang='lat' dir='ltr'>naturam</span> <span class='ocrx_word' id='word_1_165' title='bbox 549 1051 717 1071; x_wconf 89' lang='lat' dir='ltr'>assumere.</span> <span class='ocrx_word' id='word_1_166' title='bbox 750 1041 868 1076; x_wconf 86' lang='lat' dir='ltr'>Primo,</span> <span class='ocrx_word' id='word_1_167' title='bbox 891 1039 1057 1080; x_wconf 90' lang='lat' dir='ltr'>loquendo</span> <span class='ocrx_word' id='word_1_168' title='bbox 1082 1039 1121 1069; x_wconf 90' lang='lat' dir='ltr'>de</span> <span class='ocrx_word' id='word_1_169' title='bbox 1144 1040 1288 1079; x_wconf 89' lang='lat' dir='ltr'>personis</span> <span class='ocrx_word' id='word_1_170' title='bbox 1312 1045 1347 1069; x_wconf 88' lang='lat' dir='ltr'>ut</span> 
     </span>
     <span class='ocr_line' id='line_1_28' title="bbox 281 1083 1347 1123; baseline -0.004 -6"><span class='ocrx_word' id='word_1_171' title='bbox 281 1087 479 1117; x_wconf 89' lang='lat' dir='ltr'>conveniunt</span> <span class='ocrx_word' id='word_1_172' title='bbox 501 1087 535 1116; x_wconf 89' lang='lat' dir='ltr'>in</span> <span class='ocrx_word' id='word_1_173' title='bbox 557 1091 670 1115; x_wconf 89' lang='lat' dir='ltr'>natura</span> <span class='ocrx_word' id='word_1_174' title='bbox 685 1085 801 1120; x_wconf 90' lang='lat' dir='ltr'>divina,</span> <span class='ocrx_word' id='word_1_175' title='bbox 818 1085 882 1114; x_wconf 91' lang='lat' dir='ltr'>hoc</span> <span class='ocrx_word' id='word_1_176' title='bbox 898 1089 954 1119; x_wconf 85' lang='lat' dir='ltr'>est,</span> <span class='ocrx_word' id='word_1_177' title='bbox 971 1083 1150 1114; x_wconf 90' lang='lat' dir='ltr'>secundum</span> <span class='ocrx_word' id='word_1_178' title='bbox 1167 1083 1257 1123; x_wconf 92' lang='lat' dir='ltr'>quod</span> <span class='ocrx_word' id='word_1_179' title='bbox 1272 1089 1347 1113; x_wconf 91' lang='lat' dir='ltr'>sunt</span> 
     </span>
     <span class='ocr_line' id='line_1_29' title="bbox 280 1127 1347 1168; baseline -0.005 -7"><span class='ocrx_word' id='word_1_180' title='bbox 280 1139 365 1162; x_wconf 86' lang='lat' dir='ltr'>unus</span> <span class='ocrx_word' id='word_1_181' title='bbox 387 1131 485 1161; x_wconf 91' lang='lat' dir='ltr'>Deus.</span> <span class='ocrx_word' id='word_1_182' title='bbox 514 1130 555 1159; x_wconf 87' lang='lat' dir='ltr'>Et</span> <span class='ocrx_word' id='word_1_183' title='bbox 577 1130 610 1159; x_wconf 94' lang='lat' dir='ltr'>in</span> <span class='ocrx_word' id='word_1_184' title='bbox 633 1129 696 1159; x_wconf 93' lang='lat' dir='ltr'>hoc</span> <span class='ocrx_word' id='word_1_185' title='bbox 719 1138 814 1159; x_wconf 89' lang='lat' dir='ltr'>sensu</span> <span class='ocrx_word' id='word_1_186' title='bbox 838 1128 981 1168; x_wconf 87' lang='lat' dir='ltr'>quaestio</span> <span class='ocrx_word' id='word_1_187' title='bbox 1006 1128 1151 1167; x_wconf 89' lang='lat' dir='ltr'>superius</span> <span class='ocrx_word' id='word_1_188' title='bbox 1166 1129 1182 1144; x_wconf 67' lang='lat'>³*</span> <span class='ocrx_word' id='word_1_189' title='bbox 1207 1127 1347 1157; x_wconf 89' lang='lat' dir='ltr'>discussa</span> 
     </span>
     <span class='ocr_line' id='line_1_30' title="bbox 283 1171 1346 1212; baseline -0.004 -7"><span class='ocrx_word' id='word_1_190' title='bbox 283 1180 344 1205; x_wconf 92' lang='lat' dir='ltr'>est:</span> <span class='ocrx_word' id='word_1_191' title='bbox 371 1179 402 1205; x_wconf 86' lang='lat' dir='ltr'>et</span> <span class='ocrx_word' id='word_1_192' title='bbox 423 1175 475 1204; x_wconf 92' lang='lat' dir='ltr'>hic</span> <span class='ocrx_word' id='word_1_193' title='bbox 498 1183 566 1204; x_wconf 91' lang='lat' dir='ltr'>non</span> <span class='ocrx_word' id='word_1_194' title='bbox 590 1173 760 1212; x_wconf 91' lang='lat' dir='ltr'>quaeritur.</span> <span class='ocrx_word' id='word_1_195' title='bbox 783 1190 807 1194; x_wconf 92' lang='lat'><em>-</em></span> <span class='ocrx_word' id='word_1_196' title='bbox 829 1171 997 1207; x_wconf 81' lang='lat' dir='ltr'>Secunde,</span> <span class='ocrx_word' id='word_1_197' title='bbox 1021 1171 1187 1211; x_wconf 91' lang='lat' dir='ltr'>loquendo</span> <span class='ocrx_word' id='word_1_198' title='bbox 1212 1171 1251 1201; x_wconf 90' lang='lat' dir='ltr'>de</span> <span class='ocrx_word' id='word_1_199' title='bbox 1274 1181 1346 1211; x_wconf 91' lang='lat' dir='ltr'>per-</span> 
     </span>
     <span class='ocr_line' id='line_1_31' title="bbox 281 1215 1345 1256; baseline -0.004 -7"><span class='ocrx_word' id='word_1_200' title='bbox 281 1220 368 1249; x_wconf 90' lang='lat' dir='ltr'>sonis</span> <span class='ocrx_word' id='word_1_201' title='bbox 379 1223 423 1253; x_wconf 43' lang='lat' dir='ltr'>,ut</span> <span class='ocrx_word' id='word_1_202' title='bbox 439 1219 476 1248; x_wconf 92' lang='lat' dir='ltr'>ab</span> <span class='ocrx_word' id='word_1_203' title='bbox 493 1218 631 1247; x_wconf 85' lang='lat' dir='ltr'>invicem</span> <span class='ocrx_word' id='word_1_204' title='bbox 645 1217 783 1256; x_wconf 91' lang='lat' dir='ltr'>propriis</span> <span class='ocrx_word' id='word_1_205' title='bbox 797 1215 1075 1256; x_wconf 84' lang='lat' dir='ltr'>personalitatibus</span> <span class='ocrx_word' id='word_1_206' title='bbox 1092 1215 1345 1255; x_wconf 87' lang='lat' dir='ltr'>distinguuntur:</span> 
     </span>
     <span class='ocr_line' id='line_1_32' title="bbox 281 1259 1346 1302; baseline -0.003 -10"><span class='ocrx_word' id='word_1_207' title='bbox 281 1263 324 1292; x_wconf 89' lang='lat' dir='ltr'>ita</span> <span class='ocrx_word' id='word_1_208' title='bbox 347 1261 437 1302; x_wconf 91' lang='lat' dir='ltr'>quod</span> <span class='ocrx_word' id='word_1_209' title='bbox 461 1261 621 1301; x_wconf 89' lang='lat' dir='ltr'>quaelibet</span> <span class='ocrx_word' id='word_1_210' title='bbox 643 1269 781 1300; x_wconf 89' lang='lat' dir='ltr'>persona</span> <span class='ocrx_word' id='word_1_211' title='bbox 803 1260 904 1290; x_wconf 87' lang='lat' dir='ltr'>trahat</span> <span class='ocrx_word' id='word_1_212' title='bbox 926 1265 1072 1289; x_wconf 91' lang='lat' dir='ltr'>naturam</span> <span class='ocrx_word' id='word_1_213' title='bbox 1088 1259 1175 1289; x_wconf 90' lang='lat' dir='ltr'>illam</span> <span class='ocrx_word' id='word_1_214' title='bbox 1198 1259 1237 1290; x_wconf 89' lang='lat' dir='ltr'>ad</span> <span class='ocrx_word' id='word_1_215' title='bbox 1256 1269 1346 1289; x_wconf 92' lang='lat' dir='ltr'>suam</span> 
     </span>
     <span class='ocr_line' id='line_1_33' title="bbox 280 1303 1347 1347; baseline -0.003 -11"><span class='ocrx_word' id='word_1_216' title='bbox 280 1307 444 1347; x_wconf 89' lang='lat' dir='ltr'>propriam</span> <span class='ocrx_word' id='word_1_217' title='bbox 467 1304 725 1346; x_wconf 88' lang='lat' dir='ltr'>personalitatem</span> <span class='ocrx_word' id='word_1_218' title='bbox 748 1305 792 1334; x_wconf 92' lang='lat' dir='ltr'>sic</span> <span class='ocrx_word' id='word_1_219' title='bbox 815 1309 852 1334; x_wconf 89' lang='lat' dir='ltr'>ut</span> <span class='ocrx_word' id='word_1_220' title='bbox 873 1313 941 1334; x_wconf 91' lang='lat' dir='ltr'>non</span> <span class='ocrx_word' id='word_1_221' title='bbox 964 1309 1154 1343; x_wconf 90' lang='lat' dir='ltr'>personetur</span> <span class='ocrx_word' id='word_1_222' title='bbox 1177 1304 1210 1333; x_wconf 93' lang='lat' dir='ltr'>in</span> <span class='ocrx_word' id='word_1_223' title='bbox 1226 1303 1286 1333; x_wconf 92' lang='lat' dir='ltr'>alia</span> <span class='ocrx_word' id='word_1_224' title='bbox 1309 1313 1347 1333; x_wconf 93' lang='lat' dir='ltr'>ex</span> 
     </span>
     <span class='ocr_line' id='line_1_34' title="bbox 280 1347 1348 1390; baseline -0.004 -9"><span class='ocrx_word' id='word_1_225' title='bbox 280 1351 344 1381; x_wconf 87' lang='lat' dir='ltr'>hoc</span> <span class='ocrx_word' id='word_1_226' title='bbox 368 1349 458 1390; x_wconf 92' lang='lat' dir='ltr'>quod</span> <span class='ocrx_word' id='word_1_227' title='bbox 480 1354 669 1389; x_wconf 89' lang='lat' dir='ltr'>personatur</span> <span class='ocrx_word' id='word_1_228' title='bbox 690 1349 724 1378; x_wconf 90' lang='lat' dir='ltr'>in</span> <span class='ocrx_word' id='word_1_229' title='bbox 747 1357 821 1383; x_wconf 91' lang='lat' dir='ltr'>una,</span> <span class='ocrx_word' id='word_1_230' title='bbox 847 1353 878 1377; x_wconf 92' lang='lat' dir='ltr'>et</span> <span class='ocrx_word' id='word_1_231' title='bbox 901 1357 918 1377; x_wconf 91' lang='lat' dir='ltr'>e</span> <span class='ocrx_word' id='word_1_232' title='bbox 935 1353 1054 1383; x_wconf 87' lang='lat' dir='ltr'>contra,</span> <span class='ocrx_word' id='word_1_233' title='bbox 1080 1347 1135 1377; x_wconf 92' lang='lat' dir='ltr'>sed</span> <span class='ocrx_word' id='word_1_234' title='bbox 1158 1352 1348 1387; x_wconf 88' lang='lat' dir='ltr'>personetur</span> 
     </span>
     <span class='ocr_line' id='line_1_35' title="bbox 281 1391 1346 1432; baseline -0.003 -8"><span class='ocrx_word' id='word_1_235' title='bbox 281 1394 315 1424; x_wconf 89' lang='lat' dir='ltr'>in</span> <span class='ocrx_word' id='word_1_236' title='bbox 338 1404 402 1424; x_wconf 88' lang='lat' dir='ltr'>una</span> <span class='ocrx_word' id='word_1_237' title='bbox 425 1399 461 1423; x_wconf 93' lang='lat' dir='ltr'>ut</span> <span class='ocrx_word' id='word_1_238' title='bbox 483 1393 686 1432; x_wconf 83' lang='lat' dir='ltr'>distinguitur</span> <span class='ocrx_word' id='word_1_239' title='bbox 709 1393 747 1422; x_wconf 92' lang='lat' dir='ltr'>ab</span> <span class='ocrx_word' id='word_1_240' title='bbox 764 1392 833 1422; x_wconf 88' lang='lat' dir='ltr'>alia.</span> <span class='ocrx_word' id='word_1_241' title='bbox 858 1392 960 1422; x_wconf 89' lang='lat' dir='ltr'>Cuius</span> <span class='ocrx_word' id='word_1_242' title='bbox 977 1392 1164 1432; x_wconf 89' lang='lat' dir='ltr'>oppositum</span> <span class='ocrx_word' id='word_1_243' title='bbox 1181 1391 1346 1427; x_wconf 81' lang='lat' dir='ltr'>accideret,</span> 
     </span>
     <span class='ocr_line' id='line_1_36' title="bbox 281 1435 1348 1477; baseline -0.003 -9"><span class='ocrx_word' id='word_1_244' title='bbox 281 1439 308 1468; x_wconf 87' lang='lat' dir='ltr'>si</span> <span class='ocrx_word' id='word_1_245' title='bbox 325 1438 377 1468; x_wconf 88' lang='lat' dir='ltr'>hic</span> <span class='ocrx_word' id='word_1_246' title='bbox 391 1437 480 1467; x_wconf 84' lang='lat' dir='ltr'>Deus</span> <span class='ocrx_word' id='word_1_247' title='bbox 495 1437 600 1477; x_wconf 87' lang='lat' dir='ltr'>primo</span> <span class='ocrx_word' id='word_1_248' title='bbox 616 1437 796 1466; x_wconf 89' lang='lat' dir='ltr'>incarnatus</span> <span class='ocrx_word' id='word_1_249' title='bbox 813 1441 910 1466; x_wconf 91' lang='lat' dir='ltr'>esset:</span> <span class='ocrx_word' id='word_1_250' title='bbox 936 1437 1092 1476; x_wconf 90' lang='lat' dir='ltr'>quoniam</span> <span class='ocrx_word' id='word_1_251' title='bbox 1107 1445 1172 1466; x_wconf 87' lang='lat' dir='ltr'>una</span> <span class='ocrx_word' id='word_1_252' title='bbox 1188 1441 1219 1465; x_wconf 90' lang='lat' dir='ltr'>et</span> <span class='ocrx_word' id='word_1_253' title='bbox 1235 1435 1348 1465; x_wconf 89' lang='lat' dir='ltr'>eadem</span> 
     </span>
     <span class='ocr_line' id='line_1_37' title="bbox 281 1479 1347 1522; baseline -0.003 -10"><span class='ocrx_word' id='word_1_254' title='bbox 281 1482 403 1512; x_wconf 88' lang='lat' dir='ltr'>ratione</span> <span class='ocrx_word' id='word_1_255' title='bbox 420 1481 579 1522; x_wconf 89' lang='lat' dir='ltr'>quaelibet</span> <span class='ocrx_word' id='word_1_256' title='bbox 594 1489 731 1520; x_wconf 90' lang='lat' dir='ltr'>persona</span> <span class='ocrx_word' id='word_1_257' title='bbox 743 1479 900 1510; x_wconf 89' lang='lat' dir='ltr'>diceretur</span> <span class='ocrx_word' id='word_1_258' title='bbox 910 1480 1080 1515; x_wconf 87' lang='lat' dir='ltr'>incarnata,</span> <span class='ocrx_word' id='word_1_259' title='bbox 1095 1480 1214 1510; x_wconf 87' lang='lat' dir='ltr'>scilicet</span> <span class='ocrx_word' id='word_1_260' title='bbox 1225 1480 1347 1509; x_wconf 90' lang='lat' dir='ltr'>ratione</span> 
     </span>
     <span class='ocr_line' id='line_1_38' title="bbox 281 1524 1348 1563; baseline -0.003 -7"><span class='ocrx_word' id='word_1_261' title='bbox 281 1525 437 1556; x_wconf 88' lang='lat' dir='ltr'>individui</span> <span class='ocrx_word' id='word_1_262' title='bbox 459 1530 600 1555; x_wconf 89' lang='lat' dir='ltr'>naturae.</span> <span class='ocrx_word' id='word_1_263' title='bbox 625 1525 676 1560; x_wconf 88' lang='lat' dir='ltr'>Et,</span> <span class='ocrx_word' id='word_1_264' title='bbox 696 1530 732 1554; x_wconf 89' lang='lat' dir='ltr'>ut</span> <span class='ocrx_word' id='word_1_265' title='bbox 747 1525 844 1554; x_wconf 90' lang='lat' dir='ltr'>unico</span> <span class='ocrx_word' id='word_1_266' title='bbox 860 1525 959 1554; x_wconf 88' lang='lat' dir='ltr'>verbo</span> <span class='ocrx_word' id='word_1_267' title='bbox 979 1524 1111 1559; x_wconf 86' lang='lat' dir='ltr'>dicatur,</span> <span class='ocrx_word' id='word_1_268' title='bbox 1132 1524 1276 1563; x_wconf 85' lang='lat' dir='ltr'>quaestio</span> <span class='ocrx_word' id='word_1_269' title='bbox 1296 1524 1348 1553; x_wconf 90' lang='lat' dir='ltr'>hic</span> 
     </span>
     <span class='ocr_line' id='line_1_39' title="bbox 284 1569 1348 1609; baseline -0.003 -9"><span class='ocrx_word' id='word_1_270' title='bbox 284 1575 340 1606; x_wconf 89' lang='lat' dir='ltr'>est,</span> <span class='ocrx_word' id='word_1_271' title='bbox 356 1579 397 1600; x_wconf 86' lang='lat' dir='ltr'>an</span> <span class='ocrx_word' id='word_1_272' title='bbox 412 1569 519 1609; x_wconf 92' lang='lat' dir='ltr'>plures</span> <span class='ocrx_word' id='word_1_273' title='bbox 542 1577 697 1608; x_wconf 89' lang='lat' dir='ltr'>personae</span> <span class='ocrx_word' id='word_1_274' title='bbox 720 1569 844 1607; x_wconf 88' lang='lat' dir='ltr'>possint</span> <span class='ocrx_word' id='word_1_275' title='bbox 866 1577 964 1598; x_wconf 86' lang='lat' dir='ltr'>unam</span> <span class='ocrx_word' id='word_1_276' title='bbox 986 1577 1123 1598; x_wconf 90' lang='lat' dir='ltr'>numero</span> <span class='ocrx_word' id='word_1_277' title='bbox 1139 1573 1285 1597; x_wconf 89' lang='lat' dir='ltr'>naturam</span> <span class='ocrx_word' id='word_1_278' title='bbox 1301 1577 1348 1597; x_wconf 90' lang='lat' dir='ltr'>as-</span> 
     </span>
     <span class='ocr_line' id='line_1_40' title="bbox 283 1611 1348 1652; baseline -0.003 -8"><span class='ocrx_word' id='word_1_279' title='bbox 283 1623 410 1644; x_wconf 88' lang='lat' dir='ltr'>sumere</span> <span class='ocrx_word' id='word_1_280' title='bbox 433 1618 469 1643; x_wconf 93' lang='lat' dir='ltr'>ut</span> <span class='ocrx_word' id='word_1_281' title='bbox 490 1622 548 1652; x_wconf 87' lang='lat' dir='ltr'>per</span> <span class='ocrx_word' id='word_1_282' title='bbox 570 1622 603 1642; x_wconf 92' lang='lat' dir='ltr'>se</span> <span class='ocrx_word' id='word_1_283' title='bbox 626 1613 731 1652; x_wconf 91' lang='lat' dir='ltr'>primo</span> <span class='ocrx_word' id='word_1_284' title='bbox 756 1611 870 1642; x_wconf 90' lang='lat' dir='ltr'>diversi</span> <span class='ocrx_word' id='word_1_285' title='bbox 885 1613 1013 1642; x_wconf 88' lang='lat' dir='ltr'>termini</span> <span class='ocrx_word' id='word_1_286' title='bbox 1036 1612 1271 1651; x_wconf 89' lang='lat' dir='ltr'>assumptionis.</span> <span class='ocrx_word' id='word_1_287' title='bbox 1297 1611 1348 1641; x_wconf 90' lang='lat' dir='ltr'>Sic</span> 
     </span>
     <span class='ocr_line' id='line_1_41' title="bbox 285 1655 1349 1696; baseline -0.003 -8"><span class='ocrx_word' id='word_1_288' title='bbox 285 1658 370 1688; x_wconf 91' lang='lat' dir='ltr'>enim</span> <span class='ocrx_word' id='word_1_289' title='bbox 393 1667 461 1688; x_wconf 92' lang='lat' dir='ltr'>non</span> <span class='ocrx_word' id='word_1_290' title='bbox 485 1656 644 1696; x_wconf 88' lang='lat' dir='ltr'>quaelibet</span> <span class='ocrx_word' id='word_1_291' title='bbox 665 1665 803 1696; x_wconf 88' lang='lat' dir='ltr'>persona</span> <span class='ocrx_word' id='word_1_292' title='bbox 818 1655 933 1692; x_wconf 86' lang='lat' dir='ltr'>divina,</span> <span class='ocrx_word' id='word_1_293' title='bbox 958 1655 1013 1686; x_wconf 91' lang='lat' dir='ltr'>sed</span> <span class='ocrx_word' id='word_1_294' title='bbox 1037 1656 1198 1695; x_wconf 87' lang='lat' dir='ltr'>quaelibet</span> <span class='ocrx_word' id='word_1_295' title='bbox 1212 1665 1349 1695; x_wconf 88' lang='lat' dir='ltr'>persona</span> 
     </span>
     <span class='ocr_line' id='line_1_42' title="bbox 285 1700 1348 1739; baseline -0.003 -7"><span class='ocrx_word' id='word_1_296' title='bbox 285 1701 390 1732; x_wconf 87' lang='lat' dir='ltr'>divina</span> <span class='ocrx_word' id='word_1_297' title='bbox 406 1709 591 1736; x_wconf 84' lang='lat' dir='ltr'>assumens,</span> <span class='ocrx_word' id='word_1_298' title='bbox 614 1709 672 1739; x_wconf 91' lang='lat' dir='ltr'>per</span> <span class='ocrx_word' id='word_1_299' title='bbox 694 1709 727 1729; x_wconf 90' lang='lat' dir='ltr'>se</span> <span class='ocrx_word' id='word_1_300' title='bbox 749 1700 855 1739; x_wconf 88' lang='lat' dir='ltr'>primo</span> <span class='ocrx_word' id='word_1_301' title='bbox 879 1701 1062 1730; x_wconf 87' lang='lat' dir='ltr'>terminaret</span> <span class='ocrx_word' id='word_1_302' title='bbox 1084 1700 1348 1739; x_wconf 89' lang='lat' dir='ltr'>assumptionem.</span> 
     </span>
     <span class='ocr_line' id='line_1_43' title="bbox 284 1743 1349 1783; baseline -0.004 -7"><span class='ocrx_word' id='word_1_303' title='bbox 284 1745 326 1776; x_wconf 92' lang='lat' dir='ltr'>Et</span> <span class='ocrx_word' id='word_1_304' title='bbox 355 1745 395 1775; x_wconf 91' lang='lat' dir='ltr'>ad</span> <span class='ocrx_word' id='word_1_305' title='bbox 417 1745 480 1775; x_wconf 90' lang='lat' dir='ltr'>hoc</span> <span class='ocrx_word' id='word_1_306' title='bbox 504 1743 740 1779; x_wconf 88' lang='lat' dir='ltr'>denotandum,</span> <span class='ocrx_word' id='word_1_307' title='bbox 771 1744 895 1774; x_wconf 90' lang='lat' dir='ltr'>Auctor</span> <span class='ocrx_word' id='word_1_308' title='bbox 923 1753 991 1773; x_wconf 94' lang='lat' dir='ltr'>non</span> <span class='ocrx_word' id='word_1_309' title='bbox 1020 1744 1143 1783; x_wconf 89' lang='lat' dir='ltr'>quaerit</span> <span class='ocrx_word' id='word_1_310' title='bbox 1173 1753 1213 1772; x_wconf 92' lang='lat' dir='ltr'>an</span> <span class='ocrx_word' id='word_1_311' title='bbox 1237 1752 1349 1772; x_wconf 90' lang='lat' dir='ltr'>omnes</span> 
     </span>
     <span class='ocr_line' id='line_1_44' title="bbox 284 1787 1350 1829; baseline -0.003 -10"><span class='ocrx_word' id='word_1_312' title='bbox 284 1798 441 1829; x_wconf 89' lang='lat' dir='ltr'>personae</span> <span class='ocrx_word' id='word_1_313' title='bbox 464 1788 588 1818; x_wconf 88' lang='lat' dir='ltr'>divinae</span> <span class='ocrx_word' id='word_1_314' title='bbox 612 1788 736 1826; x_wconf 90' lang='lat' dir='ltr'>possint</span> <span class='ocrx_word' id='word_1_315' title='bbox 758 1797 935 1823; x_wconf 85' lang='lat' dir='ltr'>assumere,</span> <span class='ocrx_word' id='word_1_316' title='bbox 960 1787 1031 1822; x_wconf 93' lang='lat' dir='ltr'>sed,</span> <span class='ocrx_word' id='word_1_317' title='bbox 1056 1797 1095 1817; x_wconf 87' lang='lat' dir='ltr'>an</span> <span class='ocrx_word' id='word_1_318' title='bbox 1120 1787 1223 1817; x_wconf 88' lang='lat' dir='ltr'>duae:</span> <span class='ocrx_word' id='word_1_319' title='bbox 1253 1792 1289 1816; x_wconf 91' lang='lat' dir='ltr'>ut</span> <span class='ocrx_word' id='word_1_320' title='bbox 1312 1795 1350 1816; x_wconf 89' lang='lat' dir='ltr'>ex</span> 
     </span>
     <span class='ocr_line' id='line_1_45' title="bbox 285 1831 1350 1871; baseline -0.004 -8"><span class='ocrx_word' id='word_1_321' title='bbox 285 1833 435 1863; x_wconf 88' lang='lat' dir='ltr'>dualitate</span> <span class='ocrx_word' id='word_1_322' title='bbox 465 1832 621 1870; x_wconf 88' lang='lat' dir='ltr'>intelligas</span> <span class='ocrx_word' id='word_1_323' title='bbox 652 1831 742 1871; x_wconf 91' lang='lat' dir='ltr'>quod</span> <span class='ocrx_word' id='word_1_324' title='bbox 771 1840 838 1860; x_wconf 90' lang='lat' dir='ltr'>non</span> <span class='ocrx_word' id='word_1_325' title='bbox 862 1837 908 1860; x_wconf 91' lang='lat' dir='ltr'>est</span> <span class='ocrx_word' id='word_1_326' title='bbox 935 1840 1040 1861; x_wconf 91' lang='lat' dir='ltr'>sermo</span> <span class='ocrx_word' id='word_1_327' title='bbox 1072 1831 1110 1861; x_wconf 93' lang='lat' dir='ltr'>de</span> <span class='ocrx_word' id='word_1_328' title='bbox 1140 1831 1285 1870; x_wconf 89' lang='lat' dir='ltr'>personis</span> <span class='ocrx_word' id='word_1_329' title='bbox 1315 1836 1350 1860; x_wconf 91' lang='lat' dir='ltr'>ut</span> 
     </span>
     <span class='ocr_line' id='line_1_46' title="bbox 285 1874 1351 1915; baseline -0.003 -8"><span class='ocrx_word' id='word_1_330' title='bbox 285 1877 499 1911; x_wconf 89' lang='lat' dir='ltr'>conveniunt,</span> <span class='ocrx_word' id='word_1_331' title='bbox 524 1875 579 1905; x_wconf 92' lang='lat' dir='ltr'>sed</span> <span class='ocrx_word' id='word_1_332' title='bbox 601 1880 637 1905; x_wconf 92' lang='lat' dir='ltr'>ut</span> <span class='ocrx_word' id='word_1_333' title='bbox 660 1875 914 1914; x_wconf 87' lang='lat' dir='ltr'>distinguuntur;</span> <span class='ocrx_word' id='word_1_334' title='bbox 946 1884 982 1904; x_wconf 90' lang='lat' dir='ltr'>ac</span> <span class='ocrx_word' id='word_1_335' title='bbox 1005 1884 1063 1915; x_wconf 94' lang='lat' dir='ltr'>per</span> <span class='ocrx_word' id='word_1_336' title='bbox 1085 1875 1165 1910; x_wconf 93' lang='lat' dir='ltr'>hoc,</span> <span class='ocrx_word' id='word_1_337' title='bbox 1190 1874 1351 1914; x_wconf 85' lang='lat' dir='ltr'>quaelibet</span> 
     </span>
     <span class='ocr_line' id='line_1_47' title="bbox 284 1919 1025 1960; baseline -0.004 -9"><span class='ocrx_word' id='word_1_338' title='bbox 284 1921 324 1951; x_wconf 90' lang='lat' dir='ltr'>sit</span> <span class='ocrx_word' id='word_1_339' title='bbox 345 1930 404 1960; x_wconf 91' lang='lat' dir='ltr'>per</span> <span class='ocrx_word' id='word_1_340' title='bbox 426 1930 459 1950; x_wconf 89' lang='lat' dir='ltr'>se</span> <span class='ocrx_word' id='word_1_341' title='bbox 482 1919 588 1959; x_wconf 89' lang='lat' dir='ltr'>primo</span> <span class='ocrx_word' id='word_1_342' title='bbox 611 1919 766 1949; x_wconf 88' lang='lat' dir='ltr'>terminus</span> <span class='ocrx_word' id='word_1_343' title='bbox 789 1919 1025 1958; x_wconf 85' lang='lat' dir='ltr'>assumptionis.</span> 
     </span>
    </p>

    <p class='ocr_par' dir='ltr' id='par_1_12' title="bbox 280 1962 1353 2182">
     <span class='ocr_line' id='line_1_48' title="bbox 340 1962 1351 2003; baseline -0.002 -9"><span class='ocrx_word' id='word_1_344' title='bbox 340 1964 376 1994; x_wconf 88' lang='grc' dir='ltr'>ΙΙ.</span> <span class='ocrx_word' id='word_1_345' title='bbox 402 1964 437 1994; x_wconf 89' lang='lat' dir='ltr'>In</span> <span class='ocrx_word' id='word_1_346' title='bbox 461 1972 596 2003; x_wconf 86' lang='lat' dir='ltr'>corpore</span> <span class='ocrx_word' id='word_1_347' title='bbox 619 1963 742 1993; x_wconf 87' lang='lat' dir='ltr'>articuli</span> <span class='ocrx_word' id='word_1_348' title='bbox 771 1968 845 1992; x_wconf 88' lang='lat' dir='ltr'>sunt</span> <span class='ocrx_word' id='word_1_349' title='bbox 873 1962 954 1992; x_wconf 87' lang='lat' dir='ltr'>duae</span> <span class='ocrx_word' id='word_1_350' title='bbox 978 1962 1211 1993; x_wconf 61' lang='lat' dir='ltr'>conclusiones</span> <span class='ocrx_word' id='word_1_351' title='bbox 1246 1962 1351 1992; x_wconf 88' lang='lat' dir='ltr'>Prima</span> 
     </span>
     <span class='ocr_line' id='line_1_49' title="bbox 285 2006 1352 2047; baseline -0.003 -8"><span class='ocrx_word' id='word_1_352' title='bbox 285 2014 348 2039; x_wconf 86' lang='lat' dir='ltr'>est:</span> <span class='ocrx_word' id='word_1_353' title='bbox 373 2008 448 2038; x_wconf 92' lang='lat' dir='ltr'>Non</span> <span class='ocrx_word' id='word_1_354' title='bbox 473 2013 520 2038; x_wconf 84' lang='lat' dir='ltr'>est</span> <span class='ocrx_word' id='word_1_355' title='bbox 542 2007 733 2047; x_wconf 83' lang='lat' dir='ltr'>impossibile</span> <span class='ocrx_word' id='word_1_356' title='bbox 755 2006 873 2037; x_wconf 86' lang='lat' dir='ltr'>divinis</span> <span class='ocrx_word' id='word_1_357' title='bbox 889 2007 1041 2047; x_wconf 81' lang='lat' dir='ltr'>personis</span> <span class='ocrx_word' id='word_1_358' title='bbox 1065 2011 1100 2037; x_wconf 89' lang='lat' dir='ltr'>ut</span> <span class='ocrx_word' id='word_1_359' title='bbox 1122 2006 1206 2036; x_wconf 86' lang='lat' dir='ltr'>duae</span> <span class='ocrx_word' id='word_1_360' title='bbox 1221 2007 1271 2036; x_wconf 84' lang='lat' dir='ltr'>vel</span> <span class='ocrx_word' id='word_1_361' title='bbox 1287 2011 1352 2036; x_wconf 87' lang='lat' dir='ltr'>tres</span> 
     </span>
     <span class='ocr_line' id='line_1_50' title="bbox 285 2050 1353 2084; baseline -0.003 -1"><span class='ocrx_word' id='word_1_362' title='bbox 285 2057 453 2084; x_wconf 74' lang='lat' dir='ltr'>assumant</span> <span class='ocrx_word' id='word_1_363' title='bbox 475 2061 572 2082; x_wconf 89' lang='lat' dir='ltr'>unam</span> <span class='ocrx_word' id='word_1_364' title='bbox 589 2055 740 2081; x_wconf 89' lang='lat' dir='ltr'>naturam</span> <span class='ocrx_word' id='word_1_365' title='bbox 755 2051 940 2081; x_wconf 86' lang='lat' dir='ltr'>humanam.</span> <span class='ocrx_word' id='word_1_366' title='bbox 963 2069 986 2073; x_wconf 89' lang='lat'><em>-</em></span> <span class='ocrx_word' id='word_1_367' title='bbox 1009 2050 1156 2081; x_wconf 87' lang='lat' dir='ltr'>Secunda</span> <span class='ocrx_word' id='word_1_368' title='bbox 1171 2055 1235 2080; x_wconf 93' lang='lat' dir='ltr'>est:</span> <span class='ocrx_word' id='word_1_369' title='bbox 1258 2050 1353 2081; x_wconf 84' lang='lat' dir='ltr'>Esset</span> 
     </span>
     <span class='ocr_line' id='line_1_51' title="bbox 287 2095 1352 2136; baseline -0.003 -9"><span class='ocrx_word' id='word_1_370' title='bbox 287 2102 392 2127; x_wconf 87' lang='lat' dir='ltr'>tamen</span> <span class='ocrx_word' id='word_1_371' title='bbox 425 2095 616 2136; x_wconf 85' lang='lat' dir='ltr'>impossibile</span> <span class='ocrx_word' id='word_1_372' title='bbox 649 2100 684 2125; x_wconf 82' lang='lat' dir='ltr'>ut</span> <span class='ocrx_word' id='word_1_373' title='bbox 713 2100 913 2125; x_wconf 80' lang='lat' dir='ltr'>assumerent</span> <span class='ocrx_word' id='word_1_374' title='bbox 946 2104 1044 2125; x_wconf 87' lang='lat' dir='ltr'>unam</span> <span class='ocrx_word' id='word_1_375' title='bbox 1074 2095 1272 2135; x_wconf 81' lang='lat' dir='ltr'>hypostasim</span> <span class='ocrx_word' id='word_1_376' title='bbox 1302 2095 1352 2125; x_wconf 79' lang='lat' dir='ltr'>vel</span> 
     </span>
     <span class='ocr_line' id='line_1_52' title="bbox 280 2141 664 2182; baseline -0.008 -11"><span class='ocrx_word' id='word_1_377' title='bbox 280 2150 457 2182; x_wconf 77' lang='lat' dir='ltr'>personam</span> <span class='ocrx_word' id='word_1_378' title='bbox 480 2141 664 2170; x_wconf 86' lang='lat' dir='ltr'>humanam.</span> 
     </span>
    </p>

    <p class='ocr_par' dir='ltr' id='par_1_13' title="bbox 286 2183 1352 3005">
     <span class='ocr_line' id='line_1_53' title="bbox 341 2183 1351 2222; baseline -0.002 -8"><span class='ocrx_word' id='word_1_379' title='bbox 341 2185 497 2214; x_wconf 88' lang='lat' dir='ltr'>Probatur</span> <span class='ocrx_word' id='word_1_380' title='bbox 519 2189 654 2222; x_wconf 89' lang='lat' dir='ltr'>utraque</span> <span class='ocrx_word' id='word_1_381' title='bbox 677 2183 782 2213; x_wconf 91' lang='lat' dir='ltr'>simul.</span> <span class='ocrx_word' id='word_1_382' title='bbox 806 2183 854 2212; x_wconf 89' lang='lat' dir='ltr'>Ex</span> <span class='ocrx_word' id='word_1_383' title='bbox 876 2183 998 2213; x_wconf 89' lang='lat' dir='ltr'>unione</span> <span class='ocrx_word' id='word_1_384' title='bbox 1021 2183 1146 2212; x_wconf 89' lang='lat' dir='ltr'>animae</span> <span class='ocrx_word' id='word_1_385' title='bbox 1162 2187 1193 2212; x_wconf 92' lang='lat' dir='ltr'>et</span> <span class='ocrx_word' id='word_1_386' title='bbox 1208 2183 1351 2222; x_wconf 89' lang='lat' dir='ltr'>corporis</span> 
     </span>
     <span class='ocr_line' id='line_1_54' title="bbox 286 2226 1351 2267; baseline -0.003 -8"><span class='ocrx_word' id='word_1_387' title='bbox 286 2229 321 2259; x_wconf 90' lang='lat' dir='ltr'>in</span> <span class='ocrx_word' id='word_1_388' title='bbox 344 2228 472 2259; x_wconf 91' lang='lat' dir='ltr'>Christo</span> <span class='ocrx_word' id='word_1_389' title='bbox 503 2237 571 2257; x_wconf 91' lang='lat' dir='ltr'>non</span> <span class='ocrx_word' id='word_1_390' title='bbox 594 2226 630 2257; x_wconf 87' lang='lat' dir='ltr'>fit</span> <span class='ocrx_word' id='word_1_391' title='bbox 658 2236 743 2256; x_wconf 88' lang='lat' dir='ltr'>nova</span> <span class='ocrx_word' id='word_1_392' title='bbox 768 2227 947 2267; x_wconf 90' lang='lat' dir='ltr'>hypostasis</span> <span class='ocrx_word' id='word_1_393' title='bbox 976 2236 1083 2267; x_wconf 92' lang='lat' dir='ltr'>neque</span> <span class='ocrx_word' id='word_1_394' title='bbox 1111 2236 1264 2266; x_wconf 87' lang='lat' dir='ltr'>persona,</span> <span class='ocrx_word' id='word_1_395' title='bbox 1296 2226 1351 2256; x_wconf 92' lang='lat' dir='ltr'>sed</span> 
     </span>
     <span class='ocr_line' id='line_1_55' title="bbox 287 2270 1351 2311; baseline -0.003 -8"><span class='ocrx_word' id='word_1_396' title='bbox 287 2270 400 2303; x_wconf 75' lang='lat' dir='ltr'>natura</span> <span class='ocrx_word' id='word_1_397' title='bbox 421 2281 486 2302; x_wconf 91' lang='lat' dir='ltr'>una</span> <span class='ocrx_word' id='word_1_398' title='bbox 509 2276 671 2310; x_wconf 81' lang='lat' dir='ltr'>assumpta</span> <span class='ocrx_word' id='word_1_399' title='bbox 688 2271 722 2300; x_wconf 94' lang='lat' dir='ltr'>in</span> <span class='ocrx_word' id='word_1_400' title='bbox 744 2270 884 2300; x_wconf 90' lang='lat' dir='ltr'>divinam</span> <span class='ocrx_word' id='word_1_401' title='bbox 906 2271 1113 2311; x_wconf 84' lang='lat' dir='ltr'>hypostasim,</span> <span class='ocrx_word' id='word_1_402' title='bbox 1130 2280 1197 2300; x_wconf 90' lang='lat' dir='ltr'>non</span> <span class='ocrx_word' id='word_1_403' title='bbox 1220 2280 1277 2310; x_wconf 93' lang='lat' dir='ltr'>per</span> <span class='ocrx_word' id='word_1_404' title='bbox 1292 2280 1351 2310; x_wconf 93' lang='lat' dir='ltr'>po—</span> 
     </span>
     <span class='ocr_line' id='line_1_56' title="bbox 287 2313 1351 2354; baseline -0.003 -7"><span class='ocrx_word' id='word_1_405' title='bbox 287 2317 418 2347; x_wconf 89' lang='lat' dir='ltr'>tentiam</span> <span class='ocrx_word' id='word_1_406' title='bbox 441 2321 571 2345; x_wconf 89' lang='lat' dir='ltr'>naturae</span> <span class='ocrx_word' id='word_1_407' title='bbox 594 2315 763 2350; x_wconf 88' lang='lat' dir='ltr'>humanae,</span> <span class='ocrx_word' id='word_1_408' title='bbox 787 2313 843 2344; x_wconf 91' lang='lat' dir='ltr'>sed</span> <span class='ocrx_word' id='word_1_409' title='bbox 865 2323 922 2354; x_wconf 89' lang='lat' dir='ltr'>per</span> <span class='ocrx_word' id='word_1_410' title='bbox 939 2315 1117 2354; x_wconf 90' lang='lat' dir='ltr'>potentiam</span> <span class='ocrx_word' id='word_1_411' title='bbox 1141 2314 1264 2345; x_wconf 86' lang='lat' dir='ltr'>divinae</span> <span class='ocrx_word' id='word_1_412' title='bbox 1279 2324 1351 2354; x_wconf 87' lang='lat' dir='ltr'>per-</span> 
     </span>
     <span class='ocr_line' id='line_1_57' title="bbox 286 2357 1351 2399; baseline -0.003 -8"><span class='ocrx_word' id='word_1_413' title='bbox 286 2369 394 2391; x_wconf 87' lang='lat' dir='ltr'>sonae.</span> <span class='ocrx_word' id='word_1_414' title='bbox 421 2359 506 2399; x_wconf 84' lang='lat' dir='ltr'>Ergo</span> <span class='ocrx_word' id='word_1_415' title='bbox 530 2359 629 2398; x_wconf 87' lang='lat' dir='ltr'>magis</span> <span class='ocrx_word' id='word_1_416' title='bbox 654 2364 699 2388; x_wconf 88' lang='lat' dir='ltr'>est</span> <span class='ocrx_word' id='word_1_417' title='bbox 722 2359 785 2388; x_wconf 90' lang='lat' dir='ltr'>hoc</span> <span class='ocrx_word' id='word_1_418' title='bbox 808 2357 1015 2388; x_wconf 87' lang='lat' dir='ltr'>iudicandum</span> <span class='ocrx_word' id='word_1_419' title='bbox 1038 2358 1216 2389; x_wconf 90' lang='lat' dir='ltr'>secundum</span> <span class='ocrx_word' id='word_1_420' title='bbox 1240 2358 1351 2389; x_wconf 92' lang='lat' dir='ltr'>condi-</span> 
     </span>
     <span class='ocr_line' id='line_1_58' title="bbox 286 2402 1350 2442; baseline -0.002 -7"><span class='ocrx_word' id='word_1_421' title='bbox 286 2405 410 2435; x_wconf 87' lang='lat' dir='ltr'>tionem</span> <span class='ocrx_word' id='word_1_422' title='bbox 433 2403 557 2433; x_wconf 90' lang='lat' dir='ltr'>divinae</span> <span class='ocrx_word' id='word_1_423' title='bbox 580 2411 736 2442; x_wconf 90' lang='lat' dir='ltr'>personae</span> <span class='ocrx_word' id='word_1_424' title='bbox 752 2403 940 2432; x_wconf 89' lang='lat' dir='ltr'>assumentis</span> <span class='ocrx_word' id='word_1_425' title='bbox 965 2412 1062 2442; x_wconf 85' lang='lat' dir='ltr'>quam</span> <span class='ocrx_word' id='word_1_426' title='bbox 1078 2402 1256 2432; x_wconf 90' lang='lat' dir='ltr'>secundum</span> <span class='ocrx_word' id='word_1_427' title='bbox 1273 2412 1350 2433; x_wconf 90' lang='lat' dir='ltr'>con-</span> 
     </span>
     <span class='ocr_line' id='line_1_59' title="bbox 287 2446 1350 2486; baseline -0.003 -7"><span class='ocrx_word' id='word_1_428' title='bbox 287 2448 443 2479; x_wconf 90' lang='lat' dir='ltr'>ditionem</span> <span class='ocrx_word' id='word_1_429' title='bbox 465 2452 596 2477; x_wconf 89' lang='lat' dir='ltr'>naturae</span> <span class='ocrx_word' id='word_1_430' title='bbox 620 2452 809 2486; x_wconf 87' lang='lat' dir='ltr'>assumptae.</span> <span class='ocrx_word' id='word_1_431' title='bbox 835 2447 919 2486; x_wconf 87' lang='lat' dir='ltr'>Ergo</span> <span class='ocrx_word' id='word_1_432' title='bbox 943 2456 1010 2476; x_wconf 92' lang='lat' dir='ltr'>non</span> <span class='ocrx_word' id='word_1_433' title='bbox 1027 2452 1073 2476; x_wconf 90' lang='lat' dir='ltr'>est</span> <span class='ocrx_word' id='word_1_434' title='bbox 1088 2447 1285 2486; x_wconf 90' lang='lat' dir='ltr'>impossibile</span> <span class='ocrx_word' id='word_1_435' title='bbox 1304 2446 1350 2476; x_wconf 91' lang='lat' dir='ltr'>di-</span> 
     </span>
     <span class='ocr_line' id='line_1_60' title="bbox 286 2490 1351 2532; baseline -0.001 -10"><span class='ocrx_word' id='word_1_436' title='bbox 286 2492 368 2522; x_wconf 87' lang='lat' dir='ltr'>vinis</span> <span class='ocrx_word' id='word_1_437' title='bbox 386 2491 542 2532; x_wconf 89' lang='lat' dir='ltr'>personis,</span> <span class='ocrx_word' id='word_1_438' title='bbox 555 2495 614 2520; x_wconf 90' lang='lat' dir='ltr'>etc.</span> <span class='ocrx_word' id='word_1_439' title='bbox 630 2509 653 2512; x_wconf 98' lang='lat'><strong>—</strong></span> <span class='ocrx_word' id='word_1_440' title='bbox 667 2490 869 2520; x_wconf 87' lang='lat' dir='ltr'>Antecedens</span> <span class='ocrx_word' id='word_1_441' title='bbox 886 2495 932 2520; x_wconf 92' lang='lat' dir='ltr'>est</span> <span class='ocrx_word' id='word_1_442' title='bbox 951 2500 988 2520; x_wconf 91' lang='lat' dir='ltr'>ex</span> <span class='ocrx_word' id='word_1_443' title='bbox 1005 2500 1038 2520; x_wconf 91' lang='lat' dir='ltr'>se</span> <span class='ocrx_word' id='word_1_444' title='bbox 1054 2490 1193 2521; x_wconf 87' lang='lat' dir='ltr'>evidens.</span> <span class='ocrx_word' id='word_1_445' title='bbox 1208 2509 1230 2512; x_wconf 89' lang='lat'>—</span> <span class='ocrx_word' id='word_1_446' title='bbox 1245 2491 1351 2521; x_wconf 90' lang='lat' dir='ltr'>Prima</span> 
     </span>
     <span class='ocr_line' id='line_1_61' title="bbox 289 2534 1349 2576; baseline -0.002 -10"><span class='ocrx_word' id='word_1_447' title='bbox 289 2535 518 2575; x_wconf 88' lang='lat' dir='ltr'>consequentia</span> <span class='ocrx_word' id='word_1_448' title='bbox 533 2534 694 2574; x_wconf 89' lang='lat' dir='ltr'>probatur.</span> <span class='ocrx_word' id='word_1_449' title='bbox 711 2534 797 2572; x_wconf 90' lang='lat' dir='ltr'>Quia</span> <span class='ocrx_word' id='word_1_450' title='bbox 812 2539 878 2564; x_wconf 89' lang='lat' dir='ltr'>tota</span> <span class='ocrx_word' id='word_1_451' title='bbox 896 2535 980 2564; x_wconf 84' lang='lat' dir='ltr'>ratio</span> <span class='ocrx_word' id='word_1_452' title='bbox 987 2535 1078 2576; x_wconf 86' lang='lat' dir='ltr'>sacti</span> <span class='ocrx_word' id='word_1_453' title='bbox 1089 2535 1121 2564; x_wconf 88' lang='lat' dir='ltr'>in</span> <span class='ocrx_word' id='word_1_454' title='bbox 1135 2535 1288 2575; x_wconf 81' lang='lat' dir='ltr'>mysterio</span> <span class='ocrx_word' id='word_1_455' title='bbox 1302 2535 1349 2565; x_wconf 85' lang='lat' dir='ltr'>in-</span> 
     </span>
     <span class='ocr_line' id='line_1_62' title="bbox 288 2577 1350 2620; baseline 0 -11"><span class='ocrx_word' id='word_1_456' title='bbox 288 2578 488 2610; x_wconf 84' lang='lat' dir='ltr'>carnationis</span> <span class='ocrx_word' id='word_1_457' title='bbox 507 2583 554 2608; x_wconf 85' lang='lat' dir='ltr'>est</span> <span class='ocrx_word' id='word_1_458' title='bbox 566 2577 714 2618; x_wconf 83' lang='lat' dir='ltr'>potentia</span> <span class='ocrx_word' id='word_1_459' title='bbox 716 2578 884 2620; x_wconf 86' lang='lat' dir='ltr'>facientis,</span> <span class='ocrx_word' id='word_1_460' title='bbox 898 2578 1076 2609; x_wconf 90' lang='lat' dir='ltr'>secundum</span> <span class='ocrx_word' id='word_1_461' title='bbox 1092 2579 1350 2618; x_wconf 87' lang='lat' dir='ltr'>Augustinum.—</span> 
     </span>
     <span class='ocr_line' id='line_1_63' title="bbox 289 2622 1348 2662; baseline -0.001 -8"><span class='ocrx_word' id='word_1_462' title='bbox 289 2622 436 2654; x_wconf 89' lang='lat' dir='ltr'>Secunda</span> <span class='ocrx_word' id='word_1_463' title='bbox 457 2631 534 2652; x_wconf 89' lang='lat' dir='ltr'>vero</span> <span class='ocrx_word' id='word_1_464' title='bbox 558 2623 787 2662; x_wconf 90' lang='lat' dir='ltr'>consequentia</span> <span class='ocrx_word' id='word_1_465' title='bbox 808 2623 971 2662; x_wconf 88' lang='lat' dir='ltr'>probatur.</span> <span class='ocrx_word' id='word_1_466' title='bbox 995 2622 1080 2660; x_wconf 89' lang='lat' dir='ltr'>Quia</span> <span class='ocrx_word' id='word_1_467' title='bbox 1104 2622 1246 2653; x_wconf 89' lang='lat' dir='ltr'>conditio</span> <span class='ocrx_word' id='word_1_468' title='bbox 1270 2623 1348 2653; x_wconf 91' lang='lat' dir='ltr'>divi—</span> 
     </span>
     <span class='ocr_line' id='line_1_64' title="bbox 288 2666 1351 2706; baseline -0.001 -8"><span class='ocrx_word' id='word_1_469' title='bbox 288 2676 403 2698; x_wconf 89' lang='lat' dir='ltr'>narum</span> <span class='ocrx_word' id='word_1_470' title='bbox 425 2675 634 2706; x_wconf 89' lang='lat' dir='ltr'>personarum</span> <span class='ocrx_word' id='word_1_471' title='bbox 656 2666 725 2696; x_wconf 89' lang='lat' dir='ltr'>talis</span> <span class='ocrx_word' id='word_1_472' title='bbox 749 2671 796 2696; x_wconf 89' lang='lat' dir='ltr'>est</span> <span class='ocrx_word' id='word_1_473' title='bbox 819 2666 908 2706; x_wconf 92' lang='lat' dir='ltr'>quod</span> <span class='ocrx_word' id='word_1_474' title='bbox 923 2676 987 2697; x_wconf 90' lang='lat' dir='ltr'>una</span> <span class='ocrx_word' id='word_1_475' title='bbox 1003 2676 1112 2697; x_wconf 89' lang='lat' dir='ltr'>earum</span> <span class='ocrx_word' id='word_1_476' title='bbox 1128 2676 1194 2697; x_wconf 93' lang='lat' dir='ltr'>non</span> <span class='ocrx_word' id='word_1_477' title='bbox 1212 2666 1351 2698; x_wconf 88' lang='lat' dir='ltr'>excludit</span> 
     </span>
     <span class='ocr_line' id='line_1_65' title="bbox 290 2710 1350 2747; baseline 0 -6"><span class='ocrx_word' id='word_1_478' title='bbox 290 2711 384 2741; x_wconf 90' lang='lat' dir='ltr'>aliam</span> <span class='ocrx_word' id='word_1_479' title='bbox 407 2720 425 2740; x_wconf 89' lang='lat' dir='ltr'>a</span> <span class='ocrx_word' id='word_1_480' title='bbox 447 2710 679 2740; x_wconf 87' lang='lat' dir='ltr'>communione</span> <span class='ocrx_word' id='word_1_481' title='bbox 702 2710 845 2740; x_wconf 87' lang='lat' dir='ltr'>eiusdem</span> <span class='ocrx_word' id='word_1_482' title='bbox 862 2715 1003 2747; x_wconf 87' lang='lat' dir='ltr'>naturae,</span> <span class='ocrx_word' id='word_1_483' title='bbox 1028 2710 1083 2740; x_wconf 92' lang='lat' dir='ltr'>sed</span> <span class='ocrx_word' id='word_1_484' title='bbox 1106 2711 1212 2741; x_wconf 89' lang='lat' dir='ltr'>solum</span> <span class='ocrx_word' id='word_1_485' title='bbox 1228 2721 1246 2741; x_wconf 90' lang='lat' dir='ltr'>a</span> <span class='ocrx_word' id='word_1_486' title='bbox 1261 2721 1350 2742; x_wconf 89' lang='lat' dir='ltr'>com-</span> 
     </span>
     <span class='ocr_line' id='line_1_66' title="bbox 290 2753 1352 2795; baseline 0.001 -10"><span class='ocrx_word' id='word_1_487' title='bbox 290 2755 445 2785; x_wconf 90' lang='lat' dir='ltr'>munione</span> <span class='ocrx_word' id='word_1_488' title='bbox 469 2753 612 2784; x_wconf 90' lang='lat' dir='ltr'>eiusdem</span> <span class='ocrx_word' id='word_1_489' title='bbox 626 2763 791 2793; x_wconf 87' lang='lat' dir='ltr'>personae.</span> <span class='ocrx_word' id='word_1_490' title='bbox 815 2754 879 2785; x_wconf 89' lang='lat' dir='ltr'>Ubi</span> <span class='ocrx_word' id='word_1_491' title='bbox 893 2754 980 2785; x_wconf 91' lang='lat' dir='ltr'>vides</span> <span class='ocrx_word' id='word_1_492' title='bbox 1004 2754 1093 2794; x_wconf 92' lang='lat' dir='ltr'>quod</span> <span class='ocrx_word' id='word_1_493' title='bbox 1116 2764 1153 2784; x_wconf 89' lang='lat' dir='ltr'>ex</span> <span class='ocrx_word' id='word_1_494' title='bbox 1176 2755 1239 2785; x_wconf 93' lang='lat' dir='ltr'>hoc</span> <span class='ocrx_word' id='word_1_495' title='bbox 1263 2755 1352 2795; x_wconf 94' lang='lat' dir='ltr'>quod</span> 
     </span>
     <span class='ocr_line' id='line_1_67' title="bbox 290 2797 1352 2835; baseline 0 -5"><span class='ocrx_word' id='word_1_496' title='bbox 290 2809 358 2830; x_wconf 90' lang='lat' dir='ltr'>non</span> <span class='ocrx_word' id='word_1_497' title='bbox 381 2808 414 2828; x_wconf 94' lang='lat' dir='ltr'>se</span> <span class='ocrx_word' id='word_1_498' title='bbox 438 2797 611 2828; x_wconf 86' lang='lat' dir='ltr'>excludunt</span> <span class='ocrx_word' id='word_1_499' title='bbox 633 2807 651 2827; x_wconf 89' lang='lat' dir='ltr'>a</span> <span class='ocrx_word' id='word_1_500' title='bbox 674 2798 905 2828; x_wconf 86' lang='lat' dir='ltr'>communione</span> <span class='ocrx_word' id='word_1_501' title='bbox 929 2798 1071 2829; x_wconf 90' lang='lat' dir='ltr'>eiusdem</span> <span class='ocrx_word' id='word_1_502' title='bbox 1094 2804 1241 2835; x_wconf 87' lang='lat' dir='ltr'>naturae,</span> <span class='ocrx_word' id='word_1_503' title='bbox 1265 2805 1352 2830; x_wconf 92' lang='lat' dir='ltr'>tenet</span> 
     </span>
     <span class='ocr_line' id='line_1_68' title="bbox 292 2840 1352 2883; baseline 0.001 -10"><span class='ocrx_word' id='word_1_504' title='bbox 292 2842 522 2882; x_wconf 86' lang='lat' dir='ltr'>consequentia</span> <span class='ocrx_word' id='word_1_505' title='bbox 538 2840 645 2882; x_wconf 87' lang='lat' dir='ltr'>quoad</span> <span class='ocrx_word' id='word_1_506' title='bbox 661 2841 796 2880; x_wconf 90' lang='lat' dir='ltr'>primam</span> <span class='ocrx_word' id='word_1_507' title='bbox 812 2841 1069 2872; x_wconf 89' lang='lat' dir='ltr'>conclusionem:</span> <span class='ocrx_word' id='word_1_508' title='bbox 1088 2848 1119 2872; x_wconf 91' lang='lat' dir='ltr'>et</span> <span class='ocrx_word' id='word_1_509' title='bbox 1134 2852 1172 2873; x_wconf 89' lang='lat' dir='ltr'>ex</span> <span class='ocrx_word' id='word_1_510' title='bbox 1184 2843 1247 2873; x_wconf 92' lang='lat' dir='ltr'>hoc</span> <span class='ocrx_word' id='word_1_511' title='bbox 1263 2843 1352 2883; x_wconf 93' lang='lat' dir='ltr'>quod</span> 
     </span>
     <span class='ocr_line' id='line_1_69' title="bbox 291 2885 1352 2926; baseline 0.001 -9"><span class='ocrx_word' id='word_1_512' title='bbox 291 2897 325 2918; x_wconf 89' lang='lat' dir='ltr'>se</span> <span class='ocrx_word' id='word_1_513' title='bbox 348 2886 522 2917; x_wconf 88' lang='lat' dir='ltr'>excludunt</span> <span class='ocrx_word' id='word_1_514' title='bbox 544 2895 562 2915; x_wconf 89' lang='lat' dir='ltr'>a</span> <span class='ocrx_word' id='word_1_515' title='bbox 578 2885 809 2915; x_wconf 87' lang='lat' dir='ltr'>communione</span> <span class='ocrx_word' id='word_1_516' title='bbox 825 2885 968 2916; x_wconf 91' lang='lat' dir='ltr'>eiusdem</span> <span class='ocrx_word' id='word_1_517' title='bbox 982 2896 1148 2926; x_wconf 93' lang='lat' dir='ltr'>personae,</span> <span class='ocrx_word' id='word_1_518' title='bbox 1172 2892 1259 2917; x_wconf 89' lang='lat' dir='ltr'>tenet</span> <span class='ocrx_word' id='word_1_519' title='bbox 1275 2897 1352 2918; x_wconf 91' lang='lat' dir='ltr'>con-</span> 
     </span>
     <span class='ocr_line' id='line_1_70' title="bbox 291 2927 1352 2971; baseline 0.001 -10"><span class='ocrx_word' id='word_1_520' title='bbox 291 2931 457 2971; x_wconf 87' lang='lat' dir='ltr'>sequentia</span> <span class='ocrx_word' id='word_1_521' title='bbox 473 2929 580 2969; x_wconf 90' lang='lat' dir='ltr'>quoad</span> <span class='ocrx_word' id='word_1_522' title='bbox 596 2927 768 2959; x_wconf 89' lang='lat' dir='ltr'>secundam</span> <span class='ocrx_word' id='word_1_523' title='bbox 785 2929 1043 2966; x_wconf 84' lang='lat' dir='ltr'>conclusionem3</span> <span class='ocrx_word' id='word_1_524' title='bbox 1068 2940 1150 2970; x_wconf 93' lang='lat' dir='ltr'>quae</span> <span class='ocrx_word' id='word_1_525' title='bbox 1167 2932 1352 2962; x_wconf 90' lang='lat' dir='ltr'>auctoritate</span> 
     </span>
     <span class='ocr_line' id='line_1_71' title="bbox 292 2972 674 3005; baseline -0.005 0"><span class='ocrx_word' id='word_1_526' title='bbox 292 2974 436 3005; x_wconf 89' lang='lat' dir='ltr'>Anselmi</span> <span class='ocrx_word' id='word_1_527' title='bbox 459 2972 674 3005; x_wconf 88' lang='lat' dir='ltr'>confirmatur.</span> 
     </span>
    </p>

    <p class='ocr_par' dir='ltr' id='par_1_14' title="bbox 293 3016 1354 3410">
     <span class='ocr_line' id='line_1_72' title="bbox 348 3016 1352 3057; baseline 0.001 -9"><span class='ocrx_word' id='word_1_528' title='bbox 348 3018 399 3049; x_wconf 91' lang='lat'>111.</span> <span class='ocrx_word' id='word_1_529' title='bbox 422 3017 560 3048; x_wconf 88' lang='lat' dir='ltr'>Adverte</span> <span class='ocrx_word' id='word_1_530' title='bbox 583 3018 616 3047; x_wconf 90' lang='lat' dir='ltr'>in</span> <span class='ocrx_word' id='word_1_531' title='bbox 639 3017 702 3047; x_wconf 90' lang='lat' dir='ltr'>hoc</span> <span class='ocrx_word' id='word_1_532' title='bbox 718 3026 871 3057; x_wconf 88' lang='lat' dir='ltr'>processu</span> <span class='ocrx_word' id='word_1_533' title='bbox 895 3016 984 3056; x_wconf 91' lang='lat' dir='ltr'>quod</span> <span class='ocrx_word' id='word_1_534' title='bbox 1002 3018 1125 3048; x_wconf 88' lang='lat' dir='ltr'>Auctor</span> <span class='ocrx_word' id='word_1_535' title='bbox 1140 3019 1237 3048; x_wconf 89' lang='lat' dir='ltr'>unico</span> <span class='ocrx_word' id='word_1_536' title='bbox 1253 3020 1352 3049; x_wconf 90' lang='lat' dir='ltr'>verbo</span> 
     </span>
     <span class='ocr_line' id='line_1_73' title="bbox 294 3061 1353 3101; baseline 0 -8"><span class='ocrx_word' id='word_1_537' title='bbox 294 3061 432 3093; x_wconf 88' lang='lat' dir='ltr'>excludit</span> <span class='ocrx_word' id='word_1_538' title='bbox 455 3062 652 3092; x_wconf 89' lang='lat' dir='ltr'>obiectiones</span> <span class='ocrx_word' id='word_1_539' title='bbox 676 3061 876 3101; x_wconf 90' lang='lat' dir='ltr'>arguentium</span> <span class='ocrx_word' id='word_1_540' title='bbox 896 3070 934 3090; x_wconf 91' lang='lat' dir='ltr'>ex</span> <span class='ocrx_word' id='word_1_541' title='bbox 949 3061 1134 3091; x_wconf 87' lang='lat' dir='ltr'>conditione</span> <span class='ocrx_word' id='word_1_542' title='bbox 1149 3067 1289 3099; x_wconf 86' lang='lat' dir='ltr'>naturae,</span> <span class='ocrx_word' id='word_1_543' title='bbox 1307 3062 1353 3093; x_wconf 92' lang='lat' dir='ltr'>di-</span> 
     </span>
     <span class='ocr_line' id='line_1_74' title="bbox 294 3104 1353 3146; baseline -0.001 -9"><span class='ocrx_word' id='word_1_544' title='bbox 294 3106 397 3137; x_wconf 90' lang='lat' dir='ltr'>cendo</span> <span class='ocrx_word' id='word_1_545' title='bbox 425 3105 514 3146; x_wconf 92' lang='lat' dir='ltr'>quod</span> <span class='ocrx_word' id='word_1_546' title='bbox 536 3111 647 3135; x_wconf 91' lang='lat' dir='ltr'>natura</span> <span class='ocrx_word' id='word_1_547' title='bbox 671 3105 852 3135; x_wconf 89' lang='lat' dir='ltr'>communis</span> <span class='ocrx_word' id='word_1_548' title='bbox 874 3104 1018 3143; x_wconf 91' lang='lat' dir='ltr'>pluribus</span> <span class='ocrx_word' id='word_1_549' title='bbox 1041 3106 1213 3145; x_wconf 89' lang='lat' dir='ltr'>suppositis</span> <span class='ocrx_word' id='word_1_550' title='bbox 1237 3112 1284 3136; x_wconf 91' lang='lat' dir='ltr'>est</span> <span class='ocrx_word' id='word_1_551' title='bbox 1305 3107 1353 3136; x_wconf 92' lang='lat' dir='ltr'>in-</span> 
     </span>
     <span class='ocr_line' id='line_1_75' title="bbox 293 3148 1354 3188; baseline -0.001 -7"><span class='ocrx_word' id='word_1_552' title='bbox 293 3150 383 3181; x_wconf 88' lang='lat' dir='ltr'>finita</span> <span class='ocrx_word' id='word_1_553' title='bbox 405 3159 461 3180; x_wconf 89' lang='lat' dir='ltr'>seu</span> <span class='ocrx_word' id='word_1_554' title='bbox 483 3149 653 3185; x_wconf 90' lang='lat' dir='ltr'>illimitata,</span> <span class='ocrx_word' id='word_1_555' title='bbox 686 3149 839 3188; x_wconf 89' lang='lat' dir='ltr'>quoniam</span> <span class='ocrx_word' id='word_1_556' title='bbox 869 3148 932 3178; x_wconf 91' lang='lat' dir='ltr'>hoc</span> <span class='ocrx_word' id='word_1_557' title='bbox 963 3148 1023 3178; x_wconf 91' lang='lat' dir='ltr'>soli</span> <span class='ocrx_word' id='word_1_558' title='bbox 1049 3148 1172 3179; x_wconf 89' lang='lat' dir='ltr'>divinae</span> <span class='ocrx_word' id='word_1_559' title='bbox 1204 3151 1354 3180; x_wconf 90' lang='lat' dir='ltr'>convenit</span> 
     </span>
     <span class='ocr_line' id='line_1_76' title="bbox 293 3191 1353 3232; baseline -0.001 -8"><span class='ocrx_word' id='word_1_560' title='bbox 293 3199 440 3225; x_wconf 88' lang='lat' dir='ltr'>naturae:</span> <span class='ocrx_word' id='word_1_561' title='bbox 466 3199 497 3224; x_wconf 93' lang='lat' dir='ltr'>et</span> <span class='ocrx_word' id='word_1_562' title='bbox 519 3194 661 3223; x_wconf 87' lang='lat' dir='ltr'>similiter</span> <span class='ocrx_word' id='word_1_563' title='bbox 684 3192 773 3232; x_wconf 93' lang='lat' dir='ltr'>quod</span> <span class='ocrx_word' id='word_1_564' title='bbox 797 3192 956 3232; x_wconf 87' lang='lat' dir='ltr'>quaelibet</span> <span class='ocrx_word' id='word_1_565' title='bbox 977 3197 1088 3222; x_wconf 84' lang='lat' dir='ltr'>natura</span> <span class='ocrx_word' id='word_1_566' title='bbox 1111 3191 1200 3222; x_wconf 91' lang='lat' dir='ltr'>finita</span> <span class='ocrx_word' id='word_1_567' title='bbox 1223 3199 1270 3223; x_wconf 91' lang='lat' dir='ltr'>est</span> <span class='ocrx_word' id='word_1_568' title='bbox 1292 3199 1353 3224; x_wconf 90' lang='lat' dir='ltr'>ter-</span> 
     </span>
     <span class='ocr_line' id='line_1_77' title="bbox 293 3236 1352 3276; baseline -0.002 -7"><span class='ocrx_word' id='word_1_569' title='bbox 293 3237 452 3269; x_wconf 87' lang='lat' dir='ltr'>minabilis</span> <span class='ocrx_word' id='word_1_570' title='bbox 474 3237 612 3267; x_wconf 87' lang='lat' dir='ltr'>totaliter</span> <span class='ocrx_word' id='word_1_571' title='bbox 634 3238 731 3267; x_wconf 86' lang='lat' dir='ltr'>unico</span> <span class='ocrx_word' id='word_1_572' title='bbox 755 3237 934 3276; x_wconf 90' lang='lat' dir='ltr'>supposit0.</span> <span class='ocrx_word' id='word_1_573' title='bbox 958 3236 1047 3266; x_wconf 87' lang='lat' dir='ltr'>Haec</span> <span class='ocrx_word' id='word_1_574' title='bbox 1067 3236 1163 3271; x_wconf 85' lang='lat' dir='ltr'>enim,</span> <span class='ocrx_word' id='word_1_575' title='bbox 1181 3242 1211 3266; x_wconf 88' lang='lat' dir='ltr'>et</span> <span class='ocrx_word' id='word_1_576' title='bbox 1229 3237 1352 3273; x_wconf 90' lang='lat' dir='ltr'>similia,</span> 
     </span>
     <span class='ocr_line' id='line_1_78' title="bbox 293 3279 1354 3319; baseline -0.003 -7"><span class='ocrx_word' id='word_1_577' title='bbox 293 3282 328 3312; x_wconf 91' lang='lat' dir='ltr'>in</span> <span class='ocrx_word' id='word_1_578' title='bbox 349 3281 452 3312; x_wconf 90' lang='lat' dir='ltr'>littera</span> <span class='ocrx_word' id='word_1_579' title='bbox 474 3281 642 3311; x_wconf 89' lang='lat' dir='ltr'>solvuntur</span> <span class='ocrx_word' id='word_1_580' title='bbox 665 3281 742 3311; x_wconf 91' lang='lat' dir='ltr'>dum</span> <span class='ocrx_word' id='word_1_581' title='bbox 766 3280 879 3311; x_wconf 89' lang='lat' dir='ltr'>dicitur</span> <span class='ocrx_word' id='word_1_582' title='bbox 903 3279 992 3319; x_wconf 91' lang='lat' dir='ltr'>quod</span> <span class='ocrx_word' id='word_1_583' title='bbox 1014 3289 1081 3309; x_wconf 92' lang='lat' dir='ltr'>non</span> <span class='ocrx_word' id='word_1_584' title='bbox 1104 3289 1161 3319; x_wconf 90' lang='lat' dir='ltr'>per</span> <span class='ocrx_word' id='word_1_585' title='bbox 1176 3281 1354 3319; x_wconf 85' lang='lat' dir='ltr'>potentiam</span> 
     </span>
     <span class='ocr_line' id='line_1_79' title="bbox 294 3324 1354 3365; baseline -0.002 -9"><span class='ocrx_word' id='word_1_586' title='bbox 294 3331 424 3356; x_wconf 89' lang='lat' dir='ltr'>naturae</span> <span class='ocrx_word' id='word_1_587' title='bbox 440 3330 629 3365; x_wconf 89' lang='lat' dir='ltr'>assumptae,</span> <span class='ocrx_word' id='word_1_588' title='bbox 653 3324 709 3355; x_wconf 93' lang='lat' dir='ltr'>sed</span> <span class='ocrx_word' id='word_1_589' title='bbox 731 3334 787 3364; x_wconf 90' lang='lat' dir='ltr'>per</span> <span class='ocrx_word' id='word_1_590' title='bbox 802 3325 979 3364; x_wconf 89' lang='lat' dir='ltr'>potentiam</span> <span class='ocrx_word' id='word_1_591' title='bbox 994 3333 1149 3363; x_wconf 87' lang='lat' dir='ltr'>personae</span> <span class='ocrx_word' id='word_1_592' title='bbox 1166 3325 1354 3354; x_wconf 86' lang='lat' dir='ltr'>assumentis</span> 
     </span>
     <span class='ocr_line' id='line_1_80' title="bbox 294 3368 875 3410; baseline -0.003 -10"><span class='ocrx_word' id='word_1_593' title='bbox 294 3369 358 3400; x_wconf 92' lang='lat' dir='ltr'>hoc</span> <span class='ocrx_word' id='word_1_594' title='bbox 380 3369 567 3410; x_wconf 88' lang='lat' dir='ltr'>mysterium</span> <span class='ocrx_word' id='word_1_595' title='bbox 589 3368 796 3400; x_wconf 88' lang='lat' dir='ltr'>iudicandum</span> <span class='ocrx_word' id='word_1_596' title='bbox 820 3373 875 3398; x_wconf 88' lang='lat' dir='ltr'>est.</span> 
     </span>
    </p>

    <p class='ocr_par' dir='ltr' id='par_1_15' title="bbox 295 3412 1354 3585">
     <span class='ocr_line' id='line_1_81' title="bbox 351 3412 1353 3452; baseline -0.003 -9"><span class='ocrx_word' id='word_1_597' title='bbox 351 3412 554 3444; x_wconf 90' lang='lat' dir='ltr'>Concedatur</span> <span class='ocrx_word' id='word_1_598' title='bbox 578 3422 653 3452; x_wconf 85' lang='lat' dir='ltr'>ergo</span> <span class='ocrx_word' id='word_1_599' title='bbox 678 3412 767 3452; x_wconf 92' lang='lat' dir='ltr'>quod</span> <span class='ocrx_word' id='word_1_600' title='bbox 789 3422 852 3442; x_wconf 86' lang='lat' dir='ltr'>una</span> <span class='ocrx_word' id='word_1_601' title='bbox 875 3421 1010 3442; x_wconf 90' lang='lat' dir='ltr'>numero</span> <span class='ocrx_word' id='word_1_602' title='bbox 1034 3416 1145 3441; x_wconf 86' lang='lat' dir='ltr'>natura</span> <span class='ocrx_word' id='word_1_603' title='bbox 1168 3417 1278 3451; x_wconf 90' lang='lat' dir='ltr'>suapte</span> <span class='ocrx_word' id='word_1_604' title='bbox 1299 3421 1353 3441; x_wconf 91' lang='lat' dir='ltr'>na-</span> 
     </span>
     <span class='ocr_line' id='line_1_82' title="bbox 295 3455 1353 3497; baseline -0.003 -10"><span class='ocrx_word' id='word_1_605' title='bbox 295 3461 366 3487; x_wconf 85' lang='lat' dir='ltr'>tura</span> <span class='ocrx_word' id='word_1_606' title='bbox 388 3457 569 3488; x_wconf 87' lang='lat' dir='ltr'>communis</span> <span class='ocrx_word' id='word_1_607' title='bbox 591 3457 736 3497; x_wconf 90' lang='lat' dir='ltr'>pluribus</span> <span class='ocrx_word' id='word_1_608' title='bbox 759 3456 947 3496; x_wconf 86' lang='lat' dir='ltr'>suppositis,</span> <span class='ocrx_word' id='word_1_609' title='bbox 979 3460 1025 3485; x_wconf 90' lang='lat' dir='ltr'>est</span> <span class='ocrx_word' id='word_1_610' title='bbox 1047 3455 1201 3485; x_wconf 88' lang='lat' dir='ltr'>illimitata</span> <span class='ocrx_word' id='word_1_611' title='bbox 1223 3465 1260 3485; x_wconf 87' lang='lat' dir='ltr'>ac</span> <span class='ocrx_word' id='word_1_612' title='bbox 1282 3455 1353 3485; x_wconf 87' lang='lat' dir='ltr'>infi-</span> 
     </span>
     <span class='ocr_line' id='line_1_83' title="bbox 296 3499 1352 3541; baseline -0.002 -10"><span class='ocrx_word' id='word_1_613' title='bbox 296 3501 379 3536; x_wconf 88' lang='lat' dir='ltr'>nita;</span> <span class='ocrx_word' id='word_1_614' title='bbox 403 3505 434 3531; x_wconf 89' lang='lat' dir='ltr'>et</span> <span class='ocrx_word' id='word_1_615' title='bbox 456 3500 546 3541; x_wconf 91' lang='lat' dir='ltr'>quod</span> <span class='ocrx_word' id='word_1_616' title='bbox 567 3501 655 3531; x_wconf 90' lang='lat' dir='ltr'>nulla</span> <span class='ocrx_word' id='word_1_617' title='bbox 677 3506 789 3531; x_wconf 90' lang='lat' dir='ltr'>natura</span> <span class='ocrx_word' id='word_1_618' title='bbox 811 3501 870 3530; x_wconf 91' lang='lat' dir='ltr'>nisi</span> <span class='ocrx_word' id='word_1_619' title='bbox 891 3500 995 3530; x_wconf 88' lang='lat' dir='ltr'>divina</span> <span class='ocrx_word' id='word_1_620' title='bbox 1015 3505 1061 3529; x_wconf 91' lang='lat' dir='ltr'>est</span> <span class='ocrx_word' id='word_1_621' title='bbox 1083 3499 1283 3536; x_wconf 87' lang='lat' dir='ltr'>huiusmodi;</span> <span class='ocrx_word' id='word_1_622' title='bbox 1313 3505 1352 3535; x_wconf 90' lang='lat' dir='ltr'>et,</span> 
     </span>
     <span class='ocr_line' id='line_1_84' title="bbox 297 3544 1354 3585; baseline -0.001 -11"><span class='ocrx_word' id='word_1_623' title='bbox 297 3544 324 3574; x_wconf 88' lang='lat' dir='ltr'>si</span> <span class='ocrx_word' id='word_1_624' title='bbox 339 3549 549 3574; x_wconf 85' lang='lat' dir='ltr'>assumeretur</span> <span class='ocrx_word' id='word_1_625' title='bbox 564 3544 603 3574; x_wconf 87' lang='lat' dir='ltr'>ad</span> <span class='ocrx_word' id='word_1_626' title='bbox 618 3545 724 3584; x_wconf 91' lang='lat' dir='ltr'>plures</span> <span class='ocrx_word' id='word_1_627' title='bbox 739 3544 988 3585; x_wconf 86' lang='lat' dir='ltr'>personalitates,</span> <span class='ocrx_word' id='word_1_628' title='bbox 1008 3553 1075 3573; x_wconf 93' lang='lat' dir='ltr'>non</span> <span class='ocrx_word' id='word_1_629' title='bbox 1090 3548 1258 3584; x_wconf 90' lang='lat' dir='ltr'>propterea</span> <span class='ocrx_word' id='word_1_630' title='bbox 1274 3549 1354 3574; x_wconf 90' lang='lat' dir='ltr'>esset</span> 
     </span>
    </p>
   </div>
   <div class='ocr_carea' id='block_1_12' title="bbox 438 3593 977 3632">
    <p class='ocr_par' dir='ltr' id='par_1_16' title="bbox 438 3593 977 3632">
     <span class='ocr_line' id='line_1_85' title="bbox 438 3593 977 3632; baseline -0.002 -2"><span class='ocrx_word' id='word_1_631' title='bbox 438 3606 547 3630; x_wconf 68' lang='lat' dir='ltr'>Suum:</span> <span class='ocrx_word' id='word_1_632' title='bbox 564 3593 665 3631; x_wconf 57' lang='lat' dir='ltr'>‘runnu</span> <span class='ocrx_word' id='word_1_633' title='bbox 685 3607 716 3632; x_wconf 88' lang='lat' dir='ltr'>D.</span> <span class='ocrx_word' id='word_1_634' title='bbox 730 3606 844 3630; x_wconf 64' lang='lat' dir='ltr'>Tuouau</span> <span class='ocrx_word' id='word_1_635' title='bbox 863 3605 894 3631; x_wconf 89' lang='lat' dir='ltr'>T.</span> <span class='ocrx_word' id='word_1_636' title='bbox 913 3606 977 3630; x_wconf 89' lang='lat' dir='ltr'>Vlll.</span> 
     </span>
    </p>
   </div>
   <div class='ocr_carea' id='block_1_13' title="bbox 1370 894 1378 1577">
    <p class='ocr_par' dir='ltr' id='par_1_17' title="bbox 1370 894 1378 1577">
     <span class='ocr_line' id='line_1_86' title="bbox 1370 894 1378 1577; baseline 0 0"><span class='ocrx_word' id='word_1_637' title='bbox 1370 894 1378 1577; x_wconf 95' lang='lat' dir='ltr'> </span> 
     </span>
    </p>
   </div>
   <div class='ocr_carea' id='block_1_14' title="bbox 1398 864 2471 3581">
    <p class='ocr_par' dir='ltr' id='par_1_18' title="bbox 1398 864 2462 939">
     <span class='ocr_line' id='line_1_87' title="bbox 1398 864 2462 905; baseline -0.001 -10"><span class='ocrx_word' id='word_1_638' title='bbox 1398 870 1509 905; x_wconf 90' lang='lat' dir='ltr'>suapte</span> <span class='ocrx_word' id='word_1_639' title='bbox 1539 871 1651 895; x_wconf 90' lang='lat' dir='ltr'>natura</span> <span class='ocrx_word' id='word_1_640' title='bbox 1682 866 1863 896; x_wconf 89' lang='lat' dir='ltr'>communis</span> <span class='ocrx_word' id='word_1_641' title='bbox 1896 866 2060 905; x_wconf 88' lang='lat' dir='ltr'>pluribus,</span> <span class='ocrx_word' id='word_1_642' title='bbox 2092 865 2147 895; x_wconf 90' lang='lat' dir='ltr'>sed</span> <span class='ocrx_word' id='word_1_643' title='bbox 2178 874 2215 895; x_wconf 84' lang='lat' dir='ltr'>ex</span> <span class='ocrx_word' id='word_1_644' title='bbox 2244 865 2388 905; x_wconf 90' lang='lat' dir='ltr'>potentia</span> <span class='ocrx_word' id='word_1_645' title='bbox 2418 864 2462 894; x_wconf 87' lang='lat' dir='ltr'>fa-</span> 
     </span>
     <span class='ocr_line' id='line_1_88' title="bbox 1400 910 1521 939; baseline 0 0"><span class='ocrx_word' id='word_1_646' title='bbox 1400 910 1521 939; x_wconf 85' lang='lat' dir='ltr'>cientis.</span> 
     </span>
    </p>

    <p class='ocr_par' dir='ltr' id='par_1_19' title="bbox 1398 953 2464 1202">
     <span class='ocr_line' id='line_1_89' title="bbox 1453 953 2462 992; baseline 0 -10"><span class='ocrx_word' id='word_1_647' title='bbox 1453 953 1602 983; x_wconf 89' lang='lat' dir='ltr'>Similiter</span> <span class='ocrx_word' id='word_1_648' title='bbox 1626 955 1730 983; x_wconf 90' lang='lat' dir='ltr'>omnis</span> <span class='ocrx_word' id='word_1_649' title='bbox 1754 963 1818 983; x_wconf 89' lang='lat' dir='ltr'>una</span> <span class='ocrx_word' id='word_1_650' title='bbox 1839 963 1975 983; x_wconf 89' lang='lat' dir='ltr'>numero</span> <span class='ocrx_word' id='word_1_651' title='bbox 2000 953 2102 983; x_wconf 90' lang='lat' dir='ltr'>forma</span> <span class='ocrx_word' id='word_1_652' title='bbox 2118 953 2328 983; x_wconf 89' lang='lat' dir='ltr'>substantialis</span> <span class='ocrx_word' id='word_1_653' title='bbox 2352 957 2462 992; x_wconf 90' lang='lat' dir='ltr'>suapte</span> 
     </span>
     <span class='ocr_line' id='line_1_90' title="bbox 1398 996 2463 1036; baseline 0 -10"><span class='ocrx_word' id='word_1_654' title='bbox 1398 1002 1509 1026; x_wconf 89' lang='lat' dir='ltr'>natura</span> <span class='ocrx_word' id='word_1_655' title='bbox 1528 998 1623 1027; x_wconf 90' lang='lat' dir='ltr'>unica</span> <span class='ocrx_word' id='word_1_656' title='bbox 1646 998 1783 1027; x_wconf 88' lang='lat' dir='ltr'>totaliter</span> <span class='ocrx_word' id='word_1_657' title='bbox 1798 998 1984 1027; x_wconf 88' lang='lat' dir='ltr'>terminatur</span> <span class='ocrx_word' id='word_1_658' title='bbox 2000 997 2223 1036; x_wconf 88' lang='lat' dir='ltr'>personalitate</span> <span class='ocrx_word' id='word_1_659' title='bbox 2239 997 2376 1036; x_wconf 89' lang='lat' dir='ltr'>propria.</span> <span class='ocrx_word' id='word_1_660' title='bbox 2401 996 2463 1027; x_wconf 87' lang='lat' dir='ltr'>Sed</span> 
     </span>
     <span class='ocr_line' id='line_1_91' title="bbox 1400 1041 2463 1081; baseline 0.001 -12"><span class='ocrx_word' id='word_1_661' title='bbox 1400 1049 1437 1069; x_wconf 90' lang='lat' dir='ltr'>ex</span> <span class='ocrx_word' id='word_1_662' title='bbox 1460 1041 1522 1070; x_wconf 91' lang='lat' dir='ltr'>hoc</span> <span class='ocrx_word' id='word_1_663' title='bbox 1546 1050 1613 1070; x_wconf 93' lang='lat' dir='ltr'>non</span> <span class='ocrx_word' id='word_1_664' title='bbox 1636 1042 1769 1071; x_wconf 90' lang='lat' dir='ltr'>habetur</span> <span class='ocrx_word' id='word_1_665' title='bbox 1800 1042 1878 1081; x_wconf 92' lang='lat' dir='ltr'>quin</span> <span class='ocrx_word' id='word_1_666' title='bbox 1903 1041 2008 1071; x_wconf 86' lang='lat' dir='ltr'>divina</span> <span class='ocrx_word' id='word_1_667' title='bbox 2031 1042 2173 1080; x_wconf 89' lang='lat' dir='ltr'>potentia</span> <span class='ocrx_word' id='word_1_668' title='bbox 2196 1041 2296 1080; x_wconf 90' lang='lat' dir='ltr'>possit</span> <span class='ocrx_word' id='word_1_669' title='bbox 2319 1041 2463 1080; x_wconf 92' lang='lat' dir='ltr'>pluribus</span> 
     </span>
     <span class='ocr_line' id='line_1_92' title="bbox 1399 1084 2464 1124; baseline 0.001 -11"><span class='ocrx_word' id='word_1_670' title='bbox 1399 1084 1509 1113; x_wconf 85' lang='lat' dir='ltr'>alienis</span> <span class='ocrx_word' id='word_1_671' title='bbox 1532 1085 1808 1123; x_wconf 89' lang='lat' dir='ltr'>personalitatibus</span> <span class='ocrx_word' id='word_1_672' title='bbox 1831 1086 2008 1115; x_wconf 88' lang='lat' dir='ltr'>terminari:</span> <span class='ocrx_word' id='word_1_673' title='bbox 2044 1086 2198 1124; x_wconf 86' lang='lat' dir='ltr'>quoniam</span> <span class='ocrx_word' id='word_1_674' title='bbox 2224 1086 2287 1114; x_wconf 93' lang='lat' dir='ltr'>hoc</span> <span class='ocrx_word' id='word_1_675' title='bbox 2317 1094 2384 1114; x_wconf 93' lang='lat' dir='ltr'>non</span> <span class='ocrx_word' id='word_1_676' title='bbox 2407 1094 2464 1124; x_wconf 90' lang='lat' dir='ltr'>per</span> 
     </span>
     <span class='ocr_line' id='line_1_93' title="bbox 1400 1128 2464 1168; baseline 0.001 -11"><span class='ocrx_word' id='word_1_677' title='bbox 1400 1128 1577 1167; x_wconf 88' lang='lat' dir='ltr'>potentiam</span> <span class='ocrx_word' id='word_1_678' title='bbox 1601 1134 1748 1164; x_wconf 87' lang='lat' dir='ltr'>naturae,</span> <span class='ocrx_word' id='word_1_679' title='bbox 1780 1128 1835 1158; x_wconf 87' lang='lat' dir='ltr'>sed</span> <span class='ocrx_word' id='word_1_680' title='bbox 1857 1138 1915 1168; x_wconf 92' lang='lat' dir='ltr'>per</span> <span class='ocrx_word' id='word_1_681' title='bbox 1938 1129 2115 1168; x_wconf 89' lang='lat' dir='ltr'>potentiam</span> <span class='ocrx_word' id='word_1_682' title='bbox 2138 1129 2324 1158; x_wconf 88' lang='lat' dir='ltr'>assumentis</span> <span class='ocrx_word' id='word_1_683' title='bbox 2354 1138 2464 1168; x_wconf 90' lang='lat' dir='ltr'>perso-</span> 
     </span>
     <span class='ocr_line' id='line_1_94' title="bbox 1400 1171 1529 1202; baseline 0 -1"><span class='ocrx_word' id='word_1_684' title='bbox 1400 1181 1460 1202; x_wconf 89' lang='lat' dir='ltr'>nae</span> <span class='ocrx_word' id='word_1_685' title='bbox 1484 1171 1529 1201; x_wconf 87' lang='lat' dir='ltr'>fit.</span> 
     </span>
    </p>

    <p class='ocr_par' dir='ltr' id='par_1_20' title="bbox 1400 1216 2465 1431">
     <span class='ocr_line' id='line_1_95' title="bbox 1456 1216 2465 1256; baseline 0 -11"><span class='ocrx_word' id='word_1_686' title='bbox 1456 1216 1496 1245; x_wconf 85' lang='lat' dir='ltr'>Et</span> <span class='ocrx_word' id='word_1_687' title='bbox 1520 1221 1566 1245; x_wconf 89' lang='lat' dir='ltr'>est</span> <span class='ocrx_word' id='word_1_688' title='bbox 1590 1225 1715 1255; x_wconf 84' lang='lat' dir='ltr'>semper</span> <span class='ocrx_word' id='word_1_689' title='bbox 1739 1225 1844 1246; x_wconf 90' lang='lat' dir='ltr'>sermo</span> <span class='ocrx_word' id='word_1_690' title='bbox 1869 1216 1907 1246; x_wconf 90' lang='lat' dir='ltr'>de</span> <span class='ocrx_word' id='word_1_691' title='bbox 1931 1216 2066 1246; x_wconf 90' lang='lat' dir='ltr'>naturali</span> <span class='ocrx_word' id='word_1_692' title='bbox 2089 1217 2232 1256; x_wconf 87' lang='lat' dir='ltr'>potentia</span> <span class='ocrx_word' id='word_1_693' title='bbox 2255 1221 2402 1251; x_wconf 90' lang='lat' dir='ltr'>naturae,</span> <span class='ocrx_word' id='word_1_694' title='bbox 2434 1222 2465 1245; x_wconf 93' lang='lat' dir='ltr'>et</span> 
     </span>
     <span class='ocr_line' id='line_1_96' title="bbox 1400 1259 2465 1299; baseline 0 -10"><span class='ocrx_word' id='word_1_695' title='bbox 1400 1269 1467 1289; x_wconf 94' lang='lat' dir='ltr'>non</span> <span class='ocrx_word' id='word_1_696' title='bbox 1492 1259 1530 1289; x_wconf 92' lang='lat' dir='ltr'>de</span> <span class='ocrx_word' id='word_1_697' title='bbox 1554 1261 1697 1299; x_wconf 87' lang='lat' dir='ltr'>potentia</span> <span class='ocrx_word' id='word_1_698' title='bbox 1721 1259 1925 1289; x_wconf 85' lang='lat' dir='ltr'>obedientiali</span> <span class='ocrx_word' id='word_1_699' title='bbox 1949 1259 2101 1290; x_wconf 91' lang='lat' dir='ltr'>eiusdem.</span> <span class='ocrx_word' id='word_1_700' title='bbox 2126 1259 2271 1289; x_wconf 88' lang='lat' dir='ltr'>Potentia</span> <span class='ocrx_word' id='word_1_701' title='bbox 2287 1260 2372 1289; x_wconf 90' lang='lat' dir='ltr'>enim</span> <span class='ocrx_word' id='word_1_702' title='bbox 2389 1260 2465 1289; x_wconf 87' lang='lat' dir='ltr'>obe—</span> 
     </span>
     <span class='ocr_line' id='line_1_97' title="bbox 1401 1303 2463 1343; baseline 0 -10"><span class='ocrx_word' id='word_1_703' title='bbox 1401 1303 1537 1334; x_wconf 88' lang='lat' dir='ltr'>dientiae</span> <span class='ocrx_word' id='word_1_704' title='bbox 1554 1308 1601 1333; x_wconf 88' lang='lat' dir='ltr'>est</span> <span class='ocrx_word' id='word_1_705' title='bbox 1620 1313 1702 1343; x_wconf 90' lang='lat' dir='ltr'>quae</span> <span class='ocrx_word' id='word_1_706' title='bbox 1718 1303 1890 1343; x_wconf 88' lang='lat' dir='ltr'>respondet</span> <span class='ocrx_word' id='word_1_707' title='bbox 1912 1304 2073 1342; x_wconf 87' lang='lat' dir='ltr'>potentiae</span> <span class='ocrx_word' id='word_1_708' title='bbox 2090 1313 2244 1343; x_wconf 88' lang='lat' dir='ltr'>personae</span> <span class='ocrx_word' id='word_1_709' title='bbox 2261 1304 2463 1333; x_wconf 88' lang='lat' dir='ltr'>assumentis:</span> 
     </span>
     <span class='ocr_line' id='line_1_98' title="bbox 1401 1347 2465 1387; baseline 0 -10"><span class='ocrx_word' id='word_1_710' title='bbox 1401 1353 1432 1377; x_wconf 92' lang='lat' dir='ltr'>et</span> <span class='ocrx_word' id='word_1_711' title='bbox 1455 1347 1633 1378; x_wconf 90' lang='lat' dir='ltr'>secundum</span> <span class='ocrx_word' id='word_1_712' title='bbox 1656 1348 1759 1383; x_wconf 89' lang='lat' dir='ltr'>illam,</span> <span class='ocrx_word' id='word_1_713' title='bbox 1784 1353 1895 1377; x_wconf 90' lang='lat' dir='ltr'>natura</span> <span class='ocrx_word' id='word_1_714' title='bbox 1918 1353 2024 1387; x_wconf 90' lang='lat' dir='ltr'>potest</span> <span class='ocrx_word' id='word_1_715' title='bbox 2047 1348 2164 1377; x_wconf 91' lang='lat' dir='ltr'>assumi</span> <span class='ocrx_word' id='word_1_716' title='bbox 2187 1348 2225 1377; x_wconf 92' lang='lat' dir='ltr'>ab</span> <span class='ocrx_word' id='word_1_717' title='bbox 2250 1357 2313 1377; x_wconf 89' lang='lat' dir='ltr'>una</span> <span class='ocrx_word' id='word_1_718' title='bbox 2342 1353 2372 1377; x_wconf 91' lang='lat' dir='ltr'>et</span> <span class='ocrx_word' id='word_1_719' title='bbox 2394 1348 2465 1387; x_wconf 93' lang='lat' dir='ltr'>plu—</span> 
     </span>
     <span class='ocr_line' id='line_1_99' title="bbox 1400 1391 1802 1431; baseline 0 -10"><span class='ocrx_word' id='word_1_720' title='bbox 1400 1392 1486 1421; x_wconf 89' lang='lat' dir='ltr'>ribus</span> <span class='ocrx_word' id='word_1_721' title='bbox 1511 1391 1624 1421; x_wconf 91' lang='lat' dir='ltr'>divinis</span> <span class='ocrx_word' id='word_1_722' title='bbox 1648 1392 1802 1431; x_wconf 90' lang='lat' dir='ltr'>personis.</span> 
     </span>
    </p>

    <p class='ocr_par' dir='ltr' id='par_1_21' title="bbox 1401 1435 2467 1739">
     <span class='ocr_line' id='line_1_100' title="bbox 1445 1435 2465 1475; baseline 0 -10"><span class='ocrx_word' id='word_1_723' title='bbox 1445 1436 1497 1465; x_wconf 94' lang='lat' dir='ltr'>IV.</span> <span class='ocrx_word' id='word_1_724' title='bbox 1524 1435 1616 1465; x_wconf 91' lang='lat' dir='ltr'>Circa</span> <span class='ocrx_word' id='word_1_725' title='bbox 1639 1436 1774 1475; x_wconf 90' lang='lat' dir='ltr'>primam</span> <span class='ocrx_word' id='word_1_726' title='bbox 1799 1435 2042 1466; x_wconf 87' lang='lat' dir='ltr'>conclusionem</span> <span class='ocrx_word' id='word_1_727' title='bbox 2073 1435 2207 1465; x_wconf 89' lang='lat' dir='ltr'>dubium</span> <span class='ocrx_word' id='word_1_728' title='bbox 2231 1445 2268 1465; x_wconf 91' lang='lat' dir='ltr'>ex</span> <span class='ocrx_word' id='word_1_729' title='bbox 2293 1436 2408 1471; x_wconf 89' lang='lat' dir='ltr'>Scoto‚</span> <span class='ocrx_word' id='word_1_730' title='bbox 2432 1436 2465 1465; x_wconf 92' lang='lat' dir='ltr'>in</span> 
     </span>
     <span class='ocr_line' id='line_1_101' title="bbox 1401 1479 2464 1519; baseline 0 -10"><span class='ocrx_word' id='word_1_731' title='bbox 1401 1479 1442 1509; x_wconf 94' lang='lat' dir='ltr'>III</span> <span class='ocrx_word' id='word_1_732' title='bbox 1466 1480 1562 1514; x_wconf 75' lang='lat' dir='ltr'>Sent„</span> <span class='ocrx_word' id='word_1_733' title='bbox 1580 1479 1648 1509; x_wconf 91' lang='lat' dir='ltr'>dist.</span> <span class='ocrx_word' id='word_1_734' title='bbox 1666 1490 1686 1515; x_wconf 90' lang='lat'>1,</span> <span class='ocrx_word' id='word_1_735' title='bbox 1711 1489 1765 1519; x_wconf 92' lang='lat' dir='ltr'>qu.</span> <span class='ocrx_word' id='word_1_736' title='bbox 1789 1490 1826 1515; x_wconf 87' lang='lat'>11,</span> <span class='ocrx_word' id='word_1_737' title='bbox 1851 1481 2005 1515; x_wconf 84' lang='lat' dir='ltr'>occurrit,</span> <span class='ocrx_word' id='word_1_738' title='bbox 2029 1480 2101 1515; x_wconf 92' lang='lat' dir='ltr'>ubi,</span> <span class='ocrx_word' id='word_1_739' title='bbox 2126 1485 2236 1509; x_wconf 90' lang='lat' dir='ltr'>tenens</span> <span class='ocrx_word' id='word_1_740' title='bbox 2261 1481 2464 1519; x_wconf 83' lang='lat' dir='ltr'>oppositum,</span> 
     </span>
     <span class='ocr_line' id='line_1_102' title="bbox 1401 1523 2465 1563; baseline 0 -10"><span class='ocrx_word' id='word_1_741' title='bbox 1401 1523 1513 1554; x_wconf 86' lang='lat' dir='ltr'>fundat</span> <span class='ocrx_word' id='word_1_742' title='bbox 1528 1533 1561 1553; x_wconf 91' lang='lat' dir='ltr'>se</span> <span class='ocrx_word' id='word_1_743' title='bbox 1578 1533 1672 1563; x_wconf 90' lang='lat' dir='ltr'>super</span> <span class='ocrx_word' id='word_1_744' title='bbox 1695 1524 1753 1553; x_wconf 88' lang='lat' dir='ltr'>hac</span> <span class='ocrx_word' id='word_1_745' title='bbox 1773 1524 1910 1553; x_wconf 87' lang='lat' dir='ltr'>ratione:</span> <span class='ocrx_word' id='word_1_746' title='bbox 1940 1537 1952 1550; x_wconf 83' lang='lat'>«</span> <span class='ocrx_word' id='word_1_747' title='bbox 1973 1524 2007 1553; x_wconf 91' lang='lat' dir='ltr'>In</span> <span class='ocrx_word' id='word_1_748' title='bbox 2024 1524 2114 1553; x_wconf 91' lang='lat' dir='ltr'>omni</span> <span class='ocrx_word' id='word_1_749' title='bbox 2134 1523 2345 1563; x_wconf 90' lang='lat' dir='ltr'>dependentia</span> <span class='ocrx_word' id='word_1_750' title='bbox 2361 1533 2465 1553; x_wconf 90' lang='lat' dir='ltr'>essen-</span> 
     </span>
     <span class='ocr_line' id='line_1_103' title="bbox 1401 1567 2465 1607; baseline 0 -10"><span class='ocrx_word' id='word_1_751' title='bbox 1401 1568 1466 1597; x_wconf 89' lang='lat' dir='ltr'>tiali</span> <span class='ocrx_word' id='word_1_752' title='bbox 1485 1577 1588 1597; x_wconf 91' lang='lat' dir='ltr'>unum</span> <span class='ocrx_word' id='word_1_753' title='bbox 1604 1567 1788 1607; x_wconf 91' lang='lat' dir='ltr'>dependens</span> <span class='ocrx_word' id='word_1_754' title='bbox 1804 1577 1871 1597; x_wconf 91' lang='lat' dir='ltr'>non</span> <span class='ocrx_word' id='word_1_755' title='bbox 1895 1567 2054 1607; x_wconf 89' lang='lat' dir='ltr'>dependet</span> <span class='ocrx_word' id='word_1_756' title='bbox 2069 1568 2209 1607; x_wconf 88' lang='lat' dir='ltr'>praecise</span> <span class='ocrx_word' id='word_1_757' title='bbox 2231 1568 2293 1597; x_wconf 86' lang='lat' dir='ltr'>nisi</span> <span class='ocrx_word' id='word_1_758' title='bbox 2309 1567 2347 1597; x_wconf 93' lang='lat' dir='ltr'>ad</span> <span class='ocrx_word' id='word_1_759' title='bbox 2362 1577 2465 1597; x_wconf 90' lang='lat' dir='ltr'>unum</span> 
     </span>
     <span class='ocr_line' id='line_1_104' title="bbox 1403 1611 2465 1651; baseline 0 -10"><span class='ocrx_word' id='word_1_760' title='bbox 1403 1611 1492 1651; x_wconf 94' lang='lat' dir='ltr'>quod</span> <span class='ocrx_word' id='word_1_761' title='bbox 1521 1612 1659 1641; x_wconf 89' lang='lat' dir='ltr'>totaliter</span> <span class='ocrx_word' id='word_1_762' title='bbox 1688 1612 1835 1641; x_wconf 91' lang='lat' dir='ltr'>terminat</span> <span class='ocrx_word' id='word_1_763' title='bbox 1865 1612 1932 1641; x_wconf 92' lang='lat' dir='ltr'>eius</span> <span class='ocrx_word' id='word_1_764' title='bbox 1964 1611 2218 1651; x_wconf 87' lang='lat' dir='ltr'>dependentiam.</span> <span class='ocrx_word' id='word_1_765' title='bbox 2254 1611 2316 1641; x_wconf 89' lang='lat' dir='ltr'>Sed</span> <span class='ocrx_word' id='word_1_766' title='bbox 2346 1612 2379 1641; x_wconf 94' lang='lat' dir='ltr'>in</span> <span class='ocrx_word' id='word_1_767' title='bbox 2408 1612 2465 1641; x_wconf 88' lang='lat' dir='ltr'>ista</span> 
     </span>
     <span class='ocr_line' id='line_1_105' title="bbox 1402 1655 2467 1694; baseline -0.001 -9"><span class='ocrx_word' id='word_1_768' title='bbox 1402 1656 1524 1685; x_wconf 92' lang='lat' dir='ltr'>unione</span> <span class='ocrx_word' id='word_1_769' title='bbox 1549 1661 1595 1685; x_wconf 90' lang='lat' dir='ltr'>est</span> <span class='ocrx_word' id='word_1_770' title='bbox 1618 1655 1830 1694; x_wconf 87' lang='lat' dir='ltr'>dependentia</span> <span class='ocrx_word' id='word_1_771' title='bbox 1854 1655 2026 1685; x_wconf 88' lang='lat' dir='ltr'>essentialis</span> <span class='ocrx_word' id='word_1_772' title='bbox 2054 1656 2149 1685; x_wconf 92' lang='lat' dir='ltr'>unius</span> <span class='ocrx_word' id='word_1_773' title='bbox 2171 1660 2317 1691; x_wconf 87' lang='lat' dir='ltr'>naturae,</span> <span class='ocrx_word' id='word_1_774' title='bbox 2350 1660 2380 1684; x_wconf 91' lang='lat' dir='ltr'>et</span> <span class='ocrx_word' id='word_1_775' title='bbox 2403 1665 2467 1685; x_wconf 89' lang='lat' dir='ltr'>una</span> 
     </span>
     <span class='ocr_line' id='line_1_106' title="bbox 1402 1699 2094 1739; baseline 0 -11"><span class='ocrx_word' id='word_1_776' title='bbox 1402 1709 1539 1739; x_wconf 89' lang='lat' dir='ltr'>persona</span> <span class='ocrx_word' id='word_1_777' title='bbox 1562 1699 1709 1728; x_wconf 87' lang='lat' dir='ltr'>terminat</span> <span class='ocrx_word' id='word_1_778' title='bbox 1731 1699 1870 1728; x_wconf 88' lang='lat' dir='ltr'>totaliter</span> <span class='ocrx_word' id='word_1_779' title='bbox 1894 1708 1974 1728; x_wconf 88' lang='lat' dir='ltr'>earn.</span> <span class='ocrx_word' id='word_1_780' title='bbox 1998 1699 2094 1738; x_wconf 87' lang='lat' dir='ltr'>Ergo.</span> 
     </span>
    </p>

    <p class='ocr_par' dir='ltr' id='par_1_22' title="bbox 1403 1742 2470 2045">
     <span class='ocr_line' id='line_1_107' title="bbox 1463 1742 2468 1782; baseline 0 -10"><span class='ocrx_word' id='word_1_781' title='bbox 1463 1756 1475 1769; x_wconf 84' lang='lat'>«</span> <span class='ocrx_word' id='word_1_782' title='bbox 1496 1743 1599 1772; x_wconf 88' lang='lat' dir='ltr'>Maior</span> <span class='ocrx_word' id='word_1_783' title='bbox 1614 1743 1767 1782; x_wconf 89' lang='lat' dir='ltr'>probatur</span> <span class='ocrx_word' id='word_1_784' title='bbox 1782 1743 1798 1759; x_wconf 46' lang='grc' dir='ltr'><strong>ὕ</strong></span> <span class='ocrx_word' id='word_1_785' title='bbox 1821 1743 1854 1772; x_wconf 91' lang='lat' dir='ltr'>in</span> <span class='ocrx_word' id='word_1_786' title='bbox 1871 1743 1960 1772; x_wconf 91' lang='lat' dir='ltr'>omni</span> <span class='ocrx_word' id='word_1_787' title='bbox 1977 1742 2188 1781; x_wconf 87' lang='lat' dir='ltr'>dependentia</span> <span class='ocrx_word' id='word_1_788' title='bbox 2205 1743 2323 1772; x_wconf 88' lang='lat' dir='ltr'>causati</span> <span class='ocrx_word' id='word_1_789' title='bbox 2339 1742 2378 1772; x_wconf 92' lang='lat' dir='ltr'>ad</span> <span class='ocrx_word' id='word_1_790' title='bbox 2394 1753 2468 1772; x_wconf 92' lang='lat' dir='ltr'>cau-</span> 
     </span>
     <span class='ocr_line' id='line_1_108' title="bbox 1403 1786 2468 1825; baseline 0 -9"><span class='ocrx_word' id='word_1_791' title='bbox 1403 1796 1480 1816; x_wconf 88' lang='lat' dir='ltr'>sam.</span> <span class='ocrx_word' id='word_1_792' title='bbox 1505 1786 1546 1815; x_wconf 90' lang='lat' dir='ltr'>Et</span> <span class='ocrx_word' id='word_1_793' title='bbox 1562 1786 1663 1816; x_wconf 90' lang='lat' dir='ltr'>simile</span> <span class='ocrx_word' id='word_1_794' title='bbox 1677 1799 1704 1821; x_wconf 81' lang='lat'>»,</span> <span class='ocrx_word' id='word_1_795' title='bbox 1721 1786 1835 1825; x_wconf 91' lang='lat' dir='ltr'>inquit,</span> <span class='ocrx_word' id='word_1_796' title='bbox 1856 1799 1869 1812; x_wconf 85' lang='lat'>«</span> <span class='ocrx_word' id='word_1_797' title='bbox 1883 1786 2008 1816; x_wconf 90' lang='lat' dir='ltr'>videtur</span> <span class='ocrx_word' id='word_1_798' title='bbox 2023 1787 2056 1815; x_wconf 94' lang='lat' dir='ltr'>in</span> <span class='ocrx_word' id='word_1_799' title='bbox 2079 1786 2228 1816; x_wconf 90' lang='lat' dir='ltr'>omnibus</span> <span class='ocrx_word' id='word_1_800' title='bbox 2249 1786 2468 1825; x_wconf 88' lang='lat' dir='ltr'>dependentiis</span> 
     </span>
     <span class='ocr_line' id='line_1_109' title="bbox 1404 1829 2469 1870; baseline 0.001 -11"><span class='ocrx_word' id='word_1_801' title='bbox 1404 1840 1486 1870; x_wconf 91' lang='lat' dir='ltr'>quae</span> <span class='ocrx_word' id='word_1_802' title='bbox 1509 1840 1576 1859; x_wconf 93' lang='lat' dir='ltr'>non</span> <span class='ocrx_word' id='word_1_803' title='bbox 1600 1835 1674 1859; x_wconf 88' lang='lat' dir='ltr'>sunt</span> <span class='ocrx_word' id='word_1_804' title='bbox 1697 1836 1900 1860; x_wconf 90' lang='lat' dir='ltr'>causatorum</span> <span class='ocrx_word' id='word_1_805' title='bbox 1924 1829 1963 1860; x_wconf 91' lang='lat' dir='ltr'>ad</span> <span class='ocrx_word' id='word_1_806' title='bbox 1987 1839 2106 1865; x_wconf 86' lang='lat' dir='ltr'>causas,</span> <span class='ocrx_word' id='word_1_807' title='bbox 2131 1830 2229 1869; x_wconf 91' lang='lat' dir='ltr'>quod,</span> <span class='ocrx_word' id='word_1_808' title='bbox 2255 1840 2328 1859; x_wconf 91' lang='lat' dir='ltr'>cum</span> <span class='ocrx_word' id='word_1_809' title='bbox 2351 1829 2469 1870; x_wconf 91' lang='lat' dir='ltr'>depen-</span> 
     </span>
     <span class='ocr_line' id='line_1_110' title="bbox 1403 1873 2469 1913; baseline 0 -10"><span class='ocrx_word' id='word_1_810' title='bbox 1403 1874 1509 1904; x_wconf 84' lang='lat' dir='ltr'>dentia</span> <span class='ocrx_word' id='word_1_811' title='bbox 1530 1874 1663 1904; x_wconf 90' lang='lat' dir='ltr'>alicuius</span> <span class='ocrx_word' id='word_1_812' title='bbox 1686 1873 1781 1903; x_wconf 80' lang='lat' dir='ltr'>fuerit</span> <span class='ocrx_word' id='word_1_813' title='bbox 1803 1874 1941 1904; x_wconf 90' lang='lat' dir='ltr'>totaliter</span> <span class='ocrx_word' id='word_1_814' title='bbox 1963 1874 2129 1903; x_wconf 90' lang='lat' dir='ltr'>terminata</span> <span class='ocrx_word' id='word_1_815' title='bbox 2153 1873 2191 1903; x_wconf 92' lang='lat' dir='ltr'>ad</span> <span class='ocrx_word' id='word_1_816' title='bbox 2210 1873 2339 1913; x_wconf 87' lang='lat' dir='ltr'>aliquid,</span> <span class='ocrx_word' id='word_1_817' title='bbox 2363 1875 2469 1913; x_wconf 91' lang='lat' dir='ltr'>ipsum</span> 
     </span>
     <span class='ocr_line' id='line_1_111' title="bbox 1403 1917 2470 1957; baseline 0 -10"><span class='ocrx_word' id='word_1_818' title='bbox 1403 1927 1470 1948; x_wconf 92' lang='lat' dir='ltr'>non</span> <span class='ocrx_word' id='word_1_819' title='bbox 1494 1923 1617 1957; x_wconf 88' lang='lat' dir='ltr'>potest,</span> <span class='ocrx_word' id='word_1_820' title='bbox 1649 1917 1861 1957; x_wconf 89' lang='lat' dir='ltr'>dependentia</span> <span class='ocrx_word' id='word_1_821' title='bbox 1885 1917 2027 1947; x_wconf 90' lang='lat' dir='ltr'>eiusdem</span> <span class='ocrx_word' id='word_1_822' title='bbox 2050 1918 2197 1953; x_wconf 90' lang='lat' dir='ltr'>rationis,</span> <span class='ocrx_word' id='word_1_823' title='bbox 2228 1917 2408 1957; x_wconf 90' lang='lat' dir='ltr'>dependere</span> <span class='ocrx_word' id='word_1_824' title='bbox 2431 1918 2470 1948; x_wconf 92' lang='lat' dir='ltr'>ad</span> 
     </span>
     <span class='ocr_line' id='line_1_112' title="bbox 1404 1961 2470 2001; baseline 0 -10"><span class='ocrx_word' id='word_1_825' title='bbox 1404 1961 1500 1992; x_wconf 89' lang='lat' dir='ltr'>aliud.</span> <span class='ocrx_word' id='word_1_826' title='bbox 1524 1980 1546 1984; x_wconf 77' lang='lat'><em>—</em></span> <span class='ocrx_word' id='word_1_827' title='bbox 1569 1962 1610 1991; x_wconf 89' lang='lat' dir='ltr'>Et</span> <span class='ocrx_word' id='word_1_828' title='bbox 1629 1961 1837 1992; x_wconf 89' lang='lat' dir='ltr'>confirmatur</span> <span class='ocrx_word' id='word_1_829' title='bbox 1852 1962 1915 1991; x_wconf 91' lang='lat' dir='ltr'>hoc</span> <span class='ocrx_word' id='word_1_830' title='bbox 1932 1961 1970 1991; x_wconf 91' lang='lat' dir='ltr'>de</span> <span class='ocrx_word' id='word_1_831' title='bbox 1988 1961 2150 1992; x_wconf 90' lang='lat' dir='ltr'>accidente</span> <span class='ocrx_word' id='word_1_832' title='bbox 2166 1967 2313 2001; x_wconf 87' lang='lat' dir='ltr'>respectu</span> <span class='ocrx_word' id='word_1_833' title='bbox 2329 1962 2470 2001; x_wconf 89' lang='lat' dir='ltr'>plurium</span> 
     </span>
     <span class='ocr_line' id='line_1_113' title="bbox 1404 2006 1835 2045; baseline -0.002 -9"><span class='ocrx_word' id='word_1_834' title='bbox 1404 2006 1623 2036; x_wconf 87' lang='lat' dir='ltr'>subiectorum</span> <span class='ocrx_word' id='word_1_835' title='bbox 1646 2006 1835 2045; x_wconf 86' lang='lat' dir='ltr'>primorum.</span> 
     </span>
    </p>

    <p class='ocr_par' dir='ltr' id='par_1_23' title="bbox 1404 2049 2471 2308">
     <span class='ocr_line' id='line_1_114' title="bbox 1462 2049 2470 2089; baseline 0.001 -11"><span class='ocrx_word' id='word_1_836' title='bbox 1462 2063 1476 2076; x_wconf 88' lang='lat'>‹</span> <span class='ocrx_word' id='word_1_837' title='bbox 1496 2050 1604 2079; x_wconf 90' lang='lat' dir='ltr'>Minor</span> <span class='ocrx_word' id='word_1_838' title='bbox 1626 2050 1779 2089; x_wconf 87' lang='lat' dir='ltr'>probatur</span> <span class='ocrx_word' id='word_1_839' title='bbox 1794 2051 1821 2079; x_wconf 46' lang='grc' dir='ltr'>ἦ</span> <span class='ocrx_word' id='word_1_840' title='bbox 1855 2049 1940 2087; x_wconf 91' lang='lat' dir='ltr'>Quia</span> <span class='ocrx_word' id='word_1_841' title='bbox 1972 2050 2178 2089; x_wconf 88' lang='lat' dir='ltr'>personalitas</span> <span class='ocrx_word' id='word_1_842' title='bbox 2202 2055 2304 2079; x_wconf 90' lang='lat' dir='ltr'>creata</span> <span class='ocrx_word' id='word_1_843' title='bbox 2333 2050 2470 2080; x_wconf 88' lang='lat' dir='ltr'>totaliter</span> 
     </span>
     <span class='ocr_line' id='line_1_115' title="bbox 1404 2094 2469 2134; baseline 0 -11"><span class='ocrx_word' id='word_1_844' title='bbox 1404 2094 1586 2124; x_wconf 90' lang='lat' dir='ltr'>terminaret</span> <span class='ocrx_word' id='word_1_845' title='bbox 1609 2095 1727 2134; x_wconf 89' lang='lat' dir='ltr'>ipsam:</span> <span class='ocrx_word' id='word_1_846' title='bbox 1753 2099 1793 2129; x_wconf 89' lang='lat' dir='ltr'>et,</span> <span class='ocrx_word' id='word_1_847' title='bbox 1811 2094 1863 2123; x_wconf 91' lang='lat' dir='ltr'>illa</span> <span class='ocrx_word' id='word_1_848' title='bbox 1887 2099 1998 2129; x_wconf 89' lang='lat' dir='ltr'>stante,</span> <span class='ocrx_word' id='word_1_849' title='bbox 2015 2103 2082 2123; x_wconf 92' lang='lat' dir='ltr'>non</span> <span class='ocrx_word' id='word_1_850' title='bbox 2105 2099 2213 2133; x_wconf 90' lang='lat' dir='ltr'>posset</span> <span class='ocrx_word' id='word_1_851' title='bbox 2236 2094 2330 2124; x_wconf 91' lang='lat' dir='ltr'>simul</span> <span class='ocrx_word' id='word_1_852' title='bbox 2347 2104 2414 2124; x_wconf 90' lang='lat' dir='ltr'>esse</span> <span class='ocrx_word' id='word_1_853' title='bbox 2437 2095 2469 2124; x_wconf 92' lang='lat' dir='ltr'>in</span> 
     </span>
     <span class='ocr_line' id='line_1_116' title="bbox 1405 2138 2471 2178; baseline 0 -10"><span class='ocrx_word' id='word_1_854' title='bbox 1405 2138 1465 2168; x_wconf 88' lang='lat' dir='ltr'>alia</span> <span class='ocrx_word' id='word_1_855' title='bbox 1487 2147 1624 2178; x_wconf 87' lang='lat' dir='ltr'>persona</span> <span class='ocrx_word' id='word_1_856' title='bbox 1648 2144 1751 2168; x_wconf 90' lang='lat' dir='ltr'>creata</span> <span class='ocrx_word' id='word_1_857' title='bbox 1773 2138 1824 2167; x_wconf 91' lang='lat' dir='ltr'>vel</span> <span class='ocrx_word' id='word_1_858' title='bbox 1847 2138 1995 2167; x_wconf 87' lang='lat' dir='ltr'>increata.</span> <span class='ocrx_word' id='word_1_859' title='bbox 2027 2138 2101 2167; x_wconf 92' lang='lat' dir='ltr'>Non</span> <span class='ocrx_word' id='word_1_860' title='bbox 2125 2138 2231 2167; x_wconf 89' lang='lat' dir='ltr'>minus</span> <span class='ocrx_word' id='word_1_861' title='bbox 2255 2139 2340 2168; x_wconf 91' lang='lat' dir='ltr'>enim</span> <span class='ocrx_word' id='word_1_862' title='bbox 2363 2139 2471 2168; x_wconf 91' lang='lat' dir='ltr'>termi-</span> 
     </span>
     <span class='ocr_line' id='line_1_117' title="bbox 1404 2181 2470 2221; baseline -0.001 -9"><span class='ocrx_word' id='word_1_863' title='bbox 1404 2187 1458 2212; x_wconf 89' lang='lat' dir='ltr'>nat</span> <span class='ocrx_word' id='word_1_864' title='bbox 1481 2187 1627 2212; x_wconf 86' lang='lat' dir='ltr'>naturam</span> <span class='ocrx_word' id='word_1_865' title='bbox 1651 2187 1682 2212; x_wconf 88' lang='lat' dir='ltr'>et</span> <span class='ocrx_word' id='word_1_866' title='bbox 1705 2181 1951 2221; x_wconf 89' lang='lat' dir='ltr'>dependentiam</span> <span class='ocrx_word' id='word_1_867' title='bbox 1975 2181 2118 2212; x_wconf 90' lang='lat' dir='ltr'>eiusdem</span> <span class='ocrx_word' id='word_1_868' title='bbox 2136 2182 2341 2221; x_wconf 86' lang='lat' dir='ltr'>personalitas</span> <span class='ocrx_word' id='word_1_869' title='bbox 2366 2183 2470 2212; x_wconf 90' lang='lat' dir='ltr'>cuius-</span> 
     </span>
     <span class='ocr_line' id='line_1_118' title="bbox 1405 2225 2470 2267; baseline 0 -11"><span class='ocrx_word' id='word_1_870' title='bbox 1405 2235 1545 2266; x_wconf 87' lang='lat' dir='ltr'>cumque</span> <span class='ocrx_word' id='word_1_871' title='bbox 1568 2235 1724 2266; x_wconf 91' lang='lat' dir='ltr'>personae</span> <span class='ocrx_word' id='word_1_872' title='bbox 1748 2225 1889 2262; x_wconf 88' lang='lat' dir='ltr'>divinae,</span> <span class='ocrx_word' id='word_1_873' title='bbox 1915 2235 2012 2265; x_wconf 92' lang='lat' dir='ltr'>quam</span> <span class='ocrx_word' id='word_1_874' title='bbox 2035 2226 2255 2256; x_wconf 90' lang='lat' dir='ltr'>terminaretur</span> <span class='ocrx_word' id='word_1_875' title='bbox 2278 2227 2311 2256; x_wconf 93' lang='lat' dir='ltr'>in</span> <span class='ocrx_word' id='word_1_876' title='bbox 2335 2236 2377 2256; x_wconf 92' lang='lat' dir='ltr'>se.</span> <span class='ocrx_word' id='word_1_877' title='bbox 2412 2227 2470 2267; x_wconf 88' lang='lat' dir='ltr'>Igi-</span> 
     </span>
     <span class='ocr_line' id='line_1_119' title="bbox 1404 2276 1577 2308; baseline 0 -8"><span class='ocrx_word' id='word_1_878' title='bbox 1404 2276 1465 2308; x_wconf 66' lang='lat' dir='ltr'>tur,</span> <span class='ocrx_word' id='word_1_879' title='bbox 1483 2276 1542 2300; x_wconf 86' lang='lat' dir='ltr'>etc.</span> <span class='ocrx_word' id='word_1_880' title='bbox 1564 2283 1577 2296; x_wconf 83' lang='lat'>»</span> 
     </span>
    </p>

    <p class='ocr_par' dir='ltr' id='par_1_24' title="bbox 1403 2314 2470 2880">
     <span class='ocr_line' id='line_1_120' title="bbox 1459 2314 2470 2354; baseline 0.001 -10"><span class='ocrx_word' id='word_1_881' title='bbox 1459 2315 1497 2344; x_wconf 93' lang='lat' dir='ltr'>V.</span> <span class='ocrx_word' id='word_1_882' title='bbox 1522 2314 1572 2344; x_wconf 92' lang='lat' dir='ltr'>Ad</span> <span class='ocrx_word' id='word_1_883' title='bbox 1595 2315 1677 2344; x_wconf 87' lang='lat' dir='ltr'>hanc</span> <span class='ocrx_word' id='word_1_884' title='bbox 1702 2314 1790 2344; x_wconf 90' lang='lat' dir='ltr'>Scoti</span> <span class='ocrx_word' id='word_1_885' title='bbox 1812 2315 1969 2344; x_wconf 89' lang='lat' dir='ltr'>rationem</span> <span class='ocrx_word' id='word_1_886' title='bbox 1992 2314 2253 2353; x_wconf 90' lang='lat' dir='ltr'>respondendum</span> <span class='ocrx_word' id='word_1_887' title='bbox 2278 2319 2324 2344; x_wconf 89' lang='lat' dir='ltr'>est</span> <span class='ocrx_word' id='word_1_888' title='bbox 2347 2315 2470 2354; x_wconf 86' lang='lat' dir='ltr'>singula</span> 
     </span>
     <span class='ocr_line' id='line_1_121' title="bbox 1405 2358 2468 2398; baseline 0.001 -10"><span class='ocrx_word' id='word_1_889' title='bbox 1405 2358 1616 2394; x_wconf 86' lang='lat' dir='ltr'>discutiendo,</span> <span class='ocrx_word' id='word_1_890' title='bbox 1642 2364 1672 2388; x_wconf 92' lang='lat' dir='ltr'>et</span> <span class='ocrx_word' id='word_1_891' title='bbox 1688 2359 1732 2388; x_wconf 90' lang='lat' dir='ltr'>sic</span> <span class='ocrx_word' id='word_1_892' title='bbox 1749 2359 1843 2388; x_wconf 87' lang='lat' dir='ltr'>etiam</span> <span class='ocrx_word' id='word_1_893' title='bbox 1861 2358 2070 2398; x_wconf 90' lang='lat' dir='ltr'>principalem</span> <span class='ocrx_word' id='word_1_894' title='bbox 2086 2358 2249 2387; x_wconf 89' lang='lat' dir='ltr'>materiam</span> <span class='ocrx_word' id='word_1_895' title='bbox 2268 2358 2468 2389; x_wconf 90' lang='lat' dir='ltr'>declarando.</span> 
     </span>
     <span class='ocr_line' id='line_1_122' title="bbox 1405 2402 2469 2442; baseline 0 -10"><span class='ocrx_word' id='word_1_896' title='bbox 1405 2403 1508 2432; x_wconf 90' lang='lat' dir='ltr'>Maior</span> <span class='ocrx_word' id='word_1_897' title='bbox 1537 2403 1633 2442; x_wconf 85' lang='lat' dir='ltr'>igitur</span> <span class='ocrx_word' id='word_1_898' title='bbox 1661 2402 1841 2442; x_wconf 87' lang='lat' dir='ltr'>propositio</span> <span class='ocrx_word' id='word_1_899' title='bbox 1873 2408 2033 2442; x_wconf 89' lang='lat' dir='ltr'>assumpta</span> <span class='ocrx_word' id='word_1_900' title='bbox 2063 2412 2080 2431; x_wconf 93' lang='lat' dir='ltr'>a</span> <span class='ocrx_word' id='word_1_901' title='bbox 2106 2402 2204 2432; x_wconf 88' lang='lat' dir='ltr'>Scoto</span> <span class='ocrx_word' id='word_1_902' title='bbox 2236 2412 2303 2432; x_wconf 93' lang='lat' dir='ltr'>non</span> <span class='ocrx_word' id='word_1_903' title='bbox 2328 2408 2374 2432; x_wconf 90' lang='lat' dir='ltr'>est</span> <span class='ocrx_word' id='word_1_904' title='bbox 2396 2413 2469 2433; x_wconf 87' lang='lat' dir='ltr'>vera</span> 
     </span>
     <span class='ocr_line' id='line_1_123' title="bbox 1404 2446 2469 2487; baseline 0 -11"><span class='ocrx_word' id='word_1_905' title='bbox 1404 2447 1464 2476; x_wconf 91' lang='lat' dir='ltr'>nisi</span> <span class='ocrx_word' id='word_1_906' title='bbox 1486 2447 1602 2487; x_wconf 91' lang='lat' dir='ltr'>triplici</span> <span class='ocrx_word' id='word_1_907' title='bbox 1626 2447 1716 2486; x_wconf 89' lang='lat' dir='ltr'>quasi</span> <span class='ocrx_word' id='word_1_908' title='bbox 1739 2447 1843 2486; x_wconf 85' lang='lat' dir='ltr'>glossa</span> <span class='ocrx_word' id='word_1_909' title='bbox 1867 2446 2095 2476; x_wconf 88' lang='lat' dir='ltr'>subintellecta.</span> <span class='ocrx_word' id='word_1_910' title='bbox 2123 2446 2227 2475; x_wconf 88' lang='lat' dir='ltr'>Prima</span> <span class='ocrx_word' id='word_1_911' title='bbox 2251 2452 2296 2476; x_wconf 89' lang='lat' dir='ltr'>est</span> <span class='ocrx_word' id='word_1_912' title='bbox 2320 2456 2414 2486; x_wconf 88' lang='lat' dir='ltr'>supra</span> <span class='ocrx_word' id='word_1_913' title='bbox 2436 2447 2469 2487; x_wconf 90' lang='lat' dir='ltr'>ly</span> 
     </span>
     <span class='ocr_line' id='line_1_124' title="bbox 1404 2488 2469 2531; baseline 0 -10"><span class='ocrx_word' id='word_1_914' title='bbox 1404 2490 1633 2531; x_wconf 83' lang='lat' dir='ltr'>dependentia:</span> <span class='ocrx_word' id='word_1_915' title='bbox 1656 2490 1746 2530; x_wconf 92' lang='lat' dir='ltr'>quod</span> <span class='ocrx_word' id='word_1_916' title='bbox 1760 2488 1952 2530; x_wconf 69' lang='lat' dir='ltr'>intelligatur</span> <span class='ocrx_word' id='word_1_917' title='bbox 1976 2490 2014 2520; x_wconf 93' lang='lat' dir='ltr'>de</span> <span class='ocrx_word' id='word_1_918' title='bbox 2031 2489 2242 2530; x_wconf 89' lang='lat' dir='ltr'>dependentia</span> <span class='ocrx_word' id='word_1_919' title='bbox 2259 2491 2404 2530; x_wconf 81' lang='lat' dir='ltr'>proprie.</span> <span class='ocrx_word' id='word_1_920' title='bbox 2428 2491 2469 2521; x_wconf 88' lang='lat' dir='ltr'>Et</span> 
     </span>
     <span class='ocr_line' id='line_1_125' title="bbox 1403 2534 2468 2574; baseline 0 -9"><span class='ocrx_word' id='word_1_921' title='bbox 1403 2535 1466 2565; x_wconf 90' lang='lat' dir='ltr'>hoc</span> <span class='ocrx_word' id='word_1_922' title='bbox 1490 2534 1574 2571; x_wconf 87' lang='lat' dir='ltr'>dico,</span> <span class='ocrx_word' id='word_1_923' title='bbox 1599 2535 1753 2574; x_wconf 91' lang='lat' dir='ltr'>quoniam</span> <span class='ocrx_word' id='word_1_924' title='bbox 1772 2534 1984 2574; x_wconf 91' lang='lat' dir='ltr'>dependentia</span> <span class='ocrx_word' id='word_1_925' title='bbox 1999 2535 2127 2574; x_wconf 91' lang='lat' dir='ltr'>proprie</span> <span class='ocrx_word' id='word_1_926' title='bbox 2144 2543 2211 2564; x_wconf 90' lang='lat' dir='ltr'>non</span> <span class='ocrx_word' id='word_1_927' title='bbox 2226 2534 2385 2564; x_wconf 82' lang='lat' dir='ltr'>invenitur</span> <span class='ocrx_word' id='word_1_928' title='bbox 2401 2535 2468 2565; x_wconf 92' lang='lat' dir='ltr'>sine</span> 
     </span>
     <span class='ocr_line' id='line_1_126' title="bbox 1404 2577 2467 2618; baseline -0.001 -9"><span class='ocrx_word' id='word_1_929' title='bbox 1404 2579 1596 2609; x_wconf 88' lang='lat' dir='ltr'>causalitate.</span> <span class='ocrx_word' id='word_1_930' title='bbox 1621 2579 1776 2616; x_wconf 91' lang='lat' dir='ltr'>Quamvis</span> <span class='ocrx_word' id='word_1_931' title='bbox 1801 2579 1886 2608; x_wconf 91' lang='lat' dir='ltr'>enim</span> <span class='ocrx_word' id='word_1_932' title='bbox 1910 2577 2030 2618; x_wconf 92' lang='lat' dir='ltr'>aliquid</span> <span class='ocrx_word' id='word_1_933' title='bbox 2046 2579 2084 2608; x_wconf 91' lang='lat' dir='ltr'>sit</span> <span class='ocrx_word' id='word_1_934' title='bbox 2100 2578 2188 2608; x_wconf 89' lang='lat' dir='ltr'>alteri</span> <span class='ocrx_word' id='word_1_935' title='bbox 2204 2579 2270 2608; x_wconf 93' lang='lat' dir='ltr'>sine</span> <span class='ocrx_word' id='word_1_936' title='bbox 2288 2579 2467 2608; x_wconf 89' lang='lat' dir='ltr'>causalitate</span> 
     </span>
     <span class='ocr_line' id='line_1_127' title="bbox 1403 2622 2466 2662; baseline -0.001 -9"><span class='ocrx_word' id='word_1_937' title='bbox 1403 2633 1581 2658; x_wconf 84' lang='lat' dir='ltr'>annexum,</span> <span class='ocrx_word' id='word_1_938' title='bbox 1611 2632 1679 2653; x_wconf 92' lang='lat' dir='ltr'>non</span> <span class='ocrx_word' id='word_1_939' title='bbox 1703 2628 1810 2652; x_wconf 88' lang='lat' dir='ltr'>tamen</span> <span class='ocrx_word' id='word_1_940' title='bbox 1834 2622 2047 2662; x_wconf 90' lang='lat' dir='ltr'>dependentia</span> <span class='ocrx_word' id='word_1_941' title='bbox 2069 2623 2197 2662; x_wconf 91' lang='lat' dir='ltr'>proprie</span> <span class='ocrx_word' id='word_1_942' title='bbox 2224 2623 2306 2652; x_wconf 90' lang='lat' dir='ltr'>inter</span> <span class='ocrx_word' id='word_1_943' title='bbox 2328 2623 2381 2652; x_wconf 90' lang='lat' dir='ltr'>illa</span> <span class='ocrx_word' id='word_1_944' title='bbox 2405 2628 2466 2652; x_wconf 91' lang='lat' dir='ltr'>est:</span> 
     </span>
     <span class='ocr_line' id='line_1_128' title="bbox 1403 2666 2467 2707; baseline -0.001 -10"><span class='ocrx_word' id='word_1_945' title='bbox 1403 2672 1440 2697; x_wconf 93' lang='lat' dir='ltr'>ut</span> <span class='ocrx_word' id='word_1_946' title='bbox 1462 2672 1548 2707; x_wconf 88' lang='lat' dir='ltr'>patet</span> <span class='ocrx_word' id='word_1_947' title='bbox 1571 2668 1652 2697; x_wconf 89' lang='lat' dir='ltr'>inter</span> <span class='ocrx_word' id='word_1_948' title='bbox 1676 2667 1870 2702; x_wconf 86' lang='lat' dir='ltr'>correlativa,</span> <span class='ocrx_word' id='word_1_949' title='bbox 1895 2675 2036 2706; x_wconf 90' lang='lat' dir='ltr'>quorum</span> <span class='ocrx_word' id='word_1_950' title='bbox 2054 2672 2215 2701; x_wconf 87' lang='lat' dir='ltr'>neutrum,</span> <span class='ocrx_word' id='word_1_951' title='bbox 2240 2672 2275 2696; x_wconf 88' lang='lat' dir='ltr'>ut</span> <span class='ocrx_word' id='word_1_952' title='bbox 2290 2667 2344 2701; x_wconf 89' lang='lat' dir='ltr'>sic,</span> <span class='ocrx_word' id='word_1_953' title='bbox 2369 2667 2407 2695; x_wconf 90' lang='lat' dir='ltr'>ab</span> <span class='ocrx_word' id='word_1_954' title='bbox 2424 2666 2467 2696; x_wconf 88' lang='lat' dir='ltr'>al-</span> 
     </span>
     <span class='ocr_line' id='line_1_129' title="bbox 1403 2709 2467 2751; baseline -0.002 -10"><span class='ocrx_word' id='word_1_955' title='bbox 1403 2717 1472 2741; x_wconf 91' lang='lat' dir='ltr'>tero</span> <span class='ocrx_word' id='word_1_956' title='bbox 1497 2710 1655 2751; x_wconf 89' lang='lat' dir='ltr'>dependet</span> <span class='ocrx_word' id='word_1_957' title='bbox 1677 2712 1711 2740; x_wconf 91' lang='lat' dir='ltr'>in</span> <span class='ocrx_word' id='word_1_958' title='bbox 1734 2720 1943 2750; x_wconf 90' lang='lat' dir='ltr'>quocumque</span> <span class='ocrx_word' id='word_1_959' title='bbox 1966 2720 2081 2750; x_wconf 88' lang='lat' dir='ltr'>genere</span> <span class='ocrx_word' id='word_1_960' title='bbox 2106 2719 2234 2745; x_wconf 86' lang='lat' dir='ltr'>causae;</span> <span class='ocrx_word' id='word_1_961' title='bbox 2259 2715 2289 2739; x_wconf 94' lang='lat' dir='ltr'>et</span> <span class='ocrx_word' id='word_1_962' title='bbox 2312 2711 2393 2739; x_wconf 90' lang='lat' dir='ltr'>inter</span> <span class='ocrx_word' id='word_1_963' title='bbox 2409 2709 2467 2740; x_wconf 86' lang='lat' dir='ltr'>dif—</span> 
     </span>
     <span class='ocr_line' id='line_1_130' title="bbox 1404 2753 2466 2794; baseline -0.002 -9"><span class='ocrx_word' id='word_1_964' title='bbox 1404 2755 1551 2785; x_wconf 86' lang='lat' dir='ltr'>ferentias</span> <span class='ocrx_word' id='word_1_965' title='bbox 1575 2755 1720 2785; x_wconf 90' lang='lat' dir='ltr'>divisivas</span> <span class='ocrx_word' id='word_1_966' title='bbox 1752 2764 1789 2784; x_wconf 85' lang='lat' dir='ltr'>ex</span> <span class='ocrx_word' id='word_1_967' title='bbox 1813 2755 1964 2794; x_wconf 93' lang='lat' dir='ltr'>opposito</span> <span class='ocrx_word' id='word_1_968' title='bbox 1996 2753 2137 2784; x_wconf 88' lang='lat' dir='ltr'>eiusdem</span> <span class='ocrx_word' id='word_1_969' title='bbox 2161 2754 2300 2793; x_wconf 87' lang='lat' dir='ltr'>generis,</span> <span class='ocrx_word' id='word_1_970' title='bbox 2332 2763 2466 2793; x_wconf 91' lang='lat' dir='ltr'>quarum</span> 
     </span>
     <span class='ocr_line' id='line_1_131' title="bbox 1404 2797 2466 2838; baseline -0.001 -9"><span class='ocrx_word' id='word_1_971' title='bbox 1404 2805 1517 2829; x_wconf 91' lang='lat' dir='ltr'>neutra</span> <span class='ocrx_word' id='word_1_972' title='bbox 1540 2800 1578 2829; x_wconf 91' lang='lat' dir='ltr'>ab</span> <span class='ocrx_word' id='word_1_973' title='bbox 1595 2799 1691 2829; x_wconf 91' lang='lat' dir='ltr'>altera</span> <span class='ocrx_word' id='word_1_974' title='bbox 1707 2798 1882 2838; x_wconf 89' lang='lat' dir='ltr'>dependet;</span> <span class='ocrx_word' id='word_1_975' title='bbox 1908 2804 1938 2828; x_wconf 90' lang='lat' dir='ltr'>et</span> <span class='ocrx_word' id='word_1_976' title='bbox 1961 2803 2067 2827; x_wconf 90' lang='lat' dir='ltr'>tamen</span> <span class='ocrx_word' id='word_1_977' title='bbox 2088 2803 2152 2827; x_wconf 90' lang='lat' dir='ltr'>tam</span> <span class='ocrx_word' id='word_1_978' title='bbox 2169 2797 2353 2827; x_wconf 89' lang='lat' dir='ltr'>correlativa</span> <span class='ocrx_word' id='word_1_979' title='bbox 2369 2806 2466 2837; x_wconf 87' lang='lat' dir='ltr'>quarn</span> 
     </span>
     <span class='ocr_line' id='line_1_132' title="bbox 1404 2842 2172 2891; baseline -0.004 -18"><span class='ocrx_word' id='word_1_980' title='bbox 1404 2842 1590 2873; x_wconf 89' lang='lat' dir='ltr'>huiusmodi</span> <span class='ocrx_word' id='word_1_981' title='bbox 1614 2842 1803 2873; x_wconf 86' lang='lat' dir='ltr'>differentias</span> <span class='ocrx_word' id='word_1_982' title='bbox 1827 2842 1920 2872; x_wconf 91' lang='lat' dir='ltr'>simul</span> <span class='ocrx_word' id='word_1_983' title='bbox 1945 2851 2011 2871; x_wconf 89' lang='lat' dir='ltr'>esse</span> <span class='ocrx_word' id='word_1_984' title='bbox 2036 2846 2172 2891; x_wconf 89' lang='lat' dir='ltr'>oportet.</span> 
     </span>
    </p>

    <p class='ocr_par' dir='ltr' id='par_1_25' title="bbox 1405 2885 2467 3452">
     <span class='ocr_line' id='line_1_133' title="bbox 1460 2885 2467 2925; baseline -0.001 -8"><span class='ocrx_word' id='word_1_985' title='bbox 1460 2887 1576 2917; x_wconf 89' lang='lat' dir='ltr'>Scotus</span> <span class='ocrx_word' id='word_1_986' title='bbox 1599 2892 1706 2916; x_wconf 87' lang='lat' dir='ltr'>autern</span> <span class='ocrx_word' id='word_1_987' title='bbox 1730 2885 1959 2925; x_wconf 90' lang='lat' dir='ltr'>dependentiae</span> <span class='ocrx_word' id='word_1_988' title='bbox 1978 2885 2110 2914; x_wconf 90' lang='lat' dir='ltr'>nomine</span> <span class='ocrx_word' id='word_1_989' title='bbox 2133 2885 2231 2914; x_wconf 89' lang='lat' dir='ltr'>utitur</span> <span class='ocrx_word' id='word_1_990' title='bbox 2255 2890 2375 2915; x_wconf 88' lang='lat' dir='ltr'>etcum</span> <span class='ocrx_word' id='word_1_991' title='bbox 2393 2895 2467 2916; x_wconf 91' lang='lat' dir='ltr'>cau-</span> 
     </span>
     <span class='ocr_line' id='line_1_134' title="bbox 1405 2928 2467 2968; baseline -0.002 -7"><span class='ocrx_word' id='word_1_992' title='bbox 1405 2932 1535 2966; x_wconf 88' lang='lat' dir='ltr'>salitate,</span> <span class='ocrx_word' id='word_1_993' title='bbox 1560 2936 1591 2960; x_wconf 91' lang='lat' dir='ltr'>et</span> <span class='ocrx_word' id='word_1_994' title='bbox 1614 2931 1681 2960; x_wconf 91' lang='lat' dir='ltr'>sine</span> <span class='ocrx_word' id='word_1_995' title='bbox 1705 2930 1895 2964; x_wconf 89' lang='lat' dir='ltr'>causalitate,</span> <span class='ocrx_word' id='word_1_996' title='bbox 1920 2934 1955 2958; x_wconf 92' lang='lat' dir='ltr'>ut</span> <span class='ocrx_word' id='word_1_997' title='bbox 1978 2934 2072 2968; x_wconf 85' lang='lat' dir='ltr'>patet.</span> <span class='ocrx_word' id='word_1_998' title='bbox 2098 2928 2137 2957; x_wconf 89' lang='lat' dir='ltr'>Et</span> <span class='ocrx_word' id='word_1_999' title='bbox 2159 2933 2337 2968; x_wconf 91' lang='lat' dir='ltr'>propterea,</span> <span class='ocrx_word' id='word_1_1000' title='bbox 2354 2930 2398 2959; x_wconf 90' lang='lat' dir='ltr'>sic</span> <span class='ocrx_word' id='word_1_1001' title='bbox 2415 2939 2467 2959; x_wconf 85' lang='lat' dir='ltr'>ex-</span> 
     </span>
     <span class='ocr_line' id='line_1_135' title="bbox 1405 2972 2466 3012; baseline -0.002 -7"><span class='ocrx_word' id='word_1_1002' title='bbox 1405 2981 1496 3005; x_wconf 90' lang='lat' dir='ltr'>tenso</span> <span class='ocrx_word' id='word_1_1003' title='bbox 1521 2975 1652 3004; x_wconf 87' lang='lat' dir='ltr'>nomine</span> <span class='ocrx_word' id='word_1_1004' title='bbox 1675 2973 1795 3003; x_wconf 92' lang='lat' dir='ltr'>utendo</span> <span class='ocrx_word' id='word_1_1005' title='bbox 1815 2972 2033 3012; x_wconf 81' lang='lat' dir='ltr'>dependentia,</span> <span class='ocrx_word' id='word_1_1006' title='bbox 2058 2972 2159 3001; x_wconf 87' lang='lat' dir='ltr'>maior</span> <span class='ocrx_word' id='word_1_1007' title='bbox 2174 2981 2241 3001; x_wconf 92' lang='lat' dir='ltr'>non</span> <span class='ocrx_word' id='word_1_1008' title='bbox 2258 2978 2304 3002; x_wconf 91' lang='lat' dir='ltr'>est</span> <span class='ocrx_word' id='word_1_1009' title='bbox 2319 2982 2391 3003; x_wconf 87' lang='lat' dir='ltr'>vera</span> <span class='ocrx_word' id='word_1_1010' title='bbox 2407 2975 2466 3003; x_wconf 92' lang='lat' dir='ltr'>nisi</span> 
     </span>
     <span class='ocr_line' id='line_1_136' title="bbox 1406 3015 2467 3058; baseline -0.001 -10"><span class='ocrx_word' id='word_1_1011' title='bbox 1406 3024 1586 3058; x_wconf 91' lang='lat' dir='ltr'>apponatur</span> <span class='ocrx_word' id='word_1_1012' title='bbox 1609 3018 1704 3047; x_wconf 91' lang='lat' dir='ltr'>altera</span> <span class='ocrx_word' id='word_1_1013' title='bbox 1726 3017 1840 3056; x_wconf 86' lang='lat' dir='ltr'>glossa,</span> <span class='ocrx_word' id='word_1_1014' title='bbox 1864 3026 1958 3056; x_wconf 90' lang='lat' dir='ltr'>supra</span> <span class='ocrx_word' id='word_1_1015' title='bbox 1982 3016 2014 3056; x_wconf 88' lang='lat' dir='ltr'>ly</span> <span class='ocrx_word' id='word_1_1016' title='bbox 2038 3025 2103 3045; x_wconf 90' lang='lat' dir='ltr'>non</span> <span class='ocrx_word' id='word_1_1017' title='bbox 2127 3015 2401 3056; x_wconf 53' lang='lat' dir='ltr'>dependet‚squod</span> <span class='ocrx_word' id='word_1_1018' title='bbox 2419 3018 2467 3047; x_wconf 89' lang='lat' dir='ltr'>in-</span> 
     </span>
     <span class='ocr_line' id='line_1_137' title="bbox 1405 3059 2467 3102; baseline -0.001 -10"><span class='ocrx_word' id='word_1_1019' title='bbox 1405 3063 1563 3102; x_wconf 89' lang='lat' dir='ltr'>telligatur</span> <span class='ocrx_word' id='word_1_1020' title='bbox 1579 3061 1617 3091; x_wconf 94' lang='lat' dir='ltr'>de</span> <span class='ocrx_word' id='word_1_1021' title='bbox 1634 3060 1845 3100; x_wconf 87' lang='lat' dir='ltr'>dependentia</span> <span class='ocrx_word' id='word_1_1022' title='bbox 1862 3060 1992 3090; x_wconf 87' lang='lat' dir='ltr'>omnino</span> <span class='ocrx_word' id='word_1_1023' title='bbox 2009 3059 2148 3090; x_wconf 86' lang='lat' dir='ltr'>eiusdem</span> <span class='ocrx_word' id='word_1_1024' title='bbox 2165 3060 2310 3095; x_wconf 85' lang='lat' dir='ltr'>rationis,</span> <span class='ocrx_word' id='word_1_1025' title='bbox 2323 3061 2365 3090; x_wconf 90' lang='lat' dir='ltr'>ita</span> <span class='ocrx_word' id='word_1_1026' title='bbox 2378 3060 2467 3100; x_wconf 93' lang='lat' dir='ltr'>quod</span> 
     </span>
     <span class='ocr_line' id='line_1_138' title="bbox 1406 3103 2466 3145; baseline 0 -10"><span class='ocrx_word' id='word_1_1027' title='bbox 1406 3107 1446 3135; x_wconf 86' lang='lat' dir='ltr'>sit</span> <span class='ocrx_word' id='word_1_1028' title='bbox 1469 3105 1681 3145; x_wconf 88' lang='lat' dir='ltr'>dependentia</span> <span class='ocrx_word' id='word_1_1029' title='bbox 1704 3103 1846 3134; x_wconf 90' lang='lat' dir='ltr'>eiusdem</span> <span class='ocrx_word' id='word_1_1030' title='bbox 1870 3104 1987 3144; x_wconf 87' lang='lat' dir='ltr'>speciei</span> <span class='ocrx_word' id='word_1_1031' title='bbox 2011 3104 2269 3143; x_wconf 85' lang='lat' dir='ltr'>specialissimae,</span> <span class='ocrx_word' id='word_1_1032' title='bbox 2295 3109 2325 3134; x_wconf 90' lang='lat' dir='ltr'>et</span> <span class='ocrx_word' id='word_1_1033' title='bbox 2347 3105 2380 3134; x_wconf 88' lang='lat' dir='ltr'>in</span> <span class='ocrx_word' id='word_1_1034' title='bbox 2404 3105 2466 3135; x_wconf 88' lang='lat' dir='ltr'>hoc</span> 
     </span>
     <span class='ocr_line' id='line_1_139' title="bbox 1407 3147 2466 3188; baseline -0.001 -9"><span class='ocrx_word' id='word_1_1035' title='bbox 1407 3150 1521 3180; x_wconf 91' lang='lat' dir='ltr'>Scotus</span> <span class='ocrx_word' id='word_1_1036' title='bbox 1546 3148 1719 3178; x_wconf 87' lang='lat' dir='ltr'>consentit:</span> <span class='ocrx_word' id='word_1_1037' title='bbox 1746 3154 1776 3178; x_wconf 91' lang='lat' dir='ltr'>et</span> <span class='ocrx_word' id='word_1_1038' title='bbox 1799 3148 1894 3178; x_wconf 89' lang='lat' dir='ltr'>altera</span> <span class='ocrx_word' id='word_1_1039' title='bbox 1917 3157 2011 3188; x_wconf 88' lang='lat' dir='ltr'>supra</span> <span class='ocrx_word' id='word_1_1040' title='bbox 2034 3147 2065 3188; x_wconf 93' lang='lat' dir='ltr'>ly</span> <span class='ocrx_word' id='word_1_1041' title='bbox 2089 3148 2239 3183; x_wconf 85' lang='lat' dir='ltr'>totaliter,</span> <span class='ocrx_word' id='word_1_1042' title='bbox 2265 3148 2352 3188; x_wconf 90' lang='lat' dir='ltr'>quod</span> <span class='ocrx_word' id='word_1_1043' title='bbox 2375 3149 2466 3178; x_wconf 91' lang='lat' dir='ltr'>intel—</span> 
     </span>
     <span class='ocr_line' id='line_1_140' title="bbox 1407 3191 2466 3233; baseline -0.001 -10"><span class='ocrx_word' id='word_1_1044' title='bbox 1407 3194 1520 3233; x_wconf 86' lang='lat' dir='ltr'>ligatur</span> <span class='ocrx_word' id='word_1_1045' title='bbox 1536 3197 1600 3222; x_wconf 87' lang='lat' dir='ltr'>tam</span> <span class='ocrx_word' id='word_1_1046' title='bbox 1618 3192 1770 3222; x_wconf 84' lang='lat' dir='ltr'>intensive</span> <span class='ocrx_word' id='word_1_1047' title='bbox 1792 3202 1887 3232; x_wconf 84' lang='lat' dir='ltr'>quam</span> <span class='ocrx_word' id='word_1_1048' title='bbox 1904 3192 2073 3222; x_wconf 83' lang='lat' dir='ltr'>extensive.</span> <span class='ocrx_word' id='word_1_1049' title='bbox 2098 3191 2270 3229; x_wconf 89' lang='lat' dir='ltr'>Quoniam,</span> <span class='ocrx_word' id='word_1_1050' title='bbox 2288 3192 2360 3222; x_wconf 87' lang='lat' dir='ltr'>dato</span> <span class='ocrx_word' id='word_1_1051' title='bbox 2378 3192 2466 3232; x_wconf 89' lang='lat' dir='ltr'>quod</span> 
     </span>
     <span class='ocr_line' id='line_1_141' title="bbox 1407 3236 2467 3275; baseline -0.001 -8"><span class='ocrx_word' id='word_1_1052' title='bbox 1407 3247 1509 3267; x_wconf 90' lang='lat' dir='ltr'>unum</span> <span class='ocrx_word' id='word_1_1053' title='bbox 1532 3236 1714 3266; x_wconf 87' lang='lat' dir='ltr'>terminaret</span> <span class='ocrx_word' id='word_1_1054' title='bbox 1728 3236 1866 3266; x_wconf 92' lang='lat' dir='ltr'>totaliter</span> <span class='ocrx_word' id='word_1_1055' title='bbox 1881 3237 2045 3271; x_wconf 89' lang='lat' dir='ltr'>intensive,</span> <span class='ocrx_word' id='word_1_1056' title='bbox 2069 3245 2137 3265; x_wconf 93' lang='lat' dir='ltr'>non</span> <span class='ocrx_word' id='word_1_1057' title='bbox 2152 3241 2319 3275; x_wconf 91' lang='lat' dir='ltr'>propterea</span> <span class='ocrx_word' id='word_1_1058' title='bbox 2334 3237 2467 3266; x_wconf 87' lang='lat' dir='ltr'>habetur</span> 
     </span>
     <span class='ocr_line' id='line_1_142' title="bbox 1407 3279 2463 3320; baseline 0 -10"><span class='ocrx_word' id='word_1_1059' title='bbox 1407 3280 1496 3320; x_wconf 91' lang='lat' dir='ltr'>quod</span> <span class='ocrx_word' id='word_1_1060' title='bbox 1512 3280 1590 3310; x_wconf 91' lang='lat' dir='ltr'>illud</span> <span class='ocrx_word' id='word_1_1061' title='bbox 1606 3289 1708 3310; x_wconf 91' lang='lat' dir='ltr'>unum</span> <span class='ocrx_word' id='word_1_1062' title='bbox 1724 3280 1905 3310; x_wconf 88' lang='lat' dir='ltr'>terminaret</span> <span class='ocrx_word' id='word_1_1063' title='bbox 1920 3280 2058 3310; x_wconf 87' lang='lat' dir='ltr'>totaliter</span> <span class='ocrx_word' id='word_1_1064' title='bbox 2070 3281 2238 3310; x_wconf 85' lang='lat' dir='ltr'>extensive.</span> <span class='ocrx_word' id='word_1_1065' title='bbox 2259 3279 2463 3319; x_wconf 88' lang='lat' dir='ltr'>Exemplum:</span> 
     </span>
     <span class='ocr_line' id='line_1_143' title="bbox 1407 3323 2465 3364; baseline 0 -10"><span class='ocrx_word' id='word_1_1066' title='bbox 1407 3325 1469 3354; x_wconf 89' lang='lat' dir='ltr'>albi</span> <span class='ocrx_word' id='word_1_1067' title='bbox 1492 3330 1527 3354; x_wconf 94' lang='lat' dir='ltr'>ut</span> <span class='ocrx_word' id='word_1_1068' title='bbox 1551 3329 1688 3364; x_wconf 87' lang='lat' dir='ltr'>quatuor</span> <span class='ocrx_word' id='word_1_1069' title='bbox 1710 3323 1950 3354; x_wconf 91' lang='lat' dir='ltr'>similitudinem</span> <span class='ocrx_word' id='word_1_1070' title='bbox 1981 3324 2126 3354; x_wconf 86' lang='lat' dir='ltr'>terminat</span> <span class='ocrx_word' id='word_1_1071' title='bbox 2155 3324 2290 3353; x_wconf 88' lang='lat' dir='ltr'>totaliter</span> <span class='ocrx_word' id='word_1_1072' title='bbox 2312 3324 2465 3354; x_wconf 90' lang='lat' dir='ltr'>intensive</span> 
     </span>
     <span class='ocr_line' id='line_1_144' title="bbox 1407 3367 2465 3408; baseline -0.001 -10"><span class='ocrx_word' id='word_1_1073' title='bbox 1407 3367 1493 3398; x_wconf 88' lang='lat' dir='ltr'>aliud</span> <span class='ocrx_word' id='word_1_1074' title='bbox 1516 3367 1623 3398; x_wconf 90' lang='lat' dir='ltr'>album</span> <span class='ocrx_word' id='word_1_1075' title='bbox 1647 3373 1683 3398; x_wconf 91' lang='lat' dir='ltr'>ut</span> <span class='ocrx_word' id='word_1_1076' title='bbox 1707 3373 1861 3408; x_wconf 90' lang='lat' dir='ltr'>quatuor;</span> <span class='ocrx_word' id='word_1_1077' title='bbox 1884 3378 1951 3398; x_wconf 91' lang='lat' dir='ltr'>non</span> <span class='ocrx_word' id='word_1_1078' title='bbox 1974 3373 2080 3397; x_wconf 91' lang='lat' dir='ltr'>tamen</span> <span class='ocrx_word' id='word_1_1079' title='bbox 2099 3368 2245 3397; x_wconf 88' lang='lat' dir='ltr'>terminat</span> <span class='ocrx_word' id='word_1_1080' title='bbox 2261 3367 2397 3397; x_wconf 89' lang='lat' dir='ltr'>totaliter</span> <span class='ocrx_word' id='word_1_1081' title='bbox 2413 3377 2465 3397; x_wconf 88' lang='lat' dir='ltr'>ex-</span> 
     </span>
     <span class='ocr_line' id='line_1_145' title="bbox 1406 3411 2151 3452; baseline -0.003 -10"><span class='ocrx_word' id='word_1_1082' title='bbox 1406 3412 1537 3447; x_wconf 90' lang='lat' dir='ltr'>tensive,</span> <span class='ocrx_word' id='word_1_1083' title='bbox 1562 3413 1637 3452; x_wconf 89' lang='lat' dir='ltr'>quia</span> <span class='ocrx_word' id='word_1_1084' title='bbox 1658 3417 1764 3451; x_wconf 89' lang='lat' dir='ltr'>potest</span> <span class='ocrx_word' id='word_1_1085' title='bbox 1787 3413 1915 3442; x_wconf 90' lang='lat' dir='ltr'>tertium</span> <span class='ocrx_word' id='word_1_1086' title='bbox 1938 3412 2016 3451; x_wconf 90' lang='lat' dir='ltr'>poni</span> <span class='ocrx_word' id='word_1_1087' title='bbox 2041 3411 2151 3440; x_wconf 88' lang='lat' dir='ltr'>simile.</span> 
     </span>
    </p>

    <p class='ocr_par' dir='ltr' id='par_1_26' title="bbox 1407 3454 2464 3581">
     <span class='ocr_line' id='line_1_146' title="bbox 1463 3454 2464 3495; baseline -0.002 -9"><span class='ocrx_word' id='word_1_1088' title='bbox 1463 3455 1599 3495; x_wconf 90' lang='lat' dir='ltr'>Oportet</span> <span class='ocrx_word' id='word_1_1089' title='bbox 1621 3461 1744 3492; x_wconf 88' lang='lat' dir='ltr'>autem,</span> <span class='ocrx_word' id='word_1_1090' title='bbox 1769 3455 1808 3486; x_wconf 89' lang='lat' dir='ltr'>ad</span> <span class='ocrx_word' id='word_1_1091' title='bbox 1830 3455 2052 3486; x_wconf 88' lang='lat' dir='ltr'>verificandam</span> <span class='ocrx_word' id='word_1_1092' title='bbox 2076 3455 2229 3484; x_wconf 83' lang='lat' dir='ltr'>maiorem</span> <span class='ocrx_word' id='word_1_1093' title='bbox 2253 3454 2354 3490; x_wconf 91' lang='lat' dir='ltr'>illam,</span> <span class='ocrx_word' id='word_1_1094' title='bbox 2383 3455 2464 3485; x_wconf 91' lang='lat' dir='ltr'>hanc</span> 
     </span>
     <span class='ocr_line' id='line_1_147' title="bbox 1407 3498 2464 3540; baseline -0.002 -10"><span class='ocrx_word' id='word_1_1095' title='bbox 1407 3509 1569 3540; x_wconf 87' lang='lat' dir='ltr'>apponere</span> <span class='ocrx_word' id='word_1_1096' title='bbox 1592 3500 1745 3539; x_wconf 91' lang='lat' dir='ltr'>glossam:</span> <span class='ocrx_word' id='word_1_1097' title='bbox 1770 3500 1922 3539; x_wconf 84' lang='lat' dir='ltr'>alioquin,</span> <span class='ocrx_word' id='word_1_1098' title='bbox 1947 3509 2013 3529; x_wconf 93' lang='lat' dir='ltr'>non</span> <span class='ocrx_word' id='word_1_1099' title='bbox 2030 3505 2076 3529; x_wconf 91' lang='lat' dir='ltr'>est</span> <span class='ocrx_word' id='word_1_1100' title='bbox 2096 3508 2169 3528; x_wconf 86' lang='lat' dir='ltr'>vera</span> <span class='ocrx_word' id='word_1_1101' title='bbox 2192 3498 2231 3528; x_wconf 93' lang='lat' dir='ltr'>de</span> <span class='ocrx_word' id='word_1_1102' title='bbox 2255 3498 2464 3539; x_wconf 87' lang='lat' dir='ltr'>dependentia</span> 
     </span>
     <span class='ocr_line' id='line_1_148' title="bbox 1408 3542 2464 3581; baseline -0.002 -7"><span class='ocrx_word' id='word_1_1103' title='bbox 1408 3544 1563 3574; x_wconf 88' lang='lat' dir='ltr'>essentiali</span> <span class='ocrx_word' id='word_1_1104' title='bbox 1586 3554 1654 3574; x_wconf 92' lang='lat' dir='ltr'>non</span> <span class='ocrx_word' id='word_1_1105' title='bbox 1678 3544 1802 3574; x_wconf 86' lang='lat' dir='ltr'>causali.</span> <span class='ocrx_word' id='word_1_1106' title='bbox 1839 3543 2001 3581; x_wconf 90' lang='lat' dir='ltr'>Quoniam</span> <span class='ocrx_word' id='word_1_1107' title='bbox 2032 3552 2070 3572; x_wconf 86' lang='lat' dir='ltr'>ex</span> <span class='ocrx_word' id='word_1_1108' title='bbox 2093 3542 2241 3572; x_wconf 90' lang='lat' dir='ltr'>naturalis</span> <span class='ocrx_word' id='word_1_1109' title='bbox 2265 3543 2393 3572; x_wconf 88' lang='lat' dir='ltr'>rationis</span> <span class='ocrx_word' id='word_1_1110' title='bbox 2416 3543 2464 3572; x_wconf 92' lang='lat' dir='ltr'>lu-</span> 
     </span>
    </p>
   </div>
   <div class='ocr_carea' id='block_1_15' title="bbox 2307 3611 2323 3636">
    <p class='ocr_par' dir='ltr' id='par_1_27' title="bbox 2307 3611 2323 3636">
     <span class='ocr_line' id='line_1_149' title="bbox 2307 3611 2323 3636; baseline 0 0"><span class='ocrx_word' id='word_1_1111' title='bbox 2307 3611 2323 3636; x_wconf 85' lang='lat'>9</span> 
     </span>
    </p>
   </div>
   <div class='ocr_carea' id='block_1_16' title="bbox 2497 1751 2679 1772">
    <p class='ocr_par' dir='ltr' id='par_1_28' title="bbox 2497 1751 2679 1772">
     <span class='ocr_line' id='line_1_150' title="bbox 2497 1751 2679 1772; baseline 0 -1"><span class='ocrx_word' id='word_1_1112' title='bbox 2497 1753 2504 1761; x_wconf 76' lang='lat'>⁸</span> <span class='ocrx_word' id='word_1_1113' title='bbox 2520 1751 2553 1771; x_wconf 54' lang='grc' dir='ltr'>(ΣΥ.</span> <span class='ocrx_word' id='word_1_1114' title='bbox 2570 1756 2633 1772; x_wconf 86' lang='lat' dir='ltr'>num.</span> <span class='ocrx_word' id='word_1_1115' title='bbox 2649 1756 2679 1771; x_wconf 81' lang='lat' dir='ltr'>vr.</span> 
     </span>
    </p>
   </div>
   <div class='ocr_carea' id='block_1_17' title="bbox 2498 2056 2686 2077">
    <p class='ocr_par' dir='ltr' id='par_1_29' title="bbox 2498 2056 2686 2077">
     <span class='ocr_line' id='line_1_151' title="bbox 2498 2056 2686 2077; baseline 0 0"><span class='ocrx_word' id='word_1_1116' title='bbox 2498 2057 2507 2066; x_wconf 79' lang='lat'>⁸</span> <span class='ocrx_word' id='word_1_1117' title='bbox 2522 2056 2556 2077; x_wconf 85' lang='lat' dir='ltr'>Cf.</span> <span class='ocrx_word' id='word_1_1118' title='bbox 2572 2062 2634 2077; x_wconf 87' lang='lat' dir='ltr'>num.</span> <span class='ocrx_word' id='word_1_1119' title='bbox 2650 2062 2686 2077; x_wconf 85' lang='lat' dir='ltr'>vu.</span> 
     </span>
    </p>
   </div>
  </div>
 </body>
</html>
