2872 3970
180 1256 190 1266 '⁸
204 1254 270 1276 Vers.
285 1261 320 1283 ²9·

362 287 367 292 ·
420 277 491 325 134

1109 280 1370 327 QUAESTIO
1399 279 1499 326 VIII,
1527 279 1819 316 ARTICULUS
1846 279 1896 315 VI

1225 412 1542 455 ARTICULUS
1571 411 1779 454 SEXTUS

873 505 1029 536 UTRUM
1052 504 1153 535 ESSE
1177 502 1323 534 CAPUT
1346 501 1586 533 ECCLESIAE
1610 502 1676 533 SIT
1699 502 1918 535 PROPRIUM
1942 503 2130 535 cnmsro

1247 581 1289 606 De
1311 581 1405 610 Ver-it„
1425 588 1469 613 qu.
1488 587 1554 611 xxix,
1573 585 1621 606 art.
1637 587 1664 612 4,
1683 581 1715 605 ad
1735 587 1759 606 2.

455 684 515 718 l'*2
539 690 608 735 ,μκή

448 719 494 740 '‘·.⁴
549 711 595 749 Ε,

558 750 618 784 ⁸57¹-

629 735 711 760 esse
739 730 854 772 caput
882 721 1071 759 Ecclesiae
1100 733 1179 758 non
1204 721 1249 757 sit
1276 719 1478 769 proprium

440 805 447 816 ,
483 815 485 818 ,
538 804 557 815 ,
579 779 600 814 ἢ
631 774 794 813 Christo.
820 774 968 812 Dicitur
986 773 1089 811 enim
1109 775 1123 810 I
1141 775 1238 823 Reg.
1254 785 1301 809 xv
1315 771 1349 808 *:
1383 773 1478 809 Cum

477 802 536 852 ξ’
571 818 722 865 'esses
750 827 931 877 parvulus
965 828 1002 863 in
1038 826 1152 863 oculis
1185 827 1271 871 tuis,
1304 830 1413 873 caput
1440 826 1477 861 in

417 883 582 919 tribubus
608 881 727 917 Israel
743 880 871 927 factus
898 891 946 916 es.
977 879 1053 916 Sed
1081 890 1160 914 una
1178 885 1233 914 est
1252 876 1421 914 Ecclesia
1440 876 1479 913 in

418 946 523 970 novo
544 941 579 969 et
598 932 636 969 in
656 931 774 968 veteri
792 933 1052 968 Testamento.
1074 931 1175 978 Ergo
1190 929 1341 966 videtur
1359 929 1477 978 quod,

418 986 555 1022 eadem
593 984 757 1030 ratione,
801 983 896 1020 alius
932 984 1054 1020 homo
1095 990 1245 1032 praeter
1282 981 1478 1019 Christum

418 1046 542 1087 potest
570 1049 651 1074 esse
679 1044 794 1086 caput
823 1035 1025 1073 Ecclesiae.

474 1102 507 1127 2.
538 1091 773 1135 PRAETEREA,
813 1101 858 1125 ex
887 1089 962 1125 hoc
997 1087 1170 1124 Christus
1201 1086 1339 1124 dicitur
1365 1095 1480 1136 caput

419 1143 610 1179 Ecclesiae
630 1142 736 1191 quod
755 1141 914 1189 gratiam
934 1140 1058 1177 influit
1077 1139 1267 1177 Ecclesiae
1281 1138 1477 1176 membris.

419 1195 496 1232 Sed
525 1195 639 1232 etiam
676 1194 725 1231 ad
753 1193 846 1231 alios
873 1192 1035 1242 pertinet
1061 1192 1220 1241 gratiam
1256 1191 1336 1229 aliis
1370 1203 1479 1240 prae-

418 1248 529 1284 bere:
560 1247 775 1284 secundum
804 1245 896 1283 illud
923 1247 1056 1295 Ephes.
1077 1257 1110 1282 ιν
1129 1244 1168 1281 *z
1203 1245 1330 1282 Omnis
1356 1256 1478 1281 sermo

418 1300 538 1337 malus
557 1301 604 1336 ab
619 1311 684 1337 ore
701 1305 820 1336 vestro
839 1311 913 1335 non
928 1298 1124 1348 procedat:
1141 1297 1206 1334 sed
1221 1298 1255 1334 si
1266 1299 1345 1347 quis
1363 1299 1480 1334 bonus

418 1358 469 1390 est
496 1353 547 1389 ad
571 1352 863 1400 aedificationem
880 1351 987 1399 fidei,
1017 1356 1055 1387 ut
1073 1350 1130 1387 det
1147 1351 1311 1400 gratiam
1331 1350 1478 1387 audien-

418 1406 520 1442 tibus.
550 1405 651 1452 Ergo
671 1403 822 1440 videtur
849 1403 955 1452 quod
975 1402 1089 1440 etiam
1108 1402 1169 1439 alii
1189 1414 1307 1451 quam
1328 1401 1479 1439 Christo

419 1465 611 1506 competat
638 1469 719 1493 esse
748 1463 862 1504 caput
890 1455 1092 1492 Ecclesiae.

475 1509 512 1546 3,·
539 1510 778 1554 PRAETEREA,
816 1507 1008 1553 Christus,
1039 1519 1085 1543 ex
1117 1519 1163 1543 eo
1193 1507 1299 1555 quod
1333 1513 1480 1555 praeest

419 1561 631 1607 Ecclesiae,
661 1572 740 1597 non
769 1561 895 1597 solum
931 1559 1068 1596 dicitur
1099 1566 1232 1608 caput,
1270 1558 1336 1595 sed
1365 1558 1477 1595 etiam

181 1620 191 1630 ⁸
211 1619 276 1641 ¹0⁸⁰·
297 1625 347 1646 ωψ-
367 1626 392 1666 *A
412 1614 572 1664 pastor*
587 1621 622 1650 et
631 1611 972 1661 „fundamentum”
992 1611 1193 1648 Ecclesiae.
1216 1611 1293 1648 Sed
1312 1622 1391 1647 non
1411 1610 1480 1647 soli

179 1652 238 1667 vers.
254 1653 285 1670 n,
302 1653 339 1672 ¹4:
359 1651 373 1666 a

180 1672 248 1699 Heba
270 1678 320 1699 0³⁹·
339 1678 390 1698 ¹¹¹¹*
418 1666 489 1704 sibi
505 1673 522 1688 α
538 1665 711 1703 Christus
731 1665 882 1702 retinuit
901 1676 1046 1701 nomen
1066 1663 1243 1713 pastoris:
1265 1663 1480 1700 secundum

180 1705 240 1720 vers·
255 1705 291 1720 20.

180 1724 391 1751 '’hamt-10⁸⁹·
418 1719 511 1756 illud
525 1720 539 1756 1
553 1720 632 1755 Pet.
644 1731 667 1755 v
680 1718 717 1755 *z
742 1719 836 1755 Cum
856 1718 1070 1766 apparuerit
1083 1718 1260 1765 Princeps
1272 1722 1479 1765 pastorum,

180 1757 215 1778 ιιι,
230 1757 288 1772 vers.
307 1758 338 1773 ιι,

278 1787 293 1802 α

182 1814 191 1823 ·
206 1812 274 1834 Vers.
287 1819 311 1839 4.

180 1888 192 1899 ⁸
204 1887 271 1909 Vei-s.
288 1893 323 1913 ¹4.

181 2045 192 2055 ·
206 2044 272 2065 Vers.
290 2050 322 2072 ¹9-

413 1773 622 1822 percipietis
644 1770 983 1807 immarcescibilem
1011 1769 1158 1818 gloriae
1175 1781 1367 1805 coronam.
1397 1769 1481 1805 Nec

419 1824 533 1861 etiam
553 1835 697 1860 nomen
720 1821 976 1859 fundamenti:
1007 1821 1222 1858 secundum
1251 1821 1342 1857 illud
1361 1821 1478 1870 Apoc.

419 1875 532 1913 xX1*:
562 1878 699 1913 Murus
727 1876 878 1912 civitatis
911 1875 1049 1911 habens
1066 1874 1318 1921 fundamenta
1345 1873 1480 1909 duode-

419 1931 502 1966 cim.
533 1929 634 1976 Ergo
653 1927 805 1964 videtur
832 1926 938 1975 quod
957 1938 1030 1963 nec
1048 1925 1162 1962 etiam
1185 1937 1330 1962 nomen
1350 1924 1480 1974 capitis

419 1980 490 2018 sibi
519 1980 589 2017 soli
617 1979 822 2017 retinuerit.

473 2034 546 2070 SED
567 2044 709 2069 CONTRA
728 2044 793 2069 EST
813 2031 918 2080 quod
937 2030 1075 2068 dicitur
1096 2031 1233 2067 Coloss.
1252 2042 1273 2066 11
1291 2029 1328 2066 *ε
1362 2031 1481 2079 Caput

419 2087 606 2123 Ecclesiae
640 2090 690 2121 est
726 2097 775 2121 ex
802 2096 873 2133 quo
907 2095 1058 2132 corpus,
1089 2095 1161 2132 per
1188 2094 1306 2119 nexus
1333 2088 1366 2118 et
1393 2094 1479 2119 con-

420 2140 620 2175 iunctiones
655 2139 967 2174 subministratum
999 2142 1033 2172 et
1059 2141 1325 2180 constructum,
1353 2136 1481 2171 crescit

419 2193 457 2227 in
486 2196 728 2240 augmentum
757 2190 837 2225 Dei.
882 2188 958 2225 Sed
992 2188 1069 2224 hoc
1103 2187 1173 2225 soli
1202 2186 1354 2224 Christo
1389 2198 1479 2223 con-

419 2243 535 2280 venit.
578 2243 679 2289 Ergo
707 2243 811 2278 solus
841 2240 1014 2278 Christus
1046 2247 1101 2276 est
1129 2247 1243 2288 caput
1274 2239 1477 2276 Ecclesiae.

473 2297 696 2332 RESPONDEO
711 2306 890 2331 DICENDUM
906 2293 1013 2342 quod
1027 2300 1141 2341 caput
1160 2292 1199 2329 in
1219 2291 1291 2328 alia
1304 2292 1480 2328 membra

419 2347 544 2384 influit
572 2346 781 2395 dupliciter.
811 2347 899 2383 Uno
923 2345 1054 2392 modo,
1084 2345 1254 2394 quodam
1276 2343 1479 2381 intrinseco

419 2400 588 2437 influxu:
618 2397 767 2448 prout?
794 2398 914 2435 virtus
941 2398 1087 2434 motiva
1116 2404 1152 2434 et
1179 2396 1357 2434 sensitiva
1379 2409 1401 2433 a
1420 2409 1479 2434 ca-

419 2452 494 2502 pite
523 2451 717 2489 derivatur
753 2452 802 2488 ad
837 2458 961 2488 cetera
994 2450 1181 2487 membra.
1223 2449 1309 2486 Alio
1346 2450 1478 2497 modo,

419 2505 635 2542 secundum
663 2504 890 2541 exteriorem
918 2502 1115 2552 quandam
1142 2501 1478 2550 gubernationem:

418 2565 534 2607 prout
568 2556 707 2594 scilicet
740 2556 956 2593 secundum
982 2554 1110 2591 visum
1139 2562 1175 2590 et
1202 2554 1295 2590 alios
1333 2566 1478 2601 sensus,

419 2610 486 2659 qui
514 2610 553 2646 in
581 2609 702 2658 capite
731 2608 957 2654 radicantur,
987 2606 1158 2655 dirigitur
1180 2607 1301 2643 homo
1321 2606 1360 2643 in
1380 2614 1479 2643 exte-

419 2661 584 2700 rioribus
612 2661 769 2698 actibus.

471 2714 631 2752 Interior
649 2721 779 2751 autem
803 2712 966 2750 effluxus
981 2717 996 2740 Υ
1014 2711 1154 2759 gratiae
1174 2723 1253 2748 non
1273 2718 1328 2748 est
1347 2710 1395 2748 ab
1415 2711 1478 2748 ali-

419 2780 498 2817 quo
527 2766 599 2803 nisi
618 2779 640 2803 a
660 2767 742 2803 solo
764 2764 926 2810 Christo,
947 2763 1056 2801 cuius
1083 2763 1313 2810 humanitas,
1334 2776 1381 2800 ex
1404 2764 1480 2800 hoc

419 2820 526 2868 quod
545 2827 600 2856 est
614 2818 798 2855 divinitati
817 2817 995 2854 adiuncta
1009 2815 1033 2863 δ,
1049 2816 1163 2853 habet
1181 2816 1360 2852 virtutem
1380 2815 1480 2852 iusti-

418 2871 570 2909 ficandi.
602 2871 677 2909 Sed
706 2870 875 2907 influxus
894 2869 933 2906 in
955 2869 1130 2906 membra
1145 2868 1335 2905 Ecclesiae
1359 2880 1479 2917 quan-

472 2994 499 3027 α)
518 2994 568 3019 soli
585 2994 643 3019 sibi.
661 3008 680 3012 -
698 2994 770 3018 solus
787 2993 838 3018 sibi
856 2993 888 3023 G,
906 2992 957 3017 sibi
974 2992 1059 3017 solum
1079 2992 1108 3022 Ρ,
1125 2992 1211 3017 solum
1230 2991 1281 3016 sibi
1303 2996 1388 3016 cetera
1406 2991 1479 3016 tertia

419 3034 445 3054 et
463 3030 498 3098 ἓ)
513 3068 605 3096 prout.
623 3078 642 3082 -
659 3063 759 3089 scilicet
777 3063 846 3088 addit
865 3064 946 3088 tertia.

471 3099 498 3133 γ)
518 3099 638 3133 effluxus.
655 3113 674 3117 -ψ
692 3099 820 3132 exssuxus
838 3099 868 3127 Α,
888 3098 1007 3132 influxus
1027 3097 1054 3123 Ρ.

472 3134 496 3168 ὃ)
515 3134 650 3159 adiuncta.
668 3147 687 3152 -
704 3134 844 3158 coniuncta
866 3134 946 3158 tertia.

628 683 650 708 D
678 682 819 708 SEXTUM
847 682 899 708 sm
921 681 1155 707 paoesmrun.
1185 668 1345 705 Videtur
1371 667 1478 715 quod
1531 674 1613 704 tum
1630 668 1679 704 ad
1694 667 1918 705 exteriorem
1931 668 2259 717 gubernationem,
2270 677 2394 719 potest
2407 669 2487 707 aliis
2501 682 2590 708 con-

1532 719 1675 756 venire.
1691 720 1740 757 Et
1761 721 1975 758 secundum
2000 722 2086 768 hoc,
2107 721 2223 770 aliqui
2248 721 2310 759 alii
2333 730 2494 771 possunt
2517 722 2591 760 dici

1533 771 1655 821 capita
1674 772 1883 810 Ecclesiae:
1908 773 2123 811 secundum
2142 774 2234 811 illud
2252 775 2374 812 Amos
2387 774 2469 812 vt*:
2493 776 2591 825 Opti-

1532 830 1647 861 mates
1665 826 1786 874 capita
1798 825 2037 874 populorum.
2055 825 2284 863 Differenter
2301 834 2430 864 tamen
2444 839 2468 864 a
2482 827 2591 864 Chri-

1533 883 1602 913 sto.
1624 876 1754 913 Primo
1783 877 1952 926 quidem,
1973 885 2162 926 quantum
2181 878 2231 915 ad
2249 879 2335 926 hoc,
2355 880 2462 928 quod
2482 879 2590 917 Chri-

1533 936 1612 965 stus
1631 937 1686 966 est
1713 937 1828 978 caput
1855 929 2032 966 omnium
2061 942 2197 967 eorum
2225 931 2292 980 qui
2312 931 2361 968 ad
2380 931 2591 969 Ecclesiam

1532 981 1721 1030 pertinent
1748 981 1964 1018 secundum
1992 994 2151 1019 omnem
2178 984 2309 1020 locum
2330 991 2366 1020 et
2383 991 2536 1033 tempus
2555 992 2592 1021 et

1533 1041 1690 1071 statum:
1729 1033 1790 1071 alii
1818 1042 1948 1071 autem
1976 1034 2153 1072 homines
2180 1034 2359 1072 dicuntur
2385 1034 2508 1085 capita
2534 1048 2591 1073 se-

1533 1086 1707 1123 cundum
1741 1087 1933 1135 quaedam
1962 1086 2138 1136 specialia
2164 1088 2265 1134 loca,
2299 1087 2395 1125 sicut
2422 1087 2592 1138 episcopi

1533 1151 1692 1176 suarum
1720 1138 1984 1186 ecclesiarum
2013 1140 2074 1176 vel
2095 1139 2209 1176 etiam
2237 1140 2453 1177 secundum
2471 1141 2591 1178 deter-

1533 1191 1723 1228 minatum
1741 1199 1906 1241 tempus,
1935 1191 2031 1229 sicut
2049 1192 2154 1241 Papa
2173 1199 2228 1228 est
2246 1199 2361 1241 caput
2387 1192 2503 1230 totius
2520 1193 2593 1232 Ec-

1533 1243 1678 1289 clesiae,
1694 1243 1832 1281 scilicet
1849 1251 2024 1293 tempore
2044 1243 2103 1281 sui
2121 1243 2382 1293 pontificatus3
2403 1253 2439 1282 et
2457 1255 2592 1283 secun—

1533 1296 1628 1333 dum
1651 1296 1946 1334 determinatum
1971 1303 2121 1343 statum,
2141 1304 2256 1346 prout
2281 1297 2419 1334 scilicet
2437 1305 2526 1335 sunt
2551 1296 2591 1335 in

1533 1356 1630 1389 statu
1650 1348 1815 1386 viatoris.
1835 1348 1921 1386 Alio
1941 1349 2073 1396 modo,
2093 1349 2309 1386 secundum
2328 1350 2435 1399 quod
2449 1354 2462 1372 ²
2482 1348 2591 1388 Chri-

1533 1409 1612 1438 stus
1632 1409 1687 1438 est
1705 1409 1820 1450 caput
1840 1400 2031 1438 Ecclesiae
2049 1400 2205 1450 propria
2218 1401 2356 1439 virtute
2375 1410 2411 1439 et
2429 1402 2591 1440 auctori—

1533 1461 1625 1490 tate:
1655 1453 1716 1490 alii
1739 1466 1832 1490 vero
1861 1453 2040 1491 dicuntur
2064 1453 2187 1503 capita
2211 1454 2442 1503 inquantum
2464 1454 2591 1492 vicem

1533 1514 1669 1554 gerunt
1691 1505 1845 1551 Christi;
1874 1506 2090 1543 secundum
2111 1506 2203 1543 illud
2224 1507 2254 1543 11
2279 1508 2365 1544 Cor.
2384 1519 2405 1544 11
2419 1506 2457 1544 *z
2486 1508 2590 1545 Nam

1533 1564 1567 1595 et
1585 1569 1668 1608 ego,
1690 1558 1789 1608 quod
1805 1558 1952 1604 donavi,
1968 1560 2001 1596 si
2018 1559 2106 1608 quid
2122 1559 2270 1605 donavi,
2284 1565 2440 1608 propter
2456 1571 2533 1606 vos,
2553 1561 2590 1597 in

1529 1622 1693 1660 persona
1720 1611 1873 1655 Christi;
1898 1618 1935 1647 et
1959 1611 1989 1647 II
2013 1612 2098 1648 Cor.
2113 1610 2189 1647 v*:
2218 1612 2295 1648 Pro
2320 1612 2462 1649 Christo
2490 1612 2592 1663 lega-

1533 1664 1632 1700 tione
1643 1663 1863 1712 sungimur,
1886 1669 2063 1712 tanquam
2083 1664 2164 1701 Deo
2190 1664 2407 1701 exhortante
2420 1676 2494 1714 per
2513 1676 2592 1703 nos.

1587 1716 1644 1752 An
1673 1727 1806 1752 ramum
1835 1727 1932 1752 ERGO
1960 1727 2140 1753 memnon
2174 1715 2281 1764 quod
2308 1716 2473 1754 verbum
2500 1716 2594 1755 illud

1534 1767 1750 1816 intelligitur
1776 1767 1991 1804 secundum
2015 1768 2121 1817 quod
2149 1767 2244 1805 ratio
2263 1768 2394 1818 capitis
2421 1768 2594 1806 conside-

1534 1828 1639 1857 ratur
1666 1832 1711 1856 ex
1732 1819 1907 1857 exteriori
1925 1820 2211 1868 gubernatione,
2239 1828 2356 1870 prout
2374 1833 2439 1859 rex
2458 1821 2595 1859 dicitur

1534 1880 1648 1921 caput
1676 1872 1780 1920 regni
1809 1871 1879 1909 sui.

1586 1926 1643 1961 AD
1678 1936 1866 1962 SECUNDUM
1902 1936 2083 1962 ῡιεΕΝυυΜ
2117 1925 2224 1974 quod
2261 1926 2382 1963 homo
2417 1937 2498 1964 non
2528 1926 2594 1964 dat

1533 1977 1692 2025 gratiam
1720 1977 1876 2015 interius
1904 1977 2124 2024 influendo,
2153 1978 2220 2015 sed
2249 1978 2411 2016 exterius
2437 1973 2594 2028 persua-

1533 2029 1662 2067 dendo
1691 2030 1739 2066 ad
1768 2042 1814 2066 ea
1841 2041 1940 2078 quae
1969 2038 2057 2066 sunt
2083 2030 2234 2078 gratiae.

1586 2083 1643 2119 Αι)
1670 2094 1828 2119 τεκτιυΜ
1856 2093 2036 2119 memnon
2064 2083 2191 2132 quod,
2225 2083 2321 2120 sicut
2347 2082 2436 2120 dicit
2463 2085 2593 2132 Augu-

1534 2134 1670 2181 stinuS,
1699 2146 1810 2184 super
1835 2136 1943 2171 Ioan.
1963 2134 2002 2182 *,
2029 2137 2063 2172 si
2086 2137 2292 2185 praepositi
2315 2136 2503 2173 Ecclesiae
2521 2148 2594 2187 pa-

1532 2193 1647 2224 stores
1672 2193 1774 2233 sunt,
1806 2187 1990 2236 quomodo
2025 2199 2120 2224 unus
2147 2193 2278 2237 pastor
2304 2194 2372 2235 est,
2408 2189 2480 2226 nisi
2508 2190 2595 2240 quia

1532 2246 1615 2276 sunt
1642 2239 1697 2276 illi
1721 2251 1849 2276 omnes
1876 2241 1984 2276 unius
2010 2242 2179 2277 membra
2200 2240 2390 2290 pastoris?
2416 2241 2465 2278 Et
2491 2241 2595 2280 simi-

1534 2292 1616 2329 liter
1643 2291 1704 2328 alii
1731 2299 1894 2340 possunt
1920 2291 1994 2329 dici
2021 2292 2271 2330 fundamenta
2298 2301 2335 2330 et
2361 2293 2504 2343 capita,
2537 2294 2594 2331 in·-

1534 2351 1724 2394 quantum
1752 2351 1840 2381 sunt
1866 2343 1982 2381 unius
2009 2345 2140 2394 capitis
2161 2353 2197 2382 et
2214 2345 2453 2383 fundamenti
2471 2357 2594 2384 mem-

1533 2397 1612 2434 bra.
1652 2397 1700 2433 Et
1726 2405 1867 2444 tamen,
1895 2395 1991 2434 sicut
2021 2397 2256 2446 Augustinus
2283 2397 2425 2435 ibidem
2445 2397 2466 2420 *
2493 2397 2592 2446 dicit,

1534 2450 1633 2499 quod
1643 2455 1775 2499 pastor
1801 2455 1852 2486 est
1870 2448 1893 2496 ζ,
1913 2449 2009 2486 dedit
2035 2451 2210 2487 membris
2233 2451 2328 2488 sm’s:
2354 2452 2485 2488 ostium
2503 2463 2592 2490 vero

1532 2515 1571 2539 se
1599 2514 1707 2539 nemo
1735 2507 1899 2539 nostrum
1919 2502 2023 2546 dicit;
2049 2503 2120 2539 hoc
2145 2503 2215 2540 sibi
2231 2504 2307 2552 ipse
2327 2505 2527 2553 proprium
2543 2509 2593 2542 te—

1534 2556 1621 2591 nuit.
1665 2555 1713 2591 Et
1731 2555 1808 2591 hoc
1826 2553 1914 2590 ideo
1942 2553 2033 2603 quia
2051 2554 2091 2591 in
2119 2554 2216 2591 ostio
2245 2555 2474 2604 importatur
2490 2555 2594 2605 prin-

1534 2606 1663 2656 cipalis
1682 2606 1896 2653 auctoritas,
1916 2606 2150 2655 inquantum·
2166 2606 2304 2644 ostium
2327 2616 2382 2645 est
2399 2619 2470 2658 per
2486 2609 2594 2658 quod

1534 2671 1670 2696 omnes
1707 2658 1970 2706 ingrediuntur
1996 2657 2035 2695 in
2069 2659 2252 2696 domum:
2289 2668 2326 2697 et
2371 2660 2451 2710 ipse
2489 2661 2594 2698 solus

1535 2711 1708 2748 Christus
1727 2718 1782 2748 est
1803 2723 1876 2760 per
1903 2723 2010 2760 quem
2029 2723 2215 2749 accessum
2242 2713 2420 2750 hahemus
2437 2716 2475 2750 in
2502 2725 2593 2764 gra-

1533 2766 1623 2801 tiam
1643 2765 1748 2801 istam
1768 2765 1804 2799 in
1825 2775 1898 2812 qua
1922 2770 2060 2800 stamus
2077 2763 2108 2800 ²¹⁶.
2138 2765 2211 2802 Per
2233 2764 2304 2803 alia
2322 2777 2416 2803 vero
2434 2765 2594 2805 nomina

1534 2815 1725 2865 praedicta
1752 2823 1876 2864 potest
1907 2815 2105 2865 importari
2131 2817 2333 2855 auctoritas
2358 2830 2438 2855 non
2465 2820 2592 2856 solum

1533 2867 1761 2918 principaliS,
1791 2868 1858 2904 sed
1887 2867 2001 2905 etiam
2029 2870 2265 2907 secundaria.

1585 2989 1608 3023 ε)
1626 2991 1772 3016 secundum
1790 2991 1869 3023 quod.
1887 3004 1907 3009 —-
1923 2990 1987 3023 quia
2005 2991 2087 3016 tertia.

1584 3025 1610 3059 ζ)
1629 3026 1701 3058 quod
1715 3029 1812 3057 pastor·
1824 3029 1870 3051 est.
1882 3040 1902 3044 —
1913 3025 1964 3058 qui·
1974 3028 2072 3058 pastor
2083 3029 2124 3051 est
2142 3026 2182 3052 ed.
2194 3033 2220 3055 a,
2233 3026 2305 3059 quod
2317 3029 2455 3059 pastorem
2469 3026 2591 3057 DEI-Hbc,

1531 3061 1602 3093 quod
1616 3064 1754 3093 pastorem
1773 3067 1829 3086 esse
1847 3061 1875 3092 F,
1891 3064 2029 3094 pastorem
2049 3068 2105 3086 esse
2123 3061 2160 3091 P;
2181 3069 2229 3094 pro
2246 3067 2275 3086 se
2293 3067 2368 3087 nemo
2386 3063 2507 3087 nostrum
2526 3062 2592 3087 dicit

1532 3096 1603 3128 quod
1622 3096 1683 3128 legit
1701 3096 1734 3125 G,
1753 3103 1780 3121 se
1802 3103 1878 3121 nemo
1906 3099 2026 3121 nostrum
2052 3096 2127 3121 dedit
2148 3096 2247 3128 BCDE,
2269 3103 2346 3122 nmo
2369 3095 2444 3122 dedit
2460 3097 2492 3127 Α,
2514 3103 2591 3122 nemo

1532 3134 1652 3156 nostrum
1671 3138 1699 3156 se
1716 3131 1782 3156 dicit
1800 3137 1884 3156 cetera
1902 3132 1975 3157 tertia
1994 3136 2020 3156 et
2037 3131 2066 3157 F.

1092 3219 1424 3252 Commentario»
1447 3217 1699 3252 cardinalis
1719 3218 1921 3251 Caietam

452 3309 471 3329 N
495 3298 587 3329 titulo
612 3297 732 3328 articuli
756 3296 850 3332 sexti,
881 3303 958 3327 nota
982 3296 1070 3336 quod
1093 3298 1125 3328 in
1150 3298 1284 3329 dubium
1311 3297 1479 3338 dupliciter

424 3310 557 3382 Ipotest
578 3342 655 3372 verti
671 3351 711 3371 an
728 3350 795 3370 esse
811 3345 906 3380 caput
922 3340 1081 3370 Ecclesiae
1097 3341 1135 3370 sit
1151 3342 1317 3381 proprium
1333 3342 1478 3372 Christo:

422 3387 536 3425 primo,
561 3386 594 3416 in
617 3384 729 3415 ordine
752 3383 790 3414 ad
815 3384 919 3414 Deum
944 3389 975 3413 et
998 3393 1148 3423 personas
1171 3385 1269 3415 Patris
1292 3391 1323 3416 et
1346 3385 1480 3425 Spiritus

422 3429 544 3465 Sancti;
575 3427 734 3464 secundo,
758 3428 791 3458 in
815 3426 926 3457 ordine
949 3426 989 3457 ad
1012 3432 1167 3457 creaturas
1190 3429 1344 3468 angelicas
1368 3435 1399 3460 et
1421 3429 1480 3459 hu-

422 3481 540 3502 manas.
558 3472 592 3502 In
608 3473 666 3503 hac
682 3478 787 3502 tamen
803 3471 903 3501 littera
918 3479 986 3500 non
1001 3469 1186 3509 disputatur,
1203 3477 1234 3501 et
1250 3478 1481 3512 consequenter

422 3525 489 3546 non
514 3517 683 3555 quaeritur,
707 3515 767 3545 nisi
786 3513 927 3545 secundo
943 3513 1059 3544 modo:
1083 3514 1126 3543 ita
1149 3513 1237 3552 quod
1261 3515 1292 3555 ly
1310 3516 1481 3555 proprium

423 3559 560 3589 excludit
585 3568 756 3589 commune
782 3558 908 3588 Christo
933 3563 963 3587 et
979 3557 1046 3587 aliis
1062 3557 1219 3587 creaturis
1245 3558 1292 3588 De
1308 3558 1379 3589 Deo
1395 3558 1480 3590 enim

1532 3298 1622 3328 Patre
1645 3297 1767 3328 dictum
1790 3304 1846 3333 est,
1870 3303 1967 3339 caput
1991 3298 2111 3329 Christi
2133 3297 2183 3338 (ac
2197 3306 2255 3338 per
2268 3297 2341 3334 hoc,
2358 3297 2517 3329 Ecclesiae
2540 3305 2589 3330 to-

1532 3342 1604 3377 tius,
1629 3342 1692 3372 hoc
1711 3348 1766 3377 est,
1783 3342 1881 3373 totius
1903 3342 2016 3382 integri
2039 3342 2181 3382 corporis
2202 3341 2403 3372 ecclesiastici
2426 3351 2464 3373 ex
2488 3343 2589 3383 capite

1535 3391 1565 3416 et
1588 3386 1737 3416 membris
1761 3386 1945 3425 constantis)
1968 3385 2058 3416 Deus
2071 3386 2105 3415 ἐ
2129 3384 2167 3416 de
2191 3384 2309 3425 Spiritu
2331 3384 2448 3416 Sancto
2471 3392 2588 3423 autem,

1535 3429 1623 3469 quod
1646 3435 1693 3460 est
1716 3438 1774 3460 cor
1795 3429 1958 3460 Ecclesiae
1973 3429 1999 3459 ⁹.
2022 3428 2064 3459 Et
2085 3434 2253 3468 propterea
2270 3437 2338 3459 esse
2356 3435 2452 3470 caput
2474 3430 2589 3461 homo-

1534 3482 1688 3512 geneum,
1719 3472 1799 3503 idest
1825 3471 1968 3503 eiusdem
1993 3477 2122 3503 naturae
2145 3471 2310 3511 specificae
2332 3473 2382 3503 vel
2408 3474 2588 3513 genericae,

1535 3517 1701 3555 proprium
1725 3516 1852 3547 Christo
1879 3524 1956 3551 etse.
1987 3520 2019 3546 et
2043 3523 2110 3546 non
2137 3525 2310 3546 commune
2339 3517 2398 3547 toti
2425 3517 2587 3553 Trinium,

1536 3559 1680 3590 relictum
1705 3565 1760 3590 est.
1784 3559 1878 3590 Nunc
1900 3564 2042 3599 superest
2056 3557 2161 3589 videre
2184 3568 2223 3589 an
2247 3559 2286 3589 sit
2308 3569 2481 3591 commune
2497 3560 2589 3592 Chri-

2617 3389 2626 3399 ·
2642 3387 2695 3410 iae
2703 3387 2785 3416 cm·u>

2617 3420 2725 3463 5ξέῗῆ
2736 3419 2757 3468 ῗζ
2765 3437 2796 3464 ιι
2809 3437 2812 3441 ’

2618 782 2628 793 “
2641 780 2707 804 Vera.
2724 789 2743 804 ι.

2618 1513 2629 1524 ·
2643 1511 2710 1535 Vm.
2726 1518 2764 1535 ιο.

2619 1617 2630 1628 ·
2642 1615 2709 1638 Vere.
2723 1621 2763 1638 ιο.

2622 2139 2632 2149 ·
2649 2137 2727 2161 ‘rme

2621 2383 2825 2419 ’Tacen'

2620 2766 2682 2789 mu
2693 2767 2790 2796 aon-,st
2812 2748 2813 2751 ¹

2619 2799 2750 2821 νηοῦ-,5.
2817 2801 2819 2803 ·
