2872 3970
164 1676 173 1685 “
187 1675 279 1696 naturis
295 1675 350 1696 ΡΑΒ.

410 304 481 330 100

1123 291 1386 338 QUAESTIO
1415 291 1483 338 Vl,

1520 291 1811 331 ARTICULUS
1837 295 1889 332 lv

402 369 615 419 coneipitur
634 381 754 418 quam
773 368 975 412 animetur,
996 380 1077 406 non
1096 376 1224 406 autem
1246 380 1336 405 caro
1358 367 1466 405 Chri·
1492 369 1496 408 1
1523 369 1573 406 ris
1608 382 1679 419 per
1718 371 1942 420 essentiam,
1969 372 2181 422 potentiam
2225 381 2262 411 et
2301 373 2579 424 praesentiam:

403 423 460 470 sti,
476 430 531 459 est
550 422 766 459 secundum
787 421 826 459 id
844 422 952 471 quod
971 421 1164 471 praecedit
1183 428 1340 458 naturae
1361 432 1466 458 com—

401 478 661 526 plementum:
701 474 797 512 sicut
825 482 861 511 et
889 475 996 523 quod
1034 486 1106 510 nos
1143 473 1385 522 concipimur
1420 485 1466 510 ex

402 528 548 566 semine
572 527 655 575 viri,
676 539 757 564 non
785 535 916 564 autem
936 526 1120 564 Christus.
1152 526 1228 564 Sed
1253 525 1466 563 differentia

401 593 501 630 quae
522 588 619 618 esset
646 588 837 629 quantum
856 580 905 617 ad
925 578 1113 627 originem
1141 578 1304 626 animae,
1325 579 1465 616 redun-

402 635 509 671 daret
536 633 576 670 in
604 633 863 670 diversitatem
891 639 1060 669 naturae.

454 688 511 723 An
539 697 697 723 TERTIUM
729 697 910 722 montinum
945 685 1052 734 quod
1081 684 1252 721 Verbum
1290 683 1363 721 Dei
1397 695 1466 733 per

401 739 507 789 prius
537 738 751 786 intelligitur
779 737 932 774 unitum
960 736 1065 774 carni
1093 749 1213 786 quarn
1241 736 1371 773 anima
1397 748 1468 786 per

401 792 566 829 modurn
604 802 856 828 communem
892 802 971 839 quo
1005 797 1060 827 est
1088 789 1127 826 in
1155 788 1288 826 ceteris
1320 796 1465 826 creatu-

1521 421 1628 471 prius
1646 429 1777 460 tamen
1794 423 1894 472 dico,
1914 436 1995 462 non
2013 433 2200 476 tempore,
2216 426 2283 463 sed
2302 433 2450 464 natura.
2470 427 2581 465 Prius

1522 473 1627 511 enim
1655 474 1870 525 intelligitur
1887 489 1976 515 caro
1999 485 2042 515 ut
2060 479 2261 528 quoddam
2287 490 2368 526 ens,
2388 480 2496 529 quod
2513 478 2581 518 ha-

1521 526 1585 564 bet
1612 539 1635 564 a
1661 527 1804 576 Verbo,
1832 541 1953 579 quam
1979 538 2022 568 ut
2049 530 2228 579 animata,
2257 531 2365 581 quod
2392 530 2508 576 habet
2532 531 2580 571 ab

1521 579 1661 617 anima.
1693 580 1769 618 Sed
1788 581 1933 619 unione
1951 583 2143 632 personali
2161 583 2268 633 prius
2294 585 2510 623 secundum
2528 584 2583 623 in-

1521 633 1710 670 tellectum
1729 641 1880 683 oportet
1892 635 2000 684 quod
2020 647 2109 673 caro
2123 636 2278 674 uniatur
2291 636 2444 674 animae
2462 648 2582 686 quam

1521 685 1668 722 Verbo:
1707 685 1798 735 quia
1818 699 1865 723 ex
1893 687 2040 725 unione
2067 689 2115 726 ad
2143 688 2314 726 animam
2333 689 2447 726 habet
2474 689 2583 739 quod

1522 736 1568 773 sit
1594 736 1748 775 unibilis
1775 738 1905 777 Verbo
1940 739 1980 776 in
2013 752 2200 791 persona3
2233 741 2456 792 praesertim
2491 741 2583 793 quia

1522 801 1687 839 persona
1714 803 1795 829 non
1827 791 2021 830 invenitur
2054 793 2127 831 nisi
2153 793 2193 831 in
2229 793 2403 832 rationali
2434 801 2582 833 natura.

1076 886 1410 920 Commentaria
1433 885 1686 920 Oardinalis
1709 888 1909 923 Caietam

462 979 567 999 ITULUS
597 968 637 999 de
665 968 827 1008 prioritate
850 968 1003 1008 temporis
1026 967 1220 1008 intelligitur.
1251 967 1293 998 Et
1316 973 1364 998 est
1385 967 1464 998 ratio

403 981 656 1053 Tquaestionis
680 1012 755 1052 quia
778 1012 811 1042 in
834 1012 1049 1051 conceptione
1072 1012 1208 1042 aliorum
1228 1011 1399 1042 hominum
1417 1011 1466 1042 in-

401 1058 526 1088 venitur
556 1057 643 1096 prius
665 1061 812 1095 tempore
836 1065 909 1086 caro
940 1065 1038 1095 quam
1066 1055 1212 1086 adveniat
1242 1056 1348 1086 anima
1371 1055 1466 1086 ratio-

400 1102 497 1137 nalis,
531 1101 606 1140 quia
633 1100 721 1140 prius
744 1100 821 1129 vivit
837 1100 900 1130 vita
918 1099 1055 1140 plantae,
1073 1099 1188 1131 deinde
1210 1099 1274 1130 vita
1297 1109 1418 1136 sensus,
1435 1104 1466 1130 et

400 1151 564 1186 postremo
582 1144 739 1174 animatur
758 1143 863 1174 anima
886 1143 1048 1174 rationali:
1075 1149 1106 1174 et
1121 1148 1246 1174 constat
1262 1143 1352 1184 quod
1366 1143 1467 1174 Filius

401 1190 462 1220 Dei
485 1189 654 1228 assumpsit
678 1197 806 1218 carnem
829 1188 868 1218 ab
884 1188 975 1218 initio
992 1187 1214 1228 conceptionis
1242 1187 1292 1218 sui
1312 1187 1465 1228 corporis.

456 1233 492 1263 In
515 1242 651 1272 corpore
674 1232 768 1262 unica
785 1237 831 1262 est
847 1232 1023 1268 conclusio,
1049 1232 1234 1272 responsiva
1249 1232 1394 1272 quaesito
1410 1241 1466 1262 ne-

400 1278 519 1318 gative:
539 1277 626 1307 Caro
647 1276 766 1306 Christi
782 1285 847 1306 non
860 1275 958 1317 prius
973 1281 1136 1317 assumpta
1153 1281 1199 1307 est
1213 1286 1234 1307 a
1255 1275 1354 1307 Verbo
1370 1285 1466 1316 quam

400 1322 529 1352 animae
553 1321 653 1351 unita.
686 1320 841 1350 Probatur
864 1319 1041 1360 dupliciter.
1073 1320 1194 1356 Primo,
1219 1320 1274 1350 sic.
1300 1319 1384 1351 Caro
1407 1320 1467 1350 hu-

400 1375 495 1396 mana
517 1374 585 1395 non
609 1369 655 1395 est
679 1364 905 1403 assumptibilis
928 1370 1101 1404 antequam
1125 1364 1163 1395 sit
1185 1363 1315 1404 propria
1337 1364 1468 1394 materia

401 1410 525 1440 animae
541 1408 712 1443 rationalis,
730 1413 761 1437 et
776 1408 926 1438 humana.
951 1408 1036 1447 Ergo
1053 1417 1121 1438 non
1141 1414 1187 1438 est
1202 1409 1290 1448 prius
1306 1413 1468 1448 assumpta

401 1463 499 1493 quam
529 1453 653 1482 animae
683 1452 829 1482 rationali
860 1452 959 1482 unita.
986 1470 1010 1474 —
1032 1451 1235 1482 Antecedens
1265 1452 1360 1482 habet
1389 1451 1468 1482 duas

399 1503 514 1538 partes,
540 1506 622 1536 quae
645 1496 678 1525 in
702 1495 787 1526 idern
810 1495 954 1531 redeunt,
980 1505 1039 1526 nec
1056 1495 1206 1526 differunt
1228 1496 1289 1526 nisi
1312 1496 1394 1526 sicut
1415 1505 1468 1526 ex-

399 1551 545 1582 pressum
568 1541 601 1570 in
626 1540 792 1569 communi
816 1545 847 1569 et
870 1540 1001 1579 proprio
1018 1539 1188 1569 vocabulo.
1213 1539 1378 1577 Quoniam
1401 1549 1468 1569 ma-

401 1586 482 1616 teria
494 1584 632 1625 propria
649 1583 777 1613 animae
789 1583 962 1614 rationalis
977 1589 1009 1613 et
1024 1592 1103 1613 caro
1119 1583 1261 1613 humana
1277 1582 1364 1613 idem
1380 1589 1468 1613 sunt:

400 1629 456 1660 sed
479 1628 628 1659 differunt
652 1628 737 1667 quia,
762 1633 797 1657 ut
813 1628 943 1657 materia
959 1628 1098 1667 propria,
1115 1633 1207 1657 sonat
1222 1627 1255 1657 id
1274 1627 1364 1667 quod
1380 1636 1469 1658 com-

399 1683 499 1704 mune
512 1678 558 1703 est
571 1672 721 1702 omnibus
737 1672 874 1701 materiis
886 1672 902 1688 *
918 1671 1072 1711 propriis;
1089 1677 1125 1701 ut
1141 1681 1214 1701 caro
1231 1671 1381 1707 humana,
1398 1680 1469 1711 spe-

401 1717 504 1748 cificat
526 1717 559 1747 id
583 1715 672 1756 quod
696 1721 742 1746 est
765 1716 797 1745 in
815 1714 926 1745 ordine
943 1715 982 1745 ad
998 1716 1137 1746 animam
1161 1715 1358 1746 rationalem.

456 1762 504 1791 Ex
527 1766 662 1800 utraque
685 1769 761 1799 ergo
785 1764 873 1799 parte
890 1759 1042 1798 probatur
1057 1759 1091 1789 in
1105 1759 1208 1789 littera
1228 1759 1468 1798 consequentia.

401 1805 520 1840 Primo,
538 1814 575 1834 ex
598 1804 791 1843 proprietate
814 1803 980 1832 materiae:
1007 1803 1081 1842 quia
1104 1803 1248 1838 materia,
1273 1802 1367 1833 simul
1391 1801 1469 1832 dum

401 1850 514 1889 recipit
529 1848 676 1883 formam,
693 1846 728 1877 fit
750 1847 879 1886 propria
901 1847 985 1876 illius
1008 1845 1140 1876 formae.
1175 1845 1275 1884 Quod
1297 1846 1467 1886 probatur:

402 1899 472 1924 turn
496 1893 571 1932 quia
594 1891 724 1921 materia
746 1899 815 1921 non
838 1891 925 1930 prius
945 1891 1040 1920 habet
1056 1890 1203 1920 ordinem
1219 1889 1259 1920 ad
1274 1890 1410 1920 formam
1434 1895 1470 1919 ut

402 1937 566 1977 propriam
589 1935 736 1971 formam,
754 1943 851 1975 quam
866 1935 980 1964 habeat
1003 1935 1105 1974 ipsam
1121 1933 1276 1970 formam3
1300 1939 1370 1964 tum
1394 1934 1470 1973 quia

403 1981 498 2011 simul
521 1980 708 2010 terminatur
734 1979 896 2018 generatio
921 1983 952 2008 et
976 1978 1117 2008 alteratio
1141 1978 1278 2018 praevia.
1299 1995 1323 2000 —
1353 1977 1402 2008 Ex
1420 1987 1468 2008 se-

404 2025 508 2056 cunda
524 2033 600 2054 vero
617 2029 722 2063 parte:
747 2023 822 2063 quia
843 2032 917 2052 caro
939 2032 1007 2052 non
1027 2027 1074 2052 est
1097 2022 1238 2052 humana
1256 2027 1328 2052 ante
1352 2020 1469 2052 adven-

403 2075 473 2100 tum
497 2069 621 2098 animae
645 2067 815 2097 rationalis.

459 2112 660 2143 Antecedens
682 2120 759 2141 vero
782 2120 841 2150 pro
866 2109 1005 2141 secunda
1028 2115 1116 2150 parte
1143 2109 1334 2149 relinquitur
1356 2118 1413 2149 per
1436 2119 1469 2139 se

403 2163 529 2188 notum.
546 2175 568 2179 —
590 2157 651 2186 Pro
675 2155 778 2195 prima
796 2164 872 2185 vero
898 2160 995 2194 parte,
1017 2154 1179 2194 probatur.
1204 2153 1289 2191 Quia
1312 2162 1386 2183 caro
1409 2153 1469 2183 hu-

403 2211 498 2231 mana
521 2210 588 2231 non
608 2205 654 2230 est
673 2199 897 2238 assumptibilis
920 2199 981 2228 nisi
1004 2208 1061 2237 per
1083 2197 1230 2228 ordinem
1253 2207 1352 2238 quem
1374 2198 1470 2228 habet

404 2245 444 2275 ad
467 2246 606 2275 animam
628 2243 817 2273 rationalem
840 2248 875 2273 ut
898 2243 1060 2282 propriam
1082 2241 1229 2272 formam.

460 2288 619 2323 Secundo,
637 2287 789 2327 probatur
813 2286 978 2317 conclusio
1003 2296 1040 2316 ex
1064 2285 1298 2326 proportionali
1321 2284 1470 2316 adiuncta

403 2333 479 2363 huic
495 2333 609 2362 rationi
633 2331 838 2361 similitudine
861 2330 901 2361 de
924 2331 1044 2360 anima:
1070 2330 1158 2360 Sicut
1181 2330 1287 2360 anima
1308 2329 1470 2360 rationalis

403 2387 470 2407 non
494 2377 581 2416 prius
605 2380 766 2415 assumpta
789 2384 886 2414 quam
910 2375 998 2404 unita
1022 2374 1117 2410 carni,
1136 2374 1180 2404 ita
1203 2383 1263 2404 nec
1287 2383 1360 2404 caro
1381 2374 1469 2414 prius

404 2426 565 2460 assumpta
581 2429 679 2460 quam
702 2420 791 2449 unita
807 2419 932 2449 animae
947 2418 1103 2448 rationali.
1138 2418 1179 2448 Et
1194 2417 1366 2457 utrobique
1385 2418 1468 2448 ratio

402 2464 684 2505 proportionaliter
707 2469 762 2499 est,
787 2464 863 2503 quia
885 2462 918 2493 id
941 2468 1051 2493 contra
1073 2467 1220 2493 naturam
1243 2462 1382 2498 animae,
1405 2462 1469 2492 hoc

404 2515 515 2540 contra
537 2514 683 2539 naturam
706 2508 807 2538 carnis
830 2508 999 2537 humanae.

460 2553 495 2583 ΙΙ.
522 2552 615 2583 Circa
629 2553 716 2582 hunc
732 2561 930 2592 processum,
946 2560 1049 2581 unum
1066 2550 1201 2582 dubium
1217 2550 1370 2581 occurrit:
1394 2550 1470 2590 quia

403 2597 527 2627 videtur
558 2596 647 2636 quod
674 2595 805 2626 materia
834 2596 964 2635 propria
987 2594 1109 2625 formae
1132 2594 1168 2625 fit
1197 2599 1270 2625 ante
1297 2594 1470 2624 adventum

404 2641 536 2671 formae.
561 2640 726 2678 Quoniam
749 2640 880 2670 materia
895 2649 963 2669 non
980 2644 1026 2669 est
1041 2639 1171 2679 propria
1185 2639 1246 2669 nisi
1261 2643 1393 2678 propter
1408 2637 1470 2669 dis-

404 2686 580 2725 positiones
600 2684 639 2715 ad
653 2684 750 2714 talem
766 2683 913 2714 formam.
938 2683 1069 2714 Materia
1084 2688 1192 2714 autem
1208 2683 1303 2723 plene
1319 2682 1470 2722 disposita

406 2735 452 2759 est
474 2728 657 2759 immediate
687 2734 759 2758 ante
788 2728 908 2758 instans
938 2727 1185 2758 introductionis
1214 2727 1346 2758 formae.
1380 2726 1471 2757 Prius

363 2775 366 2778 ⁴
405 2771 668 2814 igitur‘tempore
699 2778 745 2802 est
772 2772 903 2802 materia
925 2772 1054 2811 propria
1083 2772 1207 2802 animae
1237 2770 1414 2808 rationalis,
1439 2775 1471 2801 et

406 2817 622 2847 universaliter
645 2815 777 2853 formae,
803 2825 900 2856 quam
924 2815 1004 2846 adsit
1026 2816 1094 2855 ipsa
1117 2815 1230 2845 forma.

462 2862 634 2897 Praeterea,
659 2862 766 2891 minus
790 2866 836 2890 est
858 2861 989 2890 materia
1012 2860 1141 2900 propria
1160 2860 1283 2889 animae
1300 2859 1470 2896 rationalis,

408 2911 439 2935 et
461 2906 567 2935 minus
590 2905 685 2935 habet
701 2904 846 2935 ordinem
863 2904 902 2938 ad
918 2905 1030 2944 ipsam,
1051 2913 1123 2934 caro
1140 2908 1267 2933 mortua
1284 2913 1381 2943 quam
1397 2913 1470 2934 caro

407 2949 590 2979 immediate
620 2955 692 2979 ante
723 2949 842 2979 instans
873 2948 1119 2979 introductionis
1147 2948 1270 2978 animae
1294 2948 1470 2978 rationalis:

408 2994 563 3033 quoniam
585 2994 643 3023 ista
666 2993 849 3023 naturaliter
871 2993 1039 3023 necessitat
1062 2992 1102 3022 ad
1125 2991 1280 3028 formam;
1304 2992 1358 3022 illa
1379 2997 1472 3023 natu—

408 3038 511 3067 raliter
533 3038 632 3077 magis
656 3047 692 3067 ac
716 3038 814 3077 magis
838 3036 956 3067 recedit
979 3047 997 3067 a
1020 3036 1123 3067 forma
1147 3036 1282 3066 exclusa.
1312 3035 1375 3067 Sed
1397 3045 1471 3067 caro

410 3080 526 3111 Christi
549 3087 676 3111 mortua
698 3081 793 3111 habet
817 3081 962 3111 ordinem
982 3081 1020 3111 ad
1037 3081 1175 3111 animam
1192 3079 1318 3116 Christi,
1342 3086 1473 3121 propter

410 3134 507 3165 quem
531 3130 673 3155 remanet
697 3130 867 3164 assumpta,
891 3130 927 3155 ut
950 3125 1079 3165 propria
1101 3125 1232 3155 materia
1254 3124 1347 3155 illius.
1377 3124 1473 3165 Igitur

410 3174 441 3198 et
464 3178 538 3198 caro
562 3169 595 3198 in
619 3169 730 3198 ultima
754 3167 962 3207 dispositione
986 3169 1081 3199 habet
1098 3169 1190 3199 illum
1207 3168 1362 3205 ordinem,
1380 3173 1411 3199 et
1427 3173 1473 3199 est

410 3213 539 3252 propria
561 3212 692 3242 materia
715 3212 838 3242 animae
862 3212 1032 3243 rationalis.

467 3256 517 3286 111.
534 3255 585 3286 Ad
602 3256 741 3295 primum
757 3255 870 3285 dicitur
883 3255 971 3295 quod
983 3257 1111 3295 propria
1122 3257 1252 3287 materia
1263 3257 1396 3287 alicuius
1407 3255 1472 3287 for-

411 3309 482 3330 mae
498 3299 665 3339 dupliciter
681 3299 810 3329 dicitur:
835 3299 963 3334 scilicet,
980 3300 1013 3329 in
1030 3299 1097 3330 fieri
1112 3306 1252 3337 tanturm
1273 3301 1323 3331 vel
1338 3301 1372 3331 in
1388 3299 1472 3331 facto

413 3353 489 3373 esse.
511 3343 545 3373 In
562 3343 728 3383 proposito
745 3348 851 3373 autem
868 3352 972 3373 sermo
985 3348 1031 3373 est
1047 3342 1086 3373 de
1098 3345 1228 3374 materia
1239 3345 1367 3385 propria
1378 3345 1412 3375 in
1428 3344 1472 3375 fa-

414 3392 465 3417 cto
479 3397 545 3417 esse
557 3397 563 3417 :
581 3387 719 3417 obiectio
737 3392 844 3417 autem
857 3386 1001 3426 procedit
1013 3385 1052 3416 de
1065 3388 1193 3417 materia
1205 3389 1333 3428 propria
1348 3389 1381 3419 in
1394 3388 1471 3419 fieri.

468 3431 517 3460 Ad
542 3431 728 3467 secundum,
754 3430 940 3461 conceditur
964 3430 1062 3470 quod,
1083 3431 1260 3462 secundum
1276 3438 1406 3463 naturae
1422 3442 1473 3463 or-

1519 967 1645 1004 dinem,
1674 978 1748 999 caro
1772 968 1886 1000 ultimo
1911 969 2063 1010 disposita
2084 970 2180 1002 habet
2209 971 2308 1012 magis
2330 972 2485 1004 rationem
2507 981 2583 1014 pro-

1518 1012 1606 1052 priae
1629 1013 1778 1043 materiae
1802 1021 1900 1053 quam
1923 1023 1997 1044 caro
2019 1019 2157 1046 mortua.
2192 1014 2255 1046 Sed
2277 1015 2312 1046 in
2335 1015 2446 1047 ordine
2473 1015 2513 1049 ad
2535 1026 2584 1048 re-

1520 1057 1760 1092 surrectionem,
1785 1066 1867 1097 quae
1890 1057 1959 1088 sola
1981 1057 2087 1089 divina
2109 1063 2215 1099 potest
2237 1059 2381 1099 potentia
2403 1058 2486 1096 fieri,
2509 1069 2583 1094 cato

1519 1105 1647 1130 mortua
1669 1100 1764 1131 habet
1786 1101 1886 1141 magis
1910 1102 2059 1133 materiae
2074 1102 2222 1143 propriae
2237 1103 2412 1134 rationem:
2436 1104 2512 1144 quia
2526 1104 2585 1136 ista

1519 1143 1584 1174 iarn
1614 1144 1647 1174 in
1671 1143 1756 1174 facto
1781 1154 1848 1175 esse
1878 1143 1939 1176 fuit
1960 1146 2090 1186 propria
2119 1146 2250 1177 materia
2275 1146 2365 1177 istius
2388 1146 2512 1179 animae
2519 1157 2528 1184 ;
2553 1152 2592 1180 et-

1520 1187 1607 1218 dedit
1629 1188 1704 1218 huic
1727 1189 1851 1219 animae
1881 1188 2184 1227 individuationem;
2216 1196 2248 1221 et
2269 1190 2444 1222 reunienda
2467 1197 2515 1222 est
2538 1191 2585 1222 illi

1521 1230 1560 1262 ad
1582 1232 1879 1264 reconstituendum
1903 1233 2043 1265 eundem
2065 1244 2201 1265 numero
2225 1235 2401 1266 hominem.
2435 1234 2528 1267 Unde
2550 1236 2586 1273 in

1521 1276 1700 1316 aequivoco
1723 1275 1922 1308 laboramus:
1947 1278 2103 1318 quoniam
2117 1278 2206 1309 aliter
2221 1278 2356 1310 sumitur
2373 1279 2503 1320 propria
2516 1289 2585 1313 ma-

1520 1320 1598 1350 teria
1620 1320 1654 1351 in
1675 1321 1892 1361 generatione,
1916 1321 1972 1352 ubi
1994 1327 2126 1353 naturae
2142 1321 2222 1353 ordo
2239 1322 2425 1360 attenditur;
2450 1327 2482 1354 et
2496 1323 2586 1355 aliter

1520 1363 1553 1394 in
1577 1364 1817 1401 resurrectione,
1841 1365 1896 1395 ubi
1920 1364 2046 1396 divinus
2069 1366 2150 1396 ordo
2174 1366 2401 1398 consideratur.
2432 1367 2516 1405 Quia
2538 1370 2585 1398 ta-

1520 1417 1597 1438 men
1620 1407 1706 1448 apud
1721 1408 1911 1449 theologum
1926 1415 2061 1450 utraque
2077 1409 2191 1441 dicitur
2206 1411 2335 1450 propria
2349 1411 2490 1447 materia,
2508 1411 2584 1442 ideo

1521 1457 1614 1482 caute
1636 1452 1760 1483 Auctor
1782 1453 1815 1483 in
1838 1452 1941 1484 littera
1955 1463 2022 1484 non
2038 1453 2115 1484 dixit
2129 1454 2216 1484 hunc
2232 1454 2378 1485 ordinem
2392 1464 2461 1485 non
2475 1455 2586 1486 haberi

1520 1495 1582 1526 nisi
1604 1501 1770 1535 praesente
1793 1497 1898 1527 anima
1920 1498 2065 1528 rationali
2089 1498 2232 1538 corpori:
2263 1498 2318 1529 sed
2341 1498 2418 1529 dixit
2440 1509 2507 1530 non
2529 1499 2586 1530 ha—

1522 1539 1588 1569 beri
1611 1545 1783 1580 antequam
1805 1541 1915 1571 anima
1938 1541 2098 1572 adveniat.
2123 1541 2209 1572 Cum
2231 1541 2295 1572 hoc
2311 1543 2397 1573 enim
2413 1547 2473 1573 stat
2495 1542 2585 1584 quod

1521 1582 1637 1613 habeat
1660 1584 1755 1614 etiam
1778 1589 1854 1623 post
1874 1590 2024 1621 mortem,
2042 1595 2080 1615 ex
2096 1594 2162 1625 quo
2181 1585 2245 1615 iam
2261 1586 2361 1616 semel
2377 1586 2482 1616 anima
2496 1586 2586 1618 affuit

1523 1627 1668 1667 corpori:
1700 1637 1775 1658 cum
1798 1628 1904 1668 primo
1929 1635 2036 1659 autem
2060 1628 2145 1659 dicto
2169 1638 2237 1659 non
2261 1635 2355 1660 staret
2379 1629 2468 1670 quod
2489 1630 2587 1661 habe-

1522 1676 1608 1701 retur
1630 1676 1704 1711 post
1726 1677 1864 1702 mortem
1887 1673 2016 1712 propria
2038 1673 2177 1703 materia.

1578 1714 1630 1745 IV.
1650 1715 1686 1746 In
1708 1716 1918 1756 responsione
1936 1715 1976 1747 ad
1998 1715 2178 1748 secundum
2200 1716 2344 1748 eiusdem
2365 1717 2498 1754 articuli,
2513 1717 2587 1751 virle

1522 1759 1680 1790 rationem
1702 1759 1879 1791 naturalem
1895 1769 1994 1800 quare
2015 1770 2084 1791 non
2106 1761 2208 1800 arguit
2230 1760 2441 1792 diversitatem
2455 1760 2586 1798 name

1523 1802 1646 1833 auferre
1669 1813 1687 1833 a
1711 1802 1839 1834 Christo
1861 1804 2039 1834 naturalem
2061 1803 2198 1835 modum
2219 1804 2421 1845 producendi
2443 1814 2585 1842 carnem,

1523 1852 1555 1876 et
1578 1852 1722 1886 argueret
1745 1846 1958 1879 diversitatem
1981 1853 2112 1879 naturae
2143 1849 2168 1879 si
2191 1849 2297 1879 anima
2322 1847 2480 1889 producta
2504 1855 2588 1886 em

1523 1895 1596 1920 ante
1620 1899 1753 1930 corpus:
1787 1891 1862 1931 quia
1884 1891 2004 1922 scilicet
2033 1891 2067 1922 in
2090 1892 2192 1922 carnis
2218 1891 2432 1932 productione
2453 1893 2586 1924 vanans

1523 1940 1606 1964 esset
1627 1943 1727 1974 penes
1749 1934 1969 1966 antecedentia
1991 1941 2132 1972 tantum,
2161 1936 2196 1966 in
2219 1936 2344 1966 animae
2365 1945 2442 1967 vero
2465 1932 2587 1977 produ.-

1523 1979 1631 2008 ctione
1653 1979 1785 2009 varietas
1806 1979 1938 2018 ponitur
1960 1979 1994 2010 in
2009 1979 2086 2019 ipsis
2108 1981 2319 2011 constitutivis
2334 1981 2521 2012 intrinsecis.
2544 1981 2588 2015 Et

1522 2022 1602 2052 ratio
1627 2023 1817 2062 assignatur:
1847 2023 1923 2063 quia
1945 2023 2076 2054 materia
2097 2029 2171 2054 nata
2194 2029 2241 2054 est
2263 2034 2331 2055 esse
2353 2029 2426 2056 ante
2449 2024 2587 2061 formam

1524 2071 1554 2096 et
1577 2065 1705 2106 disponi
1727 2065 1767 2097 ad
1789 2066 1892 2104 illam;
1918 2066 2021 2098 forma
2044 2073 2151 2098 autem
2174 2077 2242 2098 non
2266 2073 2312 2099 est
2327 2073 2401 2100 nata
2423 2077 2492 2101 esse
2505 2066 2586 2107 'ante

1522 2111 1696 2140 materiam.
2521 2111 2523 2113 ’

1567 2154 1660 2184 Hanc
1682 2159 1790 2184 tamen
1812 2154 1970 2185 rationem
1992 2154 2160 2195 intelligito
2178 2164 2238 2195 pro
2254 2156 2378 2186 ratione
2393 2154 2588 2188 convenies!-

1521 2198 1601 2228 tiae:
1635 2207 1733 2237 quare
1762 2199 1883 2229 scilicet
1909 2199 2105 2229 conveniens
2133 2199 2193 2230 fuit
2222 2208 2351 2230 carnem
2373 2198 2491 2230 Christi
2509 2207 2588 2231 ⁴non

1522 2241 1716 2278 naturaliter,
1739 2242 1804 2273 hoc
1827 2248 1874 2273 est
1896 2243 2033 2273 aliorum
2050 2243 2222 2274 hominum
2237 2253 2339 2280 more,
2362 2243 2431 2274 fieri
2453 2253 2512 2284 pet
2525 2243 2589 2284 ’ἄρ’

1523 2286 1700 2326 positiones
1722 2287 1881 2326 praevias,
1911 2286 1966 2316 sed
1988 2287 2179 2317 miraculose
2206 2287 2311 2318 statim
2333 2287 2461 2328 concipi
2482 2285 2588 2329 perfe-

1524 2336 1623 2366 ctam;
1648 2330 1788 2360 animam
1811 2340 1887 2361 vero
1911 2331 2107 2362 conveniens
2130 2330 2190 2361 fuit
2211 2341 2280 2362 non
2301 2331 2492 2363 miraculose
2515 2329 2588 2364 ante

1524 2383 1651 2414 corpus,
1675 2374 1731 2404 sed
1753 2374 1944 2411 naturaliter,
1960 2375 2024 2406 hoc
2041 2380 2088 2405 est
2106 2374 2284 2406 secundum
2299 2374 2431 2406 aliarum
2447 2382 2586 2413 cursum,

1522 2417 1601 2454 fieri,
1620 2418 1739 2448 scilicet
1754 2418 1896 2449 creando
1911 2418 2042 2460 infundi
2057 2423 2088 2449 et
2101 2418 2303 2460 infundendo
2322 2418 2430 2450 creari
2444 2419 2471 2449 ’-
2492 2417 2588 2458 Quo—

1522 2463 1625 2498 niam,
1650 2468 1686 2492 ut
1708 2472 1747 2493 ex
1770 2468 1843 2493 ante
1861 2463 1878 2480 ⁴*
1901 2462 1992 2493 dictis
2014 2467 2118 2503 patet,
2149 2462 2291 2494 diversus
2319 2461 2437 2494 modus
2466 2462 2587 2503 produ*

1524 2506 1617 2537 cendi
1640 2507 1789 2548 animam,
1814 2506 1935 2537 scilicet
1948 2507 1982 2538 in
1997 2515 2133 2547 corpore
2147 2507 2200 2537 vel
2214 2512 2300 2538 extra
2323 2512 2355 2538 et
2370 2511 2442 2539 ante
2458 2516 2586 2548 corpus,

1522 2551 1557 2580 in
1573 2550 1786 2581 diversitatem
1800 2556 1931 2581 naturae
1946 2560 2014 2582 non
2028 2549 2220 2581 redundaret
2234 2551 2260 2581 si
2275 2550 2466 2582 miraculose
2481 2551 2588 2593 aliqua

1523 2595 1629 2624 anima
1652 2593 1742 2624 fieret
1765 2600 1850 2624 extra
1873 2600 1904 2638 et
1927 2599 2000 2624 ante
2023 2603 2157 2634 corpus:
2181 2594 2238 2626 sed
2260 2595 2286 2625 si
2300 2594 2483 2626 naturaliter
2497 2594 2588 2635 fieret

1524 2644 1610 2668 extra
1626 2644 1657 2668 et
1672 2644 1745 2669 ante
1761 2647 1888 2678 corpus.
1909 2637 2008 2676 Quod
2023 2638 2143 2668 scilicet
2157 2638 2340 2670 naturaliter
2355 2638 2475 2670 factum
2490 2637 2588 2671 fuisse

1524 2687 1652 2722 oportet
1674 2691 1796 2722 ponere
1818 2682 1890 2712 illos
1914 2682 1970 2723 qui
1983 2682 2018 2712 in
2034 2683 2263 2713 constitutione
2277 2682 2392 2714 mundi
2407 2683 2452 2714 sic
2466 2680 2588 2715 facturn

1523 2732 1646 2767 putant,
1670 2732 1707 2756 ut
1728 2725 1926 2766 praedictum
1949 2731 1995 2756 est
2010 2727 2037 2756 ὓ.

1579 2771 1618 2800 V.
1643 2770 1679 2800 In
1702 2770 1912 2810 responsione
1935 2769 1975 2800 ad
1997 2771 2136 2807 tertium,
2162 2770 2320 2811 distingue
2336 2776 2368 2803 et
2383 2770 2504 2808 ordina,
2519 2770 2588 2806 No-

1524 2815 1609 2850 vitie,
1634 2824 1732 2844 unam
1756 2819 1787 2844 et
1810 2814 1945 2844 eandem
1968 2824 2097 2845 carnem
2119 2814 2298 2846 secundum
2321 2814 2445 2847 diversa
2464 2815 2588 2857 praedi-

1525 2864 1594 2890 cata
1623 2858 1854 2895 substantialia,
1884 2858 2115 2899 praeponendo
2146 2860 2246 2900 magis
2277 2869 2451 2891 commune
2480 2859 2588 2896 minus

1525 2903 1708 2934 communi:
1738 2902 1826 2933 verbi
1849 2902 1964 2942 gratia,
1989 2903 2167 2934 secundum
2191 2902 2280 2943 quod
2304 2909 2351 2934 est
2373 2912 2507 2946 corpus,
2537 2913 2586 2934 se-

1525 2946 1667 2978 cundum
1692 2946 1780 2986 quod
1804 2951 1851 2976 est
1873 2947 2058 2982 animatum,
2076 2953 2135 2978 etc.
2159 2947 2200 2978 Et
2222 2948 2393 2988 perspicies
2408 2945 2498 2988 quod
2512 2954 2586 2978 caro

1524 2992 1612 3032 prius
1641 2996 1753 3022 natura
1782 2991 1944 3031 attingitur
1967 3001 1985 3021 a
2006 2991 2114 3022 Verbo
2145 2990 2288 3022 effective
2317 2999 2375 3032 per
2400 2991 2585 3028 essentiam,

1524 3035 1702 3076 potentiam
1718 3040 1750 3066 et
1772 3035 1993 3075 praesentiam,
2017 3045 2115 3076 quam
2137 3035 2336 3067 terminative
2358 3043 2416 3075 per
2429 3035 2586 3067 unionem

1525 3079 1743 3120 personalem:
1776 3079 1851 3119 quia
1879 3079 1966 3119 prius
1995 3085 2108 3111 natura
2135 3085 2182 3111 est
2210 3078 2374 3120 quoddam
2404 3087 2477 3116 em,
2508 3084 2587 3120 puta

1526 3133 1652 3164 corpus,
1677 3133 1775 3163 quam
1798 3124 1945 3154 animata.
1970 3123 2032 3155 Sed
2047 3124 2134 3164 prius
2149 3129 2261 3154 natura
2276 3127 2322 3154 est
2336 3122 2473 3155 animata
2488 3132 2586 3164 quam

1525 3168 1615 3198 unita
1637 3168 1743 3198 Verbo
1767 3167 1984 3208 personaliter.
2020 3167 2108 3199 Tum
2137 3168 2212 3208 quia
2237 3164 2439 3198 constituitur
2461 3166 2494 3197 in
2517 3176 2585 3198 esse

1527 3211 1735 3252 assumptibili
1758 3221 1815 3252 per
1838 3221 1906 3242 esse
1929 3212 2114 3243 animatum.
2138 3211 2226 3243 Tum
2241 3210 2316 3251 quia
2331 3218 2404 3241 caro
2420 3210 2586 3242 constitui-

1526 3262 1577 3287 tur
1598 3257 1633 3287 in
1655 3261 1767 3287 natura
1790 3256 1935 3286 rationali
1950 3265 2007 3296 per
2022 3265 2090 3287 esse
2113 3255 2287 3286 animatum
2303 3254 2409 3284 anima
2423 3254 2584 3285 rationali:

1527 3305 1651 3331 constat
1681 3305 1787 3331 autem
1818 3299 1907 3340 quod
1936 3309 2004 3331 non
2034 3305 2081 3331 est
2108 3297 2332 3338 assumptibilis
2358 3297 2421 3328 nisi
2450 3303 2487 3329 ut
2515 3307 2586 3339 pars

1527 3350 1657 3376 naturae
1680 3344 1858 3381 rationalis3
1882 3353 1951 3375 non
1972 3343 2078 3375 solum
2101 3352 2140 3373 ex
2161 3348 2249 3384 parte
2271 3342 2330 3377 sui.
2354 3340 2410 3373 sed
2432 3342 2527 3373 etiam
2547 3353 2586 3374 ex

1526 3394 1614 3428 parte
1638 3398 1803 3429 personae,
1828 3397 1910 3428 quae
1934 3385 2087 3428 significat
2105 3395 2173 3417 non
2189 3385 2364 3426 quamlibet
2378 3385 2587 3426 hypostasim,

1527 3432 1582 3463 sed
1605 3433 1802 3473 hypostasim
1824 3437 1953 3463 naturae
1975 3430 2143 3462 rationalis.

2616 2421 2826 2451 ’CfMu-llSent„
2865 2441 2869 2458 ξ

2614 2447 2668 2485 fili-t.
2682 2455 2740 2476 xvn,
2751 2454 2799 2471 nx.

2612 2475 2827 2549 ξιοῗῑωεῗιῖιῖῗιῗῗιίἷ
2841 2534 2845 2537 ,

2615 2725 2625 2735 ⁴
2638 2724 2697 2747 ibid.
