2872 3970
215 1365 228 1375 ‘
235 1363 430 1391 ct.Mag.¹ISent.,

219 1391 273 1412 dist.
282 1396 307 1416 n,
320 1396 370 1417 cap.
381 1390 431 1411 lam

218 1420 336 1438 ostensum
352 1419 394 1438 est.

220 2610 230 2620 ⁸
243 2609 309 2630 Vera.
327 2615 360 2636 ¹9-

219 2876 228 2886 ·
244 2875 310 2896 Vers.
326 2875 348 2897 ὁ.

221 3024 229 3032 ’
245 3027 311 3048 Vcrs.
329 3035 360 3049 11.

218 3346 232 3356 ”
246 3345 312 3367 Vera,
328 3351 348 3371 7.

464 261 538 309 534

1149 265 1413 313 QUAESTIO
1442 266 1560 312 LVII,
1589 265 1882 304 ARTICULUS
1910 267 1959 304 VI

1135 432 1471 463 Commentaria
1493 430 1747 463 Car-clinans
1767 431 1972 464 Caietani

523 539 630 560 nurus
645 529 870 569 intelligendus
885 534 932 559 est
947 537 1019 559 cum
1038 537 1147 569 grano
1163 527 1263 558 salis:
1277 531 1375 567 prout
1394 535 1526 567 respon-

464 542 631 604 Tdendo
647 578 787 614 apparet.
811 573 884 603 Hoc
905 578 962 609 est,
978 571 1068 612 quod
1091 572 1221 611 ponitur
1241 571 1285 601 ibi
1304 571 1447 601 locatum
1466 579 1526 611 pro

462 619 554 648 loco:
579 619 622 648 ita
646 616 735 658 quod
755 626 815 657 per
837 617 869 657 ly
893 625 1018 647 omnem
1042 620 1226 645 creaturam
1255 614 1456 655 spiritualem
1478 615 1527 644 in-

462 663 634 702 telligimus
658 662 764 692 locum
789 660 892 690 omnis
915 665 1086 690 creaturae
1108 659 1297 700 spiritualis.
1322 658 1458 689 Secutus
1480 664 1527 688 est

463 707 551 736 enim
565 706 690 736 Auctor
711 705 863 735 usitatum
878 703 1014 734 modum
1032 702 1198 743 loquendi,
1216 712 1283 743 quo
1300 703 1526 733 consuevimus

463 750 567 780 dicere
590 750 731 790 aliquem
754 749 943 788 episcopum
958 747 1009 778 vel
1032 747 1211 787 principem
1233 747 1414 777 ascendisse
1431 756 1528 787 super

463 794 544 824 tales
565 798 597 824 et
618 794 708 828 tales,
725 793 782 832 qui
804 791 946 822 ascendit
969 791 1008 821 ad
1031 791 1141 822 locum
1157 791 1355 831 superiorem
1378 791 1458 821 locis
1480 797 1526 821 ta-

461 838 542 868 lium
558 843 589 868 et
604 837 725 867 talium.
746 835 839 866 Unde
855 845 966 866 sensus
981 835 1065 866 tituli
1077 841 1137 866 est:
1157 835 1210 865 An
1225 835 1317 865 locus
1335 844 1401 875 quo
1417 844 1527 866 ascen-

443 892 446 895 *
462 881 508 912 dit
524 881 678 916 Christus,
696 880 735 910 sit
750 880 896 920 superior
918 879 998 910 locis
1013 880 1046 910 in
1071 878 1187 920 quibus
1203 885 1278 909 sunt
1301 888 1526 920 quaecumque

462 925 638 965 spirituales
662 929 832 954 creaturae.

517 969 552 999 In
576 977 711 1008 corpore
730 977 795 998 una
818 968 1003 998 conclusio:
1031 967 1172 1008 Corpori
1190 967 1310 998 Christi
1332 967 1464 998 debetur
1479 968 1527 998 10-

461 1022 517 1044 cus
533 1013 634 1043 altior
649 1012 736 1042 ultra
753 1021 879 1042 omnem
895 1017 1089 1047 creaturam,
1107 1012 1202 1042 etiam
1218 1011 1429 1052 spiritualem.
1449 1012 1526 1043 Pro-

461 1058 561 1087 batur.
587 1057 694 1086 Tanto
718 1055 809 1086 altior
824 1056 916 1086 locus
940 1057 984 1086 rei
1001 1055 1143 1092 debetur,
1161 1061 1282 1096 quanto
1307 1061 1354 1086 est
1375 1056 1525 1087 nobilior.

461 1101 524 1132 Sed
548 1109 664 1140 corpus
689 1099 806 1130 Christi
830 1100 1008 1131 secundum
1032 1099 1217 1140 dignitatem
1247 1101 1450 1141 personalem
1473 1110 1526 1131 ex-

461 1145 546 1175 cellit
569 1154 682 1175 omnes
705 1143 894 1174 substantias
917 1144 1104 1185 spirituales.
1129 1145 1226 1185 Ergo,
1243 1150 1303 1175 etc.

515 1189 552 1219 11.
578 1188 671 1219 Circa
694 1189 776 1219 hanc
800 1189 1074 1229 comparationem
1098 1188 1234 1219 dubium
1261 1189 1419 1225 occurrit,
1443 1198 1526 1229 quo—

459 1234 545 1263 niam
568 1242 649 1263 vana
672 1232 806 1263 videtur.
831 1233 913 1263 Nam
936 1242 1032 1273 supra
1048 1242 1239 1269 convexum,
1256 1243 1313 1264 seu
1335 1233 1369 1263 in
1391 1233 1526 1273 superfi-

460 1278 509 1308 cie
533 1286 676 1308 convexa
699 1277 777 1308 caeli
793 1277 946 1318 empyrei,
963 1286 1032 1308 non
1055 1277 1147 1308 datur
1167 1278 1259 1308 locus
1275 1277 1367 1308 altior
1389 1283 1443 1308 aut
1466 1278 1526 1307 mi-

458 1331 520 1352 nus
543 1322 640 1352 altus:
676 1331 751 1351 cum
775 1322 814 1351 sit
836 1321 976 1362 perfecte
1007 1322 1219 1361 sphaericum.
1255 1321 1390 1352 Constat
1417 1327 1526 1352 autem

459 1365 523 1395 illic
543 1375 611 1396 esse
636 1365 766 1405 angelos
782 1366 891 1396 beatos
907 1366 939 1395 ἢ
965 1370 996 1396 et
1018 1375 1134 1405 corpus
1152 1365 1269 1396 Christi
1283 1365 1348 1396 illic
1365 1375 1431 1396 esse
1448 1375 1525 1396 con-

460 1410 585 1439 clusum
610 1415 655 1439 est
679 1419 717 1440 ex
740 1409 874 1440 articulo
898 1409 1110 1449 praecedenti.

2592 496 2619 516 ”t

1636 527 1688 559 Ad
1709 529 1773 559 hoc
1789 528 1904 560 dicitur
1925 529 2025 570 quod,
2041 530 2116 562 licet
2130 532 2309 563 secundum
2327 533 2562 573 longitudinem
2577 533 2643 565 dia-

1580 573 1673 602 metn'
1696 583 1714 603 a
1737 578 1847 603 centro
1878 573 1918 604 ad
1947 574 2235 607 circumferentiam
2264 577 2352 608 nulla
2379 586 2452 617 pars
2481 586 2643 609 convexae

1581 615 1761 656 superficiei
1784 617 1928 657 corporis
1943 617 2083 658 perfecte
2105 619 2260 660 sphaerici
2275 621 2316 651 sit
2337 621 2430 652 altior
2444 621 2514 659 alia,
2529 627 2566 653 ut
2584 630 2643 663 pa—

1580 666 1625 690 tet
1649 670 1686 691 ex
1710 669 1750 691 eo
1774 661 1864 701 quod
1887 670 2001 692 omnes
2023 662 2125 694 lineae
2141 663 2254 694 ductae
2278 674 2296 695 a
2318 669 2429 696 centro
2453 665 2493 696 ad
2507 666 2643 698 circum-

1581 703 1748 735 ferentiam
1771 710 1845 735 sunt
1868 706 2033 746 aequales;
2059 712 2090 737 et
2113 707 2291 739 secundum
2314 709 2401 740 hunc
2416 718 2546 741 sensum
2566 718 2644 752 pro·

1582 748 1665 779 cedit
1687 748 1838 780 dubium:
1863 750 1889 780 si
1904 755 2011 780 tamen
2034 750 2147 781 eadem
2166 751 2350 792 superficies
2373 762 2516 784 convexa
2538 754 2644 785 consi-

1581 792 1708 823 deretur
1722 798 1759 823 ut
1774 792 1918 824 ordinata
1933 793 1973 824 ad
1996 794 2116 835 aliquid
2134 805 2238 826 unum
2253 796 2287 827 in
2310 806 2348 827 ea
2369 797 2540 837 agendum,
2554 798 2643 830 verbi

1580 837 1689 877 gratia,
1702 836 1742 867 ad
1753 836 1967 868 exercendum
1983 843 2090 870 actum
2104 839 2224 876 iudicii,
2237 840 2281 871 sic
2293 850 2377 871 unus
2392 841 2493 878 locus,
2505 850 2563 874 seu
2578 851 2644 874 una

1580 890 1652 921 pars
1676 881 1760 918 eius,
1784 881 1944 912 invenitur
1967 882 2059 913 altior
2081 883 2193 920 altera,
2217 884 2304 915 iuxta
2333 885 2643 925 approximationem

1567 924 1621 955 ·ad
1643 925 1761 955 solium
1784 925 1952 966 principis:
1975 927 2111 958 sumitur
2132 928 2219 958 enim
2234 937 2306 968 pars
2318 928 2378 959 'illa
2397 929 2470 960 solii
2489 934 2525 960 ut
2540 930 2641 967 altior,

1581 974 1612 999 et
1634 969 1776 1009 reliquae
1799 974 1835 1000 ut
1857 969 2022 1001 inferiores
2046 976 2130 1002 sunt.
2154 972 2196 1002 Et
2218 973 2263 1003 sic
2285 971 2393 1003 divina
2414 974 2568 1014 sapientia
2589 977 2643 1005 su&

1580 1012 1744 1053 perficiem
1767 1013 1847 1044 caeli
1870 1015 2023 1056 empyrei,
2040 1016 2186 1056 quamvis
2201 1015 2381 1047 secundum
2403 1025 2437 1048 se
2460 1016 2569 1048 fecerit
2590 1024 2644 1049 ae-

1581 1057 1720 1097 qualem,
1737 1057 1916 1088 secundum
1930 1063 2039 1090 tamen
2062 1059 2152 1100 quod
2166 1061 2254 1091 venit
2276 1061 2310 1091 in
2324 1068 2421 1092 usum
2440 1061 2644 1103 habitationie

1580 1106 1795 1133 creaturarum
1819 1102 1999 1140 beatarum,
2023 1102 2180 1144 disposuit
2202 1113 2301 1135 unam
2330 1109 2453 1146 partem
2477 1100 2568 1146 quasi
2589 1102 2645 1138 802

1580 1146 1674 1183 lium,
1699 1150 1730 1176 et
1752 1145 1890 1186 reliquas
1913 1147 1947 1177 in
1970 1146 2082 1183 ordine
2105 1147 2144 1179 ad
2166 1148 2254 1179 illam
2283 1149 2462 1189 superiores
2475 1149 2536 1191 *vel
2561 1148 2644 1183 infe—

1579 1190 1688 1220 riores.
1713 1189 1754 1220 Et
1769 1190 1814 1220 sic
1838 1189 1993 1228 Christus,
2010 1191 2189 1223 secundum
2205 1201 2322 1234 corpus
2344 1193 2378 1224 in
2396 1198 2484 1234 parte
2502 1191 2645 1235 masau}

1580 1239 1674 1270 stans,
1691 1234 1725 1264 in
1748 1235 1897 1274 suprema
1912 1240 2000 1275 parte
2023 1245 2242 1277 supremoque
2260 1237 2335 1268 loco
2357 1236 2494 1273 residere
2510 1236 2645 1269 dicitur&

1580 1283 1612 1308 et
1634 1278 1775 1318 reliquae
1791 1284 1953 1309 creaturae
1976 1280 2086 1311 beatae
2108 1281 2184 1311 hinc
2200 1285 2231 1312 et
2252 1280 2328 1312 inde
2349 1280 2523 1312 inferiores¹
2535 1284 2646 1323 'parm

1579 1327 1700 1352 tenent.

2571 1340 2587 1347 ,ι
2612 1340 2627 1347 ι,

1269 1593 1589 1636 ARTICULUS
1619 1594 1830 1638 SEXTUS

915 1697 1070 1728 UTRUM
1093 1697 1304 1728 ASCENSIO
1330 1696 1503 1728 CHRISTI
1527 1697 1594 1728 sn*
1619 1697 1762 1729 CAUSA
1784 1698 1988 1730 NOSTRAE
2011 1698 2191 1731 SALUT1s

1097 1780 1188 1813 Supra,
1208 1788 1252 1813 qu.
1271 1787 1337 1811 xux,
1358 1785 1405 1805 art.
1426 1779 1450 1812 5,
1469 1781 1500 1807 ad
1519 1788 1553 1812 43
1570 1781 1614 1806 Ad
1634 1781 1739 1814 Ephes„
1759 1789 1814 1814 cap.
1831 1789 1871 1814 lv,
1892 1782 1948 1808 lect.
1967 1789 2004 1808 111.

488 1947 491 1958 2
637 1949 643 1968 s
669 1919 842 1957 ascensio
872 1919 1010 1957 Christi
1043 1932 1124 1957 non
1153 1920 1199 1957 sit
1225 1932 1342 1957 causa
1369 1927 1522 1957 nostrae

475 1975 478 1981 '
505 1971 509 1978 ¹
534 1988 589 2008 w
616 1970 810 2015 (salutis.
849 1972 1022 2010 Christus
1058 1972 1163 2010 enim
1196 1972 1266 2010 fuit
1302 1985 1418 2010 causa
1452 1985 1522 2010 no-

463 2048 465 2051 ·
514 2000 612 2061 ἑῷ)
626 2018 766 2063 strae
809 2025 938 2062 salutis
980 2026 1213 2075 inquantum
1254 2027 1417 2063 salutem
1452 2039 1521 2063 no-

458 2086 575 2116 stram
603 2078 753 2116 meruit.
791 2079 868 2116 Sed
893 2089 966 2127 per
993 2078 1259 2115 ascensionem
1287 2078 1383 2115 nihil
1410 2079 1522 2116 nobis

458 2131 616 2168 meruit:
639 2131 730 2180 quia
749 2130 921 2168 ascensio
936 2131 1099 2180 pertinet
1118 2131 1167 2168 ad
1185 2131 1406 2180 praemium
1426 2133 1522 2169 exal-

457 2184 610 2222 tationis
639 2184 740 2230 eius3
778 2196 858 2222 non
887 2192 942 2221 est
969 2192 1101 2221 autem
1139 2183 1244 2222 idem
1276 2184 1459 2221 meritum
1487 2192 1524 2221 et

456 2237 695 2287 praemium,
725 2236 822 2274 sicut
849 2249 921 2274 nec
948 2237 1011 2274 via
1040 2245 1076 2274 et
1103 2237 1302 2274 terminus.
1337 2238 1439 2286 Ergo
1467 2237 1523 2274 vi·

458 2291 569 2328 detur
597 2291 703 2340 quod
732 2290 904 2327 ascensio
935 2290 1075 2328 Christi
1103 2303 1183 2328 non
1210 2289 1280 2328 fuit
1309 2302 1425 2327 causa
1453 2302 1522 2328 no-

458 2351 554 2380 strae
584 2343 723 2380 salutis.

514 2409 547 2433 2.
579 2398 810 2443 PRAETEREA,
830 2396 860 2433 si
879 2395 1052 2434 ascensio
1073 2395 1212 2434 Christi
1240 2404 1296 2433 est
1319 2409 1435 2434 causa
1453 2409 1523 2434 no-

459 2457 556 2487 strae
585 2450 732 2496 salutis,
761 2449 929 2486 maxime
965 2450 1041 2486 hoc
1067 2449 1220 2486 videtur
1255 2457 1447 2498 quantum
1474 2450 1523 2487 ad

459 2505 535 2541 hoc
563 2503 670 2552 quod
698 2502 870 2539 ascensio
899 2502 982 2539 eius
1008 2502 1054 2539 sit
1072 2515 1187 2540 causa
1215 2510 1366 2540 nostrae
1395 2515 1523 2540 ascen-

459 2555 588 2593 sionis.
619 2556 695 2593 Sed
724 2556 800 2592 hoc
827 2556 1009 2592 collatum
1029 2563 1084 2592 est
1103 2555 1215 2592 nobis
1242 2568 1312 2605 per
1339 2555 1422 2593 eius
1439 2567 1523 2605 pas-

459 2609 627 2646 sionem:
657 2608 760 2657 quia,
780 2616 823 2645 ut
851 2607 988 2645 dicitur
1005 2610 1104 2646 Heb.
1126 2621 1149 2645 x
1167 2608 1198 2655 ²⁸,
1225 2610 1403 2646 habemus
1418 2609 1522 2657 fidu-

458 2664 555 2699 ciam
584 2663 620 2698 in
641 2663 790 2698 introitu
819 2663 1040 2699 Sanctorum
1054 2674 1128 2711 per
1146 2663 1370 2711 sanguinem
1398 2663 1520 2712 ipsius.

458 2716 560 2762 Ergo
575 2714 727 2751 videtur
745 2714 853 2764 quod
872 2710 1045 2752 ascensio
1062 2713 1202 2752 Christi
1220 2726 1301 2752 non
1320 2714 1390 2752 fuit
1407 2727 1523 2753 causa

458 2775 610 2804 nostrae
640 2767 780 2804 salutis.

514 2821 546 2856 3.
577 2821 808 2868 PRAETEREA,
830 2821 931 2857 salus
950 2832 1020 2869 per
1039 2820 1236 2858 Christum
1255 2819 1368 2857 nobis
1387 2821 1523 2858 collata

459 2881 514 2909 est
533 2873 783 2922 sempiterna:
814 2873 1030 2910 secundum
1049 2872 1141 2911 illud
1160 2873 1277 2911 Isaiae
1297 2886 1331 2921 Li
1350 2873 1384 2910 *ε
1415 2874 1522 2911 Salus

458 2932 580 2963 autem
600 2938 683 2963 mea
703 2927 739 2963 in
759 2928 1022 2976 sempiternum
1043 2928 1120 2963 erit.
1152 2926 1229 2964 Sed
1249 2925 1423 2964 Christus
1441 2939 1522 2964 non

459 2978 627 3015 ascendit
655 2978 694 3015 in
722 2981 873 3016 caelum
893 2987 934 3016 ut
953 2978 1004 3016 ibi
1033 2978 1072 3016 in
1100 2979 1377 3029 sempiternum
1406 2987 1519 3018 esset:

459 3030 596 3068 dicitur
615 3031 719 3068 enim
737 3032 818 3069 Act.
840 3032 903 3069 1³¹³:
940 3033 1261 3075 Quemadmodum
1283 3031 1420 3070 vidistis
1437 3045 1522 3070 eum

459 3084 713 3120 ascendentem
742 3086 778 3121 in
807 3085 963 3130 caelum,
993 3086 1043 3122 ita
1070 3087 1199 3124 veniet.
1228 3085 1385 3134 Legitur
1408 3085 1522 3123 etiam

459 3135 587 3173 multis
607 3136 744 3173 sanctis
765 3149 804 3174 se
825 3137 1106 3175 demonstrasse
1126 3138 1165 3175 in
1184 3137 1291 3175 terris
1304 3146 1391 3188 post
1410 3151 1522 3176 suam

459 3188 741 3226 ascensionem:
772 3189 868 3227 sicut
886 3190 934 3227 de
955 3191 1075 3228 Paulo
1095 3190 1230 3239 legitur
1247 3192 1328 3228 Act.
1345 3204 1390 3229 1x.
1420 3193 1521 3240 Ergo

458 3241 610 3278 videtur
637 3242 743 3291 quod
771 3242 854 3279 eius
881 3243 1053 3280 ascensio
1073 3256 1153 3281 non
1172 3243 1218 3281 sit
1236 3256 1352 3281 causa
1371 3253 1522 3283 nostrae

460 3294 598 3330 salutis.

514 3347 587 3383 SED
615 3359 759 3384 CONTRA
788 3358 853 3384 EST
881 3348 987 3396 quod
1020 3348 1101 3397 ipse
1130 3348 1238 3397 dicit,
1269 3350 1372 3386 Ioan.
1398 3362 1456 3388 xvi
1479 3350 1519 3386 *ε

460 3399 619 3447 Expedit
637 3401 740 3436 vobis
767 3406 805 3436 ut
832 3412 904 3450 ego
932 3401 1088 3438 vadam:
1115 3401 1221 3449 idest,
1242 3408 1280 3439 ut
1308 3403 1478 3440 recedam
1498 3415 1522 3440 a

459 3453 561 3488 vobis
584 3464 655 3499 per
682 3453 944 3489 ascensionem.

516 3504 738 3541 Responmzo
758 3517 937 3542 DiCENDUM
962 3506 1068 3554 quod
1098 3506 1269 3543 ascensio
1299 3507 1438 3544 Christi
1466 3515 1521 3544 est

461 3568 575 3593 causa
604 3563 754 3593 nostrae
783 3556 910 3593 salutis
939 3557 1156 3606 dupliciter:
1196 3571 1276 3595 uno
1304 3559 1444 3606 modo,
1474 3572 1519 3596 ex

668 1880 690 1904 D
712 1879 860 1914 §13wa
889 1879 940 1904 sm
969 1879 1204 1905 Paocssmrun.
1233 1867 1396 1904 Videtur
1414 1869 1522 1916 quod
1547 1878 1550 1904 ι
1575 1876 1681 1918 parte
1701 1876 1848 1924 nostra3
1871 1869 1944 1907 alio
1964 1870 2097 1918 modo,
2119 1883 2164 1908 ex
2178 1875 2285 1921 parte
2305 1870 2436 1921 ipsius.
2453 1872 2522 1924 Ἐξ
2557 1871 2563 1881 ³
2581 1862 2586 1869 ’

1576 1921 1737 1970 quidem
1764 1929 1906 1970 nostra,
1926 1921 2158 1972 inquantum
2185 1936 2255 1973 per
2284 1923 2423 1963 Christi
2584 1970 2588 1975 y
2627 1964 2630 1965 γ

1576 1986 1667 2011 nem
1696 1986 1806 2011 mens
1834 1981 1964 2012 nostra
1990 1983 2171 2023 movetur
2198 1976 2237 2014 in
2264 1976 2405 2027 ipsum.
2440 1975 2545 2027 Quia
2554 1974 2641 2040 spei?

1576 2025 1658 2064 eius
1678 2027 1956 2075 ascensionem,
1977 2027 2073 2065 sicut
2092 2041 2208 2078 supra
2221 2029 2242 2051 ’¹‘
2261 2028 2407 2068 dictum
2425 2039 2491 2078 est,
2511 2030 2640 2087 primo
2667 2039 2677 2049 '

1576 2078 1736 2128 quidem
1756 2079 1868 2117 datur
1895 2082 2002 2118 locus
2025 2081 2138 2128 fidei;
2168 2082 2351 2130 secundo,
2382 2083 2480 2133 spei;
2506 2084 2639 2135 tertio4

1575 2131 1730 2169 caritati.
1761 2133 1910 2180 Quarto
1939 2133 2065 2180 etiam,
2080 2146 2150 2184 per
2168 2135 2244 2172 ho'c
2271 2135 2484 2175 reverentia
2508 2142 2641 2186 nostra

1576 2193 1737 2233 augetur
1772 2186 1821 2222 ad
1849 2185 1998 2235 ipsum,
2028 2187 2124 2224 dum
2158 2186 2237 2225 iam
2265 2200 2345 2227 non
2377 2186 2640 2235 existimamus

1577 2250 1669 2274 eum
1697 2237 1793 2276 sicut
1821 2239 2020 2277 hominem
2049 2247 2262 2287 terrenum,
2291 2242 2359 2279 sed
2386 2241 2484 2280 sicut
2509 2239 2640 2287 Deum

1576 2291 1794 2328 caelestem:
1816 2286 1912 2330 sicut
1931 2299 1967 2329 et
1981 2294 2189 2342 Apostolus
2208 2293 2308 2341 dicit,
2329 2295 2359 2332 11
2373 2291 2643 2339 Cor.v*:“”Etsi
2666 2298 2677 2310 ⁸

1575 2346 1820 2394 cognovimus
1845 2345 2047 2382 secundum
2075 2358 2229 2384 carnem
2261 2348 2464 2396 Christum,
2496 2347 2520 2401 ς’
2537 2348 2604 2406 itasz

1575 2398 1783 2444 mortalem,
1798 2410 1872 2447 per
1890 2398 1990 2447 quod
2007 2401 2222 2449 putavimus
2249 2407 2334 2438 eum
2352 2406 2494 2439 tantum
2521 2402 2639 2450 linitur

1577 2462 1662 2486 nem
1685 2465 1724 2494 »‚
1754 2457 1797 2487 ut
1824 2451 1962 2488 Glossa
1978 2451 2000 2474 *
2027 2452 2203 2502 exponit:
2239 2453 2306 2491 sed
2331 2466 2432 2492 nunc
2458 2456 2541 2493 iam'
2561 2454 2639 2504 non
2665 2462 2677 2474 ⁴
2734 2443 2740 2450 Α

1577 2515 1758 2540 novimus.
2583 2516 2589 2525 ⁶

1630 2557 1688 2593 Ex
1715 2564 1822 2606 parte
1842 2563 1972 2594 autem
1991 2569 2072 2605 sua,
2092 2561 2280 2608 quantum
2306 2559 2355 2597 ad
2374 2571 2420 2598 ea
2437 2572 2538 2610 quae
2557 2559 2641 2613 ipse

1575 2608 1661 2645 fecit
1689 2610 1900 2647 ascendens
1918 2617 2077 2660 propter
2102 2619 2274 2649 nostram
2293 2613 2467 2651 salutem.
2497 2614 2546 2653 Et
2562 2614 2639 2665 priv

1576 2674 1643 2699 mo
1672 2662 1843 2711 quidem,
1867 2661 1973 2700 viam
1999 2663 2112 2701 nobis
2138 2665 2380 2714 praeparavit
2406 2665 2640 2713 ascendendi

1576 2714 1616 2751 in
1635 2716 1806 2753 caelum:
1827 2715 2044 2753 secundum
2063 2717 2170 2766 quod
2189 2717 2272 2767 ipse
2290 2717 2391 2766 dicit,
2409 2718 2513 2760 Ioan.
2532 2717 2637 2762 xiv&
2665 2721 2676 2732 ⁶

2690 2039 2742 2061 Art.
2754 2045 2774 2067 n,
2785 2035 2792 2038 ”

1584 2768 1686 2805 Vado
1713 2780 1854 2818 parare
1869 2770 1973 2806 vohis
1990 2769 2133 2815 locum;
2160 2777 2197 2808 et
2223 2771 2341 2809 Mich.
2362 2783 2383 2810 11
2401 2771 2436 2809 *τ
2465 2768 2640 2821 Ascendit,
2665 2774 2675 2784 “
2712 2753 2719 2761 ,
2773 2753 2778 2767 .

1570 2821 1742 2870 pandens
1770 2823 1838 2858 iter
1864 2827 1950 2858 ante
1976 2834 2049 2860 εοε.
2079 2822 2183 2870 Quia
2201 2823 2306 2862 enim
2333 2823 2415 2874 ipse
2443 2832 2498 2863 est
2522 2818 2639 2877 capu}

1576 2881 1763 2921 nostrum,
1788 2881 1939 2923 oportet
1966 2873 2055 2912 illuc
2082 2875 2191 2926 sequi
2211 2876 2388 2915 membra
2415 2888 2494 2930 quo
2522 2878 2638 2936 caput
2663 2898 2664 2901 ,

1575 2925 1798 2976 praecessit:
1828 2927 1932 2964 unde
1961 2927 2098 2966 dieitur
2124 2929 2228 2966 Ioan.
2248 2941 2308 2968 mv
2325 2929 2364 2967 a:
2398 2930 2445 2970 Ut
2469 2923 2638 2977 ubi-M
2665 2935 2676 2945 ,

1575 2991 1659 3030 ego,
1681 2985 1714 3016 et
1731 2991 1797 3017 vos
1814 2981 1900 3017 sitis.
1931 2981 1979 3017 Et
2005 2979 2045 3018 in
2064 2981 2181 3019 huius
2199 2981 2365 3032 signum,
2385 2982 2533 3023 animas
2550 2990 2637 3031 san-

1575 3040 1728 3069 ctorum
1756 3044 1852 3082 quas
1873 3033 1920 3070 de
1940 3032 2088 3072 inferno
2117 3034 2310 3084 eduxerat,
2330 3034 2375 3074 in'
2389 3037 2539 3076 caelum
2565 3036 2637 3085 tra-

1575 3085 1693 3131 duxit,
1714 3085 1931 3123 secundum
1959 3085 2051 3124 illud
2071 3087 2213 3127 Psalmi
2231 3087 2269 3125 *ε
2298 3088 2510 3130 Ascendens
2528 3091 2567 3127 in
2585 3084 2637 3146 al-
2664 3093 2698 3147 :9-

1575 3144 1651 3176 tum
1671 3140 1855 3188 captivam
1875 3139 1979 3177 duxit
1997 3141 2259 3190 captivitatem.-
2285 3140 2376 3191 quia
2403 3141 2543 3180 scilicet
2569 3154 2637 3181 eos
2663 3148 2737 3174 ΜΗ
2756 3154 2771 3197 ²5-

1576 3190 1643 3241 qui
1670 3190 1819 3229 fuerant
1846 3203 1869 3229 a
1895 3191 2050 3230 diabolo
2078 3192 2272 3243 captivati,
2302 3205 2435 3232 secum
2463 3192 2570 3233 duxit
2596 3195 2638 3235 in

1576 3244 1746 3292 caelum,
1776 3243 1886 3294 quasi
1922 3244 1961 3282 in
1994 3246 2124 3284 locum
2160 3245 2405 3296 peregrinum
2441 3247 2639 3289 humanae

1576 3303 1746 3343 naturae,
1774 3297 1878 3334 bona
1905 3297 2082 3348 captione
2109 3298 2292 3349 captivos5
2321 3306 2453 3350 utpote
2479 3311 2550 3350 per
2579 3298 2635 3338 vi-

1576 3348 1734 3387 ctoriam
1763 3349 1978 3399 acquisitos.

1630 3403 1810 3440 Secundo
1839 3403 1942 3452 quia,
1971 3403 2067 3441 sicut
2093 3404 2262 3454 pontifex
2289 3404 2329 3442 in
2357 3404 2474 3442 veteri
2501 3405 2634 3443 Testa-

1575 3463 1706 3492 mento
1727 3455 1888 3493 intrabat
1907 3456 2167 3494 sanctuarium
2185 3465 2228 3494 ut
2246 3456 2432 3494 assisteret
2458 3457 2543 3494 Deo
2561 3469 2633 3508 pro

1575 3509 1739 3557 populo,
1770 3508 1819 3545 ita
1855 3515 1891 3558 et
1929 3508 2102 3546 Christus
2142 3508 2294 3546 intravit
2327 3508 2366 3546 in
2399 3511 2549 3547 caelum
2585 3510 2637 3548 ad

2530 3687 2538 3702 ὶ

2688 2933 2725 2970 v3
2746 2925 2771 2976 -ζῖ,

2700 3129 2712 3136 .
2726 3123 2752 3136 v>

1544 3606 1547 3610 x
1575 3560 1881 3609 interpellandum
1912 3572 1986 3609 pro
2015 3563 2139 3607 nobis,
2168 3569 2210 3598 ut
2246 3561 2382 3599 dicitur
2418 3563 2514 3600 Heb.
2538 3575 2582 3601 vn
2601 3563 2631 3601 ²⁸.
2660 3550 2751 3607 ἑιὲλῗ
2768 3581 2790 3603 Α
2853 3606 2856 3611 ,
