2872 3970
902 305 1164 351 QUAESTIO
1192 305 1279 341 XXI
1287 333 1297 352 ,
1333 305 1623 344 ARTICULUS
1651 307 1702 343 IV

139 395 190 418 n-7-
217 381 329 419 nitur.
358 381 524 419 Hilarius
548 382 664 428 enim,
683 395 795 432 super
811 384 944 420 Matth.
964 382 996 429 ³¹²,
1025 382 1131 419 dicit:
1167 383 1276 425 Quod
1327 384 1420 421 alios
1449 393 1632 434 martyres
1652 398 1743 423 suae
1771 386 1957 435 passionis
1977 386 2182 424 imitatores
2209 387 2303 434 fieri,
2325 400 2382 424 se-

2307 308 2381 344 255

217 440 338 472 autem
366 440 404 471 ut
430 447 454 471 a
480 447 520 471 se
545 441 708 472 transeat
735 440 866 485 rogat,
896 447 969 471 non
999 441 1037 471 ut
1064 437 1140 484 ipse
1160 448 1272 485 prae·
1327 437 1500 474 cundum
1528 438 1735 484 Hilarium3
1773 440 1835 475 vel
1862 439 1892 475 si
1920 439 2024 487 petiit
2052 440 2158 488 quod
2185 439 2299 476 timor
2326 440 2381 477 bi-

216 492 377 524 tereatur
413 493 514 524 orat.-
548 487 613 524 sed
647 493 685 523 ut
721 489 758 523 in
796 487 952 524 alterum
989 487 1028 523 id
1062 489 1160 536 quod
1185 501 1209 525 a
1235 500 1274 524 se

216 540 345 576 transit
371 539 524 576 excedat
542 545 568 576 Υ.
597 540 717 588 Atque
734 540 815 576 ideo
827 552 903 589 pro
922 541 977 576 his
995 546 1078 577 orat
1105 542 1168 589 qui
1190 553 1272 589 pas-

214 593 296 628 suri
313 597 399 641 post
423 603 464 628 se
489 597 615 628 erant:
641 597 679 628 ut
704 593 750 628 sit
775 604 920 628 sensus:
952 593 1145 634 Quomodo
1172 606 1196 630 a
1213 605 1273 629 me

83 634 128 681 ²³?
155 690 161 693 ⁸
216 644 350 681 bibitur
385 644 487 681 calix
507 645 710 693 passionis,
740 646 790 681 ita
817 647 864 682 ab
892 645 974 681 aliis
1000 646 1166 691 bibatur,
1194 647 1273 682 sine

124 1081 129 1090 ..
136 1085 188 1124 «νῖ

88 1362 121 1400 g
170 1380 187 1393 ·‚

92 1396 187 1420 ,ssv-

101 1423 117 1443 ι.
149 1433 157 1440 ,

92 1442 107 1466 ξ’
166 1442 188 1466 V

132 1471 150 1479 ,Ι

92 1492 130 1523 '⁸³32‘

84 1534 140 1562 vj»

179 1512 186 1522 v

90 1848 131 1865 τ.

148 2999 164 3023 r
177 3007 179 3011 <

116 3031 160 3064 531

215 697 294 746 spei
333 695 557 745 diffidentia,
594 698 673 733 sine
710 709 818 734 sensu
859 697 1016 743 doloris,
1054 699 1133 734 sine
1175 704 1272 734 metu

215 750 354 786 mortis.

267 802 350 847 Vel,
366 801 582 838 secundum
601 801 885 851 Hieronymum
899 802 934 839 *ε
956 804 1157 852 Signanter
1175 803 1270 849 dicit,

219 869 238 888 «
263 854 375 891 Calix
400 855 465 890 iste
485 867 520 890 »s
537 855 608 903 hoc
634 860 696 900 est,
710 855 844 904 populi
867 855 1107 900 Iudaeorum,
1128 857 1191 904 qui
1208 867 1271 892 ex-

215 907 439 951 cusationem
467 907 703 956 ignorantiae
729 908 866 944 habere
894 920 968 944 non
991 913 1127 956 potest,
1155 910 1188 944 si
1213 920 1272 944 me

215 958 398 1004 occiderit,
417 959 556 996 habens
580 959 701 1009 legem
720 957 734 981 ⁶
753 965 786 996 et
803 961 1018 1010 Prophetas,
1041 962 1105 1009 qui
1128 972 1188 997 me
1209 973 1271 998 va-

214 1013 424 1049 ticinantur.

267 1065 358 1106 Vel,
388 1064 603 1101 secundum
639 1063 872 1114 Dionysium
909 1065 1211 1102 Alexandrinum
1229 1064 1268 1101 *τ

220 1117 331 1160 Quod
346 1121 358 1138 ⁸
386 1116 482 1162 dicit,
514 1132 533 1151 ι(
559 1118 741 1165 Transfer
773 1118 926 1154 calicem
961 1120 1067 1154 istum
1095 1131 1119 1155 a
1145 1130 1206 1154 me
1235 1133 1270 1164 »‚

215 1182 289 1207 non
317 1170 388 1207 hoc
423 1175 494 1216 est,
527 1184 546 1203 «
567 1170 658 1207 Non
686 1170 857 1208 adveniat
892 1171 984 1207 mihi
1003 1184 1045 1207 »s
1076 1172 1148 1207 nisi
1172 1173 1270 1207 enim

214 1222 421 1269 advenerit,
450 1223 649 1270 transferri
674 1235 748 1260 non
771 1224 916 1272 poterit.
956 1223 1037 1269 Sed,
1056 1225 1147 1260 sicut
1175 1223 1274 1272 quod

213 1277 386 1324 praeterit
413 1287 480 1312 nec
507 1276 682 1312 intactum
701 1281 752 1312 est
775 1287 842 1312 nec
863 1287 1101 1325 permanens,
1120 1277 1173 1312 sic
1192 1276 1271 1313 Sal-

213 1333 320 1366 vator
346 1328 472 1365 leviter
499 1327 730 1365 invadentem
750 1330 984 1366 tentationem
1003 1329 1156 1378 flagitat
1168 1329 1269 1377 pelli.

266 1380 494 1417 Ambrosius
513 1379 533 1402 '¹²
560 1387 689 1417 autem
717 1387 753 1417 et
779 1380 964 1428 Origenes
982 1380 1023 1402 *Β
1048 1388 1084 1417 et
1104 1381 1270 1430 Chryso-

214 1440 362 1470 stomus
380 1432 401 1455 '¹‘
424 1433 555 1470 dicunt
582 1433 689 1482 quod
712 1432 818 1482 petiit
845 1435 951 1482 quasi
974 1434 1084 1470 homo
1110 1434 1271 1470 naturali

213 1487 408 1523 voluntate
436 1491 592 1523 mortem
621 1498 805 1523 recusans.

267 1537 332 1576 Sic
356 1538 479 1587 igitur,
499 1538 531 1575 si
554 1537 780 1586 intelligatur
807 1538 914 1588 quod
932 1538 1078 1588 petierit
1104 1551 1174 1588 per
1196 1539 1272 1576 hoc

265 1704 293 1742 γ)
311 1706 434 1732 excedat.
445 1720 465 1725 —
476 1705 564 1731 Tertia
581 1710 682 1738 praeter
695 1705 729 1736 P;
749 1705 864 1731 excedat
882 1705 974 1730 eadem
993 1703 1118 1738 (fortasse
1136 1713 1184 1738 pro
1198 1713 1276 1731 exce-

1326 489 1442 526 bendi
1478 490 1601 527 calicis
1638 502 1730 527 eum
1766 503 1845 527 non
1885 492 2140 540 perturbaret;
2178 493 2239 528 vel
2274 493 2380 541 quod

1326 554 1431 578 mors
1459 554 1551 579 eum
1578 555 1659 579 non
1687 543 1888 580 detineret:
1918 543 2078 580 omnino
2107 544 2306 593 impletum
2325 553 2381 581 est

1326 594 1433 642 quod
1469 594 1610 643 petivit.
1650 595 1690 632 Si
1716 607 1810 632 vero
1847 595 2061 643 intelligitur
2087 596 2236 645 petiisse
2273 597 2379 645 quod

1326 658 1406 683 non
1425 646 1570 683 biberet
1588 647 1741 684 calicem
1762 647 1949 696 passionis
1969 656 2005 684 et
2023 649 2172 694 mortis;
2193 650 2254 685 vel
2273 650 2379 697 quod

1326 710 1406 735 non
1433 699 1579 735 biberet
1614 699 1740 748 ipsum
1770 713 1793 736 a
1819 700 1986 737 Iudaeis:
2025 713 2104 737 non
2132 701 2290 749 quidem
2325 709 2380 738 est

1325 751 1467 788 factum
1495 752 1601 800 quod
1628 752 1744 801 petiit,
1773 753 1863 801 quia
1891 753 2001 797 ratio,
2030 765 2129 802 quae
2157 753 2379 802 petitionem

1325 804 1536 852 proposuit,
1566 816 1646 841 non
1672 805 1825 841 volebat
1852 813 1894 841 ut
1921 806 1996 842 hoc
2023 805 2261 854 impleretur;
2298 806 2377 852 sed,

1326 856 1375 892 ad
1393 855 1680 893 instructionem
1699 865 1880 903 nostram,
1900 858 2052 894 volebat
2070 859 2259 895 declarare
2279 857 2290 883 ζ
2309 870 2377 895 no-

1325 908 1382 944 bis
1411 921 1521 945 suarn
1548 910 1785 946 voluntatem
1813 911 2039 955 naturalem,
2069 918 2105 947 et
2130 911 2377 948 sensualitatis

1325 968 1488 1006 motum,
1509 973 1628 1010 quam
1647 968 1678 1007 η,
1708 962 1802 999 sicut
1829 963 1962 1008 homo,
1989 963 2163 999 habebat.

1378 1014 1434 1050 AD
1454 1026 1641 1051 SECUNDUM
1659 1026 1839 1052 DICENDUM
1858 1015 1965 1063 quod
1983 1015 2174 1052 Dominus
2195 1028 2274 1053 non
2293 1028 2376 1053 ora-

1325 1065 1378 1102 vit
1404 1077 1475 1114 pro
1499 1066 1680 1103 omnibus
1699 1067 1998 1112 crucifixoribus,
2019 1079 2145 1116 neque
2174 1068 2287 1105 etiam
2305 1081 2376 1118 pro

1326 1117 1507 1154 omnibus
1542 1118 1608 1167 qui
1640 1126 1745 1155 erant
1779 1119 1956 1156 credituri
1990 1120 2029 1156 in
2057 1132 2168 1157 eum:
2205 1121 2272 1157 sed
2305 1133 2376 1170 pro

1325 1169 1384 1206 his
1412 1171 1539 1207 solum
1567 1170 1633 1219 qui
1661 1179 1766 1207 erant
1793 1172 2057 1220 praedestinati
2085 1180 2128 1209 ut
2153 1184 2223 1221 per
2249 1173 2377 1222 ipsum

1324 1222 1444 1259 vitam
1471 1231 1798 1271 consequerentur
1824 1232 2028 1261 aeternam.

1378 1275 1489 1312 Unde
1517 1283 1619 1324 patet
1646 1276 1760 1312 etiam
1788 1276 1985 1325 responsio
2014 1277 2062 1313 ad
2089 1276 2252 1314 tertium.

1377 1328 1435 1364 An
1464 1339 1634 1370 QUARTUM
1660 1340 1840 1365 mcssNDUM
1877 1329 2002 1377 quod,
2031 1341 2122 1365 cum
2158 1329 2256 1376 dicit,
2294 1331 2377 1367 Cla-

1324 1381 1434 1417 mabo
1467 1386 1501 1416 et
1529 1393 1602 1417 non
1638 1381 1827 1427 exaudies,
1856 1380 2141 1429 intelligendum
2174 1389 2228 1419 est
2255 1395 2376 1431 quan-

1325 1440 1409 1469 tum
1437 1432 1486 1469 ad
1513 1433 1695 1469 affectum
1723 1433 1981 1480 sensualitatis,
2002 1446 2100 1483 quae
2128 1442 2293 1471 mortem
2321 1448 2377 1472 re-

1325 1485 1500 1533 fugiebat.
1530 1486 1742 1522 Exauditur
1759 1494 1887 1523 tamen
1906 1494 2094 1535 quantum
2122 1487 2170 1523 ad
2197 1487 2377 1525 affectum

1326 1537 1492 1584 rationis,
1521 1546 1563 1574 ut
1590 1538 1735 1575 dictum
1764 1546 1818 1575 est
1835 1538 1866 1575 ²¹².
2353 1542 2355 1546 ⁴

1381 1705 1404 1739 ε)
1426 1706 1512 1736 Quod.
1533 1719 1552 1724 —
1569 1705 1656 1730 Tertia
1674 1710 1775 1738 praeter
1792 1706 1819 1738 ¹1;
1841 1706 1900 1736 Qui.
1911 1720 1931 1724 —
1945 1706 2078 1738 praeterit
2096 1707 2172 1737 PGb;
2187 1708 2340 1739 praeteriit.
2358 1722 2379 1727 —

213 1742 270 1768 dat.
290 1741 327 1767 Et
345 1741 428 1776 infra)
446 1741 568 1772 ABCDE,
586 1741 703 1766 excedat
719 1744 768 1766 etc.
787 1741 828 1766 ed.
845 1748 871 1769 a,
890 1741 1022 1765 extendat
1040 1741 1068 1771 F,
1087 1741 1197 1766 accedat
1216 1741 1243 1766 Ρ.
1257 1755 1276 1760 -
1323 1748 1485 1772 permanens
1503 1741 1590 1770 tertia3
1605 1748 1768 1773 permanens
1786 1744 1834 1766 est.

208 1780 273 1813 post
289 1784 317 1803 se
335 1777 376 1803 ed.
394 1784 412 1802 a
430 1782 456 1802 et
473 1777 559 1808 τοι-πίας
573 1784 627 1808 pro
645 1783 680 1802 se.
699 1776 750 1801 Pro
768 1776 801 1800 ab
819 1776 888 1805 aliis,
908 1776 941 1801 ab
960 1776 1001 1801 his
1018 1776 1099 1801 tertia.

266 1812 292 1847 Β)
311 1819 362 1838 non
383 1815 500 1845 potest...
518 1812 610 1845 legem.
629 1825 647 1830 -
670 1819 722 1836 non
744 1814 856 1843 possunt
876 1812 901 1836 si
919 1818 959 1836 me
982 1811 1128 1836 occiderint
1151 1811 1275 1836 habentes

209 1849 281 1882 Iegee
292 1847 321 1877 Ρ,
334 1847 397 1879 (hoc
413 1850 454 1873 est
466 1850 581 1880 propter
594 1847 747 1878 Iudaeos...)
762 1854 813 1871 non
829 1850 944 1878 possunt
961 1846 1085 1871 habentes
1103 1846 1174 1879 leges
1187 1847 1228 1872 ed.
1240 1854 1273 1877 a;

213 1882 360 1911 acciat-int
377 1883 467 1916 legunt
484 1882 562 1908 etiam
579 1882 656 1908 ceteri
674 1887 776 1915 praeter
794 1881 814 1906 F
816 1882 845 1907 bc
849 1890 859 1912 ,·
877 1882 948 1915 leges
966 1889 1068 1908 omnes.

1380 1775 1405 1807 ζ)
1425 1776 1571 1801 declarare.
1588 1789 1608 1794 -
1625 1776 1807 1801 demonstrare
1825 1776 1906 1801 tertia.

1379 1811 1406 1845 η)
1425 1818 1514 1844 quam.
1531 1825 1551 1830 -
1568 1817 1644 1843 quem
1664 1811 1738 1837 PFIc.
1756 1825 1775 1829 —
1794 1811 1844 1835 Pro
1862 1811 1930 1836 sicut
1948 1811 2033 1841 homo,
2053 1814 2115 1837 tunc
2132 1812 2162 1838 F.

886 1987 1216 2019 Commentaria
1237 1987 1488 2020 Cardinalis
1509 1987 1710 2020 Caietam

273 2105 380 2127 rrums
411 2094 522 2126 clarus.
537 2111 562 2116 —
587 2093 624 2124 In
647 2102 782 2133 corpore
804 2092 927 2123 articuli
950 2098 997 2123 est
1018 2102 1083 2122 una
1105 2092 1269 2123 conclusio

215 2106 457 2180 Tresponsiva
479 2138 639 2178 quaesito:
668 2136 780 2167 Omnis
803 2137 909 2167 oratio
932 2137 1052 2167 Christi
1071 2136 1145 2177 fuit
1170 2145 1270 2166 exau-

212 2180 292 2214 dita.
314 2183 479 2213 Probatur.
504 2181 618 2212 Omnis
639 2181 787 2211 voluntas
810 2180 994 2220 simpliciter
1010 2179 1127 2210 Christi
1142 2179 1202 2210 fuit
1217 2179 1271 2209 ad-

213 2227 355 2268 impleta.
378 2227 464 2266 Ergo
488 2225 593 2256 omnis
617 2225 718 2255 oratio
743 2225 811 2254 eius
833 2223 894 2254 fuit
917 2223 1072 2254 exaudita.

267 2269 470 2302 Antecedens
485 2275 517 2300 et
528 2268 703 2299 declaratur
714 2273 745 2298 et
755 2268 917 2308 probatur.
930 2268 1114 2298 Declaratur
1129 2266 1270 2307 quidem,

213 2313 438 2355 distinguendo
463 2313 502 2344 de
516 2313 680 2343 voluntate
703 2312 897 2353 simpliciter,
912 2312 963 2342 vel
983 2311 1160 2342 secundum
1176 2310 1270 2350 quid:

212 2359 267 2390 ina
288 2358 418 2390 rationis
440 2357 624 2393 deliberata;
646 2357 705 2387 ista
724 2362 870 2392 naturae,
887 2361 919 2386 et
939 2355 1088 2386 velleitas.
1119 2355 1274 2385 Probatur

154 2440 156 2442 Ι
212 2413 307 2435 vero:
339 2403 415 2443 quia
443 2401 548 2432 omnis
576 2400 724 2431 voluntas
753 2400 937 2440 simpliciter
966 2399 1083 2430 Christi
1111 2398 1172 2430 fuit
1200 2399 1271 2429 Deo

214 2446 405 2483 conformis;
436 2446 511 2486 quia
540 2444 620 2475 nihil
646 2445 691 2474 sic
713 2444 816 2474 voluit
845 2444 906 2474 nisi
936 2443 1025 2484 quod
1054 2443 1144 2473 scivit
1166 2443 1273 2473 Deum

213 2490 306 2522 velle.
317 2508 340 2514 -
351 2489 592 2530 Consequentia
602 2497 678 2519 vero
690 2488 844 2528 probatur
858 2487 1034 2528 dupliciter.
1047 2488 1165 2517 Primo.
1178 2487 1272 2517 Tunc

215 2535 348 2566 alicuius
371 2534 472 2564 oratio
497 2531 671 2570 exauditur,
688 2531 818 2572 quando
842 2532 910 2562 eius
931 2531 1079 2562 voluntas
1102 2531 1270 2571 impletur:

215 2579 292 2620 quia
319 2578 422 2609 oratio
451 2582 498 2608 est
522 2577 757 2616 interpretativa
785 2576 967 2606 voluntatis.
999 2575 1164 2606 Secundo:
1198 2575 1274 2614 quia

215 2622 421 2654 conformitas
447 2621 619 2651 voluntatis
651 2620 691 2651 ad
723 2620 861 2651 divinam
890 2619 1088 2650 voluntatem
1119 2624 1165 2649 est
1193 2619 1272 2649 ratio

215 2666 425 2698 exauditionis
448 2665 584 2696 aliorum
608 2665 777 2701 orantium,
794 2669 830 2694 ut
851 2664 1004 2704 probatur
1027 2673 1064 2693 ex
1087 2663 1274 2694 auctoritate

214 2710 374 2752 Apostoli,
397 2706 441 2740 ad
461 2709 554 2740 Rom.
578 2719 643 2739 vm.

269 2754 307 2786 11.
330 2753 469 2785 Adverte
497 2753 564 2789 hic,
587 2752 732 2788 Novitie‚
762 2751 851 2792 quod
881 2752 982 2782 oratio
1013 2756 1060 2781 est
1089 2751 1274 2791 explicativa

214 2798 386 2830 voluntatis
402 2802 434 2828 et
447 2796 531 2828 illius
546 2797 752 2836 procuratn‘x,
768 2805 836 2826 non
852 2795 957 2826 solum
980 2800 1087 2825 autem
1102 2795 1273 2825 voluntatis

214 2842 414 2878 deliberatae,
437 2840 494 2872 sed
514 2840 679 2871 velleitatis
702 2845 734 2870 et
756 2839 897 2875 affectus,
919 2845 956 2870 ut
978 2845 1064 2879 patet
1087 2848 1125 2869 ex
1147 2848 1242 2878 supra
1257 2839 1273 2856 ὓ

115 2872 129 2878 *-
158 2883 159 2886 ¹
215 2887 306 2919 dictis
329 2891 362 2917 et
383 2895 422 2916 ex
445 2885 590 2915 oratione
613 2884 740 2920 Christi,
768 2884 927 2914 Transeat
947 2893 968 2913 a
991 2893 1041 2913 me
1063 2883 1151 2913 calix
1174 2883 1232 2913 iste
1246 2883 1272 2913 *.

215 2932 351 2967 Verum,
374 2929 456 2960 sicut
483 2928 632 2959 voluntas
661 2928 864 2968 distinguitur
885 2928 919 2957 in
942 2927 1126 2967 simpliciter
1151 2926 1202 2956 vel
1225 2935 1273 2956 se-

217 2974 360 3006 cundum
382 2971 470 3014 quid,
488 2972 532 3002 ita
554 2972 666 3008 oratio,
689 2976 787 3012 prout
810 2976 857 3001 est
878 2971 1000 3011 petitio,
1025 2970 1226 3010 distinguitur
1239 2970 1274 3000 in

215 3014 400 3060 simpliciter
412 3016 472 3047 vel
494 3015 672 3047 secundum
696 3014 784 3056 quid.
812 3015 868 3051 Et‚-
885 3019 923 3045 ut
944 3015 1024 3055 petit
1046 3023 1103 3044 seu
1125 3019 1275 3054 procurat

1322 2101 1381 2131 pro
1405 2092 1569 2122 voluntate
1593 2091 1770 2128 deliberata,
1795 2097 1842 2123 est
1865 2093 1965 2123 oratio
1989 2093 2189 2133 simpliciter:
2213 2099 2249 2124 ut
2272 2100 2379 2125 autem

1322 2145 1381 2176 pro
1397 2135 1554 2170 velleitate
1570 2141 1601 2166 et
1617 2135 1732 2166 affectu
1746 2136 1899 2173 humano,
1917 2142 1964 2166 est
1979 2138 2080 2167 oratio
2096 2137 2274 2168 secundum
2290 2138 2377 2178 quid.

1324 2180 1364 2209 Et
1378 2185 1556 2219 propterea,
1580 2179 1763 2219 simpliciter
1785 2179 1824 2210 de
1848 2181 1991 2210 oratione
2012 2180 2189 2220 loquendo,
2205 2191 2316 2212 verum
2332 2187 2379 2213 est

1325 2222 1414 2263 quod
1437 2223 1541 2253 omnis
1565 2222 1682 2253 Christi
1708 2223 1808 2253 oratio
1832 2222 1892 2254 fuit
1915 2223 2068 2254 exaudita.
2099 2224 2208 2255 Oratio
2238 2235 2378 2266 namque

1325 2273 1422 2307 quam
1444 2276 1503 2307 pro
1526 2267 1682 2297 velleitate
1706 2273 1737 2297 et
1759 2266 1874 2297 affectu
1895 2277 2005 2298 sensus
2028 2268 2152 2304 obtulit,
2168 2278 2236 2299 non
2258 2269 2378 2309 simpli-

1325 2312 1401 2342 citer
1423 2311 1563 2350 petebat,
1587 2310 1643 2341 sed
1666 2311 1723 2341 sub
1748 2310 1948 2341 conditione:
1977 2311 2117 2342 subdidit
2139 2313 2225 2342 enim
2240 2314 2273 2343 *z
2302 2313 2379 2344 Fiat

1325 2356 1475 2386 voluntas
1491 2360 1557 2385 tua.
1581 2355 1622 2384 Et
1636 2355 1679 2384 ita
1694 2354 1839 2384 exaudita
1863 2360 1910 2385 est
1932 2355 2027 2385 etiam
2045 2355 2123 2385 haec
2146 2356 2247 2386 oratio
2270 2356 2378 2396 quoad

1325 2399 1475 2429 ultimum
1500 2399 1645 2439 petitum,
1670 2398 1759 2438 quod
1780 2398 1948 2428 deliberate
1970 2399 2097 2429 volebat
2120 2404 2151 2429 et
2173 2398 2376 2430 desiderabat.

1380 2443 1431 2473 111.
1455 2443 1491 2473 In
1520 2442 1727 2482 responsione
1757 2441 1796 2472 ad
1824 2442 1978 2482 primum,
2001 2441 2089 2478 vide,
2117 2442 2259 2478 Novitie‚
2288 2441 2378 2483 quod

1325 2487 1472 2527 Dionysii
1494 2485 1697 2516 Alexandrini
1727 2486 1881 2525 expositio
1907 2486 2040 2516 habetur
2061 2486 2094 2516 in
2112 2486 2242 2516 Catena·
2256 2487 2375 2522 Aurea,

1325 2531 1404 2561 Luc.
1422 2541 1485 2561 xxn
1496 2531 1522 2560 *.
1546 2530 1587 2560 Et
1610 2535 1656 2560 est
1677 2530 1730 2560 illa
1754 2539 1835 2569 quae
1858 2529 1999 2560 secundo
2022 2529 2096 2559 loco
2119 2530 2249 2569 ponitur
2270 2530 2304 2560 in
2326 2529 2376 2560 lit-

1325 2580 1391 2605 tera
1401 2575 1434 2604 *2
1451 2574 1571 2605 scilicet
1586 2573 1672 2614 quod
1687 2574 1784 2603 timor
1798 2574 1910 2604 mortis
1925 2583 1997 2604 eum
2012 2583 2076 2604 non
2088 2573 2302 2613 perturbaret,
2318 2578 2377 2604 aut

1325 2618 1411 2659 quod
1423 2628 1510 2649 mors
1525 2628 1596 2648 eum
1612 2627 1676 2648 non
1689 2617 1850 2648 detineret.
1867 2617 2026 2657 Loquitur
2041 2618 2126 2647 enim
2137 2617 2309 2657 Dionysius
2323 2617 2376 2647 hic

1326 2662 1366 2693 ad
1380 2661 1619 2693 similitudinem
1634 2662 1766 2692 alicuius
1781 2662 1888 2692 nocivi
1903 2661 2049 2701 applicati
2064 2661 2156 2691 nobis
2171 2670 2227 2701 per
2241 2660 2376 2691 modum

1325 2706 1524 2742 transeuntis,
1540 2711 1617 2746 puta
1635 2706 1716 2746 ignis
1730 2705 1781 2736 vel
1797 2714 1907 2745 aquae,
1925 2710 1955 2735 et
1969 2703 2162 2735 huiusmodi.
2186 2704 2264 2734 Tale
2280 2704 2375 2740 enim,

1326 2751 1401 2790 quia
1423 2750 1598 2790 applicatur
1613 2749 1701 2785 mihi,
1717 2759 1784 2779 non
1800 2754 1847 2779 est
1859 2749 2023 2784 intactum,
2041 2747 2095 2778 sed
2110 2747 2284 2788 aliqualiter
2299 2757 2377 2777 con-

1325 2795 1450 2834 tingens
1473 2803 1543 2824 me:
1569 2794 1644 2833 quia
1665 2802 1741 2823 vero
1763 2793 1922 2832 petransit‚
1938 2802 2005 2822 non
2025 2796 2188 2831 permanet
2201 2791 2235 2821 in
2250 2800 2312 2821 me.
2336 2791 2378 2821 Et

1326 2839 1371 2868 sic
1385 2838 1513 2868 volebat
1525 2837 1667 2867 Christus
1682 2837 1733 2866 vel
1748 2837 1858 2866 mortis
1873 2836 1987 2866 timore
2001 2835 2096 2875 tangi,
2109 2844 2176 2865 non
2192 2835 2376 2874 comprimi;

1326 2882 1377 2912 vel
1398 2887 1502 2911 morte
1524 2882 1592 2921 ipsa
1614 2881 1710 2920 tangi,
1732 2889 1800 2910 non
1823 2879 1963 2915 detineri,
1984 2878 2039 2909 sed
2061 2887 2230 2918 resurgere.
2259 2877 2377 2908 Modus

1326 2926 1421 2965 igitur
1435 2925 1511 2955 rnali
1527 2930 1573 2955 est
1585 2925 1638 2964 qui
1654 2924 1713 2954 sub
1727 2923 1882 2963 petitione
1898 2922 1979 2953 cadit
1995 2931 2069 2952 cum
2084 2921 2206 2958 dicitur,
2221 2922 2379 2952 Transeat

1327 2969 1424 3004 calix,
1452 2969 1610 3009 Transfer
1631 2967 1770 3002 calicem,
1795 2972 1870 3003 etc.,
1895 2965 2071 2996 secundum
2093 2966 2183 2996 istam
2207 2965 2379 3005 expositio-

1327 3022 1411 3043 nem.
1435 3012 1571 3052 Reliqua
1594 3011 1675 3041 clara
1697 3015 1779 3040 sunt.

799 3221 804 3222 f
833 3271 1780 3351 -ssw—eQaQ——Q

2404 1533 2414 1544 ⁸
2427 1532 2453 1554 In
2468 1538 2574 1561 corpore.

2405 2312 2416 2323 ⁸
2429 2311 2495 2333 Vera.
2510 2317 2547 2338 4²·

2405 2531 2416 2543 ⁸
2427 2531 2493 2553 Vers-
2507 2538 2544 2559 4²·

2402 2576 2412 2586 ⁸
2423 2575 2449 2597 In
2465 2575 2508 2597 hnc
2523 2581 2603 2604 resp..

2402 2601 2443 2623 Sic
2454 2601 2538 2629 igitur.
