2912 4030
246 335 330 365 Tota
345 335 523 374 argumenti
540 334 712 364 substantia
728 337 890 372 assumpta
907 338 952 363 est
969 342 1006 363 ex
1020 333 1062 362 IV
1074 332 1171 367 Sent„
1186 331 1256 362 dist.
1270 341 1310 366 1v,
1338 339 1340 351 ¹

246 379 300 419 qu.
325 389 357 414 11,
382 384 437 409 art.
459 387 489 414 2,
514 382 573 418 qu¹
591 378 619 414 5,
644 377 675 408 S.
701 376 739 407 C.

299 422 528 453 Animadverto
551 425 733 452 notatorem
757 420 796 451 de
816 421 938 460 origine
962 421 1155 451 auctoritatis
1173 424 1204 450 et
1220 429 1311 459 argu-

245 467 451 497 mentationis
471 476 489 496 a
504 475 537 496 se
561 466 713 506 appositis
737 468 865 495 mutum
889 473 966 494 esse.
992 465 1051 495 Per
1073 466 1180 504 ipsum
1203 470 1310 494 tamen

208 535 213 539 .
244 511 355 541 locum
379 511 510 541 citatum
534 509 766 540 Commentarii
788 509 822 539 in
843 509 1030 548 Magistrum
1054 518 1130 539 cum
1153 508 1311 548 fragmen-

244 556 321 585 taria
343 555 481 585 lectione
504 553 518 584 1
542 553 769 584 confibulatam
794 559 872 588 esse,
889 562 988 592 arguo
1006 562 1043 583 ex
1059 563 1099 583 eo
1116 553 1206 594 quod
1229 553 1311 582 hanc

245 599 424 639 argumenti
439 597 503 629 Sed
519 598 645 628 Contra
666 597 803 628 formam
826 606 892 627 non
916 598 1023 627 inveni
1047 597 1124 628 foris
1140 597 1209 635 QR.
1234 596 1310 634 Q'uo

244 653 304 683 pro
319 653 396 673 vero
421 642 600 683 supposito,
617 646 685 672 non
704 642 822 671 mirum
839 646 886 671 est
901 641 990 681 quod
1010 655 1023 668 «
1039 641 1091 672 illa
1108 655 1120 668 »
1141 641 1311 672 auctoritas

244 687 384 717 notatori
411 699 424 714 α
444 685 603 717 sufficiens
623 686 662 716 ad
678 685 877 725 arguendum
901 686 1106 726 propositum
1126 699 1139 712 ›>
1166 686 1232 715 visa
1255 685 1309 715 sit:

245 731 331 761 fratri
353 731 501 762 Thomae
525 735 556 760 et
574 743 588 757 «
603 730 656 761 illa
672 743 685 757 »
705 730 875 760 auctoritas
899 735 930 760 et
953 735 1060 760 totum
1087 735 1312 770 argumentum

243 774 433 806 sufficientia
454 775 519 805 iam
541 775 608 805 visa
632 776 740 804 erant!
772 773 835 805 Sed
858 775 966 810 miror,
990 774 1041 804 vel
1064 775 1173 814 potius
1196 773 1313 804 intelli-

244 827 318 859 gere
344 828 412 849 non
438 818 543 850 audeo
570 819 717 854 modum,
746 827 812 858 quo
838 818 1012 849 lectionem
1038 828 1128 848 suam
1159 817 1310 848 defendit.

244 863 352 901 Quare
375 862 452 894 dicit
479 876 492 890 «
511 868 548 893 ut
567 864 600 893 in
624 872 683 893 suo
707 863 781 893 loco
805 865 892 903 patet
911 860 948 892 »?
972 862 1089 900 Quare,
1114 863 1140 892 si
1163 861 1311 892 cordatus

243 907 291 937 vir
315 913 394 943 erat,
419 907 590 938 deliberate
619 913 651 937 et
674 915 819 947 expresse
851 906 1015 937 modestae
1041 906 1178 937 fiduciae
1205 909 1312 936 osten—

244 950 367 982 dendae
383 952 564 982 simulatam
588 952 795 982 occasionem
809 948 988 992 quaesivit?
1003 951 1122 981 Nonne
1137 949 1312 980 suffecisset

243 995 366 1026 sincere
381 996 546 1026 veritatem
570 995 694 1032 dixisse,
712 1001 742 1026 et
758 995 882 1026 fontem
906 995 1055 1035 allegasse
1075 994 1162 1025 unde
1177 995 1311 1025 lacunae

244 1039 427 1080 implendae
449 1041 615 1071 materiam
637 1037 808 1070 hauserat?
832 1056 835 1058 ·

300 1092 353 1114 22.
370 1083 502 1121 Ibidem,
519 1089 575 1115 art.
605 1092 653 1115 12.
669 1089 744 1125 post
767 1084 831 1115 Sed
852 1089 967 1115 contra
984 1088 1030 1114 est
1047 1082 1134 1124 quod
1149 1082 1227 1114 dicit
1246 1083 1312 1113 Au-

243 1128 394 1171 gustinus
417 1129 504 1159 solus
528 1129 541 1159 1
561 1129 699 1171 spatium
721 1128 826 1164 habet,
843 1128 967 1159 duabus
990 1128 1081 1158 lineis
1096 1127 1310 1167 aequivalens.

245 1173 396 1214 Sequitur
423 1173 615 1213 Respondeo
645 1172 835 1209 dicendum;
865 1182 941 1212 ergo
972 1173 1067 1202 etiarn
1097 1172 1149 1202 hic
1172 1172 1311 1212 spatium

244 1226 312 1248 non
339 1217 379 1248 ad
402 1218 623 1248 auctoritatem
653 1217 765 1252 solam,
796 1216 852 1246 sed
882 1216 921 1246 ad
950 1221 1057 1246 totum
1086 1221 1311 1255 argumentum

243 1261 391 1301 pertinet.
426 1261 541 1292 Cetera
563 1261 644 1292 mihi
666 1266 744 1291 nota
767 1260 893 1290 traditio
924 1260 1001 1300 legi-t
1027 1265 1253 1300 argumentum
1276 1266 1312 1290 ut

243 1306 277 1336 in
301 1304 496 1336 editionibus
517 1310 659 1345 prostat:

297 1400 355 1429 Sed
376 1406 478 1428 contra
503 1405 545 1428 est
572 1401 652 1436 quod
674 1399 853 1437 Augustinus
881 1399 949 1428 dicit
969 1400 1006 1428 lV
1028 1398 1253 1427 Confessionum
1275 1400 1311 1427 de

243 1440 339 1469 amico
353 1438 417 1475 suc,
433 1440 482 1477 qui
497 1449 562 1468 curn
578 1440 778 1476 desperaretur
799 1439 960 1476 baptizatus
979 1446 1022 1467 est
1032 1439 1181 1476 (nesciens
1202 1439 1312 1467 addunt

243 1479 381 1516 PGHbc),
397 1487 425 1508 et
438 1486 536 1508 tamen
557 1479 587 1508 in
608 1479 672 1516 ipso
692 1479 852 1516 baptismus
874 1477 1031 1508 efficaciam
1054 1478 1163 1506 habuit.
1185 1479 1269 1507 Unde
1285 1485 1312 1507 et

243 1519 407 1548 carentibus
426 1529 482 1548 usu
503 1519 623 1548 rationis
644 1519 802 1557 aliquando
824 1519 985 1556 baptismus
1007 1519 1068 1547 dari
1090 1519 1184 1547 debet.

299 1604 369 1634 Utri
393 1603 589 1634 credendum
613 1603 668 1633 sit:
694 1603 796 1643 spatio
827 1603 924 1633 unius
948 1602 1078 1638 codicis,
1103 1612 1143 1632 an
1167 1603 1312 1632 unanimi

243 1648 438 1678 attestationi
468 1648 610 1688 reliquae
638 1646 826 1683 traditionis,
850 1654 916 1677 non
942 1649 1081 1687 quaero:
1106 1655 1181 1676 nam
1214 1656 1312 1686 quam

243 1693 286 1722 ob
303 1698 431 1723 causam
446 1693 480 1722 in
504 1692 516 1722 Ι
533 1692 675 1732 spatium·
687 1691 795 1722 album
823 1691 912 1727 adsit,
930 1691 1087 1731 assignare
1111 1697 1206 1731 posse
1232 1691 1311 1720 mihi

243 1735 364 1766 videor.
382 1736 417 1766 In
433 1735 497 1766 fine
521 1736 641 1766 scilicet
664 1735 786 1766 articuli
809 1736 840 1767 S.
858 1736 1002 1765 Thomas
1019 1734 1158 1765 eundem
1175 1735 1310 1764 omnino

243 1780 355 1811 locum
379 1780 410 1810 S.
427 1781 599 1820 Augustini
623 1780 717 1810 citat:

283 1868 342 1896 ·Ad
362 1867 478 1896 ternum
500 1867 686 1896 dicendum...
709 1867 783 1895 siout
803 1867 983 1904 Augustinus
1010 1872 1107 1894 narrat
1128 1866 1157 1894 in
1178 1867 1215 1893 lV
1236 1865 1311 1894 libro

243 1913 466 1942 confessionum
482 1914 518 1942 de
533 1913 627 1942 amico
648 1919 712 1950 suo,
728 1913 778 1950 qui
797 1913 957 1950 baptizatus
979 1919 1021 1941 est
1042 1912 1172 1941 nesciens
1193 1914 1312 1949 propter

242 1960 403 1996 periculum
422 1959 535 1988 mortis.

242 2051 316 2082 Hoc
340 2050 509 2081 adverterit
537 2060 686 2082 recensor
716 2051 769 2081 cui
799 2055 903 2081 textus
927 2050 939 2080 Ι
964 2049 1113 2086 debetur;
1141 2050 1210 2085 ille,
1234 2059 1310 2090 prae

243 2095 310 2126 aliis
340 2095 572 2126 correctoribus
596 2096 652 2136 qui
685 2096 789 2126 textus
814 2093 965 2125 codicum
988 2095 1096 2125 tertiae
1125 2094 1230 2124 classis
1255 2102 1310 2124 cu-

241 2140 362 2176 rabant,
386 2140 534 2170 locorum
566 2140 736 2170 citatorum
759 2149 869 2170 curam
893 2139 966 2179 egit,
990 2144 1026 2169 ut
1049 2139 1167 2169 centies
1191 2138 1311 2178 experti

242 2193 363 2214 sumus.
399 2183 475 2214 Ideo
502 2193 668 2214 recursum
692 2184 870 2224 argumenti
893 2183 961 2214 Sed'
979 2188 1094 2213 contra
1117 2183 1150 2213 in
1175 2191 1310 2222 corpore

243 2228 366 2258 articuli
380 2228 524 2268 percepit
546 2227 614 2268 (qu.
639 2237 753 2258 Lxxvm
776 2233 831 2258 art.
857 2227 875 2257 6
900 2233 1124 2268 argumentum
1148 2226 1212 2257 Sed
1234 2236 1310 2257 con-

243 2277 295 2302 tra
329 2273 362 2302 in
397 2281 532 2312 corpore
566 2272 667 2312 repeti
700 2275 769 2302 non
802 2273 965 2312 percepit;
1000 2280 1068 2302 non
1103 2276 1149 2302 est
1172 2271 1309 2311 citatio).

242 2317 318 2347 Non
341 2325 457 2356 magna
484 2315 580 2346 credo
615 2321 833 2346 correctorum
860 2316 1054 2356 expedenda
1077 2325 1160 2355 opus
1184 2321 1249 2351 est,
1274 2321 1311 2345 ut

243 2361 314 2401 quis
340 2361 400 2391 sibi
426 2360 632 2400 persuadeat,
659 2362 872 2391 correctorem
898 2361 950 2390 hic
979 2369 1047 2390 non
1075 2359 1190 2390 vidisse
1221 2357 1311 2390 diffe-

242 2405 376 2436 rentiam
410 2405 596 2435 intentionis
619 2405 650 2435 S.
675 2405 843 2435 Thomae:
877 2405 911 2435 in
935 2406 1124 2444 argumento
1147 2402 1212 2434 Sed
1233 2413 1310 2434 con-

243 2454 296 2480 tra
319 2450 440 2480 amicus
463 2449 494 2479 S.-
511 2449 683 2489 Augustini
707 2448 884 2484 efficaciter,
914 2449 1059 2489 quamvis
1083 2449 1238 2484 nesciens,
1255 2449 1310 2478 ba-

242 2494 381 2533 ptizatus
411 2502 479 2524 esse
507 2493 638 2530 dicitur;
669 2493 720 2523 Ad
750 2493 882 2523 tertium
902 2503 978 2523 vero
1012 2493 1187 2532 assignatur
1215 2501 1311 2523 causa

242 2537 391 2577 baptismi
413 2537 553 2568 hominis
576 2538 626 2568 sui
649 2538 797 2578 impotis:
822 2543 954 2578 propter
976 2536 1156 2577 periculum
1185 2537 1308 2567 mortis.

243 2582 488 2621 Praecipitanter
509 2581 696 2612 iudicaverit
712 2588 881 2618 corrector,
902 2586 1127 2622 argumentum
1150 2580 1214 2612 Sed
1233 2589 1309 2612 cort-

244 2631 298 2656 tra
327 2625 461 2656 dubium
491 2635 569 2662 esse,
591 2632 623 2656 et
653 2639 668 2653 «
693 2627 861 2656 meliorem
888 2640 901 2652 »
933 2627 1106 2656 lectionem
1132 2625 1308 2656 admittere.

243 2670 360 2700 Nonne
393 2670 492 2700 nimia
514 2669 704 2710 >corrigendi
737 2670 979 2711 promptitudo,
1016 2680 1079 2710 qua
1114 2675 1309 2700 correctores

243 2715 462 2750 innotescunt,
489 2715 584 2744 nimis
614 2720 802 2757 promptum
832 2714 988 2746 iudicium
1020 2715 1102 2745 circa
1132 2713 1310 2745 lectionum

244 2758 484 2798 corruptionem
507 2756 682 2798 supponit?
705 2759 868 2789 Recensor
889 2765 993 2789 textus
1014 2759 1026 2788 I
1047 2758 1149 2799 spatio
1174 2758 1309 2789 dubium

243 2811 339 2833 suurn
362 2801 538 2842 significat;
565 2810 634 2832 non
658 2803 720 2833 alio
745 2803 864 2834 scilicet
886 2803 987 2834 modo
1015 2813 1113 2843 quam
1140 2804 1309 2843 scriptores

244 2846 404 2882 codicum,
429 2851 465 2876 ut
487 2845 671 2886 frequenter
691 2846 830 2877 vidimus
854 2852 885 2877 et
907 2848 1100 2883 notavimus,
1117 2847 1217 2887 spatia
1239 2847 1310 2877 alba

243 2896 371 2931 ponunt
394 2890 450 2920 ubi
474 2890 552 2930 quid
575 2890 712 2921 scribant
736 2891 899 2928 nesciunt;
925 2891 965 2922 cf.
981 2891 1055 2922 Vol.
1071 2890 1154 2922 VIH.
1171 2890 1272 2921 Praef.
1289 2901 1308 2921 x

244 2944 327 2975 quae
351 2934 488 2964 diximus
512 2933 551 2964 de
575 2933 686 2964 codice
709 2934 745 2965 F.

298 2979 341 3009 At
365 2988 495 3019 quaero,
513 2988 577 3019 qua
600 2977 638 3008 de
663 2987 758 3009 causa
772 2979 835 3009 hoc
859 2979 928 3010 solo
952 2979 1026 3010 loco
1047 2989 1104 3020 per
1126 2985 1308 3010 notatorem

243 3023 283 3054 ad
307 3022 585 3053 Commentarium
616 3023 649 3052 in
672 3022 786 3053 Libros
817 3023 1050 3061 Sententiarum
1075 3023 1147 3064 (IV,
1172 3023 1241 3054 dist.
1266 3034 1307 3060 ιν,

243 3077 298 3107 qu.
315 3077 359 3104 111,
383 3072 439 3098 art.
461 3075 487 3103 1,
505 3077 550 3107 qu
561 3070 583 3097 ².
603 3067 635 3107 3)
659 3066 824 3097 refer-imur
836 3064 851 3096 ἶ
870 3066 921 3097 An
945 3073 982 3097 ut
1004 3067 1123 3098 codicis
1147 3068 1195 3098 sui
1218 3077 1308 3108 prae-

244 3111 350 3142 dilecti
373 3111 475 3152 spatio
499 3111 771 3142 authenticitatem
795 3109 943 3147 vindicet,
966 3111 1159 3142 insinuando
1189 3111 1309 3142 scilicet

243 3155 416 3186 lectionem
447 3156 583 3186 aliorum
613 3156 768 3186 librorum
803 3154 1054 3194 completionem
1084 3161 1209 3186 tantum
1240 3165 1308 3186 esse

243 3209 303 3240 pro
335 3200 437 3240 spatio
469 3200 558 3240 quod
585 3213 598 3226 «
615 3199 708 3230 frater
738 3200 864 3229 thomas
895 3198 1024 3228 dimittit
1045 3199 1079 3229 in
1103 3200 1248 3239 originali
1267 3198 1309 3230 »‘?

243 3243 361 3274 Nescio
385 3253 425 3274 an
449 3243 708 3275 Commentarius
738 3244 801 3273 hoc
831 3243 906 3273 loco
931 3248 962 3272 et
983 3243 1095 3272 vicinis
1125 3241 1307 3273 facultatem

243 3290 384 3328 praestet
402 3285 636 3328 eligendi‘inter
649 3288 742 3329 plura
758 3288 943 3327 argumenta
958 3286 998 3316 ad
1013 3287 1081 3316 rern'
1097 3286 1308 3318 confacientia

244 3337 276 3362 et
299 3341 317 3362 a
340 3331 418 3362 dicit
431 3332 635 3374 Augustinus
655 3333 854 3372 incoeptura.
880 3330 955 3361 Ideo
980 3339 1099 3370 quaero
1125 3339 1164 3360 an
1180 3335 1308 3361 notator

245 3375 400 3406 diversam
423 3376 469 3406 ab*
485 3376 552 3407 aliis
579 3377 664 3407 libris
695 3377 915 3407 auctoritatem
946 3374 1019 3405 ideo
1050 3383 1118 3404 non
1145 3373 1206 3410 dat,
1232 3375 1307 3415 quia

242 3419 306 3450 alia
326 3423 452 3460 praesto
475 3427 543 3451 non
567 3419 654 3451 erat?

298 3463 417 3494 Lector
438 3465 507 3504 ips'e
531 3467 573 3495 ex'
593 3466 765 3505 complexu
789 3473 902 3495 eorum
926 3472 1008 3503 quae
1031 3464 1159 3494 notator
1182 3462 1257 3493 dicit
1275 3466 1307 3493 e‘t

244 3510 335 3547 quae*
349 3508 442 3544 tacet,
458 3512 569 3539 utrum
590 3509 653 3540 hoc
670 3509 744 3540 loco
761 3508 924 3539 veritatem
948 3507 1028 3537 celet
1044 3508 1084 3537 an
1099 3508 1240 3538 sincerus
1257 3508 1304 3550 sit,

244 3550 372 3588 iudicet,
390 3557 430 3589 et,
448 3552 537 3593 quod
552 3554 651 3593 magis
676 3553 715 3584 ad
737 3558 805 3584 rem
828 3553 973 3593 pertinet,
991 3561 1031 3581 an
1055 3551 1135 3582 ratio‘
1152 3551 1253 3592 ,spatis
1272 3552 1305 3582 i'n

245 3595 258 3625 Ι
280 3596 374 3626 nimis
397 3597 511 3637 procul
533 3597 631 3637 petita
654 3598 701 3628 sit.

2368 259 2437 284 XVII

1424 330 1475 361 23.
1500 339 1594 360 Lxxnr
1618 334 1673 360 art.
1693 330 1708 359 5
1728 339 1815 369 corp.
1834 339 1851 358 a
1874 329 1958 360 med.
1975 336 2050 369 post
2067 330 2151 361 unde
2166 331 2232 361 Leo
2247 339 2337 371 papa
2361 330 2439 360 dicit

1366 375 1505 414 spatium
1529 374 1672 414 sequitur
1688 374 1720 403 in
1736 373 1845 403 multis
1867 374 1952 403 libris
1969 375 2107 414 antiquis
2125 380 2155 405 et
2171 375 2255 411 aliis;
2280 376 2361 405 inter
2376 374 2436 404 hos

1367 425 1440 448 sunt
1457 418 1522 454 BC,
1541 418 1606 448 duo
1623 418 1812 453 Trecences,
1833 422 1954 447 veteres
1973 419 2142 448 Escurialis
2160 425 2190 449 et
2207 419 2435 454 Cordubensis,

1366 462 1554 501 Basileensis
1570 462 1609 492 A.
1626 473 1646 492 1.
1665 472 1686 502 q
1698 466 1720 492 Β.
1745 462 1854 492 Plures
1878 467 1995 498 tamen,
2013 463 2094 492 inter
2110 473 2192 502 quos
2210 463 2231 499 I,
2249 473 2308 493 nec
2325 470 2436 493 aucto-

1365 508 1490 537 ritatem
1520 507 1638 537 habent
1667 515 1727 536 nec
1756 507 1904 546 spatium.
1930 505 1959 536 G
1984 511 2015 536 et
2038 507 2178 537 secunda
2206 517 2304 537 manu
2329 507 2351 543 Ι,
2376 517 2435 547 pro

1367 550 1452 581 unde
1474 551 1615 591 legentes
1640 554 1683 586 ut,
1708 560 1783 580 cum
1806 550 2027 581 necessitatem
2052 552 2246 581 auctoritatis
2270 557 2435 582 secuturae

1366 600 1443 625 tum·
1457 595 1733 635 opportunitatem
1753 595 1845 634 spatii
1861 594 2019 631 auferunt,
2036 594 2092 625 sed
2108 596 2330 626 auctoritatem
2345 606 2436 636 prae-

1366 639 1495 670 cessisse
1519 643 1719 679 supponunt,
1736 639 1799 668 hoc
1822 638 1944 668 modo:
1973 652 1986 665 «
2007 639 2048 669 Et
2063 639 2136 670 ideo
2161 641 2356 670 conveniens
2376 640 2436 670 fuit

1367 688 1402 713 ut
1417 683 1601 713 imminente
1617 683 1773 723 passione
1789 683 1947 712 celebrato
1967 683 2078 723 priori
2096 689 2299 714 sacramento
2317 695 2435 715 novum

1364 732 1603 758 sacramentum
1627 727 1815 762 institueret,
1834 732 1869 757 ut
1892 727 1960 756 Leo
1984 737 2068 767 papa
2091 727 2166 758 dicit
2186 742 2212 758 ».
2238 729 2286 759 Fa
2303 734 2333 758 et
2348 729 2436 759 tarda

1365 782 1482 802 manus
1504 771 1644 802 secunda
1667 772 1700 801 in
1725 771 1827 811 spatio
1852 770 1972 801 codicis
1996 769 2032 807 B,
2057 771 2186 812 legunt:
2215 786 2228 799 «
2249 772 2342 808 Unde
2367 774 2434 803 Leo

1365 826 1451 856 papa
1479 815 1555 846 dicit
1586 815 1618 846 in
1649 825 1798 846 sermone
1829 813 1868 845 de
1901 815 2011 845 Coena
2045 815 2204 846 Domini:
2239 822 2275 847 ut
2304 817 2436 848 umbrae

1366 856 1515 890 cederent
1532 859 1681 900 corpori.
1695 859 1829 900 antiqua
1846 859 2050 890 observantia
2070 873 2083 886 »
2111 866 2170 891 etc.
2195 861 2329 900 Propter
2344 861 2435 892 locu-

1365 905 1489 934 tionem
1523 903 1636 934 indicis
1675 904 1744 933 «in
1775 913 1923 934 sermone
1954 902 1993 934 de
2026 904 2137 935 Coena
2171 905 2341 935 Domini»
2375 916 2434 946 pro

1365 949 1481 979 usitato
1513 948 1552 979 de
1580 948 1751 983 Passione,
1785 953 1866 988 puto
1899 949 2121 979 auctoritatem
2150 958 2187 979 ex
2217 949 2332 980 Officio
2368 951 2435 980 eius

1366 993 1429 1023 diei
1452 993 1515 1023 huc
1540 997 1733 1032 asportatam
1757 1002 1835 1022 esse.
1860 992 1920 1030 QR
1943 992 2074 1032 legunt:
2109 1006 2122 1019 ‹<
2142 993 2236 1024 Unde
2260 989 2328 1024 Leo
2353 1004 2436 1035 papa

1366 1037 1443 1067 dicit
1473 1036 1559 1077 quod
1592 1037 1646 1066 ubi
1669 1036 1800 1066 umbrae
1820 1050 1833 1063 »
1862 1042 1921 1066 etc.
1955 1037 2091 1067 Notator
2116 1047 2202 1077 ergo,
2228 1047 2266 1068 ex
2288 1038 2434 1069 lectionis

1366 1080 1544 1121 fragmento
1571 1080 1661 1120 quod
1677 1080 1690 1110 Ι
1705 1086 1738 1110 et
1751 1080 1846 1110 multi
1870 1081 1923 1110 alii
1945 1081 2073 1115 habent,
2091 1087 2123 1111 et
2141 1091 2179 1111 ex
2195 1083 2303 1122 spatiis
2327 1083 2434 1114 vacuis

1365 1125 1502 1155 aliorum
1537 1125 1685 1154 conscius
1724 1124 1824 1154 factus
1867 1124 2020 1160 lacunae,
2053 1126 2169 1156 habere
2208 1127 2315 1166 potuit
2349 1127 2434 1157 unde

1366 1169 1588 1199 auctoritatem
1611 1174 1785 1198 assumeret
1808 1173 1839 1198 et
1858 1177 2040 1198 sermonem
2065 1169 2096 1199 S.
2114 1170 2242 1205 Leonis,
2261 1175 2292 1200 et
2314 1171 2435 1201 brevia-

1365 1214 1448 1243 rium
1471 1222 1568 1242 suurn
1584 1215 1615 1242 et
1637 1212 1777 1252 aliquem
1802 1211 1967 1248 codicem;
1994 1213 2083 1252 quod
2107 1218 2214 1243 autem
2230 1223 2290 1244 nec
2314 1224 2435 1245 sermo-

1364 1262 1440 1287 nem
1464 1266 1524 1287 nec
1547 1257 1738 1286 breviarium
1762 1255 1940 1286 adhibuerit
1956 1256 2019 1286 >sed
2035 1257 2191 1293 codicem,
2212 1258 2376 1298 probabile
2401 1258 2436 1289 fit

1366 1311 1403 1332 ex
1420 1310 1459 1331 eo
1477 1300 1567 1341 quod
1590 1300 1659 1339 QR,
1677 1301 1758 1330 sicut
1775 1299 1901 1330 codices
1918 1301 1973 1340 qui
1990 1301 2100 1331 locum
2119 1301 2151 1331 S.
2173 1302 2291 1332 Leonis
2307 1303 2434 1339 habent,

1366 1355 1404 1376 ex
1427 1350 1515 1375 textu
1539 1344 1685 1384 originali
1709 1349 1740 1374 et
1763 1345 1906 1374 breviarii
1924 1345 2112 1384 particulam
2137 1355 2228 1387 ergo,
2245 1352 2276 1376 et
2298 1347 2435 1377 incisum

1366 1395 1396 1420 et
1419 1394 1583 1420 cessarent
1605 1389 1763 1430 imagines
1786 1388 1843 1419 sub
1860 1389 2050 1429 praesentia
2073 1390 2218 1420 veritatis
2242 1391 2405 1421 omittunt.

1422 1443 1475 1472 24.
1499 1443 1603 1463 Lxxxn
1618 1439 1674 1463 art.
1700 1433 1730 1463 8.
1751 1442 1814 1472 arg.
1837 1440 1862 1462 1.
1889 1434 2032 1463 citationi
2055 1435 2186 1464 canonis
2211 1435 2222 1464 1
2247 1440 2308 1465 tres
2331 1442 2435 1475 partes

1365 1479 1467 1508 lineae
1484 1478 1638 1517 scriptura
1653 1487 1768 1507 vacuas
1793 1477 1920 1516 reliquit
1933 1487 1940 1513 ;
1966 1477 2106 1508 secunda
2129 1488 2244 1509 manus
2260 1489 2331 1509 eam
2348 1479 2435 1510 addi-

1366 1522 1427 1558 dit,
1452 1521 1508 1552 sed
1531 1531 1627 1561 super
1649 1522 1846 1561 marginem3
1877 1522 1911 1551 in
1933 1526 2056 1551 textum
2080 1523 2163 1562 typis
2193 1522 2314 1553 editum
2337 1533 2395 1563 per
2418 1534 2435 1554 c

1365 1567 1501 1596 intravit.
1527 1565 1641 1596 Cetera
1656 1565 1782 1595 traditio
1806 1571 1874 1595 tota
1889 1571 2008 1605 quanta
2029 1564 2167 1607 (praeter
2190 1567 2259 1604 QR,
2277 1573 2312 1597 ut
2335 1568 2435 1598 lector

1366 1620 1423 1650 per
1446 1620 1479 1640 se
1503 1609 1704 1648 intellexerit)
1730 1610 1805 1649 legit
1829 1614 1864 1639 ut
1886 1610 1964 1640 dicit
1987 1619 2110 1645 canon,
2134 1611 2213 1641 nihil
2237 1611 2356 1642 addito.

1421 1653 1670 1688 Animadverto‚
1701 1663 1738 1683 ex
1772 1653 1934 1683 solutione
1970 1655 2056 1683 cerni
2091 1664 2185 1694 posse
2221 1665 2318 1694 quarn
2353 1657 2434 1686 bene

1365 1699 1397 1729 S.
1415 1698 1559 1728 Thomas
1575 1706 1735 1727 canonem
1757 1698 1899 1727 noverit:
1927 1711 1940 1723 «
1957 1697 2126 1728 dicendum
2148 1699 2234 1738 quod
2254 1709 2359 1729 canon
2381 1701 2435 1730 ille

1366 1752 1432 1772 non
1462 1742 1607 1782 quuitur
1635 1741 1790 1771 assertive
1811 1741 1867 1771 sed
1891 1741 2093 1781 inquisitive;
2120 1742 2205 1772 sicut
2230 1753 2272 1772 ex
2299 1744 2434 1774 circum-

1364 1786 1485 1817 stantia
1509 1785 1636 1815 litterae
1659 1785 1770 1815 haberi
1790 1790 1940 1825 potest».
1977 1786 2024 1815 Ex
2048 1796 2115 1825 quo
2146 1786 2365 1826 colligendum
2389 1794 2436 1818 cst

1365 1831 1397 1861 S.
1411 1830 1574 1860 Thomam
1590 1829 1623 1859 in
1640 1829 1821 1859 obiectione
1845 1830 2031 1859 citationem
2052 1839 2215 1870 apponere
2239 1832 2392 1870 potuisse,
2410 1833 2435 1862 si

1365 1874 1485 1905 scilicet
1507 1874 1670 1904 voluisset.
1693 1872 1758 1913 (Cf.
1782 1873 1822 1903 11⁸
1846 1873 1910 1910 11²⁶,
1928 1882 1982 1914 qu.
1999 1884 2028 1909 x,
2047 1880 2102 1904 art.
2124 1882 2173 1910 12,
2191 1884 2254 1915 arg.
2284 1875 2324 1914 1).
2350 1876 2435 1907 Eum

1364 1919 1533 1950 haesitasse
1558 1923 1589 1948 et
1612 1918 1750 1958 spatium
1773 1917 1948 1957 reliquisse,
1969 1917 2116 1958 profecto
2140 1927 2208 1949 non
2232 1919 2380 1950 credibile
2400 1919 2436 1951 fit

1365 1973 1403 1994 ex
1427 1962 1557 1993 solitarii
1581 1962 1740 2002 scriptoris
1764 1961 1972 1992 dubitatione.
2378 1963 2381 1965 “

1422 2008 1473 2037 25.
1499 2006 1592 2037 Circa
1616 2005 1682 2036 duo
1699 2007 1798 2046 spatia
1821 2014 1921 2036 vacua
1944 2007 1977 2036 in
2001 2006 2166 2037 codicibus
2185 2007 2308 2047 antiqui
2331 2014 2434 2039 textus

1365 2051 1565 2082 occurrentia
1587 2050 1775 2091 generaliter
1798 2050 2026 2086 animadverto,
2053 2061 2088 2081 ea
2113 2051 2261 2092 explicari
2284 2062 2379 2092 posse
2396 2063 2434 2083 ex

1365 2095 1575 2136 autographo.
1600 2094 1676 2124 Non
1695 2094 1784 2135 quod
1801 2094 1831 2125 S.
1845 2094 2007 2125 Thomam
2024 2095 2067 2125 ibi
2088 2096 2187 2135 spatia
2203 2096 2273 2126 alba
2297 2098 2433 2127 auctori—

1365 2140 1481 2170 tatibus
1504 2144 1616 2180 postea
1632 2137 1784 2169 addendis
1808 2138 1980 2169 destinasse
1995 2144 2152 2179 putarem,
2170 2141 2260 2180 quasi
2285 2141 2434 2172 scribenti

1364 2184 1415 2214 vel
1436 2183 1566 2214 dictanti
1582 2183 1650 2222 ipsa
1671 2182 1801 2213 Patrum
1823 2183 1919 2213 verba
1934 2184 1967 2214 in
1983 2184 2174 2214 memoriam
2189 2194 2256 2215 non
2278 2186 2431 2222 venirent,

1366 2233 1397 2259 et
1413 2228 1618 2268 scriptionem
1635 2226 1686 2257 vel
1702 2226 1861 2257 dictamen
1874 2235 1931 2268 per
1946 2237 2110 2268 recursum
2127 2228 2166 2258 ad
2181 2227 2311 2259 Patrum
2324 2239 2431 2270 opera,

1365 2272 1415 2303 vel
1432 2272 1471 2302 ad
1487 2271 1591 2302 fontes
1609 2281 1646 2301 ex
1663 2271 1779 2310 quibus
1795 2272 1998 2302 auctoritates
2014 2281 2139 2302 sumere
2156 2273 2246 2309 solet,
2264 2274 2432 2304 interrum-

1365 2326 1440 2357 pere
1457 2316 1567 2346 nollet.
1601 2315 1647 2355 (Si
1663 2321 1771 2345 tamen
1786 2315 1850 2345 hoc
1867 2316 1895 2345 ei
1920 2315 2044 2352 accidit,
2060 2326 2129 2346 non
2145 2316 2239 2347 credo
2256 2323 2341 2348 recte
2357 2328 2432 2358 sup-

1364 2361 1465 2402 pletas
1489 2370 1556 2391 esse
1579 2360 1781 2390 auctoritates
1809 2359 1874 2396 Qui
1892 2360 2015 2390 creavit
2034 2364 2064 2390 te
2078 2361 2148 2391 sine
2171 2366 2200 2391 te
2224 2366 2283 2391 etc.
2308 2361 2339 2392 S.
2363 2363 2431 2392 Au-

1364 2405 1499 2446 gustini,
1524 2409 1555 2435 et
1586 2409 1622 2434 ut
1652 2404 1783 2434 umbrae
1811 2403 1961 2434 cederent
1990 2404 2122 2444 corpom‘
2153 2410 2211 2437 etc.
2236 2405 2267 2435 S.
2293 2405 2430 2442 Leonis,

1364 2450 1458 2480 nimis
1483 2450 1512 2479 ei
1531 2454 1623 2479 notas
1647 2458 1745 2488 quam
1761 2453 1796 2478 ut
1811 2448 1985 2478 memoriae
2002 2447 2213 2488 excidissent).
2240 2448 2302 2479 Sed
2322 2449 2430 2490 aliquo

1364 2494 1544 2534 scriptionis
1559 2493 1609 2523 vel
1627 2493 1804 2523 dictaminis
1829 2502 1904 2522 casu
1927 2492 2047 2522 factum
2066 2491 2161 2522 fuerit
2177 2499 2212 2523 ut
2235 2493 2268 2523 in
2285 2499 2430 2534 autogra-

1363 2538 1430 2578 pho
1463 2538 1665 2568 auctoritates
1696 2547 1763 2567 non
1787 2537 2015 2572 scriberentur;
2044 2546 2119 2567 casu
2153 2535 2235 2572 dico,
2259 2538 2334 2577 quia
2357 2538 2430 2568 talia

1365 2591 1493 2612 causam
1517 2591 1584 2612 non
1600 2582 1726 2611 habent.
1751 2581 1826 2610 Plus
1850 2590 1947 2621 quam
1964 2581 2113 2611 credibile
2138 2587 2184 2611 est
2207 2587 2272 2611 tam
2288 2581 2383 2622 longa
2399 2588 2430 2612 et

1363 2633 1429 2657 tam
1453 2635 1547 2666 saepe
1571 2626 1746 2665 interrupta
1770 2626 1942 2665 scriptione
1966 2624 2097 2655 durante
2125 2625 2286 2655 interdum
2309 2626 2430 2665 aliquid

1363 2676 1487 2711 praeter
1510 2670 1654 2710 regulam
1677 2669 1822 2710 scriptori
1846 2669 1998 2705 evenisse,
2024 2669 2127 2709 quod,
2153 2670 2177 2699 si
2201 2675 2330 2700 auctore
2354 2670 2427 2700 vivo

1363 2716 1503 2745 revisum
1518 2713 1638 2750 fuisset,
1656 2713 1868 2754 disparuisset.
1888 2713 1929 2743 Et
1944 2714 2007 2743 hoc
2023 2713 2138 2743 sufficit
2153 2719 2188 2743 ut
2204 2713 2428 2744 auctoritatum

1364 2759 1539 2790 absentiam
1557 2759 1595 2789 ab
1615 2758 1814 2798 autographo
1831 2767 1972 2797 congrue
1992 2757 2146 2796 explicare
2163 2758 2333 2796 possimus.
2350 2757 2428 2798 Spa-

1363 2804 1407 2833 tia
1430 2803 1576 2843 scriptori
1599 2802 1694 2843 primi
1714 2802 1889 2842 apographi
1914 2801 2018 2831 debita
2040 2802 2112 2836 sint,
2134 2801 2190 2840 qui
2213 2801 2361 2832 lacunam
2382 2802 2428 2832 di-

1365 2848 1479 2878 ctionis
1503 2847 1671 2877 adverterit
1687 2851 1718 2876 et
1733 2855 1804 2876 eam
1820 2854 1876 2885 per
1893 2846 1992 2884 spatia
2007 2845 2206 2875 innotescere
2222 2845 2369 2876 voluerit.
2395 2846 2428 2876 Si

1364 2897 1476 2922 auctor
1498 2892 1635 2926 vixisset,
1659 2895 1876 2929 transumptor
1900 2898 1974 2918 eum
1998 2888 2133 2918 adiisset.

1419 2935 1568 2966 Secundo
1599 2934 1830 2968 animadvertO,
1856 2942 1909 2972 qu.
1934 2941 2026 2962 xrxn.
2053 2942 2082 2962 2.
2109 2931 2127 2971 β
2151 2934 2426 2972 post‚secundu1n

1364 2979 1447 3010 illud
1469 2979 1491 3009 Ι
1509 2979 1590 3020 Reg.
1614 2989 1658 3008 xv
1682 2977 1810 3007 nonnisi
1833 2977 1866 3006 in
1889 2975 2065 3006 tardissima
2095 2977 2264 3013 traditione
2293 2979 2427 3009 inveniri

1363 3028 1485 3054 textum
1510 3024 1640 3053 citatum
1665 3022 1772 3060 (unice
1795 3020 2000 3060 possibilem)
2028 3021 2150 3051 Melior
2172 3026 2219 3052 est
2248 3021 2426 3052 obedientia

1363 3077 1459 3109 quam
1483 3067 1638 3101 victimae,
1664 3071 1695 3095 et
1718 3064 1844 3094 nullum
1861 3064 2016 3100 codicem,
2034 3074 2074 3095 ne
2098 3065 2172 3102 IQR
2196 3065 2337 3105 quidem,
2355 3076 2426 3106 spa-

1363 3113 1444 3142 tium
1479 3111 1650 3141 admisisse.
1682 3109 1779 3139 Hunc
1809 3107 1969 3139 defectum
1996 3117 2056 3139 nec
2086 3109 2220 3149 scriptor
2250 3111 2425 3150 apographi

1362 3158 1422 3187 nec
1438 3164 1587 3185 recensor
1607 3153 1739 3183 textusl
1756 3152 1897 3183 advertit.
1922 3153 2085 3183 Notatoris
2102 3154 2266 3184 scientiam
2281 3163 2338 3194 per
2355 3163 2426 3194 spa·

1362 3201 1405 3230 tia
1421 3205 1475 3230 aut
1498 3200 1530 3228 in
1555 3198 1567 3227 Ι
1591 3203 1646 3228 aut
1664 3197 1698 3228 in
1722 3196 1788 3227 aliis
1813 3197 1898 3227 libris
1921 3197 2050 3228 inventa
2073 3197 2283 3233 determinari,
2301 3198 2353 3229 hic
2376 3199 2426 3228 lo-

1363 3253 1418 3274 cus
1443 3243 1550 3284 denuo
1574 3242 1699 3282 probat.

1418 3287 1470 3317 26.
1494 3287 1671 3326 Veniamus
1692 3284 1731 3316 ad
1755 3284 1817 3316 tres
1840 3285 1994 3316 lectiones
2018 3285 2140 3326 antiqui
2156 3291 2258 3316 textus
2276 3292 2306 3316 et
2326 3287 2424 3322 totius

1362 3330 1460 3361 ferme
1483 3330 1659 3360 traditionis
1678 3331 1930 3369 manuscriptae,
1947 3338 2029 3369 quae
2051 3330 2208 3360 notatoris‘
2227 3329 2329 3370 ignoti
2360 3330 2424 3362 fide

1361 3385 1428 3405 non
1451 3380 1525 3405 sunt
1548 3374 1649 3404 fratris
1668 3374 1824 3410 Thomae,
1842 3373 1897 3404 sed
1920 3374 2108 3404 authenticis
2127 3374 2327 3410 lectionibus,
2346 3384 2423 3415 qua-

1360 3428 1431 3450 rum
1454 3419 1544 3449 testis
1565 3419 1577 3448 I
1602 3418 1691 3449 solus
1713 3418 1840 3448 relictus
1864 3420 1919 3454 est,
1942 3423 1973 3448 et
2000 3415 2272 3448 authenticitatem
2296 3419 2424 3449 notator

1361 3462 1477 3499 asserit,
1494 3459 1680 3493 substitutae
1704 3466 1787 3493 sunt.

1416 3507 1480 3546 Qu.
1505 3510 1566 3537 Lvn
1590 3510 1645 3537 a'rt.
1670 3515 1691 3546 4
1714 3507 1951 3546 Argumentum
1974 3505 2152 3536 secundum
2173 3507 2296 3547 antiqui
2319 3510 2422 3537 textus

1360 3553 1430 3582 ia‘m'
1454 3552 1623 3592 legebatur
1639 3551 1676 3581 iri
1701 3551 1943 3581 Commentario
1971 3551 2004 3580 in
2028 3550 2214 3590 Magistrum
2238 3550 2293 3590 (ΙΙΙ
2317 3549 2421 3587 SentL,

1361 3595 1430 3626 dist.
1447 3605 1519 3632 xxn,
1537 3605 1591 3636 qu.
1609 3596 1651 3631 m,
1674 3600 1728 3625 art.
1748 3595 1776 3631 3,
1801 3594 1857 3634 qu¹
1885 3603 1911 3630 1,
1933 3604 1995 3634 arg.
2015 3594 2074 3634 2.)‚
2098 3603 2165 3624 non
2189 3603 2279 3625 secus
2304 3595 2423 3626 scilicet
