2872 3970
902 282 1163 329 QUAESTIO
1193 284 1296 330 XLI,
1325 284 1616 337 ARTICULUS
1643 285 1658 321 1
2284 288 2361 335 403

520 498 558 603 ’Υ
603 511 1010 589 QUAEsTm
1056 480 1961 590 QUADRAGEsmAPRIMA

889 629 973 669 DE
1005 627 1398 670 TENTATIONE
1431 630 1668 671 CHRISTI

978 736 1013 768 ΙΝ
1041 743 1212 774 QUATUOR
1238 745 1437 770 ARTICULOS
1463 745 1575 770 DIVISA
1637 773 1640 781 k

1544 795 1563 803 ς

267 826 275 863 ἶ
319 837 333 843 ””
361 839 384 872 ε
419 833 742 879 considerandum
766 841 821 871 est
843 834 891 870 de
913 834 1119 872 tentatione
1144 835 1252 872 Chri·
1360 836 1559 873 Secundo:
1589 836 1636 872 de
1665 838 1750 873 loco
1778 838 2003 875 tentationis.

158 951 164 966 v·
179 934 193 976 ἦ»
213 983 218 990 Ι.
232 932 246 944 ”
264 938 369 976 eirea
395 939 471 976 hoc
498 945 736 987 quaeruntur
761 946 937 987 quatuor.
1358 940 1508 977 Tertio:
1537 941 1586 976 de
1614 948 1799 990 tempore.

293 1015 296 1017 -
388 995 403 1027 ἐ
449 997 581 1027 utrum
624 990 736 1028 fuerit
775 989 1009 1027 conveniens
1055 990 1251 1028 Christum

1358 1044 1506 1090 Quarto
1516 1058 1531 1101 :¹
1554 1045 1602 1080 de
1629 1045 1749 1082 modo
1778 1053 1814 1082 et
1841 1047 1974 1083 ordine
2001 1048 2254 1086 tentationum
2274 1054 2302 1085 α.

998 1151 1314 1194 ARTICULUS
1345 1152 1550 1194 PRIMUS

743 1242 901 1273 UTRUM
924 1242 1115 1274 CHRISTO
1139 1242 1333 1273 TENTARI
1358 1242 1636 1274 CONVENIENS
1659 1244 1818 1275 FUERIT

1137 1318 1168 1343 In
1187 1318 1296 1348 Mami„
1314 1326 1370 1351 cap.
1383 1326 1419 1344 w.

318 1430 374 1468 ¹4⁶·
400 1418 424 1444 ι)
451 1418 587 1444 paruum
613 1418 666 1444 stc
693 1418 928 1444 PROCEDrrtJR.
957 1406 1118 1444 Videtur
1140 1406 1249 1455 quod
1354 1407 1499 1453 Tertio,
1527 1415 1685 1457 propter
1712 1410 1951 1458 exemplum:
1981 1417 2023 1446 ut
2050 1409 2189 1447 scilicet
2216 1422 2287 1447 nos
2306 1410 2361 1447 in-

322 1440 386 1523 :5320
402 1459 553 1496 Christo
579 1459 715 1496 tentari
733 1471 814 1497 non
833 1458 1129 1496 conveniebat*.
1145 1459 1248 1495 Ten·
1301 1467 1461 1496 strueret
1501 1460 1661 1509 qualiter
1701 1460 1842 1498 diaboli
1881 1455 2107 1499 tentationes
2147 1462 2359 1500 vincamus.

335 1581 341 1600 r
362 1567 369 1582 l
400 1563 520 1611 Quod
547 1563 706 1612 quidem
729 1575 809 1600 non
829 1563 873 1601 fit
891 1563 963 1600 nisi
981 1563 1029 1600 de
1048 1575 1088 1600 re
1108 1563 1245 1611 ignota.
1301 1564 1474 1601 Christus
1502 1564 1656 1602 diabolo
1684 1577 1723 1602 se
1749 1566 1962 1603 tentandum
1978 1569 2162 1615 praebuit,
2183 1573 2221 1603 ut
2238 1567 2290 1604 ad
2303 1580 2361 1604 su-

273 1650 276 1654 ,
295 1615 417 1654 virtus
444 1615 584 1653 Christi
611 1623 691 1653 erat
716 1623 808 1653 nota
832 1615 947 1653 etiam
972 1615 1245 1652 daemonibus:
1292 1617 1484 1665 perandas
1501 1619 1716 1654 tentationes
1734 1620 1811 1654 eius
1828 1618 2010 1655 mediator
2028 1625 2127 1664 esset,
2148 1631 2222 1656 non
2241 1620 2360 1656 solum

288 1686 297 1701 ς
343 1668 449 1711 enim
466 1669 561 1705 Luc.
577 1667 656 1715 tv*‚
671 1668 779 1717 quod
798 1680 872 1705 non
891 1670 1032 1705 sinebat
1050 1668 1247 1705 daemonia
1294 1680 1366 1717 per
1391 1669 1627 1715 adiutorium,
1656 1682 1786 1706 verum
1815 1672 1924 1707 etiam
1946 1683 2019 1720 per
2045 1671 2267 1720 exemplum.

282 1721 292 1729 ’“
347 1722 434 1771 quia
470 1721 632 1758 sciebant
665 1732 750 1757 eum
791 1732 867 1757 esse
906 1722 1102 1757 Christum.
1145 1721 1246 1767 Ergo
1352 1721 1513 1768 Quarto,
1533 1729 1576 1757 ut
1603 1721 1714 1758 nobis
1742 1721 1926 1759 fiduciam
1945 1723 1992 1759 de
2012 1735 2082 1759 sua
2101 1723 2361 1760 misericordia

261 1823 281 1866 s.
298 1823 529 1871 PRAETEREA,
546 1823 719 1862 Christus
737 1825 787 1862 ad
805 1825 881 1866 hoc
894 1831 1050 1861 venerat
1068 1831 1111 1860 ut
1129 1835 1247 1872 opera
1298 1825 1514 1872 Pontificem
1550 1827 1613 1874 qui
1644 1838 1718 1862 non
1748 1828 1864 1875 possit
1895 1828 2057 1875 compati
2091 1829 2362 1874 infirmitatibus

262 1876 332 1914 nti
358 1876 596 1914 dissolveret:
633 1877 848 1914 secundum
875 1876 968 1914 illud
996 1877 1011 1913 1
1033 1877 1136 1913 Ioan.
1157 1875 1244 1912 111*:
1300 1879 1451 1913 nostris:
1476 1883 1652 1914 tentatum
1680 1884 1802 1914 autem
1824 1891 1897 1927 per
1924 1881 2072 1925 omnia,
2099 1892 2170 1928 pro
2197 1881 2361 1916 similitu-

262 1930 333 1967 hoc
358 1930 531 1979 apparuit
548 1929 664 1966 Filius
683 1930 763 1974 Det,
784 1934 822 1965 ut
848 1928 1019 1966 dissolvat
1037 1940 1152 1978 opera
1171 1928 1246 1964 dia·
1299 1929 1396 1974 dine,
1424 1931 1561 1978 absque
1582 1936 1749 1979 peccato.

306 1981 383 2019 Sed
411 1992 491 2018 non
519 1988 574 2017 est
601 1980 775 2018 eiusdem
802 1981 1008 2018 dissolvere
1037 1992 1155 2029 opera
1183 1979 1246 2016 ali-
1352 1982 1409 2018 Αι)
1433 1993 1568 2019 ptumum
1587 1994 1684 2019 ERGO
1703 1994 1884 2020 mCENDUM
1913 1983 2030 2031 quod,
2061 1982 2157 2019 sicut
2184 1984 2360 2032 Augusti-

255 2024 290 2088 ’ξ
300 2040 303 2054 ⁷
347 2041 384 2074 et
412 2045 460 2071 ea
490 2032 579 2085 pati.
621 2034 693 2070 Et
703 2033 754 2070 ita
787 2032 939 2070 videtur
971 2031 1247 2070 inconveniens
1299 2044 1372 2069 nus
1407 2033 1513 2079 dicit,
1543 2034 1582 2070 in
1610 2035 1661 2071 IX
1689 2035 1734 2071 de
1764 2036 1843 2072 Civ.
1867 2036 1941 2071 Dei
1956 2035 1996 2082 *,
2029 2036 2193 2072 Christus
2219 2042 2360 2073 tantum
2388 2041 2399 2051 ⁸
2433 2047 2445 2061 ³

259 2108 263 2113 -
321 2085 429 2135 quod
443 2085 617 2123 Christus
629 2093 822 2134 pateretur
835 2097 875 2122 se
893 2084 1027 2122 tentari
1041 2097 1064 2122 a
1078 2084 1245 2122 diabolo.
1299 2087 1455 2122 innotuit
1480 2086 1722 2123 daemonibus
1755 2093 1931 2135 quantum
1958 2087 2094 2124 voluit.-
2128 2100 2202 2125 non
2226 2101 2299 2137 per
2325 2090 2364 2125 id

243 2134 287 2176 351
313 2138 550 2184 lemnam,
582 2137 716 2186 triplex
750 2145 806 2174 est
838 2137 1012 2174 tentatio:
1051 2136 1190 2173 scilicet
1223 2149 1246 2173 a
1299 2138 1398 2186 quod
1422 2143 1474 2179 est
1500 2140 1575 2175 vita
1593 2145 1755 2184 aeterna,
1775 2139 1841 2176 sed
1851 2151 1924 2188 per
1942 2140 2123 2188 quaedam
2142 2141 2361 2189 temporalia

184 2189 188 2196 ’
267 2233 276 2238 Α
300 2216 314 2237 v,
342 2202 367 2227 a
394 2190 544 2235 mundo,
573 2202 598 2226 a
624 2190 772 2227 diabolo
790 2189 821 2226 *.
860 2190 936 2227 Sed
965 2189 1139 2226 Christus
1166 2200 1247 2224 non
1298 2202 1388 2227 suae
1413 2191 1555 2227 virtutis
1581 2189 1732 2238 effecta,
1761 2203 1808 2227 ex
1835 2191 1976 2240 quibus
2008 2192 2205 2240 quandam
2234 2193 2360 2230 conie-

259 2244 261 2246 ’
272 2249 453 2279 tentatus
486 2253 558 2279 nec
592 2254 614 2278 a
642 2253 755 2278 carne
789 2253 861 2278 nec
891 2254 914 2278 a
940 2241 1102 2278 mundo.
1145 2241 1247 2288 Ergo
1299 2249 1447 2278 cturam
1475 2242 1668 2279 habebant
1691 2242 1887 2279 Christum
1909 2255 1990 2280 esse
2010 2243 2151 2280 Filium
2170 2244 2253 2281 Dei.
2284 2245 2360 2282 Sed

156 2323 189 2341 ..-
271 2293 401 2342 etiam
428 2293 560 2331 debuit
586 2293 721 2330 tentari
749 2306 772 2330 a
799 2293 966 2331 diabolo.
1300 2294 1391 2343 quia
1418 2306 1549 2331 rursus
1577 2294 1616 2330 in
1635 2307 1682 2331 eo
1701 2293 1715 2316 Β
1743 2295 1934 2343 quaedam
1959 2295 2065 2343 signa
2091 2296 2284 2333 humanae
2303 2296 2359 2333 in-

179 2345 194 2358 “’
209 2339 316 2393 ἔρδει)
343 2358 487 2384 CONTRA
515 2353 570 2383 est
597 2346 704 2395 quod
731 2345 868 2383 dicitur
893 2346 1084 2383 Matth.1v
1102 2345 1139 2382 *z
1170 2346 1247 2382 Du-
1299 2346 1487 2383 firmitatis
1514 2346 1712 2393 videbant,
1741 2359 1821 2384 non
1848 2359 1919 2396 pro
1947 2355 2050 2384 certo
2079 2348 2360 2395 cognoscebant

149 2393 265 2439 m
286 2405 342 2437 est
359 2401 462 2436 Iesus
487 2411 512 2436 a
539 2400 675 2448 Spiritu
703 2400 740 2435 in
769 2399 962 2444 desertum,
983 2405 1021 2435 ut
1047 2403 1248 2435 tentaretur
1300 2411 1392 2436 eum
1420 2411 1501 2435 esse
1530 2399 1670 2436 Filium
1698 2399 1781 2436 Dei.
1811 2400 1859 2436 Et
1885 2399 1973 2436 ideo
2002 2412 2093 2436 eum
2121 2408 2263 2436 tentare
2291 2413 2359 2437 vo-

144 2492 234 2555 fh*
220 2504 463 2546 Resposnsso
482 2515 664 2540 mcENDUM
691 2503 799 2552 quod
827 2503 1001 2540 Christus
1028 2502 1162 2540 tentari
1181 2515 1247 2539 vo·
1299 2504 1418 2552 quod,
1439 2509 1637 2553 postquam
1665 2506 1800 2549 esuriit,
1823 2506 1972 2541 accessit
1998 2510 2155 2541 tentator
2179 2505 2230 2541 ad
2255 2517 2359 2542 eum:

145 2640 176 2661 a
251 2618 322 2650 um
338 2608 460 2646 ferret.
489 2608 601 2645 Unde
621 2607 827 2655 Gregorius
852 2607 952 2655 dicit,
975 2607 1015 2644 in
1033 2606 1246 2644 Homilia*:
1300 2621 1374 2645 non
1393 2609 1528 2656 fuisset
1555 2620 1677 2654 ausus,
1707 2610 1778 2645 nisi
1804 2610 1840 2645 in
1869 2621 1924 2654 eo,
1948 2621 2020 2658 per
2040 2610 2244 2645 esuritionis
2263 2613 2275 2629 ε
2303 2610 2357 2645 in-

137 2653 279 2708 ξμῖῗλῗαι
306 2666 386 2698 erat
411 2659 608 2710 indignum
634 2661 877 2710 Redemptori
896 2666 1020 2698 nostro
1048 2660 1147 2709 quod
1172 2665 1247 2696 ten·
1288 2662 1528 2709 firmitatem,
1558 2672 1653 2709 quae
1679 2667 1762 2697 sunt
1789 2662 1947 2698 hominis
1979 2667 2267 2710 recognosceret.
2311 2662 2359 2697 Et

138 2710 269 2765 ῗζξῇἓᾶαἱ-
285 2713 410 2759 voluit,
439 2714 504 2762 qui
526 2718 678 2750 venerat
696 2718 730 2749 et
747 2713 881 2750 occidi:
907 2719 946 2749 ut
964 2715 1017 2749 sic
1034 2713 1249 2749 tentationes
1301 2714 1376 2750 hoc
1404 2713 1518 2750 etiam
1546 2720 1648 2761 patet
1675 2725 1721 2749 ex
1740 2713 1824 2762 ipso
1843 2713 1963 2749 modo
1991 2712 2169 2759 tentandi,
2190 2724 2280 2749 cum
2303 2712 2358 2749 di-

158 2763 186 2810 i,
285 2769 334 2802 'as
357 2766 432 2802 suis
457 2766 713 2802 tentationibus
730 2763 746 2794 β
772 2767 944 2810 vinceret,
972 2766 1064 2801 sicut
1090 2770 1247 2801 mortem
1300 2765 1363 2812 xit,
1383 2767 1424 2802 Si
1435 2766 1551 2802 Filius
1569 2766 1643 2801 Dei
1659 2777 1707 2801 es.
1737 2765 1856 2811 Quod
1876 2777 2071 2814 exponens
2091 2764 2298 2812 Gregorius
2306 2764 2357 2816 ἐξ

138 2808 354 2858 *Qum
380 2828 449 2854 sua
476 2823 596 2854 morte
620 2819 818 2866 superavit.
1301 2817 1405 2855 dicit:
1450 2817 1550 2859 Quid
1573 2819 1643 2854 sibi
1668 2818 1743 2854 vult
1770 2817 1851 2854 talis
1877 2818 2058 2854 sermonis
2085 2829 2260 2862 exorsus,
2290 2818 2358 2853 nisi

215 2868 433 2915 Secundo,
453 2876 610 2918 propter
627 2877 798 2906 nostram
816 2871 1022 2906 cautelam:
1047 2876 1090 2905 ut
1107 2870 1246 2915 nullus,
1301 2872 1387 2920 quia
1421 2874 1648 2919 cognoverat
1679 2870 1752 2906 Dei
1776 2869 1912 2905 Filium
1946 2881 2022 2905 esse
2054 2874 2268 2914 venturum,
2296 2870 2361 2906 sed

139 2918 548 2980 quantumcumque
576 2929 747 2968 sanctus,
776 2934 816 2958 se
848 2921 1034 2958 existimet
1067 2933 1247 2958 securum
1300 2924 1440 2960 venisse
1460 2934 1533 2970 per
1551 2922 1800 2969 infirmitatem
1819 2922 1986 2969 corporis
2014 2933 2087 2957 non
2110 2921 2292 2969 putabat?

143 2969 229 3018 ’,ὁὶ
253 2970 470 3011 immunem
497 2985 520 3010 a
540 2973 757 3010 tentatione
786 2974 898 3011 Unde
926 2973 1041 3010 etiam
1068 2981 1155 3022 post
1182 2973 1247 3010 ba-
1353 2975 1410 3010 Αι)
1439 2985 1626 3010 SECUNDUM
1654 2985 1833 3009 DICENDUM
1866 2973 1972 3020 quod
2002 2972 2174 3009 Christus
2202 2981 2358 3010 venerat

148 3025 176 3066 J
305 3037 374 3062 um
400 3025 535 3062 tentari
554 3025 691 3062 voluit:
721 3025 823 3074 quia,
844 3025 939 3062 sicut
960 3025 1126 3062 Hilarius
1146 3025 1245 3072 dicit,
1300 3026 1507 3062 dissolvere
1536 3036 1654 3073 opera
1675 3024 1826 3070 diaboli,
1848 3036 1927 3061 non
1954 3024 2176 3072 potestative
2196 3026 2355 3072 agendo,

143 3105 152 3124 4.
167 3082 299 3127 <smper
316 3079 448 3115 Matth.
468 3077 499 3123 ²¹⁶,
528 3079 565 3113 in
583 3079 817 3125 sanctificatis
835 3079 1000 3114 maxime
1018 3077 1156 3114 diaboli
1171 3083 1247 3114 ten·
1300 3078 1368 3114 sed
1396 3077 1516 3124 magis
1544 3077 1591 3113 ab
1621 3088 1667 3112 eo
1696 3084 1732 3112 et
1759 3076 1840 3112 eius
1868 3076 2051 3112 membris
2086 3077 2285 3124 patiendo,
2315 3085 2357 3114 ut

142 3131 351 3170 .:··*‘=tamenta
377 3135 598 3179 grassantur
622 3134 653 3165 Y:
693 3130 779 3178 quia
804 3131 960 3167 victoria
987 3131 1110 3178 magis
1137 3135 1188 3166 est
1214 3131 1250 3165 ei
1300 3129 1353 3166 sic
1371 3129 1569 3165 diabolum
1587 3128 1754 3165 vinceret
1773 3127 1921 3174 iustitia,
1942 3140 2021 3164 non
2040 3136 2237 3177 potestate:
2261 3129 2356 3166 sicut

190 3232 274 3280 Fili,
301 3234 479 3271 accedens
505 3233 556 3270 ad
579 3234 787 3270 servitutem
805 3234 887 3279 Dei,
915 3239 970 3269 sta
998 3235 1035 3269 in
1064 3234 1195 3270 iustitia
1214 3239 1247 3269 et
1299 3246 1373 3270 non
1396 3234 1560 3282 potentia
1587 3234 1668 3277 Dei,
1694 3233 1760 3268 sed
1785 3234 1916 3269 iustitia
1943 3233 2172 3281 superandus
2188 3234 2277 3281 fuit.
2307 3235 2355 3270 Et

267 3330 282 3341 ‚-
301 3298 332 3332 e,
352 3291 386 3322 et
405 3297 598 3336 praepara
626 3286 792 3341 animam
811 3291 912 3322 tuam
931 3285 982 3321 ad
999 3286 1244 3322 tentationem.
1299 3284 1386 3322 ideo
1414 3284 1512 3321 circa
1531 3284 1777 3323 tentationem
1797 3284 1935 3321 Christi
1958 3285 2280 3322 considerandum
2301 3294 2355 3322 est

177 3425 183 3427 <
291 3409 512 3439 Μωιίοηιιηι.-
530 3407 686 3434 tentationis
705 3408 728 3432 Η
748 3412 773 3432 et
791 3407 924 3432 editiones.
1351 3405 1376 3440 δ)
1395 3414 1434 3432 eo.
1452 3421 1471 3425 —
1488 3414 1505 3431 a
1524 3411 1550 3431 et
1567 3407 1654 3436 tertia;
1673 3414 1713 3432 ea.

147 3463 149 3465 .
160 3438 207 3469 ³!
272 3428 517 3469 Yoifflionibusu-
528 3442 727 3468 tentationibus·
735 3442 896 3474 temporibus
913 3442 965 3472 AC,
979 3441 1166 3467 tentationibus
1181 3445 1245 3467 tem-
1351 3442 1373 3475 ε)
1392 3441 1551 3467 esuritionis.
1569 3455 1588 3460 -
1605 3441 1702 3467 esuriei
1719 3442 1792 3466 tertia
1811 3447 1912 3474 praeter
1931 3442 1947 3467 1.

149 3475 331 3546 mu
345 3479 375 3505 Β,
1351 3476 1377 3511 ζ)
1399 3477 1554 3509 Gregorius.
1566 3491 1586 3496 -
1602 3477 1758 3502 Ambrosius
1775 3477 1803 3502 Ρ.
1815 3490 1835 3496 -
1851 3477 1902 3501 Pro
1915 3477 2039 3508 putabat,
2053 3477 2204 3509 putabatur
2219 3477 2318 3503 ABCE.

232 3507 273 3549 γ)
283 3515 479 3549 grassanturn-
459 3513 537 3543 -;sE
550 3515 691 3538 cassantur
700 3512 746 3543 Dc,
755 3515 911 3537 crassantur
924 3512 1008 3538 ceteri.
1020 3512 1071 3537 Pro
1080 3512 1244 3543 exoptanda,
1351 3511 1378 3546 η)
1398 3512 1491 3537 sicut...
1509 3512 1587 3544 quod.
1600 3525 1618 3530 -
1637 3512 1682 3543 P1;
1701 3515 1727 3537 et
1744 3512 1836 3538 sicut...
1856 3512 1927 3544 quod
1940 3512 1983 3540 Fc.
1997 3515 2022 3537 et
2039 3512 2133 3537 sicut...
2152 3512 2214 3544 quta
2233 3511 2317 3537 ceteri.

42 3527 70 3585 ,δ’
123 3572 124 3575 ,
144 3587 145 3590 ¹
147 3516 382 3579 mdia!
399 3551 530 3580 exoptata
547 3547 577 3573 Ρ.

42 3595 47 3608 ι

260 1541 270 1552 ,
304 1544 326 1561 ,ι
349 1509 386 1553 r„
399 1515 479 1549 tare
506 1511 611 1551 enim
638 1519 694 1548 est
718 1513 1011 1570 experimentum
1045 1523 1194 1548 sumere
1213 1510 1245 1547 *.
1300 1512 1411 1548 Unde
1439 1512 1676 1560 Augustinus
1710 1513 1817 1560 dicit,
1845 1513 1886 1550 in
1913 1515 1964 1550 IV
1991 1515 2036 1551 de
2062 1517 2098 1551 T
2095 1516 2165 1551 rin.
2186 1514 2224 1561 ²⁸,
2254 1515 2360 1564 quod
2389 1518 2399 1529 ⁸

154 2458 234 2525 „st
236 2451 399 2489 diabolo.
1299 2451 1378 2488 luit.
1417 2452 1466 2488 Et
1493 2452 1569 2488 hoc
1596 2451 1828 2499 significatur
1855 2453 1989 2488 Matth.
2011 2464 2045 2488 1v
2063 2451 2098 2498 ³¹5,
2124 2452 2195 2488 ‘ubi
2223 2452 2360 2489 dicitur
2387 2461 2397 2471 ¹
2433 2466 2445 2481 e

272 2550 408 2606 primo
428 2552 598 2604 quidem,
613 2562 656 2593 ut
674 2555 786 2592 nobis
799 2563 931 2592 contra
944 2554 1169 2592 tentationes
1183 2567 1248 2591 au·
1300 2555 1402 2605 quia,
1423 2563 1465 2592 ut
1490 2555 1659 2596 *Hilarius
1677 2555 1766 2593 dicit
1779 2556 1808 2602 ³¹³,
1829 2562 1969 2593 tentare
1991 2558 2174 2593 Christum
2194 2556 2359 2594 diabolus
2386 2559 2396 2570 ⁸
2430 2565 2458 2580 00

151 3176 400 3232 &exoptanda
427 3182 473 3218 de
498 3182 642 3218 sanctis.
672 3181 782 3218 Unde
811 3189 846 3217 et
872 3181 986 3218 Eccli.
1006 3193 1027 3217 11
1045 3181 1066 3202 ‘¹‘
1092 3181 1245 3218 dicitur:
1299 3180 1533 3228 Augustinus
1562 3180 1659 3226 dicit,
1680 3181 1760 3216 XIII
1780 3181 1824 3216 de
1846 3182 1881 3217 Τ
1879 3182 1948 3216 rin.
1968 3180 1998 3223 *,
2020 3181 2126 3228 quod
2145 3187 2162 3208 η
2191 3182 2356 3219 diabolus
2383 3187 2392 3196 ⁸
2426 3192 2439 3207 ⁵

367 1771 475 1822 quod
501 1783 582 1809 non
609 1771 778 1811 decuerit
805 1771 1002 1810 Christum
1028 1772 1174 1809 tentari.
1298 1772 1505 1820 largiretur.
1535 1773 1646 1810 Unde
1675 1773 1812 1810 dicitur
1833 1776 1983 1811 Heb.1v
2001 1775 2037 1811 *z
2066 1776 2156 1812 Non
2185 1777 2361 1812 habemus
2388 1781 2397 1791 ·
2434 1787 2446 1802 e
2460 1787 2471 1802 ⁸
2496 1788 2503 1802 ¹

2385 2764 2499 2786 ‘sAmhro

2384 2790 2423 2811 si.t
2430 2790 2504 2811 inLuc
2502 2781 2551 2812 .’1ίῑ).
2566 2791 2596 2816 V,

2384 2796 2412 2870 {d
2429 2822 2478 2844 cap.
2490 2823 2520 2843 iv,
2536 2823 2587 2838 νει-ι

2481 2870 2496 2898 ζ
