2872 3970
375 275 444 311 162

1080 273 1344 320 QUAEsrlo
1374 274 1442 320 XI,

1472 273 1764 311 ARTICULUS
1793 274 1843 310 IV

1150 426 1467 468 ARTICULUS
1497 426 1771 476 QUARTUS

510 523 667 554 UTRUM
692 523 735 553 IN
759 504 949 553 'cnaisro
974 521 1176 552 SCIENTIA
1200 521 1351 551 1ND1TA
1374 520 1454 552 sEu
1479 493 1635 552 iNFUSA
1657 521 1818 552 FUERIT
1841 521 1983 553 Minoa
2005 501 2134 560 QuAM
2158 522 2201 553 IN
2224 521 2412 554 ANGELls

583 611 614 635 111
634 611 718 639 Sent.‚
738 610 797 635 disi.
816 618 865 638 xiv,
885 614 932 635 art.
953 616 976 638 1.
995 614 1044 642 qu⁸
1066 616 1088 638 2.
1109 610 1140 633 ad
1161 615 1190 639 ι;
1210 614 1256 634 art.
1277 607 1300 639 3,
1320 608 1370 641 qu⁸
1391 615 1414 639 2,
1433 615 1464 640 43
1485 608 1526 633 De
1549 607 1639 637 Ver-it„
1659 615 1704 641 qu.
1722 616 1762 639 xx,
1782 614 1828 635 art.
1846 616 1877 641 43
1898 610 2042 642 compend.
2064 609 2161 640 Theol„
2181 618 2237 643 cap.
2256 617 2341 636 ccxvi.

410 743 433 753 ι,
490 729 533 752 „f
581 717 604 741 D
625 716 797 746 QUARTUM
816 716 868 741 s1c
889 715 1124 741 PROCEDITUR.
1146 703 1307 741 Videtur
1326 703 1434 753 quod

394 732 555 816 '⁰24
564 757 621 822 ⁹in
643 756 795 794 Christo
816 756 1040 794 huiusmodi
1060 757 1215 794 scientia
1233 757 1344 794 fuerit
1363 756 1433 793 mi-

373 784 577 894 ‘'Q“
582 822 897 912 gssgpsssssffiaffis
915 809 1291 912 ῗὲἑὲἒῇὲῖῗήέῗὲο
1306 822 1435 900 ..3333

371 917 563 961 humana,
594 916 810 953 secundum
840 916 1017 953 ordinem
1046 924 1222 963 naturae,
1253 924 1307 953 est
1340 916 1435 953 infra

371 977 548 1006 naturam
576 969 798 1017 angelicam.
830 970 932 1006 Cum
961 969 1073 1017 igitur
1100 969 1255 1006 scientia
1283 970 1331 1006 de
1357 982 1436 1019 qua

371 1035 475 1059 nunc
504 1022 710 1071 loquimur,
732 1022 778 1059 sit
798 1022 916 1059 indita
935 1022 1086 1060 animae
1117 1022 1255 1060 Christi
1283 1023 1331 1060 ad
1351 1035 1435 1072 per-

369 1075 573 1112 fectionem
594 1075 723 1124 ipsius,
739 1075 892 1112 videtur
908 1076 1015 1125 quod
1035 1075 1262 1113 huiusmodi
1281 1075 1437 1113 scientia

370 1129 480 1165 fuerit
508 1128 603 1165 infra
632 1128 826 1166 scientiam
862 1141 940 1178 qua
967 1128 1164 1178 perficitur
1201 1137 1337 1166 natura
1370 1141 1436 1166 an-

369 1182 499 1230 gelica.

425 1246 459 1271 2.
490 1236 722 1282 PRAETEREA,
752 1234 919 1272 scientia
936 1234 1088 1272 animae
1109 1234 1249 1272 Christi
1275 1234 1346 1272 fuit
1372 1234 1436 1272 ali-

370 1300 450 1337 quo
479 1288 600 1325 modo
639 1288 813 1326 collativa
849 1295 885 1325 et
913 1287 1142 1326 discursiva:
1181 1289 1290 1338 quod
1310 1293 1327 1310 ‘²
1356 1300 1436 1325 non

370 1349 495 1391 potest
523 1341 596 1378 dici
626 1342 672 1378 de
702 1341 857 1379 scientia
885 1342 1124 1390 angelorum.
1155 1342 1257 1390 Ergo
1282 1341 1438 1379 scientia

371 1394 523 1432 animae
553 1394 690 1431 Christi
719 1394 788 1431 fuit
816 1394 971 1432 inferior
1005 1394 1162 1432 scientia
1197 1395 1436 1443 angelorum.

426 1448 460 1484 3.
491 1449 723 1494 PRAETEREA,
745 1455 890 1496 quanto
911 1447 1039 1496 aliqua
1068 1447 1223 1484 scientia
1243 1455 1298 1484 est
1316 1446 1438 1496 magis

371 1500 646 1546 immaterialis,
676 1508 781 1537 tanto
811 1508 866 1537 est
900 1500 1037 1549 potior.
1076 1500 1153 1537 Sed
1181 1499 1337 1537 scientia
1372 1512 1438 1537 an-

370 1555 545 1601 gelorum
574 1561 629 1590 est
656 1553 943 1590 immaterialior
962 1565 1082 1602 quam
1102 1551 1258 1590 scientia
1286 1551 1438 1590 animae

372 1606 530 1643 Christi:
561 1606 652 1656 quia
681 1606 810 1643 anima
830 1606 969 1643 Christi
992 1613 1047 1642 est
1076 1613 1183 1642 actus
1211 1605 1384 1655 corporis
1404 1613 1439 1642 et

372 1661 487 1697 habet
522 1659 818 1696 conversionem
855 1660 904 1696 ad
932 1660 1220 1708 phantasmata,
1250 1659 1358 1708 quod
1392 1659 1439 1696 de

371 1713 514 1761 angelis
533 1713 606 1750 dici
627 1724 706 1750 non
734 1720 870 1762 potest.
901 1713 1003 1760 Ergo
1029 1711 1184 1749 scientia
1213 1713 1438 1760 angelorum

373 1773 428 1803 est
455 1765 583 1815 potior
610 1778 730 1815 quam
759 1765 915 1802 scientia
943 1765 1095 1802 animae
1125 1764 1276 1802 Christi.

427 1820 500 1857 SED
522 1831 666 1856 CONTRA
685 1831 750 1856 esr
770 1819 878 1867 quod
898 1819 1106 1867 Apostolus
1129 1817 1229 1863 dicit,
1250 1819 1349 1855 Heb.
1366 1830 1385 1855 11
1402 1817 1437 1854 *z

371 1874 469 1909 Eum
506 1874 570 1922 qui
601 1872 748 1909 modico
775 1870 930 1921 isquam
965 1872 1095 1921 angeli
1124 1873 1332 1908 minoratus
1369 1877 1438 1918 est,

1488 703 1654 741 videmus
1691 705 1833 750 Iesum,
1861 710 2019 754 propter
2043 707 2258 754 passionem
2294 707 2441 752 mortis,
2473 705 2554 756 glo-

1490 758 1547 793 ria
1575 761 1608 792 et
1635 757 1777 792 honore
1804 763 2035 794 coronatum.
2071 758 2129 795 Ex
2157 770 2236 807 quo
2261 765 2419 808 apparet
2446 757 2555 808 quod

1489 816 1646 858 propter
1680 810 1802 846 solam
1837 809 2057 859 passionem
2090 810 2223 848 mortis
2260 810 2408 848 dicatur
2445 810 2554 848 Chri-

1491 870 1570 898 stus
1607 862 1655 899 ab
1693 862 1836 910 angelis
1873 862 2097 900 minoratus.
2140 864 2233 901 Non
2271 876 2361 913 ergo
2398 871 2556 914 propter

1491 923 1700 952 scientiam.

1545 969 1770 1005 Respoisnzo
1798 980 1980 1006 mei-:noun
2008 969 2116 1018 quod
2144 969 2299 1007 scientia
2330 966 2448 1007 indita
2475 969 2555 1007 ani-

1490 1033 1578 1060 mae
1617 1019 1756 1058 Christi
1792 1028 1917 1070 potest
1954 1021 2186 1059 considerari
2218 1021 2435 1072 dupliciter:
2474 1034 2555 1060 uno

1491 1074 1632 1120 modo,
1663 1074 1879 1111 secundum
1914 1073 1954 1111 id
1991 1075 2099 1124 quod
2136 1075 2270 1112 habuit
2297 1087 2320 1112 a
2347 1087 2464 1112 causa
2499 1075 2556 1112 in-

1491 1126 1658 1172 fluente;
1697 1125 1771 1163 alio
1800 1127 1941 1174 modo,
1971 1127 2188 1165 secundum
2216 1127 2255 1165 id
2283 1127 2390 1178 quod
2422 1127 2558 1165 habuit

1492 1191 1538 1216 ex
1567 1179 1740 1216 subiecto
1769 1179 1984 1229 recipiente.
2022 1181 2225 1228 Quantum
2260 1179 2372 1229 igitur
2398 1180 2448 1218 ad
2481 1178 2557 1230 pri-

1492 1245 1620 1279 mum,
1650 1231 1805 1270 scientia
1837 1232 1956 1270 indita
1988 1233 2139 1271 animae
2169 1233 2309 1271 Christi
2336 1233 2406 1271 fuit
2437 1233 2558 1272 excels

1492 1285 1629 1322 lentior
1641 1290 1657 1314 Υ
1677 1297 1797 1335 quarn
1816 1285 1972 1324 scientia
1991 1287 2228 1335 angelorum,
2243 1294 2280 1324 et
2299 1293 2490 1336 quantum
2507 1286 2559 1325 ad

1491 1337 1778 1377 multitudinem
1807 1338 2061 1388 cognitorum,
2091 1347 2127 1376 et
2155 1347 2345 1389 quantum
2369 1339 2417 1377 ad
2437 1338 2557 1377 scien-

1492 1391 1565 1428 tiae
1593 1390 1881 1429 certitudinem:
1917 1391 2008 1442 quia
2036 1393 2168 1429 lumen
2197 1391 2389 1442 spirituale
2408 1390 2422 1414 δ
2450 1391 2557 1442 quod

1493 1451 1548 1480 est
1568 1443 1732 1481 inditum
1752 1444 1904 1482 animae
1926 1444 2076 1491 Christi,
2097 1453 2153 1482 est
2170 1446 2294 1483 multo
2315 1445 2559 1483 excellentius

1493 1508 1613 1546 quarn
1651 1498 1784 1534 lumen
1818 1497 1926 1546 quod
1960 1497 2123 1548 pertinet
2155 1499 2203 1535 ad
2236 1506 2413 1536 naturam
2445 1509 2558 1547 ange-

1492 1549 1616 1586 licam.
1661 1550 1863 1596 Quantum
1895 1558 2026 1587 autem
2059 1551 2107 1588 ad
2143 1551 2370 1598 secundum,
2405 1549 2560 1589 scientia

1493 1602 1612 1639 indita
1639 1602 1791 1639 animae
1822 1602 1962 1640 Christi
1990 1610 2045 1640 est
2072 1603 2168 1640 infra
2196 1603 2393 1641 scientiam
2421 1602 2560 1652 angeli-

1494 1667 1600 1692 cam:
1636 1654 1775 1692 scilicet
1807 1663 1997 1704 quantum
2026 1656 2075 1693 ad
2102 1657 2268 1694 modum
2303 1655 2561 1706 cognoscendi

1494 1707 1561 1757 qui
1581 1715 1637 1744 est
1656 1708 1837 1745 naturalis
1856 1708 2008 1746 animae
2033 1709 2240 1757 humanae,
2261 1709 2328 1759 qui
2348 1708 2488 1747 scilicet
2505 1717 2562 1748 est

1494 1773 1564 1810 per
1583 1761 1878 1798 conversionem
1899 1761 1947 1798 ad
1966 1762 2235 1812 phantasmata
2254 1770 2290 1800 et
2308 1775 2378 1812 per
2396 1759 2561 1800 collatio-

1495 1825 1585 1850 nem
1617 1821 1653 1850 et
1672 1819 1684 1835 ‘
1714 1814 1943 1852 discursum.

1550 1867 1598 1903 Et
1626 1879 1696 1916 per
1723 1868 1800 1904 hoc
1826 1875 1929 1917 patet
1957 1868 2156 1918 responsio
2185 1869 2234 1906 ad
2263 1868 2422 1906 obiecta.

1193 2023 1200 2033 1
1388 2024 1394 2031 .
1551 2005 1578 2039 γ)
1597 2007 1782 2032 excellentior.
1799 2020 1820 2026 —
1837 2007 1922 2032 multo
1938 2007 2115 2032 excellentior
2133 2008 2215 2033 teriia.

425 2006 452 2037 α)
473 2007 552 2040 quod.
569 2020 588 2024 —
607 2006 663 2030 EsF
684 2011 709 2030 et
727 2005 814 2035 tertia;
833 2012 909 2037 quae.
928 2019 946 2023 —-
965 2005 1015 2030 Pro
1033 2005 1191 2037 angelorum
1221 2005 1345 2038 angelica
1366 2006 1384 2030 P

425 2041 450 2075 β)
470 2042 582 2068 modico.
604 2056 623 2060 -
647 2041 749 2071 Tertia;
777 2041 803 2065 in
831 2041 951 2069 modic05
979 2048 1026 2073 pro
1052 2040 1179 2070 videmus,
1207 2040 1322 2065 vidimus
1348 2048 1441 2065 ornnes

373 2084 475 2111 praeter
495 2078 523 2103 P.

1551 2040 1576 2075 ὃ)
1595 2041 1744 2073 spirituale.
1761 2056 1781 2060 —
1799 2042 1949 2074 spiritualis
1967 2043 2075 2076 gratiae
2094 2043 2175 2068 tertia.

1550 2076 1574 2110 ε)
1593 2080 1627 2102 et.
1644 2091 1665 2096 —-
1682 2077 1702 2101 F
1721 2082 1747 2102 et
1765 2078 1840 2102 tertia
1858 2083 1962 2111 praeter
1980 2078 2005 2108 l;
2023 2078 2069 2104 ad.

1050 2163 1388 2197 Commentaria
1401 2147 1663 2197 *Cardinalis
1685 2165 1886 2198 Gaffiot-,ani

434 2266 540 2286 nurus
558 2255 668 2284 clarus.
686 2272 708 2275 —
728 2254 763 2283 In
783 2262 919 2293 corpore
943 2253 1066 2283 articuli
1091 2258 1137 2283 est
1159 2250 1261 2284 unica'
1278 2253 1439 2284 distinctio
1464 2256 1468 2295 1
1494 2262 1592 2292 quarn
1616 2254 1678 2284 sint
1702 2255 1823 2294 species
1847 2255 2026 2295 angelicae;
2057 2256 2121 2286 hoc
2144 2256 2231 2286 enim
2259 2265 2296 2286 ex
2319 2262 2408 2296 parte
2431 2256 2566 2289 subiecti

376 2267 635 2334 Tbimembris,
661 2307 735 2328 cum
759 2298 890 2338 singulis
915 2297 1188 2328 conclusionibus.

429 2344 599 2375 Distinctio
631 2348 687 2373 est.
731 2342 869 2372 Scientia
898 2341 997 2372 indita
1030 2342 1155 2372 animae
1186 2341 1304 2372 Christi
1334 2346 1442 2381 potest

375 2389 543 2429 dupliciter
573 2386 784 2418 considerari:
816 2386 932 2426 primo,
957 2385 1136 2416 secundum
1160 2385 1192 2416 id
1215 2385 1305 2426 quod
1331 2385 1443 2415 habuit

375 2443 411 2463 ex
429 2443 523 2463 causa
545 2431 716 2467 influente;
742 2430 896 2466 seeundo,
920 2429 1099 2461 secundum
1115 2429 1148 2460 id
1164 2429 1254 2470 quod
1276 2430 1388 2460 habuit
1404 2439 1442 2460 ex

374 2478 519 2508 subiecto
544 2477 727 2516 recipiente.

428 2521 533 2551 Prima
557 2520 723 2551 conclusio
748 2525 810 2550 est:
835 2519 976 2550 Scientia
996 2518 1098 2549 indita
1114 2519 1244 2549 animae
1261 2518 1382 2548 Christi
1397 2523 1445 2548 est

374 2567 474 2596 multo
505 2564 716 2595 excellentior
744 2564 878 2594 scientia
909 2563 1122 2604 angelorum,
1152 2567 1308 2603 quantum
1339 2562 1382 2592 ad
1412 2562 1445 2592 id

374 2610 460 2651 quod
482 2619 516 2640 se
539 2614 625 2640 tenet
646 2618 688 2639 ex
697 2613 795 2648 parte
809 2607 872 2638 Dei
888 2607 1062 2647 influentis,
1079 2606 1188 2647 quoad
1202 2607 1288 2637 duo:
1310 2607 1372 2637 hoc
1387 2611 1442 2641 est,

375 2654 609 2685 multitudinem
626 2653 843 2694 cognitorum,
861 2656 892 2682 et
906 2651 1128 2682 certitudinem
1144 2651 1351 2692 cognitionis.
1367 2651 1445 2681 Pro-

376 2701 476 2729 batur.
501 2698 587 2736 Quia
609 2697 720 2727 lumen
742 2696 910 2737 spiritualis
925 2695 1042 2735 gratiae
1058 2695 1195 2726 inditum
1212 2695 1335 2725 animae
1353 2695 1445 2725 Chri-

375 2745 414 2774 sti
438 2749 484 2773 est
507 2742 611 2773 multo
636 2741 841 2772 excellentius
865 2749 962 2780 quam
984 2739 1093 2769 lumen
1110 2739 1292 2770 naturaliter
1308 2738 1445 2769 inditum

377 2794 506 2818 naturae
532 2786 703 2826 angelicae.

432 2830 579 2862 Secunda
603 2830 770 2860 conclusio
795 2834 856 2858 est:
883 2828 1024 2858 Scientia
1044 2827 1145 2858 indita
1165 2827 1294 2858 animae
1316 2827 1445 2863 Christi,

377 2881 531 2917 quantum
556 2875 598 2906 ad
622 2874 655 2904 id
677 2873 764 2914 quod
786 2883 819 2903 se
838 2878 922 2903 tenet
945 2882 986 2903 ex
997 2877 1093 2912 parte
1108 2872 1240 2903 subiecti
1256 2872 1446 2912 recipientis,

378 2926 424 2951 est
447 2920 537 2961 infra
561 2919 727 2950 scientiam
750 2917 943 2959 angelicam.
969 2916 1197 2947 Manifestatur.
1223 2916 1318 2954 Quia
1330 2916 1448 2946 modus

379 2963 595 3004 cognoscendi
619 2962 769 2993 naturalis
793 2962 917 2991 animae
941 2962 1100 2991 humanae
1129 2966 1176 2991 est
1198 2960 1330 2991 inferior
1353 2970 1448 3000 ange-

379 3010 459 3039 lico:
491 3014 526 3038 ut
556 3013 643 3048 patet
674 3017 710 3037 ex
735 3006 907 3036 collatione
940 3011 970 3036 et
994 3005 1138 3036 discursu
1165 3010 1196 3035 et
1218 3005 1447 3045 phantasmate.

435 3053 471 3083 11.
494 3052 581 3083 Nota
604 3052 654 3082 hic
686 3050 774 3091 quod
799 3050 940 3080 formalis
968 3049 1144 3080 differentia
1174 3050 1255 3079 inter
1284 3049 1340 3079 has
1371 3048 1448 3080 duas

381 3096 581 3127 conditiones
605 3096 753 3126 scientiae
781 3094 904 3124 infusae
932 3094 1056 3124 animae
1081 3093 1214 3130 Christi,
1247 3094 1390 3124 consistit
1415 3093 1449 3123 in

381 3141 558 3171 diversitate
584 3140 651 3170 eius
682 3138 771 3179 quod
795 3148 827 3168 se
851 3143 938 3168 tenet
969 3148 1007 3168 ex
1031 3143 1118 3178 parte
1141 3138 1268 3178 gratuiti
1293 3137 1448 3174 influxus,

381 3190 411 3215 et
436 3185 503 3214 eius
527 3183 615 3224 quod
640 3193 672 3213 se
689 3188 775 3213 tenet
795 3192 831 3212 ex
849 3188 937 3222 parte
954 3183 1098 3212 subiecti.
1123 3183 1163 3212 Et
1180 3183 1301 3223 primus
1318 3181 1449 3222 quidem

382 3228 512 3259 effectus
535 3227 661 3268 gratuiti
686 3226 824 3256 influxus
856 3225 979 3256 videtur
1005 3226 1115 3256 lumen
1147 3227 1282 3266 gratiose
1312 3226 1450 3257 inditum

382 3273 505 3303 animae
530 3271 664 3306 Christi,
690 3270 795 3310 quod,
821 3269 992 3300 extendens
1017 3280 1048 3300 se
1081 3276 1111 3300 et
1135 3270 1173 3301 ad
1197 3277 1245 3301 tot
1269 3276 1299 3301 et
1323 3270 1362 3301 ad
1385 3275 1450 3301 tam

382 3316 538 3347 excelsam
563 3314 802 3349 certitudinem,
834 3314 915 3353 parit
939 3313 1020 3343 duos
1044 3314 1102 3344 hos
1127 3314 1272 3345 effectus:
1299 3315 1361 3346 hoc
1386 3320 1449 3351 est,

383 3360 471 3401 quod
499 3361 604 3390 anima
629 3356 744 3389 Christi
776 3367 832 3398 per
864 3357 1001 3387 infusam
1033 3359 1196 3388 scientiam
1228 3359 1330 3389 multo
1359 3360 1451 3400 plura

383 3405 549 3445 cognoscit
573 3412 669 3444 quarn
694 3402 806 3443 angeli,
832 3402 906 3452 quia
930 3401 987 3431 scit
1008 3402 1116 3431 omnia
1133 3408 1235 3432 creata
1251 3413 1333 3443 quae
1350 3413 1451 3443 quan—

384 3449 492 3489 doque
516 3453 606 3484 sunt;
639 3453 670 3478 et
700 3446 815 3477 certius
846 3446 903 3476 scit
935 3446 1029 3475 etiam
1054 3445 1106 3475 illa
1137 3455 1275 3485 quorum
1308 3448 1450 3487 cognitio

384 3493 566 3523 communis
591 3498 636 3522 est
660 3492 718 3522 sibi
743 3496 774 3521 et
798 3490 925 3530 angelis.
951 3489 1093 3519 Primum
1118 3495 1225 3520 autem
1250 3500 1450 3542 consequens

385 3538 563 3567 subiectum
588 3536 743 3576 recipiens
767 3540 813 3565 est
836 3533 952 3565 modus
977 3526 1149 3574 recipiendi
1171 3534 1350 3564 scientiam·
1377 3535 1452 3575 quia

385 3581 504 3611 scilicet
528 3581 638 3620 recipit
661 3580 747 3610 illam
772 3579 896 3610 divisim
921 3588 976 3619 per
1000 3578 1121 3618 species
1138 3577 1243 3607 minus
1260 3578 1452 3609 universales

1494 2307 1528 2327 se
1551 2303 1648 2334 tenet,
1674 2303 1710 2328 ut
1733 2299 1767 2329 in
1791 2299 1925 2331 articulo
1949 2305 2038 2330 sexto
2062 2300 2158 2330 huius
2182 2300 2378 2340 quaestionis
2400 2305 2497 2341 patet.
2525 2301 2567 2334 Et

1495 2342 1547 2372 hic
1571 2342 1712 2379 effectus,
1738 2352 1774 2373 ac
1798 2342 1959 2379 defectus,
1991 2349 2038 2374 est
2061 2344 2234 2374 essentialis
2257 2344 2407 2374 scientiae
2429 2344 2564 2376 infusae.

1495 2386 1559 2416 Alii
1582 2392 1691 2417 autern
1715 2386 1856 2423 effectus,
1880 2387 2001 2418 scilicet
2023 2387 2179 2424 conferre,
2195 2387 2380 2424 discurrere,
2396 2393 2468 2424 etc„
2491 2391 2567 2420 sunt

1496 2430 1722 2461 accidentales:
1749 2432 1824 2470 quia
1846 2437 1983 2471 possunt
2005 2431 2114 2463 adesse
2138 2437 2170 2462 et
2192 2433 2301 2462 abesse
2324 2432 2407 2473 huic,
2415 2432 2566 2464 scientiae

1498 2480 1528 2504 et
1552 2475 1620 2504 eius
1644 2475 1727 2505 usui.
1758 2475 1879 2506 Verum
1909 2476 1985 2516 quia
2007 2475 2239 2506 manifestiores
2263 2482 2337 2507 sunt
2359 2476 2428 2512 isti,
2458 2482 2491 2507 et
2511 2476 2566 2508 ille

1497 2519 1679 2549 servabatur
1702 2525 1791 2549 sexto
1815 2520 1959 2556 articulo,
1983 2520 2039 2550 ubi
2055 2529 2092 2550 ex
2107 2521 2277 2560 proposito
2293 2519 2474 2551 tractandus
2489 2526 2566 2557 erat,

1497 2567 1651 2602 tanquam
1674 2564 1820 2603 proprias
1842 2564 1962 2594 habens
1981 2563 2196 2600 difficultates;
2220 2564 2294 2595 ideo
2310 2565 2435 2595 Auctor
2449 2565 2568 2607 horum

1498 2607 1531 2637 in
1555 2607 1657 2638 littera
1680 2608 1740 2638 hac
1762 2608 1926 2638 meminit·
1957 2617 2025 2638 non
2055 2602 2209 2648 tanquam
2238 2609 2272 2639 in
2302 2609 2351 2639 his
2381 2609 2569 2640 consisteret

1499 2651 1672 2682 essentialis
1695 2651 1887 2688 differentia;
1919 2651 1974 2682 sed
1997 2658 2151 2692 tanquam
2173 2653 2207 2683 in
2230 2653 2297 2683 istis
2323 2658 2371 2683 sat
2394 2658 2476 2684 esset
2500 2660 2568 2684 rna-

1498 2695 1646 2726 nifestare
1671 2695 1832 2726 defectum
1855 2696 2004 2726 scientiae
2027 2696 2152 2728 infusae
2176 2707 2214 2727 ex
2237 2703 2326 2737 parte
2349 2698 2494 2728 subiecti.

1555 2740 1596 2770 Et
1618 2745 1711 2780 potes
1734 2740 1794 2769 hos
1818 2739 1948 2770 effectus
1972 2740 2170 2777 collationis,
2195 2740 2355 2772 discursus
2382 2747 2414 2772 et
2435 2742 2570 2782 phanta-

1501 2789 1639 2814 smatum
1663 2784 1803 2819 elevare,
1835 2789 1866 2814 et
1889 2783 2010 2815 dicere:
2043 2785 2134 2816 Licet
2161 2786 2324 2816 actualiter
2347 2785 2492 2817 discursu
2514 2791 2570 2817 aut

1500 2829 1719 2868 phantasmate
1744 2828 1789 2858 uti
1813 2828 1851 2858 sit
1875 2828 2069 2860 accidentale
2092 2830 2242 2860 scientiae
2265 2829 2405 2866 infusae,
2429 2835 2570 2861 attamen

1501 2873 1631 2902 scientia
1653 2871 1758 2902 infusa
1781 2872 1906 2903 animae
1922 2872 2049 2909 Christi,
2075 2883 2112 2904 ex
2128 2874 2192 2904 hoc
2207 2874 2279 2914 ipso
2303 2873 2393 2914 quod
2408 2879 2482 2915 apta
2495 2879 2570 2905 nata

1502 2922 1548 2946 est
1573 2916 1714 2956 compati
1736 2916 1770 2946 in
1793 2926 1852 2946 suo
1877 2926 1938 2947 usu
1962 2917 2141 2948 discursum
2164 2927 2201 2948 ac
2221 2919 2451 2958 phantasmata,
2466 2918 2568 2949 mani-

1501 2960 1651 2997 festatur,
1683 2970 1701 2990 a
1731 2961 1900 3000 posteriori
1934 2962 2140 2992 essentialiter
2171 2968 2408 3003 consequente,
2439 2961 2570 2993 inferior

1502 3005 1632 3035 scientia
1655 3005 1806 3045 angelica,
1831 3014 1914 3045 quae
1937 3015 1997 3036 nec
2021 3005 2199 3037 discursum
2221 3016 2282 3037 nec
2304 3006 2490 3047 phantasma
2512 3015 2569 3047 pa-

1502 3049 1577 3079 titur
1601 3058 1660 3079 suo
1678 3048 1843 3079 admisceri
1859 3050 1942 3080 usui.
1967 3050 2008 3080 Et
2023 3050 2113 3090 quod
2127 3050 2251 3081 Auctor
2266 3051 2306 3081 ab
2322 3049 2479 3081 essentiali
2493 3059 2569 3090 pro-

1503 3093 1652 3133 prietate,
1685 3093 1717 3123 in
1741 3093 1884 3124 secundo
1909 3094 2043 3125 articulo
2074 3095 2137 3125 iam
2160 3094 2376 3131 manifestata,
2400 3093 2570 3125 declaravit

1503 3138 1662 3168 intentum
1686 3138 1754 3173 hic,
1785 3147 1803 3167 a
1826 3138 2006 3169 notioribus
2032 3137 2158 3169 tradens
2185 3133 2378 3169 doctrinam:
2407 3146 2569 3169 reservans

1502 3182 1634 3222 proprio
1666 3181 1740 3212 loco
1772 3182 1972 3213 essentialem
2003 3181 2228 3219 differentiam,
2259 3181 2300 3213 de
2324 3181 2570 3222 particularitate

1503 3226 1693 3267 specierum.

1560 3270 1611 3301 111.
1638 3269 1732 3301 Circa
1756 3270 1934 3301 doctrinam
1957 3270 2151 3311 praedictam
2182 3275 2286 3301 essent
2314 3269 2380 3300 duo
2404 3268 2501 3300 dubia
2531 3279 2570 3301 ex

1505 3315 1621 3351 Scot0‚
1646 3315 1679 3345 in
1703 3315 1743 3345 111
1767 3314 1870 3351 Sem„
1896 3315 1965 3345 dist.
1986 3325 2051 3351 xrv,
2076 3324 2130 3355 qu.
2147 3324 2188 3344 rv.
2218 3313 2378 3349 Alterum,
2403 3313 2443 3344 de
2467 3313 2570 3354 perfe-

1505 3360 1612 3390 ctione
1636 3369 1692 3389 seu
1716 3359 1881 3389 nobilitate
1904 3359 2083 3399 specierum
2101 3357 2277 3389 infusarum
2301 3357 2425 3388 animae
2442 3357 2569 3389 Christi.

1505 3403 1568 3435 Sed
1592 3403 1747 3444 quoniam
1763 3403 1886 3434 Auctor
1901 3403 1941 3433 ad
1957 3408 2081 3433 sextum
2104 3403 2167 3433 hoc
2183 3400 2285 3432 differt
2300 3401 2478 3437 articulum,
2496 3402 2570 3432 ideo

1505 3448 1569 3478 illic
1585 3449 1601 3464 ⁴⁹
1626 3447 1825 3478 tractandum
1849 3452 2032 3477 reservetur.

1561 3491 1717 3527 Alterum,
1734 3491 1773 3522 de
1789 3491 1919 3530 actualis
1934 3500 1971 3522 ac
1986 3490 2149 3521 intuitivae
2166 3489 2358 3530 cognitionis
2374 3489 2571 3530 perfectione

1506 3544 1603 3575 quam
1627 3535 1732 3565 anima
1757 3534 1872 3566 Christi
1896 3534 2006 3565 habuit
2028 3534 2060 3564 in
2084 3534 2215 3574 proprio
2238 3543 2364 3573 genere.
2397 3534 2496 3572 Quod
2519 3535 2572 3565 hic

1506 3578 1705 3609 tractandum
1730 3585 1785 3609 est.
1821 3578 1925 3609 Tenet
1948 3577 2106 3618 siquidem
2130 3577 2219 3618 quod
2242 3578 2347 3608 anima
2372 3578 2488 3609 Christi
2512 3579 2571 3609 im-

2599 3449 2608 3460 ·
2614 3448 2745 3471 Commeat.
2752 3453 2811 3470 mm.
2832 3460 2834 3462 v
