2872 3970
218 2739 254 2761 -ε
272 2739 307 2761 iat.
318 2739 423 2767 xxvm,

281 2781 288 2793 ‚
302 2772 350 2794 cap.
366 2773 396 2788 tv.

437 293 515 329 240

439 362 498 397 Ea
518 372 612 409 quae
628 360 839 408 agebantur
858 364 890 395 et
906 359 1158 408 operabantur
1178 359 1225 394 ab
1245 369 1318 394 uno
1342 357 1497 402 Christo,

440 413 594 449 multum
623 411 807 460 differunt.
843 411 1035 453 Quaedam
1064 412 1162 447 enim
1189 415 1271 446 sunt
1298 410 1379 446 Deo
1408 409 1500 445 deci-

440 466 548 502 bilia:
581 465 763 514 quaedam
791 465 965 501 humana.
1003 463 1136 508 Veluti,
1165 461 1408 511 corporaliter
1439 473 1500 498 va-

441 518 529 554 dere
554 530 666 567 super
692 523 831 553 terram
854 517 1024 566 profecto
1052 516 1257 552 humanum
1285 519 1358 550 est.-
1383 514 1501 550 cruri-

442 572 508 608 bus
535 583 624 608 vero
652 571 805 615 uexatis,
826 575 858 606 et
886 569 1079 606 ambulare
1105 580 1216 617 super
1243 573 1382 603 terram
1397 567 1501 615 peni-

442 629 498 660 tus
518 635 592 660 non
611 623 826 668 valentibus,
845 633 978 658 sanum
997 633 1166 670 gressum
1187 620 1329 656 donare
1342 620 1423 655 Deo
1444 619 1501 655 de-

442 676 548 713 cibile
574 681 634 712 est.
673 675 745 712 Sed
769 686 895 720 unum,
915 674 1048 710 scilicet
1074 675 1309 709 incarnatum
1327 673 1499 717 Verbum,

442 730 513 765 hoc
532 734 565 765 et
583 728 674 765 illud
691 733 881 777 operatum
901 725 913 751 ζ
939 731 1008 762 est:
1035 731 1068 762 et
1087 736 1320 774 nequaquam
1338 725 1409 761 hoc
1427 725 1502 772 qui-

443 781 526 818 dem
554 782 679 826 huius,
708 781 778 816 hoc
805 791 893 817 vero
930 779 1035 815 huius
1068 783 1118 814 est
1153 783 1318 814 naturae.
1357 777 1500 826 Neque,

444 846 487 871 eo
516 833 614 883 quod
639 833 783 870 diversa
809 837 892 868 sunt
920 836 1170 890 operamenta,
1192 830 1272 866 ideo
1300 829 1392 866 duas
1420 841 1502 879 ope-

443 888 595 923 ratrices
624 891 774 922 naturas
802 890 909 933 atque
925 887 1079 931 =formas
1106 884 1196 919 iuste
1222 882 1448 930 definiemus.

498 938 574 976 Sed
610 937 650 974 in
684 936 762 974 vhoc
803 934 1101 985 decipiebantur.
1146 934 1248 982 Quia
1285 934 1383 972 actio
1421 935 1504 972 eius

443 991 549 1040 quod
570 995 587 1017 η
616 997 795 1027 movetur
822 988 869 1026 ab
898 989 1026 1035 altero,
1047 995 1102 1025 est
1130 987 1292 1037 duplex:
1322 999 1402 1024 una
1420 987 1504 1037 qui-

444 1044 534 1080 dem
562 1055 681 1091 quam
708 1040 824 1079 habet
851 1041 1067 1078 secundum
1093 1040 1292 1090 propriam
1315 1039 1503 1087 formam3

443 1096 515 1133 alia
535 1103 663 1132 autem
684 1107 802 1144 quam
819 1094 936 1131 habet
964 1093 1180 1130 secundum
1199 1093 1306 1143 quod
1325 1101 1506 1131 movetur

443 1149 492 1186 ab
520 1148 605 1185 alio.
646 1148 750 1185 Sicut
778 1147 920 1184 securis
957 1146 1128 1195 operatio
1165 1147 1382 1184 secundum
1419 1159 1504 1196 pro-

443 1201 568 1251 priam
586 1201 751 1238 formam
771 1208 825 1237 est
844 1199 991 1236 incisio:
1013 1199 1229 1236 secundum
1248 1206 1379 1236 autem
1398 1199 1505 1249 quod

443 1261 623 1291 movetur
650 1254 698 1290 ab
727 1253 879 1300 artifice,
901 1252 1071 1302 operatio
1091 1252 1174 1289 eius
1201 1260 1257 1288 est
1274 1253 1397 1290 facere
1426 1264 1506 1289 sca-

444 1319 594 1344 mnum.
626 1306 807 1355 Operatio
836 1305 947 1354 igitur
974 1317 1073 1354 quae
1096 1313 1151 1341 est
1179 1305 1338 1342 alicuius
1367 1305 1420 1342 rei
1449 1317 1505 1342 se-

445 1360 619 1396 cundum
647 1371 758 1396 suam
794 1359 979 1405 formam,
1010 1366 1064 1394 est
1101 1358 1257 1407 propria
1293 1357 1396 1405 eius3
1434 1370 1506 1396 nec

445 1412 605 1462 pertinet
632 1412 680 1448 ad
708 1419 943 1458 moventem,
964 1410 1035 1447 nisi
1064 1410 1280 1447 secundum
1299 1411 1407 1460 quod
1434 1411 1505 1448 uti-

445 1473 507 1502 tur
542 1464 766 1501 huiusmodi
794 1476 833 1500 re
862 1465 911 1501 ad
940 1476 1051 1500 suam
1086 1463 1370 1512 operationem:
1410 1463 1506 1502 sicut

446 1517 647 1555 calefacere
676 1525 730 1553 est
755 1516 913 1566 propria
931 1516 1104 1566 operatio
1131 1516 1245 1565 ignis;
1274 1529 1356 1554 non
1374 1525 1505 1554 autem

444 1570 549 1617 fabri,
570 1569 642 1606 nisi
670 1577 859 1618 quatenus
879 1570 996 1606 utitur
1013 1569 1099 1618 igne
1128 1570 1177 1607 ad
1205 1569 1506 1607 calefaciendum

444 1624 598 1660 ferrum.
629 1623 706 1660 Sed
733 1622 795 1659 illa
823 1622 994 1672 operatio
1018 1635 1118 1672 quae
1146 1630 1202 1659 est
1220 1622 1274 1660 rei
1293 1624 1421 1660 solum
1449 1635 1506 1660 se-

444 1676 619 1713 cundum
638 1675 744 1724 quod
764 1683 944 1713 movetur
962 1675 1011 1712 ab
1031 1675 1117 1721 alio,
1138 1687 1218 1712 non
1237 1683 1293 1713 est
1311 1676 1384 1713 alia
1397 1688 1506 1726 prae-

445 1737 501 1765 ter
537 1728 802 1777 operationem
839 1728 1031 1765 moventis
1068 1728 1214 1778 ipsum:
1254 1728 1350 1766 sicut
1383 1730 1505 1766 facere

446 1793 648 1818 scamnum
676 1793 756 1818 non
794 1789 849 1818 est
877 1793 1052 1819 seorsum
1081 1781 1252 1830 operatio
1286 1781 1429 1819 securis
1457 1782 1505 1819 ab

446 1834 666 1884 operatione
685 1833 839 1871 artificis
853 1831 877 1871 θ.
899 1835 947 1871 Et
966 1834 1066 1880 ideo,
1086 1834 1324 1883 ubicumque
1343 1844 1507 1872 movens

446 1895 482 1924 et
508 1895 661 1924 motum
689 1887 832 1924 habent
868 1886 1037 1924 diversas
1064 1887 1207 1924 formas
1244 1899 1313 1924 seu
1349 1887 1507 1925 virtutes

446 1940 672 1990 operativas‚
692 1940 745 1977 ibi
773 1947 924 1989 oportet
951 1940 1058 1989 quod
1077 1939 1123 1976 sit
1141 1940 1213 1977 alia
1231 1940 1388 1989 propria
1415 1950 1507 1990 ope-

446 1993 539 2030 ratio
577 1992 789 2039 moventis,
819 2000 855 2029 et
882 1992 956 2030 alia
991 1993 1148 2042 propria
1181 1993 1355 2042 operatio
1389 1993 1505 2031 moti:

446 2046 530 2083 licet
557 2053 710 2083 motum
736 2045 934 2095 participet
961 2045 1227 2095 operationem
1248 2046 1452 2092 moventis,
1470 2054 1509 2084 et

446 2111 610 2136 movens
637 2106 766 2136 utatur
793 2098 1015 2148 operatione
1043 2098 1150 2145 moti,
1171 2106 1208 2135 et
1227 2098 1280 2136 sic
1298 2106 1508 2149 utrumque

447 2151 546 2200 agit‘
574 2164 665 2188 cum
693 2151 971 2189 communione
998 2151 1163 2189 alterius.

501 2204 564 2242 Sic
599 2204 711 2253 igitur
746 2204 786 2241 in
821 2205 976 2242 Christo
1014 2205 1187 2242 humana
1222 2212 1358 2242 natura
1394 2204 1510 2242 habet

447 2257 644 2307 propriam
676 2258 841 2294 formam
873 2266 911 2300 et
937 2257 1119 2294 virtutem
1156 2268 1226 2307 per
1260 2270 1380 2306 quam
1414 2270 1508 2307 ope-

449 2317 568 2354 ratur,
599 2318 635 2346 et
662 2310 832 2348 similiter
858 2310 1001 2347 divina.
1037 2310 1150 2348 Unde
1175 2318 1215 2347 et
1239 2311 1416 2353 >humana
1443 2323 1509 2348 na-

448 2370 533 2399 tura
560 2363 675 2399 habet
697 2363 898 2412 propriam
926 2363 1192 2413 operationem
1217 2363 1432 2400 distinctam
1455 2362 1509 2400 ⁷ab

449 2415 670 2466 operatione
696 2416 828 2453 divina
846 2422 882 2463 2,
913 2424 949 2453 et
968 2429 988 2453 e
1008 2428 1208 2454 converso.
1238 2417 1287 2454 Et
1305 2424 1435 2453 tamen
1452 2417 1509 2454 di-

448 2468 539 2506 vina
566 2476 702 2506 natura
729 2469 847 2506 utitur
873 2469 1096 2518 operatione
1118 2477 1282 2513 ,naturae
1312 2470 1510 2512 ,humanae

448 2521 544 2558 sicut
573 2522 794 2571 operatione
814 2522 874 2559 sui
893 2522 1154 2559 instrumenti:
1185 2530 1221 2559 et
1243 2522 1414 2559 similiter
1441 2523 1510 2560 hu—

449 2586 564 2611 mana
591 2582 727 2612 natura
754 2575 952 2624 participat
979 2575 1245 2624 operationem
1272 2575 1424 2612 divinae
1443 2587 1510 2613 na—

449 2634 568 2673 turae,
589 2627 685 2664 sicut
712 2627 1011 2676 instrumentum
1028 2628 1227 2678 participat
1244 2628 1510 2678 operationem

449 2679 666 2730 principalis
703 2680 857 2728 agentis.
896 2682 944 2717 Et
968 2681 1048 2725 ⁴hoc
1076 2689 1131 2717 est
1166 2682 1275 2756 quod
1302 2681 1392 2719 dicit
1426 2682 1509 2719 Leo

450 2734 566 2782 Papa,
595 2732 634 2769 in
663 2733 833 2782 Epistola
859 2734 911 2770 ad
935 2734 1159 2771 Flavianum
1209 2748 1217 2771 :
1245 2735 1337 2784 Agit
1355 2740 1511 2784 utraque

446 2787 586 2832 forma,
616 2785 754 2823 scilicet
781 2793 860 2823 tam
879 2792 1015 2823 natura
1042 2786 1172 2824 divina
1191 2797 1311 2836 quam
1337 2788 1511 2824 humana

451 2838 490 2875 in
519 2838 682 2885 Christo,
710 2851 796 2875 cum
824 2839 973 2876 alterius
998 2842 1288 2886 communione,
1352 2840 1403 2877 od
1421 2853 1510 2890 pro-

445 2892 572 2940 prium
601 2898 672 2928 est:
707 2890 825 2929 Verbo
845 2893 979 2938 scilicet
997 2899 1173 2942 operante
1191 2893 1291 2942 quod
1342 2895 1426 2931 erbi
1444 2899 1509 2941 est,

452 2949 484 2980 et
511 2955 626 2980 carne
652 2951 853 2994 exequente
877 2946 979 2995 quod
1002 2947 1128 2983 carnis
1154 2952 1234 2989 est„

502 2995 546 3033 Si
572 3009 664 3034 vero
693 3005 791 3034 esset
818 3010 897 3035 una
924 3005 1073 3036 tantum
1101 2999 1273 3049 operatio
1302 2998 1510 3036 divinitatis

452 3056 488 3085 et
524 3049 768 3086 humanitatis
792 3050 836 3086 in
865 3051 1015 3088 Christo
1028 3080 1037 3098 ,
1067 3059 1259 3101 oporteret
1296 3051 1421 3089 dicere
1446 3053 1511 3090 vel

452 3102 557 3149 quod
577 3102 748 3139 humana
775 3110 910 3140 natura
929 3116 1009 3141 non
1036 3104 1194 3142 haberet
1212 3104 1410 3155 propriam
1436 3105 1510 3142 for-

501 3229 530 3262 ζ)
548 3231 656 3256 unum...
674 3232 822 3263 operatam.
833 3241 852 3252 s-
864 3232 1155 3266 unmsoperaruwr,
1169 3235 1264 3263 unes...
1283 3238 1410 3270 operatus
1424 3232 1509 3263 zelen.

452 3265 532 3290 Porro
552 3266 704 3298 definiemus
722 3266 767 3296 Fl;
785 3267 929 3299 deserimus
948 3269 1017 3298 PGb,
1035 3271 1183 3303 deseremus
1201 3274 1286 3305 ceteri.

506 3299 533 3366 ηξ
552 3300 632 3332 q‘uod.
648 3312 668 3319 »-
686 3297 783 3331 prom
802 3308 818 3325 a
838 3299 889 3333 q'uo
907 3303 1084 3336 (movebatur)
1103 3306 1121 3335 1,
1140 3314 1191 3339 quo
1210 3308 1296 3333 ceteri.

505 3333 519 3358 ο
548 3334 668 3368 morea.
686 3350 706 3355 -
723 3336 886 3361 sea-<secum
901 3337 1048 3370 μήσωμαι
1068 3339 1310 3368 sunu-mmmm
1329 3336 1510 3376 mammem

454 3370 565 3403 artmcis
583 3370 739 3396 addunt'EF
755 3375 785 3396 et
802 3372 875 3396 tertia
894 3376 994 3403 praeter
1012 3373 1030 3399 1.
1066 3402 1070 3405 ,

510 3404 528 3435 ι)
547 3403 612 3437 agit.
631 3420 649 3424 -
667 3409 733 3438 agat
751 3400 782 3431 P.

509 3439 534 3471 x)
554 3440 653 3465 divina.
671 3455 690 3459 —
707 3440 814 3465 divinae
832 3440 860 3466 Ρ.

507 3472 536 3505 λ)
556 3474 698 3508 inconfuse.
715 3489 734 3494 -
754 3475 798 3505 Pl;
817 3478 843 3500 et
861 3476 968 3509 confuse
987 3476 1023 3506 bc,
1044 3481 1069 3502 et
1088 3478 1223 3512 inconfuse
1242 3482 1327 3508 ceteri.
1345 3497 1364 3502 —-
1382 3483 1444 3508 Post
1462 3485 1510 3509 hu-

457 3511 562 3532 manam
581 3509 653 3534 tertia
672 3510 741 3535 addit
758 3510 948 3542 operationem.

476 3576 482 3582 ,
510 3543 538 3574 μ)
556 3543 611 3567 eius
629 3546 790 3584 superatione.
808 3559 827 3564 —-
845 3546 905 3571 Om.
924 3546 1005 3571 tertia.
1023 3560 1042 3565 —-
1061 3546 1110 3571 Pro
1128 3550 1256 3579 operatio,
1276 3552 1396 3582 operatio
1417 3553 1473 3579 eius
1492 3554 1510 3585 1,

456 3583 513 3601 eius
532 3581 650 3608 operatio
669 3585 752 3605 cetera
771 3580 852 3606 tertia.

1139 279 1401 327 QUAESTIO
1430 279 1536 326 XIX,
1570 277 1862 316 ARTICULUS
1887 279 1904 315 1

1553 368 1659 393 mam
1687 363 1724 392 et
1750 356 1931 393 virtutem
1966 356 2029 404 (de
2058 356 2188 394 divina
2216 357 2321 395 enim
2348 358 2424 395 hoc
2456 358 2531 396 dici
2558 366 2616 396 est

1553 408 1815 457 impossibile),
1836 421 1883 445 ex
1911 421 1990 457 quo
2019 417 2243 458 sequeretur
2263 410 2370 459 quod
2397 410 2437 448 in
2461 411 2613 449 Christo

1553 468 1652 497 esset
1678 468 1828 498 tantum
1863 460 1994 498 divina
2026 461 2214 511 operatio:
2250 464 2313 499 vel
2340 471 2532 512 oporteret
2558 464 2614 502 di·

1553 524 1640 550 cere
1678 513 1785 562 quod
1820 525 1869 550 ex
1895 513 2033 551 virtute
2070 514 2201 551 divina
2237 522 2273 551 et
2309 515 2482 553 humana
2517 524 2616 553 esset

1554 565 1720 602 conflata
1747 565 1787 602 in
1816 565 1967 603 Christo
1995 578 2075 604 una
2101 566 2232 604 virtus.
2263 567 2445 614 Quorum
2467 576 2615 606 utrum-

1554 630 1631 667 que
1660 625 1715 654 est
1752 618 2005 667 impossibile:
2043 631 2136 656 nam
2162 631 2233 669 per
2265 620 2437 669 primum
2473 622 2616 658 horum

1554 670 1712 719 ponitur
1738 678 1875 708 natura
1909 672 2082 709 humana
2109 671 2149 709 in
2178 672 2329 710 Christo
2365 685 2447 710 esse
2475 673 2616 723 imper-

1554 723 1672 769 fecta3
1700 735 1770 772 per
1797 724 2014 762 secundum
2042 737 2136 762 vero
2163 724 2321 774 ponitur
2348 725 2522 763 confusio
2550 738 2616 764 na-

1556 783 1742 813 turarum.

1609 829 1658 866 Et
1685 828 1773 866 ideo
1808 828 2080 867 rationabiliter
2115 829 2156 868 in
2183 831 2297 869 Sexta
2325 831 2484 881 Synodo
2521 832 2617 869 haec

1557 881 1689 931 opinio
1719 889 1774 918 est
1800 882 2076 920 condemnata:
2106 882 2146 920 in
2173 883 2283 921 cuius
2302 879 2617 930 determinatione

1557 934 1694 971 dicitur
1711 934 1748 971 *:
1778 935 1884 972 Duas
1911 936 2098 973 naturales
2125 938 2356 986 operationes
2381 937 2544 984 indim'se,
2565 938 2617 974 in·
2645 943 2655 955 '

1557 987 1861 1034 convertibiliter,
1890 989 2082 1036 inconfuse
2098 983 2126 1037 λ,
2156 989 2466 1039 inseparabiliter,
2492 991 2532 1027 in
2556 1002 2618 1028 eo-

1557 1040 1641 1077 dem
1667 1041 1832 1078 Domino
1859 1041 1945 1077 Iesu
1977 1042 2133 1088 Christo,
2151 1054 2242 1080 vero
2269 1039 2351 1080 Deo
2372 1048 2516 1090 nostro,
2536 1043 2619 1093 glo-

1558 1094 1759 1141 rificamus,
1788 1093 1865 1130 hoc
1892 1101 1958 1140 est,
1987 1093 2160 1131 divinam
2192 1095 2457 1144 operationem
2484 1103 2521 1132 et
2548 1095 2619 1133 hu-

1558 1158 1728 1183 manam.

1611 1197 1669 1236 An
1698 1209 1833 1237 pannum
1861 1211 1959 1237 ERGO
1987 1211 2168 1238 memnon
2197 1200 2304 1250 quod
2322 1200 2532 1251 Dionysius
2550 1212 2620 1251 po-

1558 1251 1614 1289 nit
1632 1252 1672 1289 in
1693 1252 1845 1290 Christo
1873 1252 2140 1302 operationem
2166 1253 2433 1301 theandricam,
2454 1253 2551 1306 idest
2569 1254 2620 1292 di-

1557 1306 1862 1352 vinam-virilem,
1899 1306 1962 1342 vel
1997 1305 2402 1354 divinam-humanam,
2435 1318 2516 1344 non
2551 1318 2622 1356 per

1559 1357 1728 1407 aliquam
1756 1357 2024 1396 confusionem
2051 1358 2321 1408 operationum
2347 1372 2416 1397 seu
2434 1359 2621 1397 virtutum

1559 1410 1758 1460 utriusque
1787 1418 1956 1457 naturae,
1977 1411 2045 1448 sed
2063 1423 2133 1461 per
2151 1412 2227 1449 hoc
2245 1412 2352 1462 quod
2379 1412 2510 1450 divina
2529 1424 2621 1462 ope-

1559 1463 1654 1501 ratio
1683 1463 1765 1501 eius
1793 1464 1911 1501 utitur
1947 1465 2120 1502 humana
2152 1464 2238 1502 eius
2275 1465 2498 1514 operatione
2516 1471 2557 1512 μ,
2584 1472 2622 1502 et

1560 1517 1733 1554 humana
1750 1517 1923 1566 operatio
1941 1516 2139 1567 participat
2157 1517 2339 1555 virtutem
2357 1517 2510 1556 divinae
2529 1528 2622 1568 ope-

1560 1569 1727 1607 rationis.
1755 1570 1887 1616 Unde,
1916 1569 2013 1607 sicut
2040 1570 2121 1619 ipse
2150 1570 2239 1608 dicit
2266 1570 2306 1608 in
2334 1571 2504 1620 quadam
2531 1570 2622 1621 Epi-

1560 1624 1655 1660 stola
1674 1629 1686 1644 *
1702 1622 1736 1669 ¹¹²,
1763 1635 1875 1672 super
1902 1624 2090 1660 hominem
2111 1625 2340 1673 opembatur
2354 1631 2402 1661 ea
2420 1635 2517 1674 quae
2537 1628 2624 1662 sunt
2649 1650 2682 1676 '.“
2734 1648 2745 1656 „
2767 1635 2809 1658 ,με
2848 1657 2852 1659 μ

1559 1677 1718 1713 hominis
1732 1689 1744 1712 .·
1780 1676 1880 1726 quod
1917 1681 2097 1713 monstrat
2138 1677 2255 1726 Virgo
2292 1677 2624 1726 supernaturaliter

1560 1729 1788 1778 concipiens,
1816 1734 1851 1766 et
1878 1741 1976 1778 aqua
2009 1734 2244 1766 terrenorum
2270 1729 2410 1779 pedum
2444 1727 2624 1768 susim

1560 1783 1794 1832 gravitatem.
1828 1781 2078 1819 Manifestum
2110 1789 2167 1818 est
2195 1782 2299 1820 enim
2333 1782 2441 1831 quod
2469 1781 2624 1834 concipi

1561 1842 1617 1871 est
1644 1835 1839 1872 humanae
1858 1841 2029 1881 naturae,
2049 1834 2220 1872 similiter
2247 1842 2283 1872 et
2308 1835 2526 1874 ambularet
2555 1835 2625 1873 eod

1561 1894 1770 1936 utrumque
1797 1886 1867 1924 fuit
1893 1886 1933 1924 in
1951 1887 2105 1924 Christo
2133 1888 2480 1937 supernaturaliter.
2509 1887 2624 1927 Etsi-

1561 1940 1699 1977 militer
1726 1939 1856 1977 divina
1883 1940 2115 1988 operabatur
2140 1940 2383 1978 humanitus:
2413 1941 2510 1979 simt
2528 1944 2624 1981 etun

1562 1993 1709 2030 sanavit
1745 1994 1943 2042 leprosum
1978 1993 2171 2042 tangendo
2199 1993 2230 2030 ⁸.
2269 1994 2381 2032 Unde
2416 1993 2457 2031 in
2485 1993 2623 2033 eadem
2651 2001 2661 2013 ·

1562 2046 1733 2096 Epistola
1759 2044 1904 2083 subdit:
1939 2046 2016 2083 -Sed
2031 2044 2043 2071 ξ
2057 2072 2068 2092 ,
2097 2047 2179 2084 Deo
2207 2047 2495 2096 homiuejaeto,
2515 2055 2623 2087 ‘nota

1563 2099 1723 2149 quadam
1751 2099 1824 2135 Dei
1850 2104 1883 2135 et
1909 2099 2067 2136 hominis
2095 2102 2319 2149 operatione»

1616 2152 1735 2199 Quod
1763 2159 1893 2188 autern
1916 2151 2099 2200 intelligat
2116 2158 2130 2174 ⁰
2156 2152 2255 2190 duas
2280 2165 2362 2190 esse
2378 2150 2624 2202 operationes

1562 2204 1602 2242 in
1632 2204 1796 2251 Christo,
1824 2216 1945 2241 una-m
1967 2204 2125 2242 *divinae
2153 2212 2324 2251 naturae,
2345 2205 2467 2244 aliam
2493 2213 2626 2245 autem

1564 2259 1778 2303 humanae,
1807 2264 1910 2306 patet
1938 2264 1984 2294 ex
2011 2257 2071 2294 his
2094 2269 2200 2307 quae
2231 2258 2324 2296 dicit
2354 2258 2394 2296 in
2421 2268 2443 2296 11

1564 2364 1613 2400 ad
1641 2364 1853 2400 humanam
1883 2363 1966 2400 eius
1991 2363 2271 2412 operationem,
2289 2365 2402 2403 :Pater
2419 2365 2627 2414 eim

1563 2418 1718 2454 Sanctus
1746 2417 1850 2454 nulla
1877 2417 2022 2453 ratione
2047 2418 2343 2455 communicant.-
2362 2418 2441 2454 nisi
2456 2418 2546 2467 <quis
2571 2416 2625 2455 di-

1563 2471 1662 2507 xerit
1677 2470 1879 2507 secundum
1897 2470 2200 2519 benignissimam
2214 2475 2254 2506 -et
2264 2469 2553 2508 nu‘sericardem.
2562 2481 2624 2508 νο*

1564 2523 1751 2569 luntatem,
1766 2521 1999 2571 inquantum
2011 2521 2156 2559 scilicet
2167 2522 2286 2559 Pater
2299 2530 2336 2559 et
2353 2519 2516 2572 Spiritus
2530 2523 2625 2561 San*

1564 2583 1647 2612 ctus
1665 2587 1712 2612 ex
1732 2585 1802 2618 sua
1820 2573 2081 2612 misericordia
2097 2575 2305 2621 voluerunt
2325 2575 2522 2614 Christum
2542 2581 2626 2625 age·

1564 2640 1604 2665 re
1642 2635 1679 2665 et
1705 2627 1783 2677 pati
1816 2628 2002 2664 humana.
2040 2627 2157 2664 Addit
2180 2635 2332 2665 autern:
2365 2634 2402 2666 et
2431 2635 2586 2674 oum
2599 2631 2626 2654 Ὦ

1563 2682 1861 2718 sublimiaeimam
1910 2686 1944 2717 et
1991 2679 2216 2730 ineffabilem
2252 2682 2328 2718 >Dei
2369 2683 2626 2732 operatium

1564 2743 1676 2784 quam
1704 2739 1876 2783 operatus
1903 2738 1954 2770 est
1970 2733 2172 2770 secundum
2191 2746 2259 2771 nos
2275 2734 2405 2782 factus
2422 2736 2626 2773 incomme-

1564 2787 1683 2825 tabilts
1710 2799 1753 2824 eo
1781 2786 1881 2836 quod
1913 2787 2015 2823 Deus
2041 2791 2076 2823 et
2102 2786 2176 2823 Dei
2204 2788 2376 2825 Verbum.
2415 2787 2481 2826 Sic
2507 2787 2628 2836 igitur

1564 2847 1667 2890 patet
1685 2839 1792 2888 quod
1819 2837 1892 2875 alia
1911 2846 1966 2875 est
1985 2838 2067 2876 eius
2087 2839 2258 2889 operatio
2286 2840 2470 2886 humana,
2489 2839 2628 2890 inqua

1565 2894 1677 2930 Pater
1704 2899 1740 2929 et
1759 2891 1920 2941 Spiritus
1949 2891 2111 2930 Sanctus
2134 2899 2220 2930 'non
2238 2893 2528 2931 cormnuniount
2553 2891 2627 2932 nisi

1564 2945 1782 2983 secundum
1816 2943 2119 2994 >acceptationem
2154 2945 2436 2984 misericordiae
2459 2951 2473 2976 Ρ
2502 2950 2624 2985 *su-e:

1564 3006 1602 3036 et
1629 2997 1701 3036 alia
1726 3005 1783 3035 est
1800 2997 1884 3034 eius
1903 2997 2076 3047 operatio
2095 2997 2326 3048 inquantum
2346 3006 2410 3036 est
2431 2998 2509 3036 -Dei
2531 2999 2625 3037 Vnt·

1565 3052 1681 3097 bum,
1720 3050 1759 3088 in
1795 3062 1874 3100 qua
1913 3051 2204 3089 communicant
2241 3052 2356 3090 Pater
2386 3055 2428 3089 e't
2462 3050 2625 3102 Spiritus

1566 3105 1739 3142 Sanctus.

1563 3272 1583 3297 P
1601 3231 1790 3298 Βάθρξωῑῗ.
1801 3244 1821 3297 ἶ
1833 3237 1871 3262 aa
1889 3232 1989 3262 aarum
2001 3230 2362 3267 *autumabam-'uadit
2371 3230 2400 3262 Ρ.
2410 3244 2431 3256 r-
2441 3228 2626 3270 renem

1654 3272 1673 3297 't
1719 3275 1762 3297 sta
1781 3272 1803 3297 it
1811 3279 1831 3298 s.

1616 3303 1640 3341 Ε)
1660 3307 1722 3333 Sed.
1731 3322 1751 3327 -
1762 3307 1822 3333 Non
1837 3304 1926 3341 (Nunc
1935 3304 1972 3342 Έ)
1986 3307 2130 3340 seeundum
2145 3307 2231 3333 Deum
2244 3306 2451 3341 divinajaciene
2462 3304 2579 3341 (patient
2591 3305 2626 3342 E)

1563 3345 1615 3368 nou
1639 3340 1721 3376 (mne
1733 3340 1771 3377 Ἑ)
1784 3339 1909 3368 'humana
1925 3339 2076 3369 'umnam
2093 3339 2240 3373 'hominem
2253 3342 2307 3368 ved
2317 3340 2346 3367 -Ε
2364 3344 2391 3368 et
2406 3339 2490 3368 tertia.
2501 3352 2526 3362 <-
2536 3337 2626 3368 ‘emm

1562 3378 1679 3412 quadam
1698 3379 1743 3408 ΡΙς
1758 3378 1902 3412 quaedam.
2012 3402 2032 3411 a,

1615 3413 1641 3446 ο)
1661 3414 1802 3447 intelligat.
1821 3427 1840 3432 —-
1858 3413 1994 3439 intellexit
2014 3413 2085 3445 Flbc,
2105 3413 2270 3439 intellexerit
2287 3412 2340 3439 PG.

1616 3448 1645 3482 π)
1664 3456 1776 3475 omnem.
1788 3463 1808 3469 -
1821 3449 1855 3480 Ρ;
1870 3456 1924 3482 per
1940 3456 2044 3474 omnem
2058 3449 2075 3480 1,
2094 3457 2148 3475 om.
2162 3449 2227 3479 Fsc,
2244 3448 2425 3481 operationem
2444 3448 2530 3474 ceteri.
2541 3462 2561 3468 -
2573 3447 2625 3473 Pro

1562 3485 1705 3510 secundum
1731 3492 1786 3514 nos,
1806 3492 1897 3510 servos
1920 3485 1973 3515 AC,
1991 3491 2084 3510 servus
2106 3484 2152 3514 ab.
2170 3491 2251 3517 super
2274 3490 2321 3510 nos
2340 3483 2374 3514 Ε;
2393 3483 2412 3508 Ρ
2432 3483 2506 3515 legit:
2530 3490 2624 3517 opera-

1564 3519 1660 3545 tionem
1680 3527 1758 3552 quam
1777 3520 1855 3545 homo
1870 3526 1924 3552 pro
1942 3519 2016 3545 nobis
2031 3520 2125 3554 sactus
2142 3518 2298 3552 adimplevit
2314 3516 2487 3544 bum-mnis
2501 3519 2626 3554 prepete

1565 3555 1638 3580 Deus
1656 3558 1683 3580 et
1704 3555 1754 3580 Dei
1777 3555 1897 3581 Verbum.

1617 3589 1642 3623 ρ)
1662 3590 1870 3616 misericordiae.
1887 3604 1907 3609 -
1924 3590 2027 3621 Torum
2046 3590 2169 3616 omre
2187 3590 2216 3621 F,
2234 3589 2331 3616 mentis
2349 3589 2435 3615 ceteri.

1563 2312 1647 2349 Diu.
1667 2311 1783 2348 Nom.
1803 2310 1841 2357 ²¹5,
1870 2309 1938 2347 ubi
1964 2309 2055 2347 dicit
2082 2311 2189 2360 quod
2216 2312 2408 2363 {linquae
2432 2258 2627 2360 pm
2653 2317 2673 2356 :⁸
2850 2283 2853 2295 ÷
