<?xml version="1.0" encoding="UTF-8"?>
<!DOCTYPE html PUBLIC "-//W3C//DTD XHTML 1.0 Transitional//EN"
    "http://www.w3.org/TR/xhtml1/DTD/xhtml1-transitional.dtd">
<html xmlns="http://www.w3.org/1999/xhtml" xml:lang="en" lang="en">
 <head>
  <title>
</title>
<meta http-equiv="Content-Type" content="text/html;charset=utf-8" />
  <meta name='ocr-system' content='tesseract 3.04.00' />
  <meta name='ocr-capabilities' content='ocr_page ocr_carea ocr_par ocr_line ocrx_word'/>
</head>
<body>
  <div class='ocr_page' id='page_1' title='image "./operaomniaiussui11thom_0140.png"; bbox 0 0 2872 3970; ppageno 0'>
   <div class='ocr_carea' id='block_1_1' title="bbox 397 267 447 315">
    <p class='ocr_par' dir='ltr' id='par_1_1' title="bbox 397 267 447 315">
     <span class='ocr_line' id='line_1_1' title="bbox 397 267 447 315; baseline 0 0"><span class='ocrx_word' id='word_1_1' title='bbox 397 267 447 315; x_wconf 89' lang='lat'>84</span> 
     </span>
    </p>
   </div>
   <div class='ocr_carea' id='block_1_2' title="bbox 155 341 1460 385">
    <p class='ocr_par' dir='ltr' id='par_1_2' title="bbox 155 341 1460 385">
     <span class='ocr_line' id='line_1_2' title="bbox 155 341 1460 385; baseline -0.002 -10"><span class='ocrx_word' id='word_1_2' title='bbox 155 348 166 358; x_wconf 74' lang='lat'><strong><em>⁴</em></strong></span> <span class='ocrx_word' id='word_1_3' title='bbox 180 347 216 369; x_wconf 78' lang='lat' dir='ltr'>Cf·</span> <span class='ocrx_word' id='word_1_4' title='bbox 232 353 295 369; x_wconf 84' lang='lat' dir='ltr'>num.</span> <span class='ocrx_word' id='word_1_5' title='bbox 310 354 358 375; x_wconf 75' lang='lat' dir='ltr'>seq·</span> <span class='ocrx_word' id='word_1_6' title='bbox 393 356 490 377; x_wconf 90' lang='lat' dir='ltr'>mano</span> <span class='ocrx_word' id='word_1_7' title='bbox 504 347 531 376; x_wconf 45' lang='grc' dir='ltr'><strong>ἦ</strong></span> <span class='ocrx_word' id='word_1_8' title='bbox 555 346 596 376; x_wconf 91' lang='lat' dir='ltr'>Et</span> <span class='ocrx_word' id='word_1_9' title='bbox 612 345 743 385; x_wconf 89' lang='lat' dir='ltr'>quidem</span> <span class='ocrx_word' id='word_1_10' title='bbox 767 344 856 385; x_wconf 92' lang='lat' dir='ltr'>quod</span> <span class='ocrx_word' id='word_1_11' title='bbox 878 351 991 376; x_wconf 85' lang='lat' dir='ltr'>natura</span> <span class='ocrx_word' id='word_1_12' title='bbox 1013 345 1153 375; x_wconf 90' lang='lat' dir='ltr'>humana</span> <span class='ocrx_word' id='word_1_13' title='bbox 1169 343 1347 374; x_wconf 89' lang='lat' dir='ltr'>secundum</span> <span class='ocrx_word' id='word_1_14' title='bbox 1372 341 1460 382; x_wconf 91' lang='lat' dir='ltr'>quod</span> 
     </span>
    </p>
   </div>
   <div class='ocr_carea' id='block_1_3' title="bbox 155 958 317 987">
    <p class='ocr_par' dir='ltr' id='par_1_3' title="bbox 155 958 317 987">
     <span class='ocr_line' id='line_1_3' title="bbox 155 958 317 987; baseline 0.006 -9"><span class='ocrx_word' id='word_1_15' title='bbox 155 961 166 971; x_wconf 69' lang='lat'><strong><em>⁴</em></strong></span> <span class='ocrx_word' id='word_1_16' title='bbox 180 958 245 980; x_wconf 85' lang='lat' dir='ltr'>Vers.</span> <span class='ocrx_word' id='word_1_17' title='bbox 260 965 280 987; x_wconf 81' lang='lat'>3,</span> <span class='ocrx_word' id='word_1_18' title='bbox 295 965 317 985; x_wconf 85' lang='lat'>4.</span> 
     </span>
    </p>
   </div>
   <div class='ocr_carea' id='block_1_4' title="bbox 391 386 1462 2587">
    <p class='ocr_par' dir='ltr' id='par_1_4' title="bbox 392 386 1462 561">
     <span class='ocr_line' id='line_1_4' title="bbox 393 386 1461 429; baseline -0.004 -9"><span class='ocrx_word' id='word_1_19' title='bbox 393 396 439 421; x_wconf 88' lang='lat' dir='ltr'>est</span> <span class='ocrx_word' id='word_1_20' title='bbox 462 391 495 420; x_wconf 91' lang='lat' dir='ltr'>in</span> <span class='ocrx_word' id='word_1_21' title='bbox 518 389 682 420; x_wconf 87' lang='lat' dir='ltr'>intellectu</span> <span class='ocrx_word' id='word_1_22' title='bbox 705 389 825 426; x_wconf 90' lang='lat' dir='ltr'>divino,</span> <span class='ocrx_word' id='word_1_23' title='bbox 850 399 918 420; x_wconf 92' lang='lat' dir='ltr'>non</span> <span class='ocrx_word' id='word_1_24' title='bbox 940 390 1046 429; x_wconf 90' lang='lat' dir='ltr'>potuit</span> <span class='ocrx_word' id='word_1_25' title='bbox 1068 389 1196 424; x_wconf 88' lang='lat' dir='ltr'>assumi,</span> <span class='ocrx_word' id='word_1_26' title='bbox 1219 387 1334 428; x_wconf 89' lang='lat' dir='ltr'>probat</span> <span class='ocrx_word' id='word_1_27' title='bbox 1356 386 1461 427; x_wconf 89' lang='lat' dir='ltr'>dupli-</span> 
     </span>
     <span class='ocr_line' id='line_1_5' title="bbox 392 430 1462 473; baseline -0.004 -9"><span class='ocrx_word' id='word_1_28' title='bbox 392 435 479 465; x_wconf 88' lang='lat' dir='ltr'><strong>citer.</strong></span> <span class='ocrx_word' id='word_1_29' title='bbox 503 434 624 469; x_wconf 89' lang='lat' dir='ltr'>Primo,</span> <span class='ocrx_word' id='word_1_30' title='bbox 649 433 724 473; x_wconf 91' lang='lat' dir='ltr'>quia</span> <span class='ocrx_word' id='word_1_31' title='bbox 748 438 860 464; x_wconf 91' lang='lat' dir='ltr'>natura</span> <span class='ocrx_word' id='word_1_32' title='bbox 876 434 1018 463; x_wconf 88' lang='lat' dir='ltr'>humana</span> <span class='ocrx_word' id='word_1_33' title='bbox 1036 433 1080 463; x_wconf 92' lang='lat' dir='ltr'>sic</span> <span class='ocrx_word' id='word_1_34' title='bbox 1100 431 1178 462; x_wconf 88' lang='lat' dir='ltr'><strong>nihil</strong></span> <span class='ocrx_word' id='word_1_35' title='bbox 1195 430 1282 461; x_wconf 89' lang='lat' dir='ltr'>aliud</span> <span class='ocrx_word' id='word_1_36' title='bbox 1297 436 1344 461; x_wconf 89' lang='lat' dir='ltr'>est</span> <span class='ocrx_word' id='word_1_37' title='bbox 1363 439 1462 471; x_wconf 87' lang='lat' dir='ltr'>quam</span> 
     </span>
     <span class='ocr_line' id='line_1_6' title="bbox 392 475 1460 517; baseline -0.004 -9"><span class='ocrx_word' id='word_1_38' title='bbox 392 483 504 508; x_wconf 88' lang='lat' dir='ltr'>natura</span> <span class='ocrx_word' id='word_1_39' title='bbox 527 477 642 508; x_wconf 89' lang='lat' dir='ltr'>divina.</span> <span class='ocrx_word' id='word_1_40' title='bbox 659 495 681 499; x_wconf 88' lang='lat'><em>-</em></span> <span class='ocrx_word' id='word_1_41' title='bbox 704 477 864 514; x_wconf 89' lang='lat' dir='ltr'>Secundo,</span> <span class='ocrx_word' id='word_1_42' title='bbox 882 477 956 517; x_wconf 89' lang='lat' dir='ltr'>quia</span> <span class='ocrx_word' id='word_1_43' title='bbox 979 482 1090 507; x_wconf 83' lang='lat' dir='ltr'>natura</span> <span class='ocrx_word' id='word_1_44' title='bbox 1106 477 1246 506; x_wconf 89' lang='lat' dir='ltr'>humana</span> <span class='ocrx_word' id='word_1_45' title='bbox 1269 475 1307 505; x_wconf 88' lang='lat' dir='ltr'>ab</span> <span class='ocrx_word' id='word_1_46' title='bbox 1331 479 1460 505; x_wconf 88' lang='lat' dir='ltr'>aeterno</span> 
     </span>
     <span class='ocr_line' id='line_1_7' title="bbox 393 520 1080 561; baseline -0.003 -9"><span class='ocrx_word' id='word_1_47' title='bbox 393 527 475 552; x_wconf 88' lang='lat' dir='ltr'>esset</span> <span class='ocrx_word' id='word_1_48' title='bbox 498 522 531 551; x_wconf 94' lang='lat' dir='ltr'>in</span> <span class='ocrx_word' id='word_1_49' title='bbox 554 521 637 551; x_wconf 91' lang='lat' dir='ltr'>Filio</span> <span class='ocrx_word' id='word_1_50' title='bbox 661 521 722 551; x_wconf 91' lang='lat' dir='ltr'>Dei</span> <span class='ocrx_word' id='word_1_51' title='bbox 745 530 802 561; x_wconf 92' lang='lat' dir='ltr'>per</span> <span class='ocrx_word' id='word_1_52' title='bbox 824 521 911 551; x_wconf 89' lang='lat' dir='ltr'>hunc</span> <span class='ocrx_word' id='word_1_53' title='bbox 934 520 1080 550; x_wconf 90' lang='lat' dir='ltr'>modum.</span> 
     </span>
    </p>

    <p class='ocr_par' dir='ltr' id='par_1_5' title="bbox 391 562 1461 1220">
     <span class='ocr_line' id='line_1_8' title="bbox 448 562 1461 605; baseline -0.004 -9"><span class='ocrx_word' id='word_1_54' title='bbox 448 566 512 596; x_wconf 92' lang='lat' dir='ltr'>Ubi</span> <span class='ocrx_word' id='word_1_55' title='bbox 534 571 622 601; x_wconf 90' lang='lat' dir='ltr'>nota,</span> <span class='ocrx_word' id='word_1_56' title='bbox 645 574 705 605; x_wconf 89' lang='lat' dir='ltr'>pro</span> <span class='ocrx_word' id='word_1_57' title='bbox 729 565 851 605; x_wconf 89' lang='lat' dir='ltr'>primae</span> <span class='ocrx_word' id='word_1_58' title='bbox 866 565 996 595; x_wconf 89' lang='lat' dir='ltr'>rationis</span> <span class='ocrx_word' id='word_1_59' title='bbox 1021 563 1189 599; x_wconf 88' lang='lat' dir='ltr'>evidentia,</span> <span class='ocrx_word' id='word_1_60' title='bbox 1213 562 1303 603; x_wconf 87' lang='lat' dir='ltr'>quod</span> <span class='ocrx_word' id='word_1_61' title='bbox 1318 570 1388 592; x_wconf 87' lang='lat' dir='ltr'>esse</span> <span class='ocrx_word' id='word_1_62' title='bbox 1403 562 1461 592; x_wconf 92' lang='lat' dir='ltr'>ob-</span> 
     </span>
     <span class='ocr_line' id='line_1_9' title="bbox 393 605 1461 648; baseline -0.004 -8"><span class='ocrx_word' id='word_1_63' title='bbox 393 610 545 640; x_wconf 86' lang='lat' dir='ltr'>iectivum</span> <span class='ocrx_word' id='word_1_64' title='bbox 567 618 674 640; x_wconf 90' lang='lat' dir='ltr'>rerum</span> <span class='ocrx_word' id='word_1_65' title='bbox 697 614 843 648; x_wconf 86' lang='lat' dir='ltr'>respectu</span> <span class='ocrx_word' id='word_1_66' title='bbox 858 608 1037 638; x_wconf 88' lang='lat' dir='ltr'>intellectus</span> <span class='ocrx_word' id='word_1_67' title='bbox 1053 607 1151 638; x_wconf 90' lang='lat' dir='ltr'>divini</span> <span class='ocrx_word' id='word_1_68' title='bbox 1173 616 1241 637; x_wconf 89' lang='lat' dir='ltr'>non</span> <span class='ocrx_word' id='word_1_69' title='bbox 1257 612 1303 637; x_wconf 87' lang='lat' dir='ltr'>est</span> <span class='ocrx_word' id='word_1_70' title='bbox 1330 615 1399 637; x_wconf 85' lang='lat' dir='ltr'>esse</span> <span class='ocrx_word' id='word_1_71' title='bbox 1415 605 1461 636; x_wconf 87' lang='lat' dir='ltr'>di-</span> 
     </span>
     <span class='ocr_line' id='line_1_10' title="bbox 393 650 1459 690; baseline -0.005 -6"><span class='ocrx_word' id='word_1_72' title='bbox 393 654 566 690; x_wconf 90' lang='lat' dir='ltr'>minutum,</span> <span class='ocrx_word' id='word_1_73' title='bbox 579 658 615 684; x_wconf 89' lang='lat' dir='ltr'>ut</span> <span class='ocrx_word' id='word_1_74' title='bbox 629 654 755 688; x_wconf 89' lang='lat' dir='ltr'>Scotus,</span> <span class='ocrx_word' id='word_1_75' title='bbox 768 653 801 682; x_wconf 92' lang='lat' dir='ltr'>in</span> <span class='ocrx_word' id='word_1_76' title='bbox 817 662 909 682; x_wconf 81' lang='lat' dir='ltr'>xxxvr</span> <span class='ocrx_word' id='word_1_77' title='bbox 924 651 1127 682; x_wconf 89' lang='lat' dir='ltr'>distinctione</span> <span class='ocrx_word' id='word_1_78' title='bbox 1144 651 1155 681; x_wconf 93' lang='lat'>1</span> <span class='ocrx_word' id='word_1_79' title='bbox 1169 651 1266 687; x_wconf 68' lang='lat' dir='ltr'>Sent„</span> <span class='ocrx_word' id='word_1_80' title='bbox 1279 650 1459 681; x_wconf 88' lang='lat' dir='ltr'>somniavit.</span> 
     </span>
     <span class='ocr_line' id='line_1_11' title="bbox 393 694 1460 736; baseline -0.005 -8"><span class='ocrx_word' id='word_1_81' title='bbox 393 697 461 728; x_wconf 86' lang='lat' dir='ltr'>Nec</span> <span class='ocrx_word' id='word_1_82' title='bbox 485 703 531 728; x_wconf 89' lang='lat' dir='ltr'>est</span> <span class='ocrx_word' id='word_1_83' title='bbox 555 707 622 727; x_wconf 89' lang='lat' dir='ltr'>esse</span> <span class='ocrx_word' id='word_1_84' title='bbox 645 697 811 727; x_wconf 88' lang='lat' dir='ltr'>relativum</span> <span class='ocrx_word' id='word_1_85' title='bbox 827 697 973 726; x_wconf 85' lang='lat' dir='ltr'>rationis:</span> <span class='ocrx_word' id='word_1_86' title='bbox 1005 696 1095 735; x_wconf 85' lang='lat' dir='ltr'>quasi</span> <span class='ocrx_word' id='word_1_87' title='bbox 1123 694 1288 736; x_wconf 82' lang='lat' dir='ltr'>quoddam</span> <span class='ocrx_word' id='word_1_88' title='bbox 1310 694 1460 734; x_wconf 90' lang='lat' dir='ltr'>respecti-</span> 
     </span>
     <span class='ocr_line' id='line_1_12' title="bbox 392 737 1460 781; baseline -0.005 -9"><span class='ocrx_word' id='word_1_89' title='bbox 392 751 471 772; x_wconf 88' lang='lat' dir='ltr'>vum</span> <span class='ocrx_word' id='word_1_90' title='bbox 495 751 562 772; x_wconf 88' lang='lat' dir='ltr'>esse</span> <span class='ocrx_word' id='word_1_91' title='bbox 586 741 751 781; x_wconf 85' lang='lat' dir='ltr'>acquirant</span> <span class='ocrx_word' id='word_1_92' title='bbox 775 750 812 770; x_wconf 87' lang='lat' dir='ltr'>ex</span> <span class='ocrx_word' id='word_1_93' title='bbox 835 741 898 770; x_wconf 88' lang='lat' dir='ltr'>hoc</span> <span class='ocrx_word' id='word_1_94' title='bbox 923 739 1012 779; x_wconf 93' lang='lat' dir='ltr'>quod</span> <span class='ocrx_word' id='word_1_95' title='bbox 1029 740 1224 770; x_wconf 90' lang='lat' dir='ltr'>obiiciuntur</span> <span class='ocrx_word' id='word_1_96' title='bbox 1243 738 1351 769; x_wconf 90' lang='lat' dir='ltr'>divino</span> <span class='ocrx_word' id='word_1_97' title='bbox 1368 737 1460 768; x_wconf 92' lang='lat' dir='ltr'>intel-</span> 
     </span>
     <span class='ocr_line' id='line_1_13' title="bbox 392 782 1461 823; baseline -0.005 -7"><span class='ocrx_word' id='word_1_98' title='bbox 392 786 499 816; x_wconf 88' lang='lat' dir='ltr'>lectui.</span> <span class='ocrx_word' id='word_1_99' title='bbox 525 785 688 823; x_wconf 89' lang='lat' dir='ltr'><strong>Quoniam</strong></span> <span class='ocrx_word' id='word_1_100' title='bbox 713 785 810 820; x_wconf 89' lang='lat' dir='ltr'>Deus,</span> <span class='ocrx_word' id='word_1_101' title='bbox 835 783 1013 814; x_wconf 90' lang='lat' dir='ltr'>secundum</span> <span class='ocrx_word' id='word_1_102' title='bbox 1036 793 1144 813; x_wconf 87' lang='lat' dir='ltr'>veram</span> <span class='ocrx_word' id='word_1_103' title='bbox 1166 782 1406 823; x_wconf 84' lang='lat' dir='ltr'>philosophiam</span> <span class='ocrx_word' id='word_1_104' title='bbox 1430 787 1461 811; x_wconf 92' lang='lat' dir='ltr'>et</span> 
     </span>
     <span class='ocr_line' id='line_1_14' title="bbox 393 825 1460 870; baseline -0.005 -10"><span class='ocrx_word' id='word_1_105' title='bbox 393 830 577 860; x_wconf 88' lang='lat' dir='ltr'>altissimam</span> <span class='ocrx_word' id='word_1_106' title='bbox 601 829 808 868; x_wconf 84' lang='lat' dir='ltr'>theologiam,</span> <span class='ocrx_word' id='word_1_107' title='bbox 825 828 903 858; x_wconf 91' lang='lat' dir='ltr'>nihil</span> <span class='ocrx_word' id='word_1_108' title='bbox 926 827 1073 870; x_wconf 88' lang='lat' dir='ltr'>intelligit</span> <span class='ocrx_word' id='word_1_109' title='bbox 1096 832 1182 857; x_wconf 88' lang='lat' dir='ltr'>extra</span> <span class='ocrx_word' id='word_1_110' title='bbox 1205 836 1254 857; x_wconf 87' lang='lat' dir='ltr'>se:</span> <span class='ocrx_word' id='word_1_111' title='bbox 1279 835 1347 856; x_wconf 92' lang='lat' dir='ltr'>non</span> <span class='ocrx_word' id='word_1_112' title='bbox 1370 825 1460 866; x_wconf 89' lang='lat' dir='ltr'>quod</span> 
     </span>
     <span class='ocr_line' id='line_1_15' title="bbox 394 870 1460 913; baseline -0.005 -9"><span class='ocrx_word' id='word_1_113' title='bbox 394 873 515 913; x_wconf 89' lang='lat' dir='ltr'>aliquid</span> <span class='ocrx_word' id='word_1_114' title='bbox 530 873 621 903; x_wconf 90' lang='lat' dir='ltr'>illum</span> <span class='ocrx_word' id='word_1_115' title='bbox 638 873 741 908; x_wconf 89' lang='lat' dir='ltr'>lateat,</span> <span class='ocrx_word' id='word_1_116' title='bbox 759 871 814 902; x_wconf 90' lang='lat' dir='ltr'>sed</span> <span class='ocrx_word' id='word_1_117' title='bbox 831 872 916 912; x_wconf 89' lang='lat' dir='ltr'>quia,</span> <span class='ocrx_word' id='word_1_118' title='bbox 929 871 1086 902; x_wconf 91' lang='lat' dir='ltr'>intuendo</span> <span class='ocrx_word' id='word_1_119' title='bbox 1107 871 1250 911; x_wconf 91' lang='lat' dir='ltr'>seipsum</span> <span class='ocrx_word' id='word_1_120' title='bbox 1264 876 1400 906; x_wconf 87' lang='lat' dir='ltr'>tantum,</span> <span class='ocrx_word' id='word_1_121' title='bbox 1412 870 1460 899; x_wconf 92' lang='lat' dir='ltr'>in-</span> 
     </span>
     <span class='ocr_line' id='line_1_16' title="bbox 393 914 1461 956; baseline -0.003 -9"><span class='ocrx_word' id='word_1_122' title='bbox 393 923 500 951; x_wconf 79' lang='lat' dir='ltr'>tuetur</span> <span class='ocrx_word' id='word_1_123' title='bbox 517 917 635 952; x_wconf 86' lang='lat' dir='ltr'>omnia,</span> <span class='ocrx_word' id='word_1_124' title='bbox 653 916 809 956; x_wconf 89' lang='lat' dir='ltr'>quoniam</span> <span class='ocrx_word' id='word_1_125' title='bbox 826 915 935 945; x_wconf 91' lang='lat' dir='ltr'>omnia</span> <span class='ocrx_word' id='word_1_126' title='bbox 959 921 990 946; x_wconf 92' lang='lat' dir='ltr'>et</span> <span class='ocrx_word' id='word_1_127' title='bbox 1006 915 1235 955; x_wconf 85' lang='lat' dir='ltr'>cognoscibilia</span> <span class='ocrx_word' id='word_1_128' title='bbox 1252 920 1283 944; x_wconf 94' lang='lat' dir='ltr'>et</span> <span class='ocrx_word' id='word_1_129' title='bbox 1299 914 1428 954; x_wconf 85' lang='lat' dir='ltr'>cognita</span> <span class='ocrx_word' id='word_1_130' title='bbox 1443 923 1461 943; x_wconf 92' lang='lat' dir='ltr'>a</span> 
     </span>
     <span class='ocr_line' id='line_1_17' title="bbox 393 958 1457 1000; baseline -0.003 -9"><span class='ocrx_word' id='word_1_131' title='bbox 393 961 474 997; x_wconf 84' lang='lat' dir='ltr'>Deo,</span> <span class='ocrx_word' id='word_1_132' title='bbox 492 966 566 991; x_wconf 88' lang='lat' dir='ltr'>sunt</span> <span class='ocrx_word' id='word_1_133' title='bbox 581 961 649 1000; x_wconf 91' lang='lat' dir='ltr'>ipse</span> <span class='ocrx_word' id='word_1_134' title='bbox 666 960 764 996; x_wconf 90' lang='lat' dir='ltr'>Deus,</span> <span class='ocrx_word' id='word_1_135' title='bbox 780 960 867 990; x_wconf 84' lang='lat' dir='ltr'>iuxta</span> <span class='ocrx_word' id='word_1_136' title='bbox 882 959 960 990; x_wconf 87' lang='lat' dir='ltr'>illud</span> <span class='ocrx_word' id='word_1_137' title='bbox 977 959 1064 989; x_wconf 88' lang='lat' dir='ltr'>Ioan.</span> <span class='ocrx_word' id='word_1_138' title='bbox 1078 969 1088 989; x_wconf 89' lang='lat'>1</span> <span class='ocrx_word' id='word_1_139' title='bbox 1104 959 1130 995; x_wconf 66' lang='lat'>³⁶,</span> <span class='ocrx_word' id='word_1_140' title='bbox 1147 958 1244 995; x_wconf 82' lang='lat' dir='ltr'>Quod</span> <span class='ocrx_word' id='word_1_141' title='bbox 1253 959 1386 1000; x_wconf 86' lang='lat' dir='ltr'>factum</span> <span class='ocrx_word' id='word_1_142' title='bbox 1402 962 1457 994; x_wconf 87' lang='lat' dir='ltr'>est,</span> 
     </span>
     <span class='ocr_line' id='line_1_18' title="bbox 393 1001 1460 1045; baseline -0.003 -10"><span class='ocrx_word' id='word_1_143' title='bbox 393 1005 425 1035; x_wconf 90' lang='lat' dir='ltr'>in</span> <span class='ocrx_word' id='word_1_144' title='bbox 443 1006 511 1045; x_wconf 84' lang='lat' dir='ltr'>ipso</span> <span class='ocrx_word' id='word_1_145' title='bbox 536 1005 602 1035; x_wconf 82' lang='lat' dir='ltr'>vita</span> <span class='ocrx_word' id='word_1_146' title='bbox 619 1009 699 1034; x_wconf 82' lang='lat' dir='ltr'>erat.</span> <span class='ocrx_word' id='word_1_147' title='bbox 723 1004 809 1041; x_wconf 83' lang='lat' dir='ltr'>Quia</span> <span class='ocrx_word' id='word_1_148' title='bbox 826 1013 902 1044; x_wconf 86' lang='lat' dir='ltr'>ergo</span> <span class='ocrx_word' id='word_1_149' title='bbox 919 1004 1101 1033; x_wconf 88' lang='lat' dir='ltr'>humanitas</span> <span class='ocrx_word' id='word_1_150' title='bbox 1118 1003 1150 1033; x_wconf 90' lang='lat' dir='ltr'>in</span> <span class='ocrx_word' id='word_1_151' title='bbox 1167 1002 1332 1033; x_wconf 87' lang='lat' dir='ltr'>intellectu</span> <span class='ocrx_word' id='word_1_152' title='bbox 1352 1001 1460 1032; x_wconf 90' lang='lat' dir='ltr'>divino</span> 
     </span>
     <span class='ocr_line' id='line_1_19' title="bbox 391 1046 1460 1088; baseline -0.003 -9"><span class='ocrx_word' id='word_1_153' title='bbox 391 1049 471 1080; x_wconf 90' lang='lat' dir='ltr'>nihil</span> <span class='ocrx_word' id='word_1_154' title='bbox 487 1048 574 1079; x_wconf 88' lang='lat' dir='ltr'>aliud</span> <span class='ocrx_word' id='word_1_155' title='bbox 590 1054 637 1078; x_wconf 88' lang='lat' dir='ltr'>est</span> <span class='ocrx_word' id='word_1_156' title='bbox 653 1057 751 1088; x_wconf 89' lang='lat' dir='ltr'>quam</span> <span class='ocrx_word' id='word_1_157' title='bbox 775 1047 873 1078; x_wconf 84' lang='lat' dir='ltr'>deitas</span> <span class='ocrx_word' id='word_1_158' title='bbox 890 1047 1070 1078; x_wconf 88' lang='lat' dir='ltr'>secundum</span> <span class='ocrx_word' id='word_1_159' title='bbox 1093 1046 1125 1078; x_wconf 93' lang='lat' dir='ltr'>id</span> <span class='ocrx_word' id='word_1_160' title='bbox 1142 1056 1208 1087; x_wconf 91' lang='lat' dir='ltr'>quo</span> <span class='ocrx_word' id='word_1_161' title='bbox 1227 1046 1460 1077; x_wconf 85' lang='lat' dir='ltr'>humanitatem</span> 
     </span>
     <span class='ocr_line' id='line_1_20' title="bbox 393 1090 1459 1132; baseline -0.003 -9"><span class='ocrx_word' id='word_1_162' title='bbox 393 1093 545 1128; x_wconf 90' lang='lat' dir='ltr'>continet,</span> <span class='ocrx_word' id='word_1_163' title='bbox 572 1092 646 1122; x_wconf 90' lang='lat' dir='ltr'>ideo</span> <span class='ocrx_word' id='word_1_164' title='bbox 671 1092 794 1132; x_wconf 85' lang='lat' dir='ltr'>optime</span> <span class='ocrx_word' id='word_1_165' title='bbox 817 1092 897 1122; x_wconf 90' lang='lat' dir='ltr'>ratio</span> <span class='ocrx_word' id='word_1_166' title='bbox 923 1091 1044 1122; x_wconf 83' lang='lat' dir='ltr'>litterae</span> <span class='ocrx_word' id='word_1_167' title='bbox 1070 1090 1234 1122; x_wconf 84' lang='lat' dir='ltr'>concludit</span> <span class='ocrx_word' id='word_1_168' title='bbox 1257 1090 1348 1131; x_wconf 89' lang='lat' dir='ltr'>quod</span> <span class='ocrx_word' id='word_1_169' title='bbox 1372 1099 1459 1120; x_wconf 90' lang='lat' dir='ltr'>assu-</span> 
     </span>
     <span class='ocr_line' id='line_1_21' title="bbox 391 1135 1459 1171; baseline -0.003 -4"><span class='ocrx_word' id='word_1_170' title='bbox 391 1146 478 1167; x_wconf 89' lang='lat' dir='ltr'>mere</span> <span class='ocrx_word' id='word_1_171' title='bbox 504 1136 736 1166; x_wconf 87' lang='lat' dir='ltr'>humanitatem</span> <span class='ocrx_word' id='word_1_172' title='bbox 758 1141 794 1166; x_wconf 91' lang='lat' dir='ltr'>ut</span> <span class='ocrx_word' id='word_1_173' title='bbox 816 1140 862 1166; x_wconf 90' lang='lat' dir='ltr'>est</span> <span class='ocrx_word' id='word_1_174' title='bbox 885 1136 918 1166; x_wconf 93' lang='lat' dir='ltr'>in</span> <span class='ocrx_word' id='word_1_175' title='bbox 941 1135 1105 1166; x_wconf 89' lang='lat' dir='ltr'>intellectu</span> <span class='ocrx_word' id='word_1_176' title='bbox 1127 1135 1246 1171; x_wconf 90' lang='lat' dir='ltr'>divino,</span> <span class='ocrx_word' id='word_1_177' title='bbox 1268 1140 1349 1165; x_wconf 90' lang='lat' dir='ltr'>esset</span> <span class='ocrx_word' id='word_1_178' title='bbox 1372 1143 1459 1164; x_wconf 89' lang='lat' dir='ltr'>assu-</span> 
     </span>
     <span class='ocr_line' id='line_1_22' title="bbox 391 1178 1356 1220; baseline -0.002 -9"><span class='ocrx_word' id='word_1_179' title='bbox 391 1190 479 1211; x_wconf 86' lang='lat' dir='ltr'>mere</span> <span class='ocrx_word' id='word_1_180' title='bbox 501 1186 647 1211; x_wconf 85' lang='lat' dir='ltr'>naturam</span> <span class='ocrx_word' id='word_1_181' title='bbox 671 1180 827 1210; x_wconf 88' lang='lat' dir='ltr'>divinam:</span> <span class='ocrx_word' id='word_1_182' title='bbox 853 1189 936 1220; x_wconf 90' lang='lat' dir='ltr'>quae</span> <span class='ocrx_word' id='word_1_183' title='bbox 959 1189 1027 1210; x_wconf 93' lang='lat' dir='ltr'>non</span> <span class='ocrx_word' id='word_1_184' title='bbox 1050 1185 1097 1210; x_wconf 89' lang='lat' dir='ltr'>est</span> <span class='ocrx_word' id='word_1_185' title='bbox 1121 1178 1356 1219; x_wconf 83' lang='lat' dir='ltr'>assumptibilis.</span> 
     </span>
    </p>

    <p class='ocr_par' dir='ltr' id='par_1_6' title="bbox 391 1222 1459 1388">
     <span class='ocr_line' id='line_1_23' title="bbox 447 1222 1459 1265; baseline -0.002 -10"><span class='ocrx_word' id='word_1_186' title='bbox 447 1225 488 1255; x_wconf 88' lang='lat' dir='ltr'>Et</span> <span class='ocrx_word' id='word_1_187' title='bbox 512 1225 587 1265; x_wconf 87' lang='lat' dir='ltr'>quia</span> <span class='ocrx_word' id='word_1_188' title='bbox 617 1224 715 1254; x_wconf 88' lang='lat' dir='ltr'>deitas</span> <span class='ocrx_word' id='word_1_189' title='bbox 739 1229 785 1255; x_wconf 91' lang='lat' dir='ltr'>est</span> <span class='ocrx_word' id='word_1_190' title='bbox 808 1225 841 1254; x_wconf 89' lang='lat' dir='ltr'>in</span> <span class='ocrx_word' id='word_1_191' title='bbox 865 1223 947 1254; x_wconf 89' lang='lat' dir='ltr'>Filio</span> <span class='ocrx_word' id='word_1_192' title='bbox 972 1224 1010 1254; x_wconf 89' lang='lat' dir='ltr'>ab</span> <span class='ocrx_word' id='word_1_193' title='bbox 1034 1229 1179 1260; x_wconf 87' lang='lat' dir='ltr'>aeterno,</span> <span class='ocrx_word' id='word_1_194' title='bbox 1203 1223 1347 1263; x_wconf 90' lang='lat' dir='ltr'>sequitur</span> <span class='ocrx_word' id='word_1_195' title='bbox 1370 1222 1459 1263; x_wconf 90' lang='lat' dir='ltr'>quod</span> 
     </span>
     <span class='ocr_line' id='line_1_24' title="bbox 391 1266 1459 1308; baseline -0.003 -9"><span class='ocrx_word' id='word_1_196' title='bbox 391 1274 504 1300; x_wconf 87' lang='lat' dir='ltr'>natura</span> <span class='ocrx_word' id='word_1_197' title='bbox 519 1269 669 1305; x_wconf 84' lang='lat' dir='ltr'>humana,</span> <span class='ocrx_word' id='word_1_198' title='bbox 693 1277 750 1308; x_wconf 91' lang='lat' dir='ltr'>per</span> <span class='ocrx_word' id='word_1_199' title='bbox 764 1269 852 1298; x_wconf 89' lang='lat' dir='ltr'>hunc</span> <span class='ocrx_word' id='word_1_200' title='bbox 868 1267 1004 1298; x_wconf 91' lang='lat' dir='ltr'>modum</span> <span class='ocrx_word' id='word_1_201' title='bbox 1024 1267 1158 1304; x_wconf 90' lang='lat' dir='ltr'>essendi,</span> <span class='ocrx_word' id='word_1_202' title='bbox 1176 1273 1222 1298; x_wconf 88' lang='lat' dir='ltr'>est</span> <span class='ocrx_word' id='word_1_203' title='bbox 1237 1267 1270 1297; x_wconf 92' lang='lat' dir='ltr'>in</span> <span class='ocrx_word' id='word_1_204' title='bbox 1292 1266 1374 1297; x_wconf 93' lang='lat' dir='ltr'>Filio</span> <span class='ocrx_word' id='word_1_205' title='bbox 1399 1267 1459 1297; x_wconf 92' lang='lat' dir='ltr'>Dei</span> 
     </span>
     <span class='ocr_line' id='line_1_25' title="bbox 393 1310 1459 1352; baseline -0.002 -9"><span class='ocrx_word' id='word_1_206' title='bbox 393 1314 431 1343; x_wconf 88' lang='lat' dir='ltr'>ab</span> <span class='ocrx_word' id='word_1_207' title='bbox 455 1318 596 1349; x_wconf 89' lang='lat' dir='ltr'>aeterno,</span> <span class='ocrx_word' id='word_1_208' title='bbox 621 1318 652 1343; x_wconf 89' lang='lat' dir='ltr'>et</span> <span class='ocrx_word' id='word_1_209' title='bbox 667 1322 735 1342; x_wconf 91' lang='lat' dir='ltr'>non</span> <span class='ocrx_word' id='word_1_210' title='bbox 756 1322 793 1342; x_wconf 85' lang='lat' dir='ltr'>ex</span> <span class='ocrx_word' id='word_1_211' title='bbox 813 1318 960 1352; x_wconf 90' lang='lat' dir='ltr'>tempore</span> <span class='ocrx_word' id='word_1_212' title='bbox 976 1313 1165 1342; x_wconf 88' lang='lat' dir='ltr'>coniuncta:</span> <span class='ocrx_word' id='word_1_213' title='bbox 1190 1317 1226 1342; x_wconf 91' lang='lat' dir='ltr'>ut</span> <span class='ocrx_word' id='word_1_214' title='bbox 1249 1310 1389 1342; x_wconf 90' lang='lat' dir='ltr'>secunda</span> <span class='ocrx_word' id='word_1_215' title='bbox 1411 1319 1459 1341; x_wconf 90' lang='lat' dir='ltr'>ra-</span> 
     </span>
     <span class='ocr_line' id='line_1_26' title="bbox 392 1357 636 1388; baseline -0.004 0"><span class='ocrx_word' id='word_1_216' title='bbox 392 1358 438 1388; x_wconf 92' lang='lat' dir='ltr'>tio</span> <span class='ocrx_word' id='word_1_217' title='bbox 463 1357 636 1387; x_wconf 87' lang='lat' dir='ltr'>subiunxit.</span> 
     </span>
    </p>

    <p class='ocr_par' dir='ltr' id='par_1_7' title="bbox 391 1399 1461 1748">
     <span class='ocr_line' id='line_1_27' title="bbox 446 1399 1459 1440; baseline -0.002 -9"><span class='ocrx_word' id='word_1_218' title='bbox 446 1401 556 1431; x_wconf 87' lang='lat' dir='ltr'>Potest</span> <span class='ocrx_word' id='word_1_219' title='bbox 585 1406 692 1431; x_wconf 88' lang='lat' dir='ltr'>tamen</span> <span class='ocrx_word' id='word_1_220' title='bbox 721 1401 810 1431; x_wconf 89' lang='lat' dir='ltr'>aliter</span> <span class='ocrx_word' id='word_1_221' title='bbox 839 1399 948 1430; x_wconf 91' lang='lat' dir='ltr'>induci</span> <span class='ocrx_word' id='word_1_222' title='bbox 978 1400 1057 1430; x_wconf 90' lang='lat' dir='ltr'>haec</span> <span class='ocrx_word' id='word_1_223' title='bbox 1080 1399 1220 1430; x_wconf 86' lang='lat' dir='ltr'>secunda</span> <span class='ocrx_word' id='word_1_224' title='bbox 1242 1399 1322 1430; x_wconf 90' lang='lat' dir='ltr'>ratio</span> <span class='ocrx_word' id='word_1_225' title='bbox 1346 1408 1404 1440; x_wconf 88' lang='lat' dir='ltr'>per</span> <span class='ocrx_word' id='word_1_226' title='bbox 1426 1409 1459 1430; x_wconf 88' lang='lat' dir='ltr'>se</span> 
     </span>
     <span class='ocr_line' id='line_1_28' title="bbox 392 1443 1460 1484; baseline -0.003 -8"><span class='ocrx_word' id='word_1_227' title='bbox 392 1455 554 1476; x_wconf 86' lang='lat' dir='ltr'>seorsum:</span> <span class='ocrx_word' id='word_1_228' title='bbox 580 1450 615 1475; x_wconf 91' lang='lat' dir='ltr'>ut</span> <span class='ocrx_word' id='word_1_229' title='bbox 638 1445 677 1474; x_wconf 90' lang='lat' dir='ltr'>sit</span> <span class='ocrx_word' id='word_1_230' title='bbox 700 1454 810 1474; x_wconf 90' lang='lat' dir='ltr'>sensus</span> <span class='ocrx_word' id='word_1_231' title='bbox 834 1443 933 1484; x_wconf 89' lang='lat' dir='ltr'>quod,</span> <span class='ocrx_word' id='word_1_232' title='bbox 958 1443 1116 1484; x_wconf 91' lang='lat' dir='ltr'>quidquid</span> <span class='ocrx_word' id='word_1_233' title='bbox 1132 1445 1170 1474; x_wconf 93' lang='lat' dir='ltr'>sit</span> <span class='ocrx_word' id='word_1_234' title='bbox 1192 1443 1271 1474; x_wconf 91' lang='lat' dir='ltr'>illud</span> <span class='ocrx_word' id='word_1_235' title='bbox 1288 1453 1355 1474; x_wconf 89' lang='lat' dir='ltr'>esse</span> <span class='ocrx_word' id='word_1_236' title='bbox 1371 1443 1460 1474; x_wconf 89' lang='lat' dir='ltr'>obie-</span> 
     </span>
     <span class='ocr_line' id='line_1_29' title="bbox 393 1487 1460 1527; baseline -0.002 -8"><span class='ocrx_word' id='word_1_237' title='bbox 393 1490 513 1520; x_wconf 89' lang='lat' dir='ltr'>ctivum</span> <span class='ocrx_word' id='word_1_238' title='bbox 529 1489 733 1518; x_wconf 88' lang='lat' dir='ltr'>humanitatis</span> <span class='ocrx_word' id='word_1_239' title='bbox 748 1489 781 1518; x_wconf 90' lang='lat' dir='ltr'>in</span> <span class='ocrx_word' id='word_1_240' title='bbox 793 1488 957 1518; x_wconf 88' lang='lat' dir='ltr'>intellectu</span> <span class='ocrx_word' id='word_1_241' title='bbox 969 1487 1088 1524; x_wconf 88' lang='lat' dir='ltr'>divino,</span> <span class='ocrx_word' id='word_1_242' title='bbox 1105 1488 1286 1518; x_wconf 86' lang='lat' dir='ltr'>humanitas</span> <span class='ocrx_word' id='word_1_243' title='bbox 1301 1497 1358 1527; x_wconf 89' lang='lat' dir='ltr'>per</span> <span class='ocrx_word' id='word_1_244' title='bbox 1373 1487 1460 1518; x_wconf 90' lang='lat' dir='ltr'>hunc</span> 
     </span>
     <span class='ocr_line' id='line_1_30' title="bbox 391 1531 1460 1572; baseline -0.003 -8"><span class='ocrx_word' id='word_1_245' title='bbox 391 1533 543 1568; x_wconf 89' lang='lat' dir='ltr'>modum,</span> <span class='ocrx_word' id='word_1_246' title='bbox 567 1532 686 1562; x_wconf 90' lang='lat' dir='ltr'>scilicet</span> <span class='ocrx_word' id='word_1_247' title='bbox 708 1532 887 1562; x_wconf 89' lang='lat' dir='ltr'>secundum</span> <span class='ocrx_word' id='word_1_248' title='bbox 911 1531 1001 1572; x_wconf 92' lang='lat' dir='ltr'>quod</span> <span class='ocrx_word' id='word_1_249' title='bbox 1024 1537 1071 1562; x_wconf 87' lang='lat' dir='ltr'>est</span> <span class='ocrx_word' id='word_1_250' title='bbox 1094 1532 1258 1562; x_wconf 90' lang='lat' dir='ltr'>obiectum</span> <span class='ocrx_word' id='word_1_251' title='bbox 1281 1531 1460 1561; x_wconf 90' lang='lat' dir='ltr'>intellectus</span> 
     </span>
     <span class='ocr_line' id='line_1_31' title="bbox 393 1575 1460 1616; baseline -0.002 -9"><span class='ocrx_word' id='word_1_252' title='bbox 393 1577 501 1613; x_wconf 91' lang='lat' dir='ltr'>divini,</span> <span class='ocrx_word' id='word_1_253' title='bbox 519 1578 557 1607; x_wconf 91' lang='lat' dir='ltr'>ab</span> <span class='ocrx_word' id='word_1_254' title='bbox 574 1582 704 1606; x_wconf 90' lang='lat' dir='ltr'>aeterno</span> <span class='ocrx_word' id='word_1_255' title='bbox 722 1582 768 1606; x_wconf 90' lang='lat' dir='ltr'>est</span> <span class='ocrx_word' id='word_1_256' title='bbox 784 1577 816 1606; x_wconf 90' lang='lat' dir='ltr'>in</span> <span class='ocrx_word' id='word_1_257' title='bbox 832 1576 915 1606; x_wconf 87' lang='lat' dir='ltr'>Filio</span> <span class='ocrx_word' id='word_1_258' title='bbox 932 1575 1002 1611; x_wconf 92' lang='lat' dir='ltr'>Dei,</span> <span class='ocrx_word' id='word_1_259' title='bbox 1019 1581 1133 1615; x_wconf 90' lang='lat' dir='ltr'>utpote</span> <span class='ocrx_word' id='word_1_260' title='bbox 1150 1576 1206 1616; x_wconf 90' lang='lat' dir='ltr'>qui</span> <span class='ocrx_word' id='word_1_261' title='bbox 1223 1580 1269 1605; x_wconf 91' lang='lat' dir='ltr'>est</span> <span class='ocrx_word' id='word_1_262' title='bbox 1283 1576 1352 1615; x_wconf 90' lang='lat' dir='ltr'>ipse</span> <span class='ocrx_word' id='word_1_263' title='bbox 1367 1575 1460 1605; x_wconf 91' lang='lat' dir='ltr'>intel-</span> 
     </span>
     <span class='ocr_line' id='line_1_32' title="bbox 392 1619 1460 1660; baseline -0.003 -8"><span class='ocrx_word' id='word_1_264' title='bbox 392 1623 493 1652; x_wconf 90' lang='lat' dir='ltr'>lectus</span> <span class='ocrx_word' id='word_1_265' title='bbox 509 1621 644 1652; x_wconf 89' lang='lat' dir='ltr'>divinus.</span> <span class='ocrx_word' id='word_1_266' title='bbox 661 1620 738 1650; x_wconf 91' lang='lat' dir='ltr'>Non</span> <span class='ocrx_word' id='word_1_267' title='bbox 754 1630 830 1660; x_wconf 87' lang='lat' dir='ltr'>ergo</span> <span class='ocrx_word' id='word_1_268' title='bbox 848 1625 912 1650; x_wconf 87' lang='lat' dir='ltr'>erat</span> <span class='ocrx_word' id='word_1_269' title='bbox 928 1629 1011 1660; x_wconf 91' lang='lat' dir='ltr'>opus</span> <span class='ocrx_word' id='word_1_270' title='bbox 1027 1625 1063 1650; x_wconf 86' lang='lat' dir='ltr'>ut</span> <span class='ocrx_word' id='word_1_271' title='bbox 1085 1625 1259 1650; x_wconf 86' lang='lat' dir='ltr'>assumeret</span> <span class='ocrx_word' id='word_1_272' title='bbox 1281 1619 1460 1649; x_wconf 90' lang='lat' dir='ltr'>humanita-</span> 
     </span>
     <span class='ocr_line' id='line_1_33' title="bbox 391 1663 1461 1704; baseline -0.003 -8"><span class='ocrx_word' id='word_1_273' title='bbox 391 1672 458 1696; x_wconf 88' lang='lat' dir='ltr'>tem</span> <span class='ocrx_word' id='word_1_274' title='bbox 482 1666 543 1696; x_wconf 87' lang='lat' dir='ltr'>sic:</span> <span class='ocrx_word' id='word_1_275' title='bbox 568 1665 676 1695; x_wconf 89' lang='lat' dir='ltr'>nullus</span> <span class='ocrx_word' id='word_1_276' title='bbox 700 1665 785 1695; x_wconf 88' lang='lat' dir='ltr'>enim</span> <span class='ocrx_word' id='word_1_277' title='bbox 802 1665 934 1695; x_wconf 89' lang='lat' dir='ltr'>assumit</span> <span class='ocrx_word' id='word_1_278' title='bbox 949 1663 1070 1704; x_wconf 90' lang='lat' dir='ltr'>aliquid</span> <span class='ocrx_word' id='word_1_279' title='bbox 1085 1664 1140 1694; x_wconf 93' lang='lat' dir='ltr'>illo</span> <span class='ocrx_word' id='word_1_280' title='bbox 1157 1663 1257 1694; x_wconf 91' lang='lat' dir='ltr'>modo</span> <span class='ocrx_word' id='word_1_281' title='bbox 1281 1673 1348 1704; x_wconf 90' lang='lat' dir='ltr'>quo</span> <span class='ocrx_word' id='word_1_282' title='bbox 1364 1663 1461 1693; x_wconf 86' lang='lat' dir='ltr'>habe-</span> 
     </span>
     <span class='ocr_line' id='line_1_34' title="bbox 392 1707 1460 1748; baseline -0.002 -8"><span class='ocrx_word' id='word_1_283' title='bbox 392 1711 455 1740; x_wconf 90' lang='lat' dir='ltr'>bat.</span> <span class='ocrx_word' id='word_1_284' title='bbox 479 1709 520 1740; x_wconf 92' lang='lat' dir='ltr'>Et</span> <span class='ocrx_word' id='word_1_285' title='bbox 542 1710 594 1740; x_wconf 92' lang='lat' dir='ltr'>hic</span> <span class='ocrx_word' id='word_1_286' title='bbox 611 1718 721 1739; x_wconf 88' lang='lat' dir='ltr'>sensus</span> <span class='ocrx_word' id='word_1_287' title='bbox 744 1709 776 1738; x_wconf 92' lang='lat' dir='ltr'>in</span> <span class='ocrx_word' id='word_1_288' title='bbox 795 1709 1005 1748; x_wconf 89' lang='lat' dir='ltr'>responsione</span> <span class='ocrx_word' id='word_1_289' title='bbox 1022 1707 1060 1738; x_wconf 88' lang='lat' dir='ltr'>ad</span> <span class='ocrx_word' id='word_1_290' title='bbox 1076 1707 1255 1738; x_wconf 89' lang='lat' dir='ltr'>secundum</span> <span class='ocrx_word' id='word_1_291' title='bbox 1275 1708 1460 1748; x_wconf 82' lang='lat' dir='ltr'>explicatur.</span> 
     </span>
    </p>

    <p class='ocr_par' dir='ltr' id='par_1_8' title="bbox 392 1751 1462 2092">
     <span class='ocr_line' id='line_1_35' title="bbox 447 1751 1462 1792; baseline -0.002 -8"><span class='ocrx_word' id='word_1_292' title='bbox 447 1753 529 1784; x_wconf 88' lang='lat' dir='ltr'><strong>VIII.</strong></span> <span class='ocrx_word' id='word_1_293' title='bbox 554 1753 653 1791; x_wconf 92' lang='lat' dir='ltr'>Quod</span> <span class='ocrx_word' id='word_1_294' title='bbox 676 1758 783 1783; x_wconf 90' lang='lat' dir='ltr'>autem</span> <span class='ocrx_word' id='word_1_295' title='bbox 806 1758 918 1782; x_wconf 86' lang='lat' dir='ltr'>natura</span> <span class='ocrx_word' id='word_1_296' title='bbox 941 1753 1081 1783; x_wconf 89' lang='lat' dir='ltr'>humana</span> <span class='ocrx_word' id='word_1_297' title='bbox 1100 1751 1278 1782; x_wconf 87' lang='lat' dir='ltr'>secundum</span> <span class='ocrx_word' id='word_1_298' title='bbox 1302 1751 1391 1792; x_wconf 93' lang='lat' dir='ltr'>quod</span> <span class='ocrx_word' id='word_1_299' title='bbox 1415 1757 1462 1782; x_wconf 90' lang='lat' dir='ltr'>est</span> 
     </span>
     <span class='ocr_line' id='line_1_36' title="bbox 392 1795 1460 1836; baseline -0.002 -8"><span class='ocrx_word' id='word_1_300' title='bbox 392 1798 426 1828; x_wconf 91' lang='lat' dir='ltr'>in</span> <span class='ocrx_word' id='word_1_301' title='bbox 449 1798 613 1828; x_wconf 90' lang='lat' dir='ltr'>intellectu</span> <span class='ocrx_word' id='word_1_302' title='bbox 635 1798 790 1832; x_wconf 89' lang='lat' dir='ltr'>humano,</span> <span class='ocrx_word' id='word_1_303' title='bbox 813 1806 881 1826; x_wconf 92' lang='lat' dir='ltr'>non</span> <span class='ocrx_word' id='word_1_304' title='bbox 905 1795 1018 1826; x_wconf 87' lang='lat' dir='ltr'>debeat</span> <span class='ocrx_word' id='word_1_305' title='bbox 1033 1796 1160 1831; x_wconf 86' lang='lat' dir='ltr'>assumi,</span> <span class='ocrx_word' id='word_1_306' title='bbox 1184 1796 1338 1836; x_wconf 89' lang='lat' dir='ltr'>probatur</span> <span class='ocrx_word' id='word_1_307' title='bbox 1361 1795 1460 1826; x_wconf 92' lang='lat' dir='ltr'>dedu-</span> 
     </span>
     <span class='ocr_line' id='line_1_37' title="bbox 394 1840 1461 1881; baseline -0.002 -9"><span class='ocrx_word' id='word_1_308' title='bbox 394 1841 497 1872; x_wconf 91' lang='lat' dir='ltr'>cendo</span> <span class='ocrx_word' id='word_1_309' title='bbox 521 1841 561 1871; x_wconf 89' lang='lat' dir='ltr'>ad</span> <span class='ocrx_word' id='word_1_310' title='bbox 583 1841 790 1881; x_wconf 87' lang='lat' dir='ltr'>impossibile.</span> <span class='ocrx_word' id='word_1_311' title='bbox 814 1841 986 1870; x_wconf 88' lang='lat' dir='ltr'>Assumere</span> <span class='ocrx_word' id='word_1_312' title='bbox 1009 1840 1241 1870; x_wconf 87' lang='lat' dir='ltr'>humanitatem</span> <span class='ocrx_word' id='word_1_313' title='bbox 1263 1841 1296 1870; x_wconf 91' lang='lat' dir='ltr'>in</span> <span class='ocrx_word' id='word_1_314' title='bbox 1316 1849 1384 1870; x_wconf 90' lang='lat' dir='ltr'>esse</span> <span class='ocrx_word' id='word_1_315' title='bbox 1402 1841 1461 1870; x_wconf 86' lang='lat' dir='ltr'>ob-</span> 
     </span>
     <span class='ocr_line' id='line_1_38' title="bbox 393 1884 1459 1924; baseline -0.002 -8"><span class='ocrx_word' id='word_1_316' title='bbox 393 1886 509 1916; x_wconf 90' lang='lat' dir='ltr'>iectivo</span> <span class='ocrx_word' id='word_1_317' title='bbox 533 1885 713 1915; x_wconf 89' lang='lat' dir='ltr'>intellectus</span> <span class='ocrx_word' id='word_1_318' title='bbox 743 1885 875 1914; x_wconf 87' lang='lat' dir='ltr'>humani</span> <span class='ocrx_word' id='word_1_319' title='bbox 911 1884 990 1914; x_wconf 89' lang='lat' dir='ltr'>nihil</span> <span class='ocrx_word' id='word_1_320' title='bbox 1013 1884 1099 1914; x_wconf 87' lang='lat' dir='ltr'>aliud</span> <span class='ocrx_word' id='word_1_321' title='bbox 1127 1889 1173 1914; x_wconf 92' lang='lat' dir='ltr'>est</span> <span class='ocrx_word' id='word_1_322' title='bbox 1203 1893 1301 1924; x_wconf 89' lang='lat' dir='ltr'>quam</span> <span class='ocrx_word' id='word_1_323' title='bbox 1328 1884 1459 1924; x_wconf 85' lang='lat' dir='ltr'>intelligi</span> 
     </span>
     <span class='ocr_line' id='line_1_39' title="bbox 394 1928 1460 1967; baseline -0.002 -7"><span class='ocrx_word' id='word_1_324' title='bbox 394 1939 554 1960; x_wconf 90' lang='lat' dir='ltr'>assumere</span> <span class='ocrx_word' id='word_1_325' title='bbox 577 1934 722 1959; x_wconf 86' lang='lat' dir='ltr'>naturam</span> <span class='ocrx_word' id='word_1_326' title='bbox 746 1929 929 1958; x_wconf 88' lang='lat' dir='ltr'>humanam.</span> <span class='ocrx_word' id='word_1_327' title='bbox 954 1928 1040 1967; x_wconf 87' lang='lat' dir='ltr'>Ergo</span> <span class='ocrx_word' id='word_1_328' title='bbox 1063 1938 1132 1958; x_wconf 91' lang='lat' dir='ltr'>non</span> <span class='ocrx_word' id='word_1_329' title='bbox 1155 1933 1201 1959; x_wconf 90' lang='lat' dir='ltr'>est</span> <span class='ocrx_word' id='word_1_330' title='bbox 1224 1938 1385 1958; x_wconf 86' lang='lat' dir='ltr'>assumere</span> <span class='ocrx_word' id='word_1_331' title='bbox 1405 1938 1460 1958; x_wconf 93' lang='lat' dir='ltr'>na-</span> 
     </span>
     <span class='ocr_line' id='line_1_40' title="bbox 393 1972 1461 2012; baseline -0.002 -8"><span class='ocrx_word' id='word_1_332' title='bbox 393 1979 499 2004; x_wconf 88' lang='lat' dir='ltr'>turam</span> <span class='ocrx_word' id='word_1_333' title='bbox 521 1974 696 2003; x_wconf 89' lang='lat' dir='ltr'>humanam</span> <span class='ocrx_word' id='word_1_334' title='bbox 719 1973 752 2002; x_wconf 90' lang='lat' dir='ltr'>in</span> <span class='ocrx_word' id='word_1_335' title='bbox 775 1981 882 2002; x_wconf 90' lang='lat' dir='ltr'>rerum</span> <span class='ocrx_word' id='word_1_336' title='bbox 905 1977 1026 2002; x_wconf 89' lang='lat' dir='ltr'>natura.</span> <span class='ocrx_word' id='word_1_337' title='bbox 1062 1972 1148 2012; x_wconf 88' lang='lat' dir='ltr'>Ergo</span> <span class='ocrx_word' id='word_1_338' title='bbox 1173 1977 1255 2002; x_wconf 88' lang='lat' dir='ltr'>esset</span> <span class='ocrx_word' id='word_1_339' title='bbox 1281 1972 1461 2003; x_wconf 89' lang='lat' dir='ltr'>intellectus</span> 
     </span>
     <span class='ocr_line' id='line_1_41' title="bbox 393 2016 1462 2058; baseline -0.001 -10"><span class='ocrx_word' id='word_1_340' title='bbox 393 2017 500 2048; x_wconf 84' lang='lat' dir='ltr'>falsus.</span> <span class='ocrx_word' id='word_1_341' title='bbox 524 2018 610 2058; x_wconf 88' lang='lat' dir='ltr'>Ergo</span> <span class='ocrx_word' id='word_1_342' title='bbox 627 2022 708 2047; x_wconf 88' lang='lat' dir='ltr'>esset</span> <span class='ocrx_word' id='word_1_343' title='bbox 720 2017 816 2058; x_wconf 87' lang='lat' dir='ltr'>fictio</span> <span class='ocrx_word' id='word_1_344' title='bbox 833 2016 991 2057; x_wconf 81' lang='lat' dir='ltr'>quaedam</span> <span class='ocrx_word' id='word_1_345' title='bbox 1007 2016 1253 2047; x_wconf 85' lang='lat' dir='ltr'>incarnationis.</span> <span class='ocrx_word' id='word_1_346' title='bbox 1277 2016 1319 2047; x_wconf 93' lang='lat' dir='ltr'>Et</span> <span class='ocrx_word' id='word_1_347' title='bbox 1333 2016 1462 2047; x_wconf 84' lang='lat' dir='ltr'>affertur</span> 
     </span>
     <span class='ocr_line' id='line_1_42' title="bbox 393 2060 987 2092; baseline -0.002 0"><span class='ocrx_word' id='word_1_348' title='bbox 393 2062 614 2092; x_wconf 88' lang='lat' dir='ltr'>testimonium</span> <span class='ocrx_word' id='word_1_349' title='bbox 638 2061 827 2091; x_wconf 86' lang='lat' dir='ltr'>Damasceni</span> <span class='ocrx_word' id='word_1_350' title='bbox 851 2060 891 2091; x_wconf 88' lang='lat' dir='ltr'>ad</span> <span class='ocrx_word' id='word_1_351' title='bbox 913 2061 987 2091; x_wconf 91' lang='lat' dir='ltr'>hoc.</span> 
     </span>
    </p>

    <p class='ocr_par' dir='ltr' id='par_1_9' title="bbox 392 2104 1461 2587">
     <span class='ocr_line' id='line_1_43' title="bbox 449 2104 1461 2145; baseline -0.001 -9"><span class='ocrx_word' id='word_1_352' title='bbox 449 2106 512 2137; x_wconf 94' lang='lat' dir='ltr'>Ubi</span> <span class='ocrx_word' id='word_1_353' title='bbox 534 2111 621 2141; x_wconf 83' lang='lat' dir='ltr'>nota,</span> <span class='ocrx_word' id='word_1_354' title='bbox 645 2115 704 2145; x_wconf 92' lang='lat' dir='ltr'>pro</span> <span class='ocrx_word' id='word_1_355' title='bbox 729 2104 886 2135; x_wconf 89' lang='lat' dir='ltr'>evidentia</span> <span class='ocrx_word' id='word_1_356' title='bbox 909 2105 1044 2141; x_wconf 82' lang='lat' dir='ltr'>litterae,</span> <span class='ocrx_word' id='word_1_357' title='bbox 1069 2104 1158 2144; x_wconf 92' lang='lat' dir='ltr'>quod</span> <span class='ocrx_word' id='word_1_358' title='bbox 1182 2105 1258 2145; x_wconf 89' lang='lat' dir='ltr'>quia</span> <span class='ocrx_word' id='word_1_359' title='bbox 1280 2105 1461 2136; x_wconf 90' lang='lat' dir='ltr'>humanitas</span> 
     </span>
     <span class='ocr_line' id='line_1_44' title="bbox 395 2149 1460 2185; baseline -0.001 -5"><span class='ocrx_word' id='word_1_360' title='bbox 395 2150 520 2180; x_wconf 89' lang='lat' dir='ltr'>obiecta</span> <span class='ocrx_word' id='word_1_361' title='bbox 535 2150 709 2180; x_wconf 89' lang='lat' dir='ltr'>intellectui</span> <span class='ocrx_word' id='word_1_362' title='bbox 731 2154 841 2179; x_wconf 89' lang='lat' dir='ltr'>nostro</span> <span class='ocrx_word' id='word_1_363' title='bbox 862 2158 930 2179; x_wconf 93' lang='lat' dir='ltr'>non</span> <span class='ocrx_word' id='word_1_364' title='bbox 950 2149 1054 2185; x_wconf 81' lang='lat' dir='ltr'>habet,</span> <span class='ocrx_word' id='word_1_365' title='bbox 1070 2154 1107 2179; x_wconf 89' lang='lat' dir='ltr'>ut</span> <span class='ocrx_word' id='word_1_366' title='bbox 1129 2149 1183 2185; x_wconf 90' lang='lat' dir='ltr'>sic,</span> <span class='ocrx_word' id='word_1_367' title='bbox 1205 2158 1272 2179; x_wconf 90' lang='lat' dir='ltr'>esse</span> <span class='ocrx_word' id='word_1_368' title='bbox 1294 2149 1327 2179; x_wconf 91' lang='lat' dir='ltr'>in</span> <span class='ocrx_word' id='word_1_369' title='bbox 1354 2159 1460 2179; x_wconf 90' lang='lat' dir='ltr'>rerum</span> 
     </span>
     <span class='ocr_line' id='line_1_45' title="bbox 393 2192 1459 2233; baseline 0 -9"><span class='ocrx_word' id='word_1_370' title='bbox 393 2200 519 2230; x_wconf 89' lang='lat' dir='ltr'>natura,</span> <span class='ocrx_word' id='word_1_371' title='bbox 544 2193 599 2224; x_wconf 89' lang='lat' dir='ltr'>sed</span> <span class='ocrx_word' id='word_1_372' title='bbox 621 2194 717 2223; x_wconf 91' lang='lat' dir='ltr'>habet</span> <span class='ocrx_word' id='word_1_373' title='bbox 739 2192 947 2223; x_wconf 88' lang='lat' dir='ltr'>solummodo</span> <span class='ocrx_word' id='word_1_374' title='bbox 971 2203 1039 2223; x_wconf 86' lang='lat' dir='ltr'>esse</span> <span class='ocrx_word' id='word_1_375' title='bbox 1061 2193 1298 2233; x_wconf 85' lang='lat' dir='ltr'>intelligibiliter</span> <span class='ocrx_word' id='word_1_376' title='bbox 1320 2193 1459 2230; x_wconf 86' lang='lat' dir='ltr'>relative,</span> 
     </span>
     <span class='ocr_line' id='line_1_46' title="bbox 395 2237 1460 2279; baseline -0.001 -10"><span class='ocrx_word' id='word_1_377' title='bbox 395 2248 461 2279; x_wconf 92' lang='lat' dir='ltr'>quo</span> <span class='ocrx_word' id='word_1_378' title='bbox 492 2237 607 2268; x_wconf 90' lang='lat' dir='ltr'>dicitur</span> <span class='ocrx_word' id='word_1_379' title='bbox 635 2243 867 2278; x_wconf 90' lang='lat' dir='ltr'>repraesentata</span> <span class='ocrx_word' id='word_1_380' title='bbox 890 2237 1065 2268; x_wconf 91' lang='lat' dir='ltr'>intellectui</span> <span class='ocrx_word' id='word_1_381' title='bbox 1096 2242 1127 2267; x_wconf 91' lang='lat' dir='ltr'>et</span> <span class='ocrx_word' id='word_1_382' title='bbox 1149 2237 1348 2267; x_wconf 86' lang='lat' dir='ltr'>terminativa</span> <span class='ocrx_word' id='word_1_383' title='bbox 1371 2243 1460 2268; x_wconf 88' lang='lat' dir='ltr'>actus</span> 
     </span>
     <span class='ocr_line' id='line_1_47' title="bbox 393 2281 1461 2322; baseline -0.001 -10"><span class='ocrx_word' id='word_1_384' title='bbox 393 2282 606 2322; x_wconf 86' lang='lat' dir='ltr'>intelligendi;</span> <span class='ocrx_word' id='word_1_385' title='bbox 624 2291 827 2321; x_wconf 89' lang='lat' dir='ltr'>consequens</span> <span class='ocrx_word' id='word_1_386' title='bbox 843 2286 889 2311; x_wconf 88' lang='lat' dir='ltr'>est</span> <span class='ocrx_word' id='word_1_387' title='bbox 905 2281 995 2321; x_wconf 92' lang='lat' dir='ltr'>quod</span> <span class='ocrx_word' id='word_1_388' title='bbox 1011 2281 1050 2311; x_wconf 91' lang='lat' dir='ltr'>ad</span> <span class='ocrx_word' id='word_1_389' title='bbox 1065 2281 1297 2312; x_wconf 87' lang='lat' dir='ltr'>humanitatem</span> <span class='ocrx_word' id='word_1_390' title='bbox 1313 2282 1358 2312; x_wconf 86' lang='lat' dir='ltr'>sic</span> <span class='ocrx_word' id='word_1_391' title='bbox 1372 2282 1461 2315; x_wconf 89' lang='lat' dir='ltr'>nulla</span> 
     </span>
     <span class='ocr_line' id='line_1_48' title="bbox 394 2325 1460 2365; baseline 0.001 -9"><span class='ocrx_word' id='word_1_392' title='bbox 394 2327 478 2357; x_wconf 87' lang='lat' dir='ltr'>actio</span> <span class='ocrx_word' id='word_1_393' title='bbox 502 2327 656 2356; x_wconf 88' lang='lat' dir='ltr'>transiens</span> <span class='ocrx_word' id='word_1_394' title='bbox 678 2326 768 2356; x_wconf 90' lang='lat' dir='ltr'>realis</span> <span class='ocrx_word' id='word_1_395' title='bbox 791 2330 898 2365; x_wconf 88' lang='lat' dir='ltr'>potest</span> <span class='ocrx_word' id='word_1_396' title='bbox 927 2326 1104 2362; x_wconf 81' lang='lat' dir='ltr'>terminari3</span> <span class='ocrx_word' id='word_1_397' title='bbox 1135 2326 1217 2356; x_wconf 87' lang='lat' dir='ltr'>sicut</span> <span class='ocrx_word' id='word_1_398' title='bbox 1239 2335 1300 2356; x_wconf 89' lang='lat' dir='ltr'>nec</span> <span class='ocrx_word' id='word_1_399' title='bbox 1323 2325 1363 2356; x_wconf 91' lang='lat' dir='ltr'>ad</span> <span class='ocrx_word' id='word_1_400' title='bbox 1379 2325 1460 2357; x_wconf 87' lang='lat' dir='ltr'>Cae-</span> 
     </span>
     <span class='ocr_line' id='line_1_49' title="bbox 394 2370 1459 2411; baseline 0.001 -11"><span class='ocrx_word' id='word_1_401' title='bbox 394 2380 496 2401; x_wconf 86' lang='lat' dir='ltr'>sarem</span> <span class='ocrx_word' id='word_1_402' title='bbox 508 2375 778 2410; x_wconf 87' lang='lat' dir='ltr'>repraesentatum</span> <span class='ocrx_word' id='word_1_403' title='bbox 794 2370 827 2400; x_wconf 92' lang='lat' dir='ltr'>in</span> <span class='ocrx_word' id='word_1_404' title='bbox 843 2374 944 2400; x_wconf 87' lang='lat' dir='ltr'>statua</span> <span class='ocrx_word' id='word_1_405' title='bbox 959 2375 1014 2400; x_wconf 90' lang='lat' dir='ltr'>aut</span> <span class='ocrx_word' id='word_1_406' title='bbox 1032 2370 1189 2400; x_wconf 87' lang='lat' dir='ltr'>memoria</span> <span class='ocrx_word' id='word_1_407' title='bbox 1201 2370 1288 2410; x_wconf 89' lang='lat' dir='ltr'>(licet</span> <span class='ocrx_word' id='word_1_408' title='bbox 1303 2370 1343 2400; x_wconf 93' lang='lat' dir='ltr'>ad</span> <span class='ocrx_word' id='word_1_409' title='bbox 1357 2371 1459 2411; x_wconf 89' lang='lat' dir='ltr'>ipsam</span> 
     </span>
     <span class='ocr_line' id='line_1_50' title="bbox 393 2414 1460 2454; baseline 0 -9"><span class='ocrx_word' id='word_1_410' title='bbox 393 2420 530 2445; x_wconf 88' lang='lat' dir='ltr'>statuam</span> <span class='ocrx_word' id='word_1_411' title='bbox 553 2414 604 2445; x_wconf 90' lang='lat' dir='ltr'>vel</span> <span class='ocrx_word' id='word_1_412' title='bbox 626 2414 816 2444; x_wconf 90' lang='lat' dir='ltr'>memoriam</span> <span class='ocrx_word' id='word_1_413' title='bbox 835 2414 937 2454; x_wconf 93' lang='lat' dir='ltr'>possit</span> <span class='ocrx_word' id='word_1_414' title='bbox 953 2414 1036 2444; x_wconf 92' lang='lat' dir='ltr'>actio</span> <span class='ocrx_word' id='word_1_415' title='bbox 1052 2414 1143 2444; x_wconf 89' lang='lat' dir='ltr'>realis</span> <span class='ocrx_word' id='word_1_416' title='bbox 1166 2414 1320 2444; x_wconf 88' lang='lat' dir='ltr'>transiens</span> <span class='ocrx_word' id='word_1_417' title='bbox 1352 2415 1460 2445; x_wconf 90' lang='lat' dir='ltr'>termi-</span> 
     </span>
     <span class='ocr_line' id='line_1_51' title="bbox 392 2457 1459 2499; baseline 0 -10"><span class='ocrx_word' id='word_1_418' title='bbox 392 2459 470 2495; x_wconf 87' lang='lat' dir='ltr'>nari,</span> <span class='ocrx_word' id='word_1_419' title='bbox 491 2464 527 2489; x_wconf 88' lang='lat' dir='ltr'>ut</span> <span class='ocrx_word' id='word_1_420' title='bbox 549 2459 659 2499; x_wconf 89' lang='lat' dir='ltr'>patet).</span> <span class='ocrx_word' id='word_1_421' title='bbox 684 2458 725 2488; x_wconf 89' lang='lat' dir='ltr'>Et</span> <span class='ocrx_word' id='word_1_422' title='bbox 744 2458 819 2498; x_wconf 92' lang='lat' dir='ltr'>quia</span> <span class='ocrx_word' id='word_1_423' title='bbox 843 2458 1018 2498; x_wconf 86' lang='lat' dir='ltr'>assumptio</span> <span class='ocrx_word' id='word_1_424' title='bbox 1042 2457 1198 2498; x_wconf 85' lang='lat' dir='ltr'>significat</span> <span class='ocrx_word' id='word_1_425' title='bbox 1217 2459 1376 2488; x_wconf 90' lang='lat' dir='ltr'>actionem</span> <span class='ocrx_word' id='word_1_426' title='bbox 1392 2469 1459 2490; x_wconf 91' lang='lat' dir='ltr'>rea-</span> 
     </span>
     <span class='ocr_line' id='line_1_52' title="bbox 393 2502 1459 2542; baseline 0 -9"><span class='ocrx_word' id='word_1_427' title='bbox 393 2503 457 2533; x_wconf 91' lang='lat' dir='ltr'>lem</span> <span class='ocrx_word' id='word_1_428' title='bbox 481 2508 698 2533; x_wconf 87' lang='lat' dir='ltr'>transeuntem</span> <span class='ocrx_word' id='word_1_429' title='bbox 713 2503 747 2532; x_wconf 90' lang='lat' dir='ltr'>in</span> <span class='ocrx_word' id='word_1_430' title='bbox 769 2503 1001 2532; x_wconf 88' lang='lat' dir='ltr'>humanitatem</span> <span class='ocrx_word' id='word_1_431' title='bbox 1020 2512 1103 2542; x_wconf 90' lang='lat' dir='ltr'>quae</span> <span class='ocrx_word' id='word_1_432' title='bbox 1126 2502 1305 2539; x_wconf 88' lang='lat' dir='ltr'>assumitur,</span> <span class='ocrx_word' id='word_1_433' title='bbox 1322 2502 1395 2533; x_wconf 91' lang='lat' dir='ltr'>ideo</span> <span class='ocrx_word' id='word_1_434' title='bbox 1411 2513 1459 2534; x_wconf 91' lang='lat' dir='ltr'>as-</span> 
     </span>
     <span class='ocr_line' id='line_1_53' title="bbox 394 2546 1338 2587; baseline -0.001 -10"><span class='ocrx_word' id='word_1_435' title='bbox 394 2548 536 2587; x_wconf 89' lang='lat' dir='ltr'>sumptio</span> <span class='ocrx_word' id='word_1_436' title='bbox 559 2557 627 2577; x_wconf 92' lang='lat' dir='ltr'>non</span> <span class='ocrx_word' id='word_1_437' title='bbox 650 2552 757 2587; x_wconf 89' lang='lat' dir='ltr'>potest</span> <span class='ocrx_word' id='word_1_438' title='bbox 783 2547 944 2577; x_wconf 86' lang='lat' dir='ltr'>terminari</span> <span class='ocrx_word' id='word_1_439' title='bbox 967 2546 1007 2576; x_wconf 90' lang='lat' dir='ltr'>ad</span> <span class='ocrx_word' id='word_1_440' title='bbox 1029 2546 1260 2576; x_wconf 90' lang='lat' dir='ltr'>humanitatem</span> <span class='ocrx_word' id='word_1_441' title='bbox 1283 2547 1338 2577; x_wconf 90' lang='lat' dir='ltr'>sic.</span> 
     </span>
    </p>
   </div>
   <div class='ocr_carea' id='block_1_5' title="bbox 1116 263 1863 312">
    <p class='ocr_par' dir='ltr' id='par_1_10' title="bbox 1116 263 1863 312">
     <span class='ocr_line' id='line_1_54' title="bbox 1116 263 1863 312; baseline 0.001 -10"><span class='ocrx_word' id='word_1_442' title='bbox 1116 264 1381 312; x_wconf 89' lang='lat' dir='ltr'><strong>QUAESTIO</strong></span> <span class='ocrx_word' id='word_1_443' title='bbox 1409 263 1477 310; x_wconf 75' lang='lat' dir='ltr'>lv,</span> <span class='ocrx_word' id='word_1_444' title='bbox 1507 263 1800 303; x_wconf 83' lang='lat' dir='ltr'>ARTICULUS</span> <span class='ocrx_word' id='word_1_445' title='bbox 1828 266 1863 303; x_wconf 89' lang='lat' dir='ltr'>V</span> 
     </span>
    </p>
   </div>
   <div class='ocr_carea' id='block_1_6' title="bbox 1512 349 2580 1048">
    <p class='ocr_par' dir='ltr' id='par_1_11' title="bbox 1512 349 2580 1048">
     <span class='ocr_line' id='line_1_55' title="bbox 1570 349 2580 394; baseline 0.007 -14"><span class='ocrx_word' id='word_1_446' title='bbox 1570 349 1723 381; x_wconf 85' lang='lat' dir='ltr'>Actiones</span> <span class='ocrx_word' id='word_1_447' title='bbox 1740 356 1847 385; x_wconf 85' lang='lat' dir='ltr'>autem</span> <span class='ocrx_word' id='word_1_448' title='bbox 1862 351 1961 382; x_wconf 82' lang='lat' dir='ltr'>reales</span> <span class='ocrx_word' id='word_1_449' title='bbox 1981 352 2193 383; x_wconf 87' lang='lat' dir='ltr'>immanentes</span> <span class='ocrx_word' id='word_1_450' title='bbox 2215 355 2525 394; x_wconf 56' lang='lat' dir='ltr'>possunt‘tenninissi</span> <span class='ocrx_word' id='word_1_451' title='bbox 2540 354 2580 386; x_wconf 85' lang='lat' dir='ltr'>ad</span> 
     </span>
     <span class='ocr_line' id='line_1_56' title="bbox 1515 394 2580 440; baseline 0.009 -18"><span class='ocrx_word' id='word_1_452' title='bbox 1515 402 1564 423; x_wconf 88' lang='lat' dir='ltr'>res</span> <span class='ocrx_word' id='word_1_453' title='bbox 1584 394 1646 424; x_wconf 85' lang='lat' dir='ltr'>sic:</span> <span class='ocrx_word' id='word_1_454' title='bbox 1669 403 1804 434; x_wconf 78' lang='lat' dir='ltr'>possum</span> <span class='ocrx_word' id='word_1_455' title='bbox 1823 395 1909 427; x_wconf 86' lang='lat' dir='ltr'>enim</span> <span class='ocrx_word' id='word_1_456' title='bbox 1923 396 2089 436; x_wconf 79' lang='lat' dir='ltr'>imaginari</span> <span class='ocrx_word' id='word_1_457' title='bbox 2105 402 2136 427; x_wconf 90' lang='lat' dir='ltr'>et</span> <span class='ocrx_word' id='word_1_458' title='bbox 2150 406 2256 428; x_wconf 84' lang='lat' dir='ltr'>amare</span> <span class='ocrx_word' id='word_1_459' title='bbox 2270 397 2441 432; x_wconf 66' lang='lat' dir='ltr'>Caesarem</span> <span class='ocrx_word' id='word_1_460' title='bbox 2455 409 2580 440; x_wconf 68' lang='lat' dir='ltr'>reprae-</span> 
     </span>
     <span class='ocr_line' id='line_1_57' title="bbox 1515 438 2579 484; baseline 0.007 -17"><span class='ocrx_word' id='word_1_461' title='bbox 1515 442 1684 468; x_wconf 88' lang='lat' dir='ltr'>sentatum.</span> <span class='ocrx_word' id='word_1_462' title='bbox 1719 438 1783 470; x_wconf 83' lang='lat' dir='ltr'>Sed</span> <span class='ocrx_word' id='word_1_463' title='bbox 1805 444 1836 469; x_wconf 88' lang='lat' dir='ltr'>et</span> <span class='ocrx_word' id='word_1_464' title='bbox 1858 440 1999 470; x_wconf 84' lang='lat' dir='ltr'>actiones</span> <span class='ocrx_word' id='word_1_465' title='bbox 2022 440 2120 470; x_wconf 80' lang='lat' dir='ltr'>reales</span> <span class='ocrx_word' id='word_1_466' title='bbox 2143 446 2342 472; x_wconf 73' lang='lat' dir='ltr'>transeuntes</span> <span class='ocrx_word' id='word_1_467' title='bbox 2363 448 2500 484; x_wconf 79' lang='lat' dir='ltr'>possunt</span> <span class='ocrx_word' id='word_1_468' title='bbox 2520 442 2579 474; x_wconf 89' lang='lat' dir='ltr'>du-</span> 
     </span>
     <span class='ocr_line' id='line_1_58' title="bbox 1514 478 2578 528; baseline 0.007 -18"><span class='ocrx_word' id='word_1_469' title='bbox 1514 478 1655 520; x_wconf 85' lang='lat' dir='ltr'>pliciter,</span> <span class='ocrx_word' id='word_1_470' title='bbox 1686 482 1768 512; x_wconf 89' lang='lat' dir='ltr'>sicut</span> <span class='ocrx_word' id='word_1_471' title='bbox 1790 487 1821 513; x_wconf 91' lang='lat' dir='ltr'>et</span> <span class='ocrx_word' id='word_1_472' title='bbox 1844 482 1912 524; x_wconf 88' lang='lat' dir='ltr'>ipsa</span> <span class='ocrx_word' id='word_1_473' title='bbox 1934 484 2115 514; x_wconf 89' lang='lat' dir='ltr'>humanitas</span> <span class='ocrx_word' id='word_1_474' title='bbox 2141 490 2248 524; x_wconf 90' lang='lat' dir='ltr'>potest</span> <span class='ocrx_word' id='word_1_475' title='bbox 2270 478 2438 527; x_wconf 76' lang='lat' dir='ltr'>dupliciter</span> <span class='ocrx_word' id='word_1_476' title='bbox 2460 481 2578 528; x_wconf 80' lang='lat' dir='ltr'>accipi:</span> 
     </span>
     <span class='ocr_line' id='line_1_59' title="bbox 1514 525 2580 570; baseline 0.007 -16"><span class='ocrx_word' id='word_1_477' title='bbox 1514 525 1634 570; x_wconf 89' lang='lat' dir='ltr'>scilicet</span> <span class='ocrx_word' id='word_1_478' title='bbox 1657 525 1835 556; x_wconf 90' lang='lat' dir='ltr'>secundum</span> <span class='ocrx_word' id='word_1_479' title='bbox 1859 526 1949 567; x_wconf 86' lang='lat' dir='ltr'>q&#39;uod</span> <span class='ocrx_word' id='word_1_480' title='bbox 1971 532 2046 558; x_wconf 89' lang='lat' dir='ltr'>sunt</span> <span class='ocrx_word' id='word_1_481' title='bbox 2067 528 2101 558; x_wconf 88' lang='lat' dir='ltr'>in</span> <span class='ocrx_word' id='word_1_482' title='bbox 2123 537 2230 559; x_wconf 90' lang='lat' dir='ltr'>rerum</span> <span class='ocrx_word' id='word_1_483' title='bbox 2253 527 2365 560; x_wconf 84' lang='lat' dir='ltr'>natura</span> <span class='ocrx_word' id='word_1_484' title='bbox 2372 539 2380 567; x_wconf 88' lang='grc'><strong>;</strong></span> <span class='ocrx_word' id='word_1_485' title='bbox 2412 532 2444 560; x_wconf 90' lang='lat' dir='ltr'>et</span> <span class='ocrx_word' id='word_1_486' title='bbox 2465 534 2580 561; x_wconf 72' lang='lat' dir='ltr'>secun-</span> 
     </span>
     <span class='ocr_line' id='line_1_60' title="bbox 1514 566 2580 613; baseline 0.007 -15"><span class='ocrx_word' id='word_1_487' title='bbox 1514 567 1592 598; x_wconf 89' lang='lat' dir='ltr'>dum</span> <span class='ocrx_word' id='word_1_488' title='bbox 1617 568 1706 608; x_wconf 91' lang='lat' dir='ltr'>quod</span> <span class='ocrx_word' id='word_1_489' title='bbox 1729 566 1957 610; x_wconf 81' lang='lat' dir='ltr'>intelliguntur.</span> <span class='ocrx_word' id='word_1_490' title='bbox 1981 571 2078 602; x_wconf 87' lang='lat' dir='ltr'>Verbi</span> <span class='ocrx_word' id='word_1_491' title='bbox 2092 572 2200 612; x_wconf 85' lang='lat' dir='ltr'>gratia,</span> <span class='ocrx_word' id='word_1_492' title='bbox 2216 580 2322 603; x_wconf 84' lang='lat' dir='ltr'>secare</span> <span class='ocrx_word' id='word_1_493' title='bbox 2337 572 2461 613; x_wconf 77' lang='lat' dir='ltr'>lignum</span> <span class='ocrx_word' id='word_1_494' title='bbox 2481 579 2518 604; x_wconf 93' lang='lat' dir='ltr'>ut</span> <span class='ocrx_word' id='word_1_495' title='bbox 2533 579 2580 610; x_wconf 80' lang='lat' dir='ltr'>est</span> 
     </span>
     <span class='ocr_line' id='line_1_61' title="bbox 1514 612 2580 657; baseline 0.006 -15"><span class='ocrx_word' id='word_1_496' title='bbox 1514 612 1547 642; x_wconf 89' lang='lat' dir='ltr'>in</span> <span class='ocrx_word' id='word_1_497' title='bbox 1562 621 1669 643; x_wconf 89' lang='lat' dir='ltr'>rerum</span> <span class='ocrx_word' id='word_1_498' title='bbox 1684 619 1806 650; x_wconf 81' lang='lat' dir='ltr'>natura,</span> <span class='ocrx_word' id='word_1_499' title='bbox 1816 619 1879 645; x_wconf 86' lang='lat' dir='ltr'>-et</span> <span class='ocrx_word' id='word_1_500' title='bbox 1891 619 1938 645; x_wconf 87' lang='lat' dir='ltr'>est</span> <span class='ocrx_word' id='word_1_501' title='bbox 1947 624 2022 646; x_wconf 88' lang='lat' dir='ltr'>vere</span> <span class='ocrx_word' id='word_1_502' title='bbox 2034 623 2156 646; x_wconf 85' lang='lat' dir='ltr'>secare:</span> <span class='ocrx_word' id='word_1_503' title='bbox 2178 621 2209 646; x_wconf 86' lang='lat' dir='ltr'>et</span> <span class='ocrx_word' id='word_1_504' title='bbox 2223 625 2330 647; x_wconf 78' lang='lat' dir='ltr'>secare</span> <span class='ocrx_word' id='word_1_505' title='bbox 2344 617 2468 657; x_wconf 72' lang='lat' dir='ltr'>lignum</span> <span class='ocrx_word' id='word_1_506' title='bbox 2482 620 2580 657; x_wconf 63' lang='lat' dir='ltr'>proiit</span> 
     </span>
     <span class='ocr_line' id='line_1_62' title="bbox 1514 655 2579 700; baseline 0.007 -14"><span class='ocrx_word' id='word_1_507' title='bbox 1514 655 1627 696; x_wconf 88' lang='lat' dir='ltr'>aliquis</span> <span class='ocrx_word' id='word_1_508' title='bbox 1643 657 1834 697; x_wconf 86' lang='lat' dir='ltr'>imaginatur</span> <span class='ocrx_word' id='word_1_509' title='bbox 1849 663 1903 691; x_wconf 89' lang='lat' dir='ltr'>aut</span> <span class='ocrx_word' id='word_1_510' title='bbox 1917 659 2063 699; x_wconf 84' lang='lat' dir='ltr'>intelligit</span> <span class='ocrx_word' id='word_1_511' title='bbox 2076 668 2184 690; x_wconf 82' lang='lat' dir='ltr'>secare</span> <span class='ocrx_word' id='word_1_512' title='bbox 2198 660 2333 700; x_wconf 82' lang='lat' dir='ltr'>lignum,</span> <span class='ocrx_word' id='word_1_513' title='bbox 2348 678 2372 684; x_wconf 92' lang='lat'>—-</span> <span class='ocrx_word' id='word_1_514' title='bbox 2386 666 2418 692; x_wconf 83' lang='lat' dir='ltr'>et</span> <span class='ocrx_word' id='word_1_515' title='bbox 2433 661 2497 693; x_wconf 86' lang='lat' dir='ltr'>hoc</span> <span class='ocrx_word' id='word_1_516' title='bbox 2511 671 2579 693; x_wconf 78' lang='lat' dir='ltr'>non</span> 
     </span>
     <span class='ocr_line' id='line_1_63' title="bbox 1514 701 2580 747; baseline 0.007 -17"><span class='ocrx_word' id='word_1_517' title='bbox 1514 705 1560 730; x_wconf 92' lang='lat' dir='ltr'>est</span> <span class='ocrx_word' id='word_1_518' title='bbox 1583 710 1656 730; x_wconf 86' lang='lat' dir='ltr'>vere</span> <span class='ocrx_word' id='word_1_519' title='bbox 1680 710 1786 732; x_wconf 87' lang='lat' dir='ltr'>secare</span> <span class='ocrx_word' id='word_1_520' title='bbox 1804 701 1937 742; x_wconf 82' lang='lat' dir='ltr'>lignum,</span> <span class='ocrx_word' id='word_1_521' title='bbox 1954 701 2009 733; x_wconf 84' lang='lat' dir='ltr'>sed</span> <span class='ocrx_word' id='word_1_522' title='bbox 2025 708 2072 733; x_wconf 86' lang='lat' dir='ltr'>est</span> <span class='ocrx_word' id='word_1_523' title='bbox 2085 703 2218 744; x_wconf 84' lang='lat' dir='ltr'>intelligi</span> <span class='ocrx_word' id='word_1_524' title='bbox 2234 709 2289 734; x_wconf 87' lang='lat' dir='ltr'>aut</span> <span class='ocrx_word' id='word_1_525' title='bbox 2310 705 2476 744; x_wconf 79' lang='lat' dir='ltr'>imaginari</span> <span class='ocrx_word' id='word_1_526' title='bbox 2490 704 2580 747; x_wconf 88' lang='lat' dir='ltr'>quod</span> 
     </span>
     <span class='ocr_line' id='line_1_64' title="bbox 1513 743 2579 788; baseline 0.006 -15"><span class='ocrx_word' id='word_1_527' title='bbox 1513 743 1637 784; x_wconf 89' lang='lat' dir='ltr'>lignum</span> <span class='ocrx_word' id='word_1_528' title='bbox 1653 750 1786 775; x_wconf 89' lang='lat' dir='ltr'>secatur.</span> <span class='ocrx_word' id='word_1_529' title='bbox 1806 743 1914 776; x_wconf 90' lang='lat' dir='ltr'>Primo</span> <span class='ocrx_word' id='word_1_530' title='bbox 1930 745 2088 786; x_wconf 89' lang='lat' dir='ltr'>siquidem</span> <span class='ocrx_word' id='word_1_531' title='bbox 2099 747 2210 783; x_wconf 89' lang='lat' dir='ltr'>modo,</span> <span class='ocrx_word' id='word_1_532' title='bbox 2228 757 2294 788; x_wconf 91' lang='lat' dir='ltr'>quo</span> <span class='ocrx_word' id='word_1_533' title='bbox 2311 748 2382 778; x_wconf 90' lang='lat' dir='ltr'>solo</span> <span class='ocrx_word' id='word_1_534' title='bbox 2399 754 2474 779; x_wconf 91' lang='lat' dir='ltr'>sunt</span> <span class='ocrx_word' id='word_1_535' title='bbox 2486 757 2579 780; x_wconf 90' lang='lat' dir='ltr'>verae</span> 
     </span>
     <span class='ocr_line' id='line_1_65' title="bbox 1514 788 2580 831; baseline 0.006 -14"><span class='ocrx_word' id='word_1_536' title='bbox 1514 788 1655 818; x_wconf 87' lang='lat' dir='ltr'>actiones</span> <span class='ocrx_word' id='word_1_537' title='bbox 1679 789 1778 820; x_wconf 90' lang='lat' dir='ltr'>reales</span> <span class='ocrx_word' id='word_1_538' title='bbox 1801 794 2010 827; x_wconf 87' lang='lat' dir='ltr'>transeuntes,</span> <span class='ocrx_word' id='word_1_539' title='bbox 2033 800 2101 821; x_wconf 92' lang='lat' dir='ltr'>non</span> <span class='ocrx_word' id='word_1_540' title='bbox 2124 797 2260 831; x_wconf 89' lang='lat' dir='ltr'>possunt</span> <span class='ocrx_word' id='word_1_541' title='bbox 2281 793 2443 822; x_wconf 87' lang='lat' dir='ltr'>terminari</span> <span class='ocrx_word' id='word_1_542' title='bbox 2467 792 2507 823; x_wconf 89' lang='lat' dir='ltr'>ad</span> <span class='ocrx_word' id='word_1_543' title='bbox 2523 802 2580 823; x_wconf 90' lang='lat' dir='ltr'>na-</span> 
     </span>
     <span class='ocr_line' id='line_1_66' title="bbox 1513 832 2580 875; baseline 0.006 -14"><span class='ocrx_word' id='word_1_544' title='bbox 1513 837 1616 862; x_wconf 89' lang='lat' dir='ltr'>turam</span> <span class='ocrx_word' id='word_1_545' title='bbox 1641 832 1701 863; x_wconf 84' lang='lat' dir='ltr'>sic:</span> <span class='ocrx_word' id='word_1_546' title='bbox 1726 832 1869 863; x_wconf 91' lang='lat' dir='ltr'>secundo</span> <span class='ocrx_word' id='word_1_547' title='bbox 1893 839 2001 864; x_wconf 90' lang='lat' dir='ltr'>autem</span> <span class='ocrx_word' id='word_1_548' title='bbox 2023 834 2135 871; x_wconf 90' lang='lat' dir='ltr'>modo,</span> <span class='ocrx_word' id='word_1_549' title='bbox 2159 841 2304 875; x_wconf 84' lang='lat' dir='ltr'>possunt.</span> <span class='ocrx_word' id='word_1_550' title='bbox 2329 835 2392 866; x_wconf 92' lang='lat' dir='ltr'>Sed</span> <span class='ocrx_word' id='word_1_551' title='bbox 2414 842 2491 867; x_wconf 85' lang='lat' dir='ltr'>tunc</span> <span class='ocrx_word' id='word_1_552' title='bbox 2511 845 2580 867; x_wconf 89' lang='lat' dir='ltr'>non</span> 
     </span>
     <span class='ocr_line' id='line_1_67' title="bbox 1513 876 2580 917; baseline 0.006 -12"><span class='ocrx_word' id='word_1_553' title='bbox 1513 876 1600 915; x_wconf 89' lang='lat' dir='ltr'>ipsae</span> <span class='ocrx_word' id='word_1_554' title='bbox 1623 877 1765 907; x_wconf 82' lang='lat' dir='ltr'>actiones</span> <span class='ocrx_word' id='word_1_555' title='bbox 1787 877 1822 907; x_wconf 90' lang='lat' dir='ltr'>in</span> <span class='ocrx_word' id='word_1_556' title='bbox 1844 877 1974 908; x_wconf 86' lang='lat' dir='ltr'>veritate</span> <span class='ocrx_word' id='word_1_557' title='bbox 1996 879 2206 909; x_wconf 87' lang='lat' dir='ltr'>terminantur</span> <span class='ocrx_word' id='word_1_558' title='bbox 2229 878 2268 909; x_wconf 86' lang='lat' dir='ltr'>ad</span> <span class='ocrx_word' id='word_1_559' title='bbox 2283 885 2429 910; x_wconf 87' lang='lat' dir='ltr'>naturam</span> <span class='ocrx_word' id='word_1_560' title='bbox 2445 881 2500 917; x_wconf 84' lang='lat' dir='ltr'>sic,</span> <span class='ocrx_word' id='word_1_561' title='bbox 2523 879 2580 911; x_wconf 88' lang='lat' dir='ltr'>sed</span> 
     </span>
     <span class='ocr_line' id='line_1_68' title="bbox 1513 919 2578 964; baseline 0.005 -14"><span class='ocrx_word' id='word_1_562' title='bbox 1513 919 1697 960; x_wconf 84' lang='lat' dir='ltr'>imaginatio</span> <span class='ocrx_word' id='word_1_563' title='bbox 1717 930 1774 951; x_wconf 92' lang='lat' dir='ltr'>seu</span> <span class='ocrx_word' id='word_1_564' title='bbox 1790 920 1968 952; x_wconf 88' lang='lat' dir='ltr'>intellectus</span> <span class='ocrx_word' id='word_1_565' title='bbox 1990 931 2110 952; x_wconf 89' lang='lat' dir='ltr'>earum.</span> <span class='ocrx_word' id='word_1_566' title='bbox 2134 920 2175 953; x_wconf 89' lang='lat' dir='ltr'>Et</span> <span class='ocrx_word' id='word_1_567' title='bbox 2190 922 2264 953; x_wconf 92' lang='lat' dir='ltr'>ideo</span> <span class='ocrx_word' id='word_1_568' title='bbox 2281 924 2402 964; x_wconf 89' lang='lat' dir='ltr'>optime</span> <span class='ocrx_word' id='word_1_569' title='bbox 2417 924 2452 954; x_wconf 86' lang='lat' dir='ltr'>in</span> <span class='ocrx_word' id='word_1_570' title='bbox 2466 924 2578 961; x_wconf 83' lang='lat' dir='ltr'>littera,</span> 
     </span>
     <span class='ocr_line' id='line_1_69' title="bbox 1512 964 2579 1007; baseline 0.005 -13"><span class='ocrx_word' id='word_1_571' title='bbox 1512 973 1572 1003; x_wconf 92' lang='lat' dir='ltr'>pro</span> <span class='ocrx_word' id='word_1_572' title='bbox 1605 964 1813 995; x_wconf 87' lang='lat' dir='ltr'>antecedente</span> <span class='ocrx_word' id='word_1_573' title='bbox 1844 970 1875 995; x_wconf 92' lang='lat' dir='ltr'>et</span> <span class='ocrx_word' id='word_1_574' title='bbox 1897 964 1984 1006; x_wconf 79' lang='lat' dir='ltr'>quod</span> <span class='ocrx_word' id='word_1_575' title='bbox 2010 965 2088 1007; x_wconf 78' lang='lat' dir='ltr'>quid</span> <span class='ocrx_word' id='word_1_576' title='bbox 2118 971 2164 997; x_wconf 78' lang='lat' dir='ltr'>est</span> <span class='ocrx_word' id='word_1_577' title='bbox 2193 968 2419 1007; x_wconf 88' lang='lat' dir='ltr'>assumptionis</span> <span class='ocrx_word' id='word_1_578' title='bbox 2448 973 2579 999; x_wconf 85' lang='lat' dir='ltr'>naturae</span> 
     </span>
     <span class='ocr_line' id='line_1_70' title="bbox 1512 1007 2580 1048; baseline 0.006 -11"><span class='ocrx_word' id='word_1_579' title='bbox 1512 1007 1566 1044; x_wconf 83' lang='lat' dir='ltr'>sic,</span> <span class='ocrx_word' id='word_1_580' title='bbox 1592 1007 1706 1038; x_wconf 90' lang='lat' dir='ltr'>dicitur</span> <span class='ocrx_word' id='word_1_581' title='bbox 1730 1007 1819 1048; x_wconf 91' lang='lat' dir='ltr'>quod</span> <span class='ocrx_word' id='word_1_582' title='bbox 1842 1018 2002 1040; x_wconf 88' lang='lat' dir='ltr'>assumere</span> <span class='ocrx_word' id='word_1_583' title='bbox 2018 1009 2250 1040; x_wconf 85' lang='lat' dir='ltr'>humanitatem</span> <span class='ocrx_word' id='word_1_584' title='bbox 2270 1010 2315 1041; x_wconf 91' lang='lat' dir='ltr'>sic</span> <span class='ocrx_word' id='word_1_585' title='bbox 2337 1010 2416 1041; x_wconf 90' lang='lat' dir='ltr'>nihil</span> <span class='ocrx_word' id='word_1_586' title='bbox 2431 1011 2518 1043; x_wconf 87' lang='lat' dir='ltr'>aliud</span> <span class='ocrx_word' id='word_1_587' title='bbox 2533 1017 2580 1043; x_wconf 86' lang='lat' dir='ltr'>est</span> 
     </span>
    </p>
   </div>
   <div class='ocr_carea' id='block_1_7' title="bbox 1513 1052 2612 1092">
    <p class='ocr_par' dir='ltr' id='par_1_12' title="bbox 1513 1052 2612 1092">
     <span class='ocr_line' id='line_1_71' title="bbox 1513 1052 2612 1092; baseline 0.005 -11"><span class='ocrx_word' id='word_1_588' title='bbox 1513 1061 1611 1091; x_wconf 90' lang='lat' dir='ltr'>quam</span> <span class='ocrx_word' id='word_1_589' title='bbox 1634 1052 1766 1092; x_wconf 87' lang='lat' dir='ltr'>intelligi</span> <span class='ocrx_word' id='word_1_590' title='bbox 1796 1062 1957 1084; x_wconf 86' lang='lat' dir='ltr'>assumere</span> <span class='ocrx_word' id='word_1_591' title='bbox 1986 1058 2132 1084; x_wconf 88' lang='lat' dir='ltr'>naturam</span> <span class='ocrx_word' id='word_1_592' title='bbox 2154 1054 2339 1085; x_wconf 88' lang='lat' dir='ltr'>humanam.</span> <span class='ocrx_word' id='word_1_593' title='bbox 2374 1055 2415 1085; x_wconf 93' lang='lat' dir='ltr'>Et</span> <span class='ocrx_word' id='word_1_594' title='bbox 2437 1064 2512 1086; x_wconf 83' lang='lat' dir='ltr'>vere</span> <span class='ocrx_word' id='word_1_595' title='bbox 2534 1055 2580 1086; x_wconf 91' lang='lat' dir='ltr'>sic</span> <span class='ocrx_word' id='word_1_596' title='bbox 2609 1057 2612 1061; x_wconf 84' lang='lat'>&#39;</span> 
     </span>
    </p>
   </div>
   <div class='ocr_carea' id='block_1_8' title="bbox 1512 1095 2581 2535">
    <p class='ocr_par' dir='ltr' id='par_1_13' title="bbox 1512 1095 2581 1708">
     <span class='ocr_line' id='line_1_72' title="bbox 1513 1095 2580 1138; baseline 0.004 -12"><span class='ocrx_word' id='word_1_597' title='bbox 1513 1105 1581 1126; x_wconf 88' lang='lat' dir='ltr'>esse</span> <span class='ocrx_word' id='word_1_598' title='bbox 1603 1101 1706 1136; x_wconf 86' lang='lat' dir='ltr'>patet:</span> <span class='ocrx_word' id='word_1_599' title='bbox 1741 1097 1823 1127; x_wconf 90' lang='lat' dir='ltr'>sicut</span> <span class='ocrx_word' id='word_1_600' title='bbox 1845 1096 1993 1128; x_wconf 82' lang='lat' dir='ltr'>occidere</span> <span class='ocrx_word' id='word_1_601' title='bbox 2015 1095 2186 1128; x_wconf 87' lang='lat' dir='ltr'>Caesarem</span> <span class='ocrx_word' id='word_1_602' title='bbox 2208 1104 2479 1138; x_wconf 83' lang='lat' dir='ltr'>repraesentatum</span> <span class='ocrx_word' id='word_1_603' title='bbox 2499 1099 2580 1130; x_wconf 87' lang='lat' dir='ltr'>nihil</span> 
     </span>
     <span class='ocr_line' id='line_1_73' title="bbox 1513 1139 2579 1182; baseline 0.004 -12"><span class='ocrx_word' id='word_1_604' title='bbox 1513 1139 1598 1170; x_wconf 89' lang='lat' dir='ltr'>aliud</span> <span class='ocrx_word' id='word_1_605' title='bbox 1622 1146 1669 1170; x_wconf 91' lang='lat' dir='ltr'>est</span> <span class='ocrx_word' id='word_1_606' title='bbox 1692 1150 1790 1180; x_wconf 88' lang='lat' dir='ltr'>quam</span> <span class='ocrx_word' id='word_1_607' title='bbox 1813 1140 1946 1181; x_wconf 83' lang='lat' dir='ltr'>intelligi</span> <span class='ocrx_word' id='word_1_608' title='bbox 1969 1150 2027 1172; x_wconf 89' lang='lat' dir='ltr'>seu</span> <span class='ocrx_word' id='word_1_609' title='bbox 2049 1141 2214 1182; x_wconf 84' lang='lat' dir='ltr'>imaginari</span> <span class='ocrx_word' id='word_1_610' title='bbox 2230 1141 2376 1172; x_wconf 91' lang='lat' dir='ltr'>occidere</span> <span class='ocrx_word' id='word_1_611' title='bbox 2392 1141 2579 1180; x_wconf 68' lang='lat' dir='ltr'>Caesarem</span> 
     </span>
     <span class='ocr_line' id='line_1_74' title="bbox 1513 1183 2580 1226; baseline 0.004 -12"><span class='ocrx_word' id='word_1_612' title='bbox 1513 1189 1544 1214; x_wconf 90' lang='lat' dir='ltr'>et</span> <span class='ocrx_word' id='word_1_613' title='bbox 1567 1183 1670 1214; x_wconf 88' lang='lat' dir='ltr'>facere</span> <span class='ocrx_word' id='word_1_614' title='bbox 1694 1184 1859 1215; x_wconf 84' lang='lat' dir='ltr'>Socratem</span> <span class='ocrx_word' id='word_1_615' title='bbox 1881 1184 2090 1226; x_wconf 82' lang='lat' dir='ltr'>imaginatum</span> <span class='ocrx_word' id='word_1_616' title='bbox 2113 1191 2239 1216; x_wconf 86' lang='lat' dir='ltr'>tantum</span> <span class='ocrx_word' id='word_1_617' title='bbox 2260 1195 2370 1226; x_wconf 87' lang='lat' dir='ltr'>regem</span> <span class='ocrx_word' id='word_1_618' title='bbox 2392 1186 2471 1217; x_wconf 86' lang='lat' dir='ltr'>nihil</span> <span class='ocrx_word' id='word_1_619' title='bbox 2494 1186 2580 1219; x_wconf 84' lang='lat' dir='ltr'>aliud</span> 
     </span>
     <span class='ocr_line' id='line_1_75' title="bbox 1513 1227 2580 1270; baseline 0.004 -12"><span class='ocrx_word' id='word_1_620' title='bbox 1513 1237 1611 1267; x_wconf 86' lang='lat' dir='ltr'>quam</span> <span class='ocrx_word' id='word_1_621' title='bbox 1634 1228 1799 1269; x_wconf 89' lang='lat' dir='ltr'>imaginari</span> <span class='ocrx_word' id='word_1_622' title='bbox 1821 1227 1926 1259; x_wconf 84' lang='lat' dir='ltr'>facere</span> <span class='ocrx_word' id='word_1_623' title='bbox 1948 1228 2112 1260; x_wconf 88' lang='lat' dir='ltr'>Socratem</span> <span class='ocrx_word' id='word_1_624' title='bbox 2134 1239 2253 1270; x_wconf 89' lang='lat' dir='ltr'>regem.</span> <span class='ocrx_word' id='word_1_625' title='bbox 2288 1229 2329 1260; x_wconf 91' lang='lat' dir='ltr'>Et</span> <span class='ocrx_word' id='word_1_626' title='bbox 2359 1230 2514 1270; x_wconf 88' lang='lat' dir='ltr'>quoniam</span> <span class='ocrx_word' id='word_1_627' title='bbox 2541 1240 2580 1263; x_wconf 83' lang='lat' dir='ltr'>ex</span> 
     </span>
     <span class='ocr_line' id='line_1_76' title="bbox 1512 1271 2580 1314; baseline 0.004 -12"><span class='ocrx_word' id='word_1_628' title='bbox 1512 1271 1698 1303; x_wconf 89' lang='lat' dir='ltr'>huiusmodi</span> <span class='ocrx_word' id='word_1_629' title='bbox 1721 1273 1862 1303; x_wconf 90' lang='lat' dir='ltr'>actiones</span> <span class='ocrx_word' id='word_1_630' title='bbox 1886 1273 2071 1314; x_wconf 81' lang='lat' dir='ltr'>imaginatas</span> <span class='ocrx_word' id='word_1_631' title='bbox 2094 1279 2149 1304; x_wconf 89' lang='lat' dir='ltr'>aut</span> <span class='ocrx_word' id='word_1_632' title='bbox 2171 1273 2346 1304; x_wconf 89' lang='lat' dir='ltr'>intellectas</span> <span class='ocrx_word' id='word_1_633' title='bbox 2363 1274 2525 1306; x_wconf 83' lang='lat' dir='ltr'>terminari</span> <span class='ocrx_word' id='word_1_634' title='bbox 2539 1273 2580 1306; x_wconf 75' lang='lat' dir='ltr'>ad</span> 
     </span>
     <span class='ocr_line' id='line_1_77' title="bbox 1512 1315 2579 1358; baseline 0.004 -12"><span class='ocrx_word' id='word_1_635' title='bbox 1512 1325 1571 1352; x_wconf 90' lang='lat' dir='ltr'>res,</span> <span class='ocrx_word' id='word_1_636' title='bbox 1595 1326 1664 1347; x_wconf 91' lang='lat' dir='ltr'>non</span> <span class='ocrx_word' id='word_1_637' title='bbox 1686 1317 1830 1357; x_wconf 89' lang='lat' dir='ltr'>sequitur</span> <span class='ocrx_word' id='word_1_638' title='bbox 1853 1315 1943 1356; x_wconf 91' lang='lat' dir='ltr'>quod</span> <span class='ocrx_word' id='word_1_639' title='bbox 1965 1317 2010 1347; x_wconf 92' lang='lat' dir='ltr'>sic</span> <span class='ocrx_word' id='word_1_640' title='bbox 2027 1317 2068 1347; x_wconf 89' lang='lat' dir='ltr'>sit</span> <span class='ocrx_word' id='word_1_641' title='bbox 2090 1317 2124 1348; x_wconf 92' lang='lat' dir='ltr'>in</span> <span class='ocrx_word' id='word_1_642' title='bbox 2138 1326 2245 1348; x_wconf 87' lang='lat' dir='ltr'>rerum</span> <span class='ocrx_word' id='word_1_643' title='bbox 2259 1323 2373 1349; x_wconf 85' lang='lat' dir='ltr'>natura</span> <span class='ocrx_word' id='word_1_644' title='bbox 2395 1318 2477 1358; x_wconf 91' lang='lat' dir='ltr'>(non</span> <span class='ocrx_word' id='word_1_645' title='bbox 2492 1318 2579 1351; x_wconf 84' lang='lat' dir='ltr'>enim</span> 
     </span>
     <span class='ocr_line' id='line_1_78' title="bbox 1512 1360 2580 1400; baseline 0.003 -10"><span class='ocrx_word' id='word_1_646' title='bbox 1512 1360 1672 1391; x_wconf 87' lang='lat' dir='ltr'>invenitur</span> <span class='ocrx_word' id='word_1_647' title='bbox 1699 1365 1869 1400; x_wconf 87' lang='lat' dir='ltr'>propterea</span> <span class='ocrx_word' id='word_1_648' title='bbox 1898 1360 2022 1400; x_wconf 86' lang='lat' dir='ltr'>lignum</span> <span class='ocrx_word' id='word_1_649' title='bbox 2051 1366 2191 1398; x_wconf 88' lang='lat' dir='ltr'>sectum,</span> <span class='ocrx_word' id='word_1_650' title='bbox 2223 1367 2278 1392; x_wconf 91' lang='lat' dir='ltr'>aut</span> <span class='ocrx_word' id='word_1_651' title='bbox 2309 1361 2426 1392; x_wconf 88' lang='lat' dir='ltr'>Caesar</span> <span class='ocrx_word' id='word_1_652' title='bbox 2453 1362 2580 1394; x_wconf 74' lang='lat' dir='ltr'>occisus</span> 
     </span>
     <span class='ocr_line' id='line_1_79' title="bbox 1513 1404 2580 1446; baseline 0.003 -12"><span class='ocrx_word' id='word_1_653' title='bbox 1513 1410 1567 1434; x_wconf 87' lang='lat' dir='ltr'>aut</span> <span class='ocrx_word' id='word_1_654' title='bbox 1590 1404 1735 1435; x_wconf 86' lang='lat' dir='ltr'>Socrates</span> <span class='ocrx_word' id='word_1_655' title='bbox 1757 1404 1843 1444; x_wconf 90' lang='lat' dir='ltr'>rex),</span> <span class='ocrx_word' id='word_1_656' title='bbox 1872 1404 1946 1435; x_wconf 89' lang='lat' dir='ltr'>ideo</span> <span class='ocrx_word' id='word_1_657' title='bbox 1970 1405 2092 1445; x_wconf 89' lang='lat' dir='ltr'>optime</span> <span class='ocrx_word' id='word_1_658' title='bbox 2115 1405 2283 1437; x_wconf 86' lang='lat' dir='ltr'>deducitur</span> <span class='ocrx_word' id='word_1_659' title='bbox 2304 1406 2338 1436; x_wconf 92' lang='lat' dir='ltr'>in</span> <span class='ocrx_word' id='word_1_660' title='bbox 2359 1405 2462 1436; x_wconf 87' lang='lat' dir='ltr'>littera</span> <span class='ocrx_word' id='word_1_661' title='bbox 2489 1405 2580 1446; x_wconf 88' lang='lat' dir='ltr'>quod</span> 
     </span>
     <span class='ocr_line' id='line_1_80' title="bbox 1512 1449 2580 1490; baseline 0.004 -12"><span class='ocrx_word' id='word_1_662' title='bbox 1512 1458 1580 1478; x_wconf 92' lang='lat' dir='ltr'>non</span> <span class='ocrx_word' id='word_1_663' title='bbox 1603 1454 1777 1479; x_wconf 90' lang='lat' dir='ltr'>assumeret</span> <span class='ocrx_word' id='word_1_664' title='bbox 1806 1449 2039 1479; x_wconf 90' lang='lat' dir='ltr'>humanitatem</span> <span class='ocrx_word' id='word_1_665' title='bbox 2067 1449 2111 1479; x_wconf 74' lang='lat' dir='ltr'>inv</span> <span class='ocrx_word' id='word_1_666' title='bbox 2130 1459 2238 1480; x_wconf 89' lang='lat' dir='ltr'>rerum</span> <span class='ocrx_word' id='word_1_667' title='bbox 2267 1454 2397 1486; x_wconf 87' lang='lat' dir='ltr'>natura;</span> <span class='ocrx_word' id='word_1_668' title='bbox 2429 1455 2460 1480; x_wconf 89' lang='lat' dir='ltr'>et</span> <span class='ocrx_word' id='word_1_669' title='bbox 2489 1449 2580 1490; x_wconf 85' lang='lat' dir='ltr'>quod</span> 
     </span>
     <span class='ocr_line' id='line_1_81' title="bbox 1513 1492 2578 1534; baseline 0.003 -12"><span class='ocrx_word' id='word_1_670' title='bbox 1513 1497 1594 1522; x_wconf 87' lang='lat' dir='ltr'>esset</span> <span class='ocrx_word' id='word_1_671' title='bbox 1617 1492 1796 1523; x_wconf 87' lang='lat' dir='ltr'>intellectus</span> <span class='ocrx_word' id='word_1_672' title='bbox 1823 1492 1936 1529; x_wconf 81' lang='lat' dir='ltr'>falsus,</span> <span class='ocrx_word' id='word_1_673' title='bbox 1961 1493 2038 1533; x_wconf 86' lang='lat' dir='ltr'>quia</span> <span class='ocrx_word' id='word_1_674' title='bbox 2059 1493 2099 1524; x_wconf 86' lang='lat' dir='ltr'>ab</span> <span class='ocrx_word' id='word_1_675' title='bbox 2123 1503 2160 1524; x_wconf 85' lang='lat' dir='ltr'>eo</span> <span class='ocrx_word' id='word_1_676' title='bbox 2183 1493 2270 1534; x_wconf 83' lang='lat' dir='ltr'>quod</span> <span class='ocrx_word' id='word_1_677' title='bbox 2293 1502 2345 1524; x_wconf 83' lang='lat' dir='ltr'>res</span> <span class='ocrx_word' id='word_1_678' title='bbox 2367 1498 2414 1524; x_wconf 83' lang='lat' dir='ltr'>est</span> <span class='ocrx_word' id='word_1_679' title='bbox 2439 1493 2490 1525; x_wconf 70' lang='lat' dir='ltr'>vel</span> <span class='ocrx_word' id='word_1_680' title='bbox 2513 1503 2578 1526; x_wconf 85' lang='lat' dir='ltr'>non</span> 
     </span>
     <span class='ocr_line' id='line_1_82' title="bbox 1512 1535 2581 1579; baseline 0.002 -13"><span class='ocrx_word' id='word_1_681' title='bbox 1512 1541 1568 1572; x_wconf 87' lang='lat' dir='ltr'>est,</span> <span class='ocrx_word' id='word_1_682' title='bbox 1593 1535 1772 1567; x_wconf 83' lang='lat' dir='ltr'>intellectus</span> <span class='ocrx_word' id='word_1_683' title='bbox 1801 1536 1921 1566; x_wconf 83' lang='lat' dir='ltr'>dicitur</span> <span class='ocrx_word' id='word_1_684' title='bbox 1942 1546 2039 1568; x_wconf 80' lang='lat' dir='ltr'>verus</span> <span class='ocrx_word' id='word_1_685' title='bbox 2061 1537 2112 1568; x_wconf 72' lang='lat' dir='ltr'>vel</span> <span class='ocrx_word' id='word_1_686' title='bbox 2124 1537 2239 1579; x_wconf 83' lang='lat' dir='ltr'>salsus</span> <span class='ocrx_word' id='word_1_687' title='bbox 2257 1538 2292 1574; x_wconf 72' lang='lat'>*3</span> <span class='ocrx_word' id='word_1_688' title='bbox 2324 1542 2356 1567; x_wconf 91' lang='lat' dir='ltr'>et</span> <span class='ocrx_word' id='word_1_689' title='bbox 2381 1537 2472 1577; x_wconf 90' lang='lat' dir='ltr'>quod</span> <span class='ocrx_word' id='word_1_690' title='bbox 2497 1543 2581 1570; x_wconf 83' lang='lat' dir='ltr'>esset</span> 
     </span>
     <span class='ocr_line' id='line_1_83' title="bbox 1513 1579 2579 1622; baseline 0.003 -12"><span class='ocrx_word' id='word_1_691' title='bbox 1513 1579 1601 1610; x_wconf 88' lang='lat' dir='ltr'>fictio</span> <span class='ocrx_word' id='word_1_692' title='bbox 1624 1580 1861 1616; x_wconf 86' lang='lat' dir='ltr'>incarnationis,</span> <span class='ocrx_word' id='word_1_693' title='bbox 1884 1590 1952 1611; x_wconf 91' lang='lat' dir='ltr'>non</span> <span class='ocrx_word' id='word_1_694' title='bbox 1967 1581 2142 1611; x_wconf 87' lang='lat' dir='ltr'>incarnatio</span> <span class='ocrx_word' id='word_1_695' title='bbox 2158 1581 2237 1621; x_wconf 88' lang='lat' dir='ltr'>ipsa,</span> <span class='ocrx_word' id='word_1_696' title='bbox 2253 1586 2289 1611; x_wconf 93' lang='lat' dir='ltr'>ut</span> <span class='ocrx_word' id='word_1_697' title='bbox 2305 1581 2387 1612; x_wconf 87' lang='lat' dir='ltr'>clare</span> <span class='ocrx_word' id='word_1_698' title='bbox 2402 1582 2466 1612; x_wconf 90' lang='lat' dir='ltr'>iam</span> <span class='ocrx_word' id='word_1_699' title='bbox 2481 1587 2579 1622; x_wconf 82' lang='lat' dir='ltr'>patet,</span> 
     </span>
     <span class='ocr_line' id='line_1_84' title="bbox 1513 1622 2580 1664; baseline 0.003 -10"><span class='ocrx_word' id='word_1_700' title='bbox 1513 1623 1595 1654; x_wconf 91' lang='lat' dir='ltr'>sicut</span> <span class='ocrx_word' id='word_1_701' title='bbox 1618 1622 1707 1654; x_wconf 91' lang='lat' dir='ltr'>fictio</span> <span class='ocrx_word' id='word_1_702' title='bbox 1732 1624 1939 1654; x_wconf 89' lang='lat' dir='ltr'>comestionis</span> <span class='ocrx_word' id='word_1_703' title='bbox 1954 1625 2045 1664; x_wconf 91' lang='lat' dir='ltr'>panis</span> <span class='ocrx_word' id='word_1_704' title='bbox 2069 1630 2116 1655; x_wconf 89' lang='lat' dir='ltr'>est</span> <span class='ocrx_word' id='word_1_705' title='bbox 2135 1624 2305 1655; x_wconf 87' lang='lat' dir='ltr'>comedere</span> <span class='ocrx_word' id='word_1_706' title='bbox 2319 1634 2438 1664; x_wconf 87' lang='lat' dir='ltr'>panem</span> <span class='ocrx_word' id='word_1_707' title='bbox 2452 1626 2487 1656; x_wconf 88' lang='lat' dir='ltr'>in</span> <span class='ocrx_word' id='word_1_708' title='bbox 2500 1626 2580 1657; x_wconf 76' lang='lat' dir='ltr'>ima-</span> 
     </span>
     <span class='ocr_line' id='line_1_85' title="bbox 1513 1668 1836 1708; baseline 0 -10"><span class='ocrx_word' id='word_1_709' title='bbox 1513 1668 1677 1708; x_wconf 86' lang='lat' dir='ltr'>ginatione</span> <span class='ocrx_word' id='word_1_710' title='bbox 1700 1673 1836 1698; x_wconf 87' lang='lat' dir='ltr'>tantum.</span> 
     </span>
    </p>

    <p class='ocr_par' dir='ltr' id='par_1_14' title="bbox 1513 1711 2581 1928">
     <span class='ocr_line' id='line_1_86' title="bbox 1569 1711 2581 1752; baseline 0.003 -10"><span class='ocrx_word' id='word_1_711' title='bbox 1569 1711 1622 1742; x_wconf 93' lang='lat' dir='ltr'>IX.</span> <span class='ocrx_word' id='word_1_712' title='bbox 1647 1711 1792 1743; x_wconf 91' lang='lat' dir='ltr'>Dubium</span> <span class='ocrx_word' id='word_1_713' title='bbox 1822 1717 1917 1742; x_wconf 89' lang='lat' dir='ltr'>restat</span> <span class='ocrx_word' id='word_1_714' title='bbox 1939 1712 2008 1748; x_wconf 82' lang='lat' dir='ltr'>hic,</span> <span class='ocrx_word' id='word_1_715' title='bbox 2033 1721 2148 1752; x_wconf 91' lang='lat' dir='ltr'>quare,</span> <span class='ocrx_word' id='word_1_716' title='bbox 2172 1722 2248 1744; x_wconf 86' lang='lat' dir='ltr'>cum</span> <span class='ocrx_word' id='word_1_717' title='bbox 2276 1712 2457 1744; x_wconf 85' lang='lat' dir='ltr'>humanitas</span> <span class='ocrx_word' id='word_1_718' title='bbox 2479 1713 2581 1751; x_wconf 73' lang='lat' dir='ltr'>inin·-</span> 
     </span>
     <span class='ocr_line' id='line_1_87' title="bbox 1513 1756 2581 1798; baseline 0.002 -12"><span class='ocrx_word' id='word_1_719' title='bbox 1513 1756 1643 1787; x_wconf 90' lang='lat' dir='ltr'>tellectu</span> <span class='ocrx_word' id='word_1_720' title='bbox 1665 1756 1781 1796; x_wconf 91' lang='lat' dir='ltr'>triplici</span> <span class='ocrx_word' id='word_1_721' title='bbox 1803 1765 1871 1786; x_wconf 89' lang='lat' dir='ltr'>esse</span> <span class='ocrx_word' id='word_1_722' title='bbox 1894 1756 2017 1793; x_wconf 83' lang='lat' dir='ltr'>habeat,</span> <span class='ocrx_word' id='word_1_723' title='bbox 2042 1757 2161 1787; x_wconf 88' lang='lat' dir='ltr'>scilicet</span> <span class='ocrx_word' id='word_1_724' title='bbox 2177 1756 2297 1794; x_wconf 89' lang='lat' dir='ltr'>divino,</span> <span class='ocrx_word' id='word_1_725' title='bbox 2313 1757 2457 1798; x_wconf 81' lang='lat' dir='ltr'>angelico</span> <span class='ocrx_word' id='word_1_726' title='bbox 2474 1763 2506 1788; x_wconf 88' lang='lat' dir='ltr'>et</span> <span class='ocrx_word' id='word_1_727' title='bbox 2519 1757 2581 1789; x_wconf 88' lang='lat' dir='ltr'>hu-</span> 
     </span>
     <span class='ocr_line' id='line_1_88' title="bbox 1513 1798 2580 1839; baseline 0.003 -9"><span class='ocrx_word' id='word_1_728' title='bbox 1513 1809 1622 1833; x_wconf 84' lang='lat' dir='ltr'>mano.</span> <span class='ocrx_word' id='word_1_729' title='bbox 1647 1799 1686 1830; x_wconf 93' lang='lat' dir='ltr'>de</span> <span class='ocrx_word' id='word_1_730' title='bbox 1710 1799 1837 1831; x_wconf 92' lang='lat' dir='ltr'>duobus</span> <span class='ocrx_word' id='word_1_731' title='bbox 1859 1805 1984 1830; x_wconf 88' lang='lat' dir='ltr'>tantum</span> <span class='ocrx_word' id='word_1_732' title='bbox 2008 1800 2221 1831; x_wconf 89' lang='lat' dir='ltr'>intellectibus</span> <span class='ocrx_word' id='word_1_733' title='bbox 2239 1800 2364 1832; x_wconf 88' lang='lat' dir='ltr'>Auctor</span> <span class='ocrx_word' id='word_1_734' title='bbox 2377 1802 2507 1833; x_wconf 83' lang='lat' dir='ltr'>locutus</span> <span class='ocrx_word' id='word_1_735' title='bbox 2521 1798 2580 1839; x_wconf 67' lang='lat' dir='ltr'>ent,</span> 
     </span>
     <span class='ocr_line' id='line_1_89' title="bbox 1514 1843 2580 1885; baseline 0.003 -11"><span class='ocrx_word' id='word_1_736' title='bbox 1514 1844 1666 1874; x_wconf 89' lang='lat' dir='ltr'>omittens</span> <span class='ocrx_word' id='word_1_737' title='bbox 1681 1844 1912 1874; x_wconf 88' lang='lat' dir='ltr'>humanitatem</span> <span class='ocrx_word' id='word_1_738' title='bbox 1935 1843 2114 1875; x_wconf 90' lang='lat' dir='ltr'>secundum</span> <span class='ocrx_word' id='word_1_739' title='bbox 2130 1854 2198 1875; x_wconf 89' lang='lat' dir='ltr'>esse</span> <span class='ocrx_word' id='word_1_740' title='bbox 2222 1844 2312 1885; x_wconf 93' lang='lat' dir='ltr'>quod</span> <span class='ocrx_word' id='word_1_741' title='bbox 2329 1845 2424 1876; x_wconf 87' lang='lat' dir='ltr'>habet</span> <span class='ocrx_word' id='word_1_742' title='bbox 2438 1846 2472 1877; x_wconf 85' lang='lat' dir='ltr'>in</span> <span class='ocrx_word' id='word_1_743' title='bbox 2486 1845 2580 1879; x_wconf 70' lang='lat' dir='ltr'>intel-</span> 
     </span>
     <span class='ocr_line' id='line_1_90' title="bbox 1513 1887 1778 1928; baseline 0 -10"><span class='ocrx_word' id='word_1_744' title='bbox 1513 1887 1599 1918; x_wconf 91' lang='lat' dir='ltr'>lectu</span> <span class='ocrx_word' id='word_1_745' title='bbox 1623 1888 1778 1928; x_wconf 84' lang='lat' dir='ltr'>angelico.</span> 
     </span>
    </p>

    <p class='ocr_par' dir='ltr' id='par_1_15' title="bbox 1513 1930 2580 2060">
     <span class='ocr_line' id='line_1_91' title="bbox 1568 1930 2580 1974; baseline 0.003 -13"><span class='ocrx_word' id='word_1_746' title='bbox 1568 1930 1620 1962; x_wconf 93' lang='lat' dir='ltr'>Ad</span> <span class='ocrx_word' id='word_1_747' title='bbox 1642 1932 1705 1962; x_wconf 89' lang='lat' dir='ltr'>hoc</span> <span class='ocrx_word' id='word_1_748' title='bbox 1729 1931 1791 1962; x_wconf 91' lang='lat' dir='ltr'>dici</span> <span class='ocrx_word' id='word_1_749' title='bbox 1814 1931 1906 1963; x_wconf 85' lang='lat' dir='ltr'>facile</span> <span class='ocrx_word' id='word_1_750' title='bbox 1927 1932 2031 1972; x_wconf 93' lang='lat' dir='ltr'>prima</span> <span class='ocrx_word' id='word_1_751' title='bbox 2045 1930 2126 1962; x_wconf 84' lang='lat' dir='ltr'>facie</span> <span class='ocrx_word' id='word_1_752' title='bbox 2142 1938 2249 1973; x_wconf 90' lang='lat' dir='ltr'>potest</span> <span class='ocrx_word' id='word_1_753' title='bbox 2272 1932 2372 1974; x_wconf 91' lang='lat' dir='ltr'>quod,</span> <span class='ocrx_word' id='word_1_754' title='bbox 2397 1933 2472 1974; x_wconf 83' lang='lat' dir='ltr'>quia</span> <span class='ocrx_word' id='word_1_755' title='bbox 2486 1932 2580 1966; x_wconf 87' lang='lat' dir='ltr'>intel-</span> 
     </span>
     <span class='ocr_line' id='line_1_92' title="bbox 1513 1975 2578 2015; baseline 0.002 -9"><span class='ocrx_word' id='word_1_756' title='bbox 1513 1975 1614 2006; x_wconf 89' lang='lat' dir='ltr'>lectus</span> <span class='ocrx_word' id='word_1_757' title='bbox 1639 1976 1800 2015; x_wconf 86' lang='lat' dir='ltr'>angelicus</span> <span class='ocrx_word' id='word_1_758' title='bbox 1830 1975 1954 2006; x_wconf 90' lang='lat' dir='ltr'>medius</span> <span class='ocrx_word' id='word_1_759' title='bbox 1978 1981 2025 2006; x_wconf 87' lang='lat' dir='ltr'>est</span> <span class='ocrx_word' id='word_1_760' title='bbox 2051 1977 2133 2007; x_wconf 89' lang='lat' dir='ltr'>inter</span> <span class='ocrx_word' id='word_1_761' title='bbox 2156 1975 2300 2007; x_wconf 89' lang='lat' dir='ltr'>divinum</span> <span class='ocrx_word' id='word_1_762' title='bbox 2328 1982 2359 2007; x_wconf 92' lang='lat' dir='ltr'>et</span> <span class='ocrx_word' id='word_1_763' title='bbox 2381 1977 2578 2014; x_wconf 78' lang='lat' dir='ltr'>humanum,</span> 
     </span>
     <span class='ocr_line' id='line_1_93' title="bbox 1513 2018 2284 2060; baseline 0.001 -10"><span class='ocrx_word' id='word_1_764' title='bbox 1513 2029 1571 2060; x_wconf 90' lang='lat' dir='ltr'>per</span> <span class='ocrx_word' id='word_1_765' title='bbox 1593 2025 1733 2050; x_wconf 87' lang='lat' dir='ltr'>extrema</span> <span class='ocrx_word' id='word_1_766' title='bbox 1756 2018 1842 2050; x_wconf 89' lang='lat' dir='ltr'>dedit</span> <span class='ocrx_word' id='word_1_767' title='bbox 1864 2019 2107 2060; x_wconf 86' lang='lat' dir='ltr'>intelligendum</span> <span class='ocrx_word' id='word_1_768' title='bbox 2129 2019 2284 2051; x_wconf 89' lang='lat' dir='ltr'>medium.</span> 
     </span>
    </p>

    <p class='ocr_par' dir='ltr' id='par_1_16' title="bbox 1513 2063 2580 2535">
     <span class='ocr_line' id='line_1_94' title="bbox 1569 2063 2579 2106; baseline 0.002 -12"><span class='ocrx_word' id='word_1_769' title='bbox 1569 2063 1721 2094; x_wconf 88' lang='lat' dir='ltr'>Subtilius</span> <span class='ocrx_word' id='word_1_770' title='bbox 1745 2069 1852 2094; x_wconf 87' lang='lat' dir='ltr'>autem</span> <span class='ocrx_word' id='word_1_771' title='bbox 1875 2069 1906 2094; x_wconf 85' lang='lat' dir='ltr'>et</span> <span class='ocrx_word' id='word_1_772' title='bbox 1928 2064 2033 2095; x_wconf 88' lang='lat' dir='ltr'>verius</span> <span class='ocrx_word' id='word_1_773' title='bbox 2056 2063 2171 2095; x_wconf 88' lang='lat' dir='ltr'>dicitur</span> <span class='ocrx_word' id='word_1_774' title='bbox 2193 2063 2298 2105; x_wconf 84' lang='lat' dir='ltr'>quod,</span> <span class='ocrx_word' id='word_1_775' title='bbox 2330 2065 2407 2106; x_wconf 82' lang='lat' dir='ltr'>quia</span> <span class='ocrx_word' id='word_1_776' title='bbox 2429 2074 2498 2096; x_wconf 84' lang='lat' dir='ltr'>esse</span> <span class='ocrx_word' id='word_1_777' title='bbox 2520 2063 2579 2097; x_wconf 87' lang='lat' dir='ltr'>ob-</span> 
     </span>
     <span class='ocr_line' id='line_1_95' title="bbox 1514 2104 2580 2149; baseline 0.003 -12"><span class='ocrx_word' id='word_1_778' title='bbox 1514 2108 1666 2138; x_wconf 90' lang='lat' dir='ltr'>iectivum</span> <span class='ocrx_word' id='word_1_779' title='bbox 1695 2108 1729 2138; x_wconf 90' lang='lat' dir='ltr'>in</span> <span class='ocrx_word' id='word_1_780' title='bbox 1752 2107 1917 2138; x_wconf 87' lang='lat' dir='ltr'>intellectu</span> <span class='ocrx_word' id='word_1_781' title='bbox 1945 2104 2143 2139; x_wconf 80' lang='lat' dir='ltr'>sufficienter</span> <span class='ocrx_word' id='word_1_782' title='bbox 2166 2117 2225 2149; x_wconf 89' lang='lat' dir='ltr'>per</span> <span class='ocrx_word' id='word_1_783' title='bbox 2253 2109 2313 2139; x_wconf 90' lang='lat' dir='ltr'>hos</span> <span class='ocrx_word' id='word_1_784' title='bbox 2343 2108 2425 2140; x_wconf 91' lang='lat' dir='ltr'>duos</span> <span class='ocrx_word' id='word_1_785' title='bbox 2454 2107 2580 2141; x_wconf 81' lang='lat' dir='ltr'>essendi</span> 
     </span>
     <span class='ocr_line' id='line_1_96' title="bbox 1513 2151 2580 2194; baseline 0.002 -12"><span class='ocrx_word' id='word_1_786' title='bbox 1513 2151 1630 2182; x_wconf 92' lang='lat' dir='ltr'>modos</span> <span class='ocrx_word' id='word_1_787' title='bbox 1654 2151 1838 2182; x_wconf 90' lang='lat' dir='ltr'>distinctum</span> <span class='ocrx_word' id='word_1_788' title='bbox 1862 2157 1924 2188; x_wconf 91' lang='lat' dir='ltr'>est,</span> <span class='ocrx_word' id='word_1_789' title='bbox 1955 2152 2074 2182; x_wconf 87' lang='lat' dir='ltr'>scilicet</span> <span class='ocrx_word' id='word_1_790' title='bbox 2104 2151 2193 2192; x_wconf 90' lang='lat' dir='ltr'>quod</span> <span class='ocrx_word' id='word_1_791' title='bbox 2215 2158 2271 2183; x_wconf 87' lang='lat' dir='ltr'>aut</span> <span class='ocrx_word' id='word_1_792' title='bbox 2300 2158 2347 2184; x_wconf 90' lang='lat' dir='ltr'>est</span> <span class='ocrx_word' id='word_1_793' title='bbox 2375 2152 2462 2183; x_wconf 89' lang='lat' dir='ltr'>idem</span> <span class='ocrx_word' id='word_1_794' title='bbox 2489 2151 2580 2194; x_wconf 82' lang='lat' dir='ltr'>quod</span> 
     </span>
     <span class='ocr_line' id='line_1_97' title="bbox 1514 2195 2580 2236; baseline 0.002 -10"><span class='ocrx_word' id='word_1_795' title='bbox 1514 2205 1582 2226; x_wconf 89' lang='lat' dir='ltr'>esse</span> <span class='ocrx_word' id='word_1_796' title='bbox 1605 2195 1748 2226; x_wconf 90' lang='lat' dir='ltr'>naturale</span> <span class='ocrx_word' id='word_1_797' title='bbox 1770 2195 1990 2236; x_wconf 88' lang='lat' dir='ltr'>intelligentis,</span> <span class='ocrx_word' id='word_1_798' title='bbox 2022 2201 2077 2226; x_wconf 88' lang='lat' dir='ltr'>aut</span> <span class='ocrx_word' id='word_1_799' title='bbox 2100 2201 2147 2226; x_wconf 89' lang='lat' dir='ltr'>est</span> <span class='ocrx_word' id='word_1_800' title='bbox 2169 2206 2237 2227; x_wconf 89' lang='lat' dir='ltr'>esse</span> <span class='ocrx_word' id='word_1_801' title='bbox 2259 2196 2427 2227; x_wconf 87' lang='lat' dir='ltr'>relativum</span> <span class='ocrx_word' id='word_1_802' title='bbox 2449 2197 2580 2228; x_wconf 77' lang='lat' dir='ltr'>rationis</span> 
     </span>
     <span class='ocr_line' id='line_1_98' title="bbox 1514 2239 2579 2280; baseline 0.002 -10"><span class='ocrx_word' id='word_1_803' title='bbox 1514 2249 1581 2280; x_wconf 89' lang='lat' dir='ltr'>quo</span> <span class='ocrx_word' id='word_1_804' title='bbox 1605 2239 1720 2270; x_wconf 86' lang='lat' dir='ltr'>dicitur</span> <span class='ocrx_word' id='word_1_805' title='bbox 1744 2244 1775 2270; x_wconf 91' lang='lat' dir='ltr'>et</span> <span class='ocrx_word' id='word_1_806' title='bbox 1799 2245 1845 2270; x_wconf 90' lang='lat' dir='ltr'>est</span> <span class='ocrx_word' id='word_1_807' title='bbox 1867 2246 2139 2280; x_wconf 88' lang='lat' dir='ltr'>repraesentatum</span> <span class='ocrx_word' id='word_1_808' title='bbox 2169 2246 2200 2271; x_wconf 89' lang='lat' dir='ltr'>et</span> <span class='ocrx_word' id='word_1_809' title='bbox 2229 2241 2483 2278; x_wconf 88' lang='lat' dir='ltr'>terminativum‚</span> <span class='ocrx_word' id='word_1_810' title='bbox 2500 2245 2579 2278; x_wconf 68' lang='lat' dir='ltr'>etc-,5</span> 
     </span>
     <span class='ocr_line' id='line_1_99' title="bbox 1515 2283 2580 2324; baseline 0.002 -10"><span class='ocrx_word' id='word_1_811' title='bbox 1515 2290 1545 2314; x_wconf 91' lang='lat' dir='ltr'>et</span> <span class='ocrx_word' id='word_1_812' title='bbox 1568 2289 1707 2323; x_wconf 86' lang='lat' dir='ltr'>utroque</span> <span class='ocrx_word' id='word_1_813' title='bbox 1730 2283 1831 2314; x_wconf 92' lang='lat' dir='ltr'>modo</span> <span class='ocrx_word' id='word_1_814' title='bbox 1856 2284 2022 2314; x_wconf 87' lang='lat' dir='ltr'>exclusum</span> <span class='ocrx_word' id='word_1_815' title='bbox 2040 2285 2078 2314; x_wconf 89' lang='lat' dir='ltr'>ab</span> <span class='ocrx_word' id='word_1_816' title='bbox 2095 2285 2315 2324; x_wconf 88' lang='lat' dir='ltr'>assumptione</span> <span class='ocrx_word' id='word_1_817' title='bbox 2329 2285 2372 2315; x_wconf 92' lang='lat' dir='ltr'>ita</span> <span class='ocrx_word' id='word_1_818' title='bbox 2387 2290 2435 2316; x_wconf 88' lang='lat' dir='ltr'>est</span> <span class='ocrx_word' id='word_1_819' title='bbox 2449 2290 2486 2316; x_wconf 90' lang='lat' dir='ltr'>ut</span> <span class='ocrx_word' id='word_1_820' title='bbox 2497 2294 2580 2317; x_wconf 85' lang='lat' dir='ltr'>neu-</span> 
     </span>
     <span class='ocr_line' id='line_1_100' title="bbox 1513 2327 2580 2365; baseline 0.002 -7"><span class='ocrx_word' id='word_1_821' title='bbox 1513 2334 1562 2358; x_wconf 90' lang='lat' dir='ltr'>tro</span> <span class='ocrx_word' id='word_1_822' title='bbox 1585 2327 1686 2358; x_wconf 91' lang='lat' dir='ltr'>modo</span> <span class='ocrx_word' id='word_1_823' title='bbox 1709 2328 1889 2358; x_wconf 90' lang='lat' dir='ltr'>humanitas</span> <span class='ocrx_word' id='word_1_824' title='bbox 1911 2337 1986 2359; x_wconf 92' lang='lat' dir='ltr'>vere</span> <span class='ocrx_word' id='word_1_825' title='bbox 2008 2333 2229 2365; x_wconf 87' lang='lat' dir='ltr'>assumeretur,</span> <span class='ocrx_word' id='word_1_826' title='bbox 2253 2328 2310 2360; x_wconf 90' lang='lat' dir='ltr'>sed</span> <span class='ocrx_word' id='word_1_827' title='bbox 2330 2329 2382 2359; x_wconf 88' lang='lat' dir='ltr'>vel</span> <span class='ocrx_word' id='word_1_828' title='bbox 2403 2334 2516 2360; x_wconf 75' lang='lat' dir='ltr'>natura</span> <span class='ocrx_word' id='word_1_829' title='bbox 2529 2329 2580 2360; x_wconf 86' lang='lat' dir='ltr'>in-</span> 
     </span>
     <span class='ocr_line' id='line_1_101' title="bbox 1513 2371 2577 2413; baseline 0.003 -11"><span class='ocrx_word' id='word_1_830' title='bbox 1513 2372 1682 2412; x_wconf 87' lang='lat' dir='ltr'>telligentis</span> <span class='ocrx_word' id='word_1_831' title='bbox 1705 2372 1792 2402; x_wconf 90' lang='lat' dir='ltr'>illam</span> <span class='ocrx_word' id='word_1_832' title='bbox 1814 2378 2036 2409; x_wconf 87' lang='lat' dir='ltr'>assumeretur,</span> <span class='ocrx_word' id='word_1_833' title='bbox 2059 2373 2109 2403; x_wconf 88' lang='lat' dir='ltr'>vel</span> <span class='ocrx_word' id='word_1_834' title='bbox 2126 2378 2208 2403; x_wconf 89' lang='lat' dir='ltr'>esset</span> <span class='ocrx_word' id='word_1_835' title='bbox 2229 2371 2318 2404; x_wconf 89' lang='lat' dir='ltr'>fictio</span> <span class='ocrx_word' id='word_1_836' title='bbox 2333 2373 2577 2413; x_wconf 78' lang='lat' dir='ltr'>assumptionis:</span> 
     </span>
     <span class='ocr_line' id='line_1_102' title="bbox 1513 2415 2578 2456; baseline 0.002 -10"><span class='ocrx_word' id='word_1_837' title='bbox 1513 2415 1587 2446; x_wconf 89' lang='lat' dir='ltr'>ideo</span> <span class='ocrx_word' id='word_1_838' title='bbox 1611 2426 1679 2446; x_wconf 91' lang='lat' dir='ltr'>non</span> <span class='ocrx_word' id='word_1_839' title='bbox 1702 2416 1846 2456; x_wconf 88' lang='lat' dir='ltr'>oportuit</span> <span class='ocrx_word' id='word_1_840' title='bbox 1869 2416 2041 2447; x_wconf 88' lang='lat' dir='ltr'>sollicitum</span> <span class='ocrx_word' id='word_1_841' title='bbox 2057 2426 2125 2447; x_wconf 90' lang='lat' dir='ltr'>esse</span> <span class='ocrx_word' id='word_1_842' title='bbox 2141 2415 2308 2447; x_wconf 87' lang='lat' dir='ltr'>doctorem</span> <span class='ocrx_word' id='word_1_843' title='bbox 2326 2415 2366 2447; x_wconf 89' lang='lat' dir='ltr'>de</span> <span class='ocrx_word' id='word_1_844' title='bbox 2381 2417 2578 2448; x_wconf 74' lang='lat' dir='ltr'>humanitate</span> 
     </span>
     <span class='ocr_line' id='line_1_103' title="bbox 1513 2460 2578 2502; baseline 0.002 -12"><span class='ocrx_word' id='word_1_845' title='bbox 1513 2460 1692 2490; x_wconf 89' lang='lat' dir='ltr'>secundum</span> <span class='ocrx_word' id='word_1_846' title='bbox 1716 2470 1784 2491; x_wconf 88' lang='lat' dir='ltr'>esse</span> <span class='ocrx_word' id='word_1_847' title='bbox 1801 2460 1890 2500; x_wconf 90' lang='lat' dir='ltr'>quod</span> <span class='ocrx_word' id='word_1_848' title='bbox 1905 2460 2000 2491; x_wconf 88' lang='lat' dir='ltr'>habet</span> <span class='ocrx_word' id='word_1_849' title='bbox 2014 2461 2048 2491; x_wconf 89' lang='lat' dir='ltr'>in</span> <span class='ocrx_word' id='word_1_850' title='bbox 2063 2460 2227 2491; x_wconf 88' lang='lat' dir='ltr'>intellectu</span> <span class='ocrx_word' id='word_1_851' title='bbox 2242 2460 2398 2500; x_wconf 85' lang='lat' dir='ltr'>angelico,</span> <span class='ocrx_word' id='word_1_852' title='bbox 2421 2461 2578 2502; x_wconf 75' lang='lat' dir='ltr'>quoniam</span> 
     </span>
     <span class='ocr_line' id='line_1_104' title="bbox 1514 2503 2031 2535; baseline 0.002 -1"><span class='ocrx_word' id='word_1_853' title='bbox 1514 2503 1624 2534; x_wconf 87' lang='lat' dir='ltr'>incidit</span> <span class='ocrx_word' id='word_1_854' title='bbox 1647 2505 1680 2534; x_wconf 92' lang='lat' dir='ltr'>in</span> <span class='ocrx_word' id='word_1_855' title='bbox 1704 2504 1838 2535; x_wconf 89' lang='lat' dir='ltr'>alterum</span> <span class='ocrx_word' id='word_1_856' title='bbox 1861 2503 2031 2535; x_wconf 86' lang='lat' dir='ltr'>dictorum.</span> 
     </span>
    </p>
   </div>
   <div class='ocr_carea' id='block_1_9' title="bbox 522 2725 2460 2860">
    <p class='ocr_par' dir='ltr' id='par_1_17' title="bbox 522 2725 2460 2860">
     <span class='ocr_line' id='line_1_105' title="bbox 1183 2725 1791 2776; baseline 0.002 -9"><span class='ocrx_word' id='word_1_857' title='bbox 1183 2725 1502 2768; x_wconf 88' lang='lat' dir='ltr'><strong>ARTICULUS</strong></span> <span class='ocrx_word' id='word_1_858' title='bbox 1532 2725 1791 2776; x_wconf 86' lang='lat' dir='ltr'>QUINTUS</span> 
     </span>
     <span class='ocr_line' id='line_1_106' title="bbox 522 2826 2460 2860; baseline 0 -1"><span class='ocrx_word' id='word_1_859' title='bbox 522 2827 679 2859; x_wconf 86' lang='lat' dir='ltr'><strong>UTRUM</strong></span> <span class='ocrx_word' id='word_1_860' title='bbox 702 2826 839 2858; x_wconf 83' lang='lat' dir='ltr'><strong>FILIUS</strong></span> <span class='ocrx_word' id='word_1_861' title='bbox 862 2827 934 2857; x_wconf 80' lang='lat' dir='ltr'>DEI</span> <span class='ocrx_word' id='word_1_862' title='bbox 957 2827 1183 2858; x_wconf 86' lang='lat' dir='ltr'>HUMANAM</span> <span class='ocrx_word' id='word_1_863' title='bbox 1207 2827 1426 2859; x_wconf 88' lang='lat' dir='ltr'><strong>NATURAM</strong></span> <span class='ocrx_word' id='word_1_864' title='bbox 1448 2827 1677 2859; x_wconf 84' lang='lat' dir='ltr'>ASSUMERE</span> <span class='ocrx_word' id='word_1_865' title='bbox 1700 2827 1919 2859; x_wconf 84' lang='lat' dir='ltr'><strong>DEBUERIT</strong></span> <span class='ocrx_word' id='word_1_866' title='bbox 1943 2827 1986 2858; x_wconf 88' lang='lat' dir='ltr'>1N</span> <span class='ocrx_word' id='word_1_867' title='bbox 2011 2827 2204 2859; x_wconf 77' lang='lat' dir='ltr'>OMNmus</span> <span class='ocrx_word' id='word_1_868' title='bbox 2227 2827 2460 2860; x_wconf 80' lang='lat' dir='ltr'>1ND1V1DU18</span> 
     </span>
    </p>
   </div>
   <div class='ocr_carea' id='block_1_10' title="bbox 1195 2915 1778 2949">
    <p class='ocr_par' dir='ltr' id='par_1_18' title="bbox 1195 2915 1778 2949">
     <span class='ocr_line' id='line_1_107' title="bbox 1195 2915 1778 2949; baseline 0.002 -9"><span class='ocrx_word' id='word_1_869' title='bbox 1195 2915 1227 2940; x_wconf 89' lang='lat'>111</span> <span class='ocrx_word' id='word_1_870' title='bbox 1246 2916 1329 2945; x_wconf 69' lang='lat' dir='ltr'>Sent„</span> <span class='ocrx_word' id='word_1_871' title='bbox 1349 2916 1408 2941; x_wconf 85' lang='lat' dir='ltr'>dist.</span> <span class='ocrx_word' id='word_1_872' title='bbox 1427 2923 1454 2946; x_wconf 81' lang='lat' dir='ltr'>u,</span> <span class='ocrx_word' id='word_1_873' title='bbox 1474 2924 1519 2949; x_wconf 92' lang='lat' dir='ltr'>qu.</span> <span class='ocrx_word' id='word_1_874' title='bbox 1537 2923 1555 2946; x_wconf 77' lang='grc' dir='ltr'>ι,</span> <span class='ocrx_word' id='word_1_875' title='bbox 1574 2921 1620 2942; x_wconf 80' lang='lat' dir='ltr'>art.</span> <span class='ocrx_word' id='word_1_876' title='bbox 1642 2923 1664 2946; x_wconf 80' lang='lat'>2.</span> <span class='ocrx_word' id='word_1_877' title='bbox 1684 2916 1734 2949; x_wconf 71' lang='lat' dir='ltr'>qu·</span> <span class='ocrx_word' id='word_1_878' title='bbox 1754 2922 1778 2942; x_wconf 82' lang='grc' dir='ltr'>ι.</span> 
     </span>
    </p>
   </div>
   <div class='ocr_carea' id='block_1_11' title="bbox 401 3012 1489 3482">
    <p class='ocr_par' dir='ltr' id='par_1_19' title="bbox 448 3012 1489 3112">
     <span class='ocr_line' id='line_1_108' title="bbox 517 3012 1489 3062; baseline 0 -12"><span class='ocrx_word' id='word_1_879' title='bbox 517 3041 536 3061; x_wconf 46' lang='lat' dir='ltr'>‚s</span> <span class='ocrx_word' id='word_1_880' title='bbox 595 3026 630 3050; x_wconf 86' lang='lat' dir='ltr'>n</span> <span class='ocrx_word' id='word_1_881' title='bbox 656 3025 816 3055; x_wconf 84' lang='lat' dir='ltr'><strong>QUINTUM</strong></span> <span class='ocrx_word' id='word_1_882' title='bbox 836 3025 888 3050; x_wconf 78' lang='lat' dir='ltr'>sxc</span> <span class='ocrx_word' id='word_1_883' title='bbox 907 3025 1142 3051; x_wconf 79' lang='lat' dir='ltr'>PROOEmTUR.</span> <span class='ocrx_word' id='word_1_884' title='bbox 1173 3012 1336 3050; x_wconf 89' lang='lat' dir='ltr'>Videtur</span> <span class='ocrx_word' id='word_1_885' title='bbox 1353 3013 1461 3062; x_wconf 90' lang='lat' dir='ltr'>quod</span> <span class='ocrx_word' id='word_1_886' title='bbox 1485 3015 1489 3054; x_wconf 87' lang='grc' dir='ltr'>Ι</span> 
     </span>
     <span class='ocr_line' id='line_1_109' title="bbox 448 3066 1461 3103; baseline 0.001 -1"><span class='ocrx_word' id='word_1_887' title='bbox 448 3072 470 3084; x_wconf 70' lang='grc'>’“</span> <span class='ocrx_word' id='word_1_888' title='bbox 610 3066 728 3102; x_wconf 90' lang='lat' dir='ltr'>Filius</span> <span class='ocrx_word' id='word_1_889' title='bbox 743 3066 815 3103; x_wconf 91' lang='lat' dir='ltr'>Dei</span> <span class='ocrx_word' id='word_1_890' title='bbox 833 3067 1047 3103; x_wconf 86' lang='lat' dir='ltr'>humanam</span> <span class='ocrx_word' id='word_1_891' title='bbox 1067 3073 1246 3103; x_wconf 87' lang='lat' dir='ltr'>naturam</span> <span class='ocrx_word' id='word_1_892' title='bbox 1266 3078 1461 3103; x_wconf 88' lang='lat' dir='ltr'>assumere</span> 
     </span>
    </p>

    <p class='ocr_par' dir='ltr' id='par_1_20' title="bbox 401 3115 1464 3482">
     <span class='ocr_line' id='line_1_110' title="bbox 582 3115 1463 3156; baseline 0.003 -3"><span class='ocrx_word' id='word_1_893' title='bbox 582 3115 742 3155; x_wconf 90' lang='lat' dir='ltr'>debuit</span> <span class='ocrx_word' id='word_1_894' title='bbox 770 3118 808 3155; x_wconf 90' lang='lat' dir='ltr'>in</span> <span class='ocrx_word' id='word_1_895' title='bbox 838 3119 1019 3156; x_wconf 90' lang='lat' dir='ltr'>omnibus</span> <span class='ocrx_word' id='word_1_896' title='bbox 1044 3118 1263 3156; x_wconf 83' lang='lat' dir='ltr'>individuis.</span> <span class='ocrx_word' id='word_1_897' title='bbox 1293 3119 1335 3156; x_wconf 92' lang='lat' dir='ltr'>Id</span> <span class='ocrx_word' id='word_1_898' title='bbox 1357 3119 1463 3156; x_wconf 90' lang='lat' dir='ltr'>enim</span> 
     </span>
     <span class='ocr_line' id='line_1_111' title="bbox 587 3171 1461 3221; baseline 0.002 -14"><span class='ocrx_word' id='word_1_899' title='bbox 587 3171 719 3219; x_wconf 91' lang='lat' dir='ltr'>quod</span> <span class='ocrx_word' id='word_1_900' title='bbox 748 3171 875 3219; x_wconf 90' lang='lat' dir='ltr'>primo</span> <span class='ocrx_word' id='word_1_901' title='bbox 905 3179 941 3207; x_wconf 91' lang='lat' dir='ltr'>et</span> <span class='ocrx_word' id='word_1_902' title='bbox 968 3184 1037 3220; x_wconf 92' lang='lat' dir='ltr'>per</span> <span class='ocrx_word' id='word_1_903' title='bbox 1062 3184 1102 3208; x_wconf 92' lang='lat' dir='ltr'>se</span> <span class='ocrx_word' id='word_1_904' title='bbox 1123 3179 1367 3221; x_wconf 89' lang='lat' dir='ltr'>assumptum</span> <span class='ocrx_word' id='word_1_905' title='bbox 1395 3179 1461 3219; x_wconf 82' lang='lat' dir='ltr'>est,</span> 
     </span>
     <span class='ocr_line' id='line_1_112' title="bbox 401 3223 1462 3274; baseline 0.003 -15"><span class='ocrx_word' id='word_1_906' title='bbox 401 3231 456 3259; x_wconf 87' lang='lat' dir='ltr'>est</span> <span class='ocrx_word' id='word_1_907' title='bbox 483 3230 619 3259; x_wconf 88' lang='lat' dir='ltr'>natura</span> <span class='ocrx_word' id='word_1_908' title='bbox 654 3223 836 3260; x_wconf 86' lang='lat' dir='ltr'>humana.</span> <span class='ocrx_word' id='word_1_909' title='bbox 875 3224 950 3260; x_wconf 91' lang='lat' dir='ltr'>Sed</span> <span class='ocrx_word' id='word_1_910' title='bbox 979 3225 1086 3272; x_wconf 92' lang='lat' dir='ltr'>quod</span> <span class='ocrx_word' id='word_1_911' title='bbox 1119 3225 1300 3262; x_wconf 91' lang='lat' dir='ltr'>convenit</span> <span class='ocrx_word' id='word_1_912' title='bbox 1326 3237 1396 3274; x_wconf 90' lang='lat' dir='ltr'>per</span> <span class='ocrx_word' id='word_1_913' title='bbox 1423 3237 1462 3262; x_wconf 88' lang='lat' dir='ltr'>se</span> 
     </span>
     <span class='ocr_line' id='line_1_113' title="bbox 402 3275 1463 3321; baseline 0.003 -9"><span class='ocrx_word' id='word_1_914' title='bbox 402 3275 513 3312; x_wconf 88' lang='lat' dir='ltr'>alicui</span> <span class='ocrx_word' id='word_1_915' title='bbox 541 3283 715 3321; x_wconf 89' lang='lat' dir='ltr'>naturae,</span> <span class='ocrx_word' id='word_1_916' title='bbox 745 3276 925 3312; x_wconf 90' lang='lat' dir='ltr'>convenit</span> <span class='ocrx_word' id='word_1_917' title='bbox 954 3276 1136 3314; x_wconf 88' lang='lat' dir='ltr'>omnibus</span> <span class='ocrx_word' id='word_1_918' title='bbox 1164 3278 1203 3314; x_wconf 93' lang='lat' dir='ltr'>in</span> <span class='ocrx_word' id='word_1_919' title='bbox 1232 3278 1369 3315; x_wconf 89' lang='lat' dir='ltr'>eadem</span> <span class='ocrx_word' id='word_1_920' title='bbox 1397 3290 1463 3315; x_wconf 89' lang='lat' dir='ltr'>na—</span> 
     </span>
     <span class='ocr_line' id='line_1_114' title="bbox 402 3327 1464 3375; baseline 0.004 -11"><span class='ocrx_word' id='word_1_921' title='bbox 402 3335 487 3364; x_wconf 89' lang='lat' dir='ltr'>tura</span> <span class='ocrx_word' id='word_1_922' title='bbox 511 3327 766 3364; x_wconf 86' lang='lat' dir='ltr'>existentibus.</span> <span class='ocrx_word' id='word_1_923' title='bbox 798 3328 899 3375; x_wconf 86' lang='lat' dir='ltr'>Ergo</span> <span class='ocrx_word' id='word_1_924' title='bbox 919 3328 1154 3366; x_wconf 85' lang='lat' dir='ltr'>conveniens</span> <span class='ocrx_word' id='word_1_925' title='bbox 1181 3330 1249 3367; x_wconf 81' lang='lat' dir='ltr'>fuit</span> <span class='ocrx_word' id='word_1_926' title='bbox 1268 3338 1310 3368; x_wconf 92' lang='lat' dir='ltr'>ut</span> <span class='ocrx_word' id='word_1_927' title='bbox 1328 3338 1464 3368; x_wconf 88' lang='lat' dir='ltr'>natura</span> 
     </span>
     <span class='ocr_line' id='line_1_115' title="bbox 403 3380 1464 3422; baseline 0.004 -6"><span class='ocrx_word' id='word_1_928' title='bbox 403 3381 574 3417; x_wconf 90' lang='lat' dir='ltr'>humana</span> <span class='ocrx_word' id='word_1_929' title='bbox 610 3387 868 3418; x_wconf 89' lang='lat' dir='ltr'>assumeretur</span> <span class='ocrx_word' id='word_1_930' title='bbox 895 3392 918 3417; x_wconf 88' lang='lat' dir='ltr'>a</span> <span class='ocrx_word' id='word_1_931' title='bbox 945 3380 1016 3417; x_wconf 91' lang='lat' dir='ltr'>Dei</span> <span class='ocrx_word' id='word_1_932' title='bbox 1045 3382 1173 3419; x_wconf 89' lang='lat' dir='ltr'>Verbo</span> <span class='ocrx_word' id='word_1_933' title='bbox 1209 3382 1248 3419; x_wconf 89' lang='lat' dir='ltr'>in</span> <span class='ocrx_word' id='word_1_934' title='bbox 1282 3383 1464 3422; x_wconf 90' lang='lat' dir='ltr'>omnibus</span> 
     </span>
     <span class='ocr_line' id='line_1_116' title="bbox 404 3433 619 3482; baseline 0.009 -14"><span class='ocrx_word' id='word_1_935' title='bbox 404 3433 619 3482; x_wconf 89' lang='lat' dir='ltr'>suppositis.</span> 
     </span>
    </p>
   </div>
   <div class='ocr_carea' id='block_1_12' title="bbox 400 3017 608 3216">
    <p class='ocr_par' dir='ltr' id='par_1_21' title="bbox 400 3017 608 3216">
     <span class='ocr_line' id='line_1_117' title="bbox 400 3017 608 3216; baseline 0 0"><span class='ocrx_word' id='word_1_936' title='bbox 400 3017 608 3216; x_wconf 95' lang='lat' dir='ltr'>  </span> 
     </span>
    </p>
   </div>
   <div class='ocr_carea' id='block_1_13' title="bbox 459 3563 1169 3598">
    <p class='ocr_par' dir='ltr' id='par_1_22' title="bbox 459 3563 1169 3598">
     <span class='ocr_line' id='line_1_118' title="bbox 459 3563 1169 3598; baseline 0.004 -10"><span class='ocrx_word' id='word_1_937' title='bbox 459 3563 486 3598; x_wconf 89' lang='grc' dir='ltr'>α)</span> <span class='ocrx_word' id='word_1_938' title='bbox 506 3567 639 3590; x_wconf 70' lang='lat' dir='ltr'>naturam.</span> <span class='ocrx_word' id='word_1_939' title='bbox 651 3579 671 3584; x_wconf 89' lang='lat'><em>-</em></span> <span class='ocrx_word' id='word_1_940' title='bbox 689 3565 832 3591; x_wconf 82' lang='lat' dir='ltr'>humanam</span> <span class='ocrx_word' id='word_1_941' title='bbox 852 3564 920 3590; x_wconf 81' lang='lat' dir='ltr'>addit</span> <span class='ocrx_word' id='word_1_942' title='bbox 940 3564 1012 3590; x_wconf 81' lang='lat' dir='ltr'>tertia</span> <span class='ocrx_word' id='word_1_943' title='bbox 1031 3570 1132 3598; x_wconf 80' lang='lat' dir='ltr'>praeter</span> <span class='ocrx_word' id='word_1_944' title='bbox 1152 3565 1169 3591; x_wconf 85' lang='lat' dir='ltr'>l.</span> 
     </span>
    </p>
   </div>
   <div class='ocr_carea' id='block_1_14' title="bbox 1516 3010 2580 3485">
    <p class='ocr_par' dir='ltr' id='par_1_23' title="bbox 1516 3010 2580 3485">
     <span class='ocr_line' id='line_1_119' title="bbox 1570 3010 2580 3063; baseline 0 -13"><span class='ocrx_word' id='word_1_945' title='bbox 1570 3024 1604 3050; x_wconf 86' lang='lat'>2.</span> <span class='ocrx_word' id='word_1_946' title='bbox 1635 3014 1874 3060; x_wconf 81' lang='lat' dir='ltr'>PRAETEREA‚</span> <span class='ocrx_word' id='word_1_947' title='bbox 1904 3012 2113 3050; x_wconf 86' lang='lat' dir='ltr'>incarnatio</span> <span class='ocrx_word' id='word_1_948' title='bbox 2148 3012 2280 3050; x_wconf 87' lang='lat' dir='ltr'>divina</span> <span class='ocrx_word' id='word_1_949' title='bbox 2309 3010 2495 3063; x_wconf 64' lang='lat' dir='ltr'>&gt;processit</span> <span class='ocrx_word' id='word_1_950' title='bbox 2529 3022 2580 3051; x_wconf 81' lang='lat' dir='ltr'>ex</span> 
     </span>
     <span class='ocr_line' id='line_1_120' title="bbox 1516 3064 2576 3104; baseline -0.001 -1"><span class='ocrx_word' id='word_1_951' title='bbox 1516 3065 1647 3103; x_wconf 88' lang='lat' dir='ltr'>divina</span> <span class='ocrx_word' id='word_1_952' title='bbox 1674 3065 1844 3103; x_wconf 89' lang='lat' dir='ltr'>caritate:</span> <span class='ocrx_word' id='word_1_953' title='bbox 1874 3065 1961 3103; x_wconf 91' lang='lat' dir='ltr'>ideo</span> <span class='ocrx_word' id='word_1_954' title='bbox 1990 3065 2128 3103; x_wconf 90' lang='lat' dir='ltr'>dicitur</span> <span class='ocrx_word' id='word_1_955' title='bbox 2153 3065 2258 3104; x_wconf 88' lang='lat' dir='ltr'>Ioan.</span> <span class='ocrx_word' id='word_1_956' title='bbox 2278 3064 2363 3103; x_wconf 75' lang='lat' dir='ltr'>n1*:</span> <span class='ocrx_word' id='word_1_957' title='bbox 2392 3064 2454 3101; x_wconf 78' lang='lat' dir='ltr'>Sic</span> <span class='ocrx_word' id='word_1_958' title='bbox 2474 3064 2576 3102; x_wconf 82' lang='lat' dir='ltr'>Deus</span> 
     </span>
     <span class='ocr_line' id='line_1_121' title="bbox 1516 3116 2574 3168; baseline -0.002 -12"><span class='ocrx_word' id='word_1_959' title='bbox 1516 3119 1642 3156; x_wconf 80' lang='lat' dir='ltr'>dilexit</span> <span class='ocrx_word' id='word_1_960' title='bbox 1669 3119 1849 3156; x_wconf 84' lang='lat' dir='ltr'>mundum</span> <span class='ocrx_word' id='word_1_961' title='bbox 1869 3124 1907 3156; x_wconf 88' lang='lat' dir='ltr'>ut</span> <span class='ocrx_word' id='word_1_962' title='bbox 1924 3119 2061 3156; x_wconf 88' lang='lat' dir='ltr'>Filium</span> <span class='ocrx_word' id='word_1_963' title='bbox 2078 3131 2188 3156; x_wconf 84' lang='lat' dir='ltr'>suum</span> <span class='ocrx_word' id='word_1_964' title='bbox 2208 3118 2441 3168; x_wconf 66' lang='lat' dir='ltr'>unigenitum</span> <span class='ocrx_word' id='word_1_965' title='bbox 2459 3116 2574 3154; x_wconf 85' lang='lat' dir='ltr'>daret.</span> 
     </span>
     <span class='ocr_line' id='line_1_122' title="bbox 1517 3169 2575 3221; baseline -0.003 -13"><span class='ocrx_word' id='word_1_966' title='bbox 1517 3172 1595 3209; x_wconf 90' lang='lat' dir='ltr'>Sed</span> <span class='ocrx_word' id='word_1_967' title='bbox 1614 3171 1748 3209; x_wconf 89' lang='lat' dir='ltr'>caritas</span> <span class='ocrx_word' id='word_1_968' title='bbox 1775 3171 1861 3209; x_wconf 87' lang='lat' dir='ltr'>facit</span> <span class='ocrx_word' id='word_1_969' title='bbox 1879 3179 1922 3208; x_wconf 92' lang='lat' dir='ltr'>ut</span> <span class='ocrx_word' id='word_1_970' title='bbox 1940 3171 2077 3221; x_wconf 88' lang='lat' dir='ltr'>aliquis</span> <span class='ocrx_word' id='word_1_971' title='bbox 2097 3183 2138 3208; x_wconf 92' lang='lat' dir='ltr'>se</span> <span class='ocrx_word' id='word_1_972' title='bbox 2155 3169 2416 3214; x_wconf 83' lang='lat' dir='ltr'>communicet</span> <span class='ocrx_word' id='word_1_973' title='bbox 2442 3169 2575 3206; x_wconf 82' lang='lat' dir='ltr'>amicis</span> 
     </span>
     <span class='ocr_line' id='line_1_123' title="bbox 1517 3220 2574 3274; baseline -0.004 -12"><span class='ocrx_word' id='word_1_974' title='bbox 1517 3232 1706 3274; x_wconf 84' lang='lat' dir='ltr'>quantum</span> <span class='ocrx_word' id='word_1_975' title='bbox 1734 3224 1913 3274; x_wconf 89' lang='lat' dir='ltr'>possibile</span> <span class='ocrx_word' id='word_1_976' title='bbox 1933 3232 1999 3261; x_wconf 90' lang='lat' dir='ltr'>est.</span> <span class='ocrx_word' id='word_1_977' title='bbox 2029 3222 2212 3261; x_wconf 89' lang='lat' dir='ltr'>Possibile</span> <span class='ocrx_word' id='word_1_978' title='bbox 2229 3229 2360 3260; x_wconf 77' lang='lat' dir='ltr'>autem</span> <span class='ocrx_word' id='word_1_979' title='bbox 2386 3220 2455 3258; x_wconf 80' lang='lat' dir='ltr'>fuit</span> <span class='ocrx_word' id='word_1_980' title='bbox 2478 3221 2574 3259; x_wconf 89' lang='lat' dir='ltr'>Filio</span> 
     </span>
     <span class='ocr_line' id='line_1_124' title="bbox 1516 3275 2575 3327; baseline -0.005 -12"><span class='ocrx_word' id='word_1_981' title='bbox 1516 3277 1589 3315; x_wconf 89' lang='lat' dir='ltr'>Dei</span> <span class='ocrx_word' id='word_1_982' title='bbox 1608 3285 1651 3315; x_wconf 90' lang='lat' dir='ltr'>ut</span> <span class='ocrx_word' id='word_1_983' title='bbox 1667 3278 1798 3327; x_wconf 92' lang='lat' dir='ltr'>plures</span> <span class='ocrx_word' id='word_1_984' title='bbox 1819 3284 1975 3315; x_wconf 86' lang='lat' dir='ltr'>naturas</span> <span class='ocrx_word' id='word_1_985' title='bbox 1994 3275 2200 3314; x_wconf 88' lang='lat' dir='ltr'>hominurn</span> <span class='ocrx_word' id='word_1_986' title='bbox 2214 3281 2436 3321; x_wconf 84' lang='lat' dir='ltr'>assumeret,</span> <span class='ocrx_word' id='word_1_987' title='bbox 2451 3282 2495 3311; x_wconf 91' lang='lat' dir='ltr'>ut</span> <span class='ocrx_word' id='word_1_988' title='bbox 2513 3286 2575 3311; x_wconf 92' lang='lat' dir='ltr'>su-</span> 
     </span>
     <span class='ocr_line' id='line_1_125' title="bbox 1517 3326 2574 3380; baseline -0.003 -12"><span class='ocrx_word' id='word_1_989' title='bbox 1517 3330 1616 3380; x_wconf 76' lang='lat' dir='ltr'>pra*</span> <span class='ocrx_word' id='word_1_990' title='bbox 1634 3330 1779 3368; x_wconf 89' lang='lat' dir='ltr'>dictum</span> <span class='ocrx_word' id='word_1_991' title='bbox 1799 3338 1870 3367; x_wconf 88' lang='lat' dir='ltr'>est:</span> <span class='ocrx_word' id='word_1_992' title='bbox 1901 3337 1947 3377; x_wconf 89' lang='lat' dir='ltr'>et,</span> <span class='ocrx_word' id='word_1_993' title='bbox 1963 3329 2099 3367; x_wconf 89' lang='lat' dir='ltr'>eadem</span> <span class='ocrx_word' id='word_1_994' title='bbox 2118 3326 2274 3375; x_wconf 85' lang='lat' dir='ltr'>ratione,</span> <span class='ocrx_word' id='word_1_995' title='bbox 2294 3338 2442 3364; x_wconf 90' lang='lat' dir='ltr'>omnes.</span> <span class='ocrx_word' id='word_1_996' title='bbox 2472 3326 2574 3376; x_wconf 86' lang='lat' dir='ltr'>Ergo</span> 
     </span>
     <span class='ocr_line' id='line_1_126' title="bbox 1518 3379 2575 3421; baseline -0.005 0"><span class='ocrx_word' id='word_1_997' title='bbox 1518 3383 1753 3421; x_wconf 89' lang='lat' dir='ltr'>conveniens</span> <span class='ocrx_word' id='word_1_998' title='bbox 1771 3382 1840 3421; x_wconf 83' lang='lat' dir='ltr'>fuit</span> <span class='ocrx_word' id='word_1_999' title='bbox 1858 3390 1901 3420; x_wconf 90' lang='lat' dir='ltr'>ut</span> <span class='ocrx_word' id='word_1_1000' title='bbox 1914 3381 2032 3420; x_wconf 88' lang='lat' dir='ltr'>Filius</span> <span class='ocrx_word' id='word_1_1001' title='bbox 2044 3379 2118 3418; x_wconf 89' lang='lat' dir='ltr'>Dei</span> <span class='ocrx_word' id='word_1_1002' title='bbox 2136 3387 2346 3418; x_wconf 84' lang='lat' dir='ltr'>assumeret</span> <span class='ocrx_word' id='word_1_1003' title='bbox 2364 3386 2542 3417; x_wconf 80' lang='lat' dir='ltr'>naturam</span> <span class='ocrx_word' id='word_1_1004' title='bbox 2558 3385 2575 3402; x_wconf 60' lang='grc' dir='ltr'>α</span> 
     </span>
     <span class='ocr_line' id='line_1_127' title="bbox 1519 3433 2119 3485; baseline -0.003 -12"><span class='ocrx_word' id='word_1_1005' title='bbox 1519 3436 1558 3473; x_wconf 90' lang='lat' dir='ltr'>in</span> <span class='ocrx_word' id='word_1_1006' title='bbox 1587 3436 1769 3473; x_wconf 91' lang='lat' dir='ltr'>omnibus</span> <span class='ocrx_word' id='word_1_1007' title='bbox 1797 3435 1875 3473; x_wconf 88' lang='lat' dir='ltr'>suis</span> <span class='ocrx_word' id='word_1_1008' title='bbox 1903 3433 2119 3485; x_wconf 86' lang='lat' dir='ltr'>suppositis.</span> 
     </span>
    </p>
   </div>
   <div class='ocr_carea' id='block_1_15' title="bbox 2605 1539 2860 1596">
    <p class='ocr_par' dir='ltr' id='par_1_24' title="bbox 2605 1539 2863 1596">
     <span class='ocr_line' id='line_1_128' title="bbox 2605 1539 2860 1570; baseline 0.004 -7"><span class='ocrx_word' id='word_1_1009' title='bbox 2605 1540 2723 1564; x_wconf 72' lang='grc' dir='ltr'><strong>Ἀεὶιωι.</strong></span> <span class='ocrx_word' id='word_1_1010' title='bbox 2733 1539 2817 1570; x_wconf 61' lang='grc' dir='ltr'>σεῖς’.</span> <span class='ocrx_word' id='word_1_1011' title='bbox 2856 1556 2860 1558; x_wconf 64' lang='grc'><strong>»</strong></span> 
     </span>
     <span class='ocr_line' id='line_1_129' title="bbox 2605 1572 2793 1596; baseline 0.005 -7"><span class='ocrx_word' id='word_1_1012' title='bbox 2605 1573 2658 1596; x_wconf 72' lang='lat' dir='ltr'>cup.</span> <span class='ocrx_word' id='word_1_1013' title='bbox 2672 1572 2707 1594; x_wconf 79' lang='grc' dir='ltr'>ιιι.</span> <span class='ocrx_word' id='word_1_1014' title='bbox 2721 1573 2746 1589; x_wconf 87' lang='lat' dir='ltr'>n.</span> <span class='ocrx_word' id='word_1_1015' title='bbox 2759 1573 2793 1590; x_wconf 73' lang='lat' dir='ltr'>aa.</span> 
     </span>
    </p>
   </div>
   <div class='ocr_carea' id='block_1_16' title="bbox 2601 3073 2744 3096">
    <p class='ocr_par' dir='ltr' id='par_1_25' title="bbox 2601 3073 2744 3096">
     <span class='ocr_line' id='line_1_130' title="bbox 2601 3073 2744 3096; baseline 0.007 -1"><span class='ocrx_word' id='word_1_1016' title='bbox 2601 3074 2611 3084; x_wconf 80' lang='lat'>⁸</span> <span class='ocrx_word' id='word_1_1017' title='bbox 2625 3073 2694 3096; x_wconf 71' lang='lat' dir='ltr'>Vm.</span> <span class='ocrx_word' id='word_1_1018' title='bbox 2708 3073 2744 3096; x_wconf 69' lang='grc' dir='ltr'>ιδ.</span> 
     </span>
    </p>
   </div>
   <div class='ocr_carea' id='block_1_17' title="bbox 2602 3332 2813 3361">
    <p class='ocr_par' dir='ltr' id='par_1_26' title="bbox 2602 3332 2813 3361">
     <span class='ocr_line' id='line_1_131' title="bbox 2602 3332 2813 3361; baseline 0 -6"><span class='ocrx_word' id='word_1_1019' title='bbox 2602 3333 2611 3343; x_wconf 83' lang='grc'>·</span> <span class='ocrx_word' id='word_1_1020' title='bbox 2627 3332 2675 3361; x_wconf 87' lang='lat' dir='ltr'>Qu.</span> <span class='ocrx_word' id='word_1_1021' title='bbox 2690 3338 2721 3359; x_wconf 79' lang='grc' dir='ltr'>ιιι,</span> <span class='ocrx_word' id='word_1_1022' title='bbox 2735 3335 2778 3354; x_wconf 77' lang='lat' dir='ltr'>m.</span> <span class='ocrx_word' id='word_1_1023' title='bbox 2789 3337 2813 3360; x_wconf 84' lang='grc'>7.</span> 
     </span>
    </p>
   </div>
   <div class='ocr_carea' id='block_1_18' title="bbox 2837 0 2872 3970">
    <p class='ocr_par' dir='ltr' id='par_1_27' title="bbox 2837 0 2872 3970">
     <span class='ocr_line' id='line_1_132' title="bbox 2837 0 2872 3970; baseline 0 0"><span class='ocrx_word' id='word_1_1024' title='bbox 2837 0 2872 3970; x_wconf 95' lang='lat' dir='ltr'> </span> 
     </span>
    </p>
   </div>
  </div>
 </body>
</html>
