2872 3970
258 491 345 514 ’νοω
359 496 399 517 4⁰,
413 497 449 517 4¹·

253 1168 264 1178 ³
279 1168 344 1189 Vers-
362 1174 393 1195 ¹7·

261 2614 271 2624 ⁸
288 2615 338 2635 Art.
357 2613 472 2641 praeced,

263 2640 397 2662 Comi-nent.

407 1894 422 1909 '¹
457 1898 466 1903 “
495 1901 702 1950 Gregorius
730 1902 834 1949 dicit,
864 1901 903 1938 in
932 1901 1102 1938 Homilia
1120 1901 1159 1937 *ε
1194 1901 1299 1938 Caeli
1323 1902 1431 1951 Rege
1459 1907 1557 1948 nato,
1611 1903 1648 1938 in
1677 1901 1800 1951 ligno,
1829 1913 1904 1950 pro
1933 1901 1984 1938 eis
2010 1913 2034 1938 a
2063 1902 2192 1950 quibus
2225 1903 2527 1951 interficiebaturg
2542 1896 2677 1947 oravi?

491 298 564 336 366
1141 295 1404 343 QUAESTIO
1434 294 1611 341 XXXVI,
1647 293 1938 332 ARTICULUS
1965 295 2011 331 111

490 375 613 424 niant,
642 384 678 413 et
712 389 781 425 per
808 389 874 413 eos
907 376 955 412 ad
984 375 1078 412 alios
1107 373 1337 411 deriventur.
1373 372 1485 410 Unde
1514 378 1550 408 et
1603 384 1674 408 rex
1690 377 1813 409 terrae
1832 374 2020 409 turbatur.-
2048 373 2134 421 quia
2153 373 2329 409 nimirum
2347 378 2496 409 terrena
2515 372 2665 410 altitudo

491 437 679 479 quantum
717 429 765 466 ad
803 427 1086 465 resurrectionis
1127 425 1352 475 mysterium
1394 423 1549 471 dicitur,
1603 424 1843 471 confunditur
1865 437 1950 461 cum
1969 425 2142 461 celsitudo
2161 425 2324 462 caelestis
2342 426 2518 474 aperitur.
2546 446 2571 452 -
2600 425 2666 463 Se·

489 484 571 519 Act.
591 494 615 518 x
632 482 663 528 ²³⁶,
684 482 790 530 quod
817 483 918 518 Deus
946 481 1042 517 dedit
1067 478 1262 516 Christum
1290 484 1550 525 resurgentem
1604 477 1746 524 cundo,
1768 476 1859 526 quia
1877 488 1947 526 per
1965 477 2041 514 hoc
2059 477 2295 525 figurabatur
2313 476 2509 514 iudiciaria
2527 477 2667 567 Chi-ign

490 535 725 583 manifestum
747 535 858 583 fieri,
894 546 968 570 non
1002 534 1106 569 omni
1130 530 1289 581 populo,
1318 529 1383 566 sed
1407 530 1552 566 testibus
1603 535 1781 578 potestas.
1812 529 1923 567 Unde
1951 529 2187 577 Augustinus
2211 529 2311 576 dicit,
2331 528 2371 566 in
2390 529 2563 579 quodam
2582 529 2609 567 S
2652 550 2668 558 -
2760 556 2764 566 ψ,

484 587 759 637 praeordinatis
777 599 801 623 a
818 587 911 622 Deo.
940 585 1051 623 Unde
1071 585 1146 621 hoc
1165 582 1279 619 etiam
1299 580 1431 618 debuit
1454 580 1553 617 circa
1604 593 1722 618 mone
1749 583 1984 631 Epiphaniae
2001 581 2039 618 *ι
2075 582 2175 625 Quid
2190 583 2259 619 erit
2280 582 2445 620 tribunal
2463 580 2673 634 iudicantis,-
2694 592 2707 605 ·
2759 580 2767 590 ³

490 639 609 689 ipsius
628 638 864 676 nativitatem
878 637 1084 682 observari,
1096 643 1231 673 utnon
1247 633 1428 671 omnibus
1444 633 1552 670 Chri·
1606 634 1754 683 quando
1772 635 1949 683 superbos
1968 645 2076 684 reges
2099 646 2197 673 cuna
2216 633 2231 664 β
2257 636 2419 672 terrebat
2437 628 2670 686 infantisffff

491 700 571 729 stus
585 691 899 737 manifestaretur,
915 690 983 727 sed
1002 689 1248 739 quibusdam,
1263 699 1333 736 per
1347 699 1446 735 quos
1465 697 1553 735 pos·
1605 686 1756 733 Tertio,
1785 686 1876 736 quia
1904 698 1974 736 per
2000 687 2078 724 hoc
2111 687 2350 735 figurabatur
2375 684 2538 725 deiectio
2564 675 2672 736 regni
2758 706 2760 711 v

492 753 548 782 set
575 744 625 782 ad
652 743 746 780 alios
773 742 966 780 devenire.
1606 738 1760 776 diaboli.
1800 739 1914 786 Quia,
1935 747 1977 776 ut
2007 741 2090 776 Leo
2119 741 2224 789 Papa
2242 739 2262 762 *
2289 739 2390 787 dicit,
2410 739 2450 776 in
2475 739 2671 778 *Sermone
2761 741 2765 747 ‘'

545 798 602 833 An
621 808 755 833 PRIMUM
774 807 872 832 ERGO
891 805 1071 832 monimum
1091 793 1209 842 quod,
1235 792 1331 829 sicut
1357 791 1488 828 fuisset
1515 791 1554 828 in
1605 793 1852 842 Epiphaniae,
1872 803 1947 829 non
1967 797 2108 829 tantum
2127 793 2302 830 Herodes
2320 794 2358 830 in
2385 793 2577 843 semetipso
2594 795 2671 830 tur-⁷²
2704 796 2758 842 3515„

491 848 771 899 praeiudicium
790 847 918 884 salutis
938 848 1132 883 humanae
1160 845 1190 882 si
1219 844 1401 882 omnibus
1428 843 1554 881 homi·
1606 846 1727 891 batur,
1748 850 1926 894 quantum
1951 844 2119 882 diabolus
2137 845 2174 882 in
2193 844 2361 883 Herode.
2380 845 2554 883 Herodes
2572 842 2672 906 mig&
2709 838 2715 843 ’
2732 853 2753 890 ζ(

492 901 605 938 nibus
637 900 709 938 Dei
736 899 910 937 nativitas
942 897 1187 943 innotuisset,
1226 897 1275 934 ita
1307 896 1422 934 etiam
1459 904 1496 934 et
1523 896 1554 933 si
1606 898 1795 934 hominem
1810 902 1826 926 Υ
1844 898 2071 944 aestimabat,
2085 898 2151 934 sed
2166 897 2335 948 diabolus
2352 899 2486 937 Deum.
2509 897 2558 945 Et
2575 895 2672 949 αἱέρ-
2734 902 2738 914 ”

492 952 585 990 nulli
613 961 703 990 nota
730 951 869 989 fuisset.
912 953 1084 1000 Utroque
1121 950 1226 987 enim
1258 950 1379 986 modo
1413 949 1556 986 tollitur
1608 962 1678 999 que
1705 951 1818 1000 regni
1841 951 1901 987 sui
1924 962 2172 988 successorem
2199 951 2370 989 timebat:
2396 950 2563 989 diabolus
2589 961 2672 993 ca&

491 1006 608 1043 fides:
638 1013 718 1042 tam
745 1004 883 1042 scilicet
910 1016 979 1053 per
1006 1005 1082 1040 hoc
1109 1003 1217 1052 quod
1244 1001 1389 1051 aliquid
1417 1009 1472 1039 est
1499 1010 1555 1039 to-
1607 1003 1744 1049 lestem,
1762 1003 1829 1040 sed
1851 1002 2026 1040 Herodes
2052 1008 2254 1040 terrenum.
2287 1003 2493 1052 Superflue
2519 1010 2670 1041 tamem
2710 1046 2720 1051 γ’

491 1058 612 1095 taliter
638 1057 904 1102 manifestum3
943 1068 1062 1106 quarn
1097 1055 1211 1092 etiam
1243 1066 1313 1104 per
1339 1055 1415 1091 hoc
1448 1055 1555 1104 quod
1608 1055 1699 1104 quia
1728 1054 1902 1092 Christus
1925 1067 2007 1092 non
2025 1062 2183 1093 venerat
2202 1067 2364 1106 regnum
2381 1053 2636 1116 terminum&<T
2676 1069 2733 1107 *³5³

491 1123 515 1147 a
532 1112 638 1148 nullo
658 1110 899 1158 cognoscitur
926 1122 948 1146 a
967 1121 1047 1158 quo
1066 1108 1186 1158 possit
1203 1107 1469 1144 testimonium
1488 1108 1555 1145 au'-
1607 1116 1707 1145 terra
1726 1108 1886 1145 habere:
1907 1115 1950 1145 ut
1967 1109 2050 1145 Leo
2066 1109 2172 1158 Papa
2186 1107 2275 1146 dicit
2283 1108 2315 1158 *‚
2331 1108 2478 1146 Herodi
2492 1108 2610 1159 loqug
2646 1116 2671 1147 '.
2707 1104 2716 1116 ”
2738 1108 2742 1112 ’

492 1162 583 1209 diri;
601 1163 702 1212 fides
721 1163 822 1199 enim
848 1169 898 1200 est
921 1175 970 1200 ex
988 1161 1127 1207 auditu,
1147 1168 1189 1197 ut
1207 1160 1345 1198 dicitur
1362 1161 1474 1198 Rom.
1490 1160 1554 1198 x*.
1608 1162 1699 1198 Non
1719 1161 1817 1211 capit
1839 1162 2024 1198 Christum
2038 1166 2051 1182 ⁸
2072 1162 2180 1211 regia
2198 1167 2283 1199 tua.-
2313 1173 2381 1199 nec
2398 1159 2533 1199 mundi
2546 1158 2710 1223 How-Q,
2728 1205 2743 1214 ,Ἰ

544 1217 601 1253 Αι)
629 1227 818 1253 SECUNDUM
845 1227 1027 1253 monimum
1059 1214 1166 1263 quod
1198 1212 1322 1250 Maria
1354 1220 1391 1250 et
1417 1214 1556 1263 Ioseph
1610 1226 1678 1251 nus
1704 1215 1893 1263 potestatis
1919 1219 2005 1251 tuae
2029 1215 2165 1264 sceptri
2189 1220 2240 1252 est
2266 1220 2456 1253 contentus
2481 1214 2673 1265 angusti&
2693 1215 2747 1263 ‘'‘59

491 1268 704 1306 instruendi
731 1275 838 1305 erant
869 1269 917 1305 de
947 1267 1085 1305 Christi
1118 1266 1311 1303 nativitate
1348 1274 1556 1316 antequam
1663 1266 1783 1314 Quod
1798 1274 1928 1304 autem
1947 1266 2077 1304 Iudaei
2095 1267 2309 1314 turbantur,
2324 1267 2392 1316 qui
2409 1266 2676 1316 tamenmay's

492 1329 729 1368 nasceretur,
759 1321 850 1370 quia
878 1321 926 1358 ad
954 1332 1021 1357 eos
1057 1319 1268 1369 pertinebat
1302 1319 1556 1356 reverentiam
1609 1319 1776 1367 gaudere
1804 1319 2035 1367 debuerant,
2065 1327 2131 1357 aut
2158 1320 2235 1357 hoc
2262 1327 2318 1357 est
2345 1319 2452 1369 quia,
2480 1326 2525 1357 ut
2549 1317 2675 1374 Chry&

492 1374 634 1411 habere
668 1373 785 1424 prolis
810 1379 827 1395 ²
859 1380 1066 1422 conceptae
1098 1373 1138 1410 in
1165 1380 1296 1418 utero,
1326 1379 1363 1409 et
1394 1372 1558 1422 obsequi
1609 1380 1804 1418 sostomus
1837 1371 1927 1409 dicit
1943 1372 1982 1418 ¹⁸,
2011 1372 2056 1409 de
2089 1372 2248 1410 adventu
2283 1374 2367 1410 iusti
2399 1385 2474 1410 non
2500 1370 2678 1434 paternit?

491 1427 716 1464 nasciturae.
751 1427 900 1463 Eorum
928 1433 1059 1463 autem
1086 1425 1372 1471 testimonium,
1401 1433 1559 1475 propter
1608 1425 1778 1476 gaudere
1795 1426 1931 1475 iniqui:
1953 1433 2019 1463 aut
2038 1426 2210 1463 volentes
2228 1426 2356 1463 favere
2375 1423 2676 1476 Her0d1,‘que'm

492 1481 568 1516 hoc
595 1480 703 1529 quod
731 1487 810 1516 erat
833 1478 1101 1525 domesticum,
1123 1478 1252 1516 fuisset
1280 1477 1457 1516 habitum
1476 1491 1557 1515 sus·
1608 1477 1813 1523 timebant3
1837 1478 2000 1528 populus
2027 1477 2129 1515 enim
2154 1479 2240 1528 plus
2261 1480 2353 1516 iusto
2370 1479 2480 1527 favet
2505 1478 2559 1517 eis
2584 1485 2738 1533 quos.·”

491 1540 647 1582 pectum
671 1532 788 1569 »cirea
824 1531 1149 1580 magnificentiam
1188 1530 1338 1568 Christi.
1386 1532 1434 1568 Et
1469 1531 1558 1568 ideo
1609 1531 1776 1569 crudeles
1800 1533 1950 1568 sustinet
1967 1530 1998 1568 ²⁸.
2704 1571 2709 1574 ⁷,

492 1586 661 1634 oportuit
683 1593 725 1622 ut
744 1585 823 1622 aliis
842 1585 1146 1622 manifestaretur
1167 1583 1367 1630 extraneis,
1387 1596 1555 1633 quorum
1664 1583 1784 1631 Quod
1804 1591 1934 1621 autem
1961 1583 2073 1633 pueri
2101 1584 2149 1621 ab
2177 1584 2334 1622 Herode
2361 1591 2451 1622 sunt
2477 1582 2670 1623 inteffecw

490 1637 755 1675 testimonium
783 1645 1005 1687 suspectum
1033 1649 1115 1674 esse
1143 1649 1223 1674 non
1251 1644 1392 1686 posset.
1611 1649 1691 1674 non
1718 1636 1830 1674 cessit
1856 1636 1896 1674 in
1920 1648 2058 1674 eorum
2086 1636 2372 1683 detrimentum,
2392 1638 2460 1675 sed
2478 1637 2518 1675 in
2536 1612 2677 1683 eoru'fii

546 1692 602 1728 Ao
630 1703 789 1728 TERTIUM
816 1703 998 1728 DICENDUM
1026 1691 1134 1740 quod
1165 1690 1248 1739 ipsa
1274 1689 1440 1727 turbatio
1469 1690 1558 1727 sub·
1610 1690 1838 1740 profectum.
1874 1688 1974 1727 Dicit
2001 1689 2106 1726 enim
2133 1689 2390 1738 Augustinus,
2418 1690 2459 1728 in
2486 1680 2694 1745 sermon}

493 1751 622 1781 secuta
649 1756 696 1780 ex
724 1743 916 1781 nativitate
942 1743 1081 1780 Christi
1109 1742 1346 1780 manifestata
1373 1754 1558 1791 congrue·
1610 1743 1785 1793 quodam
1812 1742 1858 1780 de
1883 1743 2097 1792 Epiphania
2115 1742 2154 1780 *z
2183 1744 2288 1780 Absit
2310 1749 2360 1790 ut,
2389 1743 2440 1781 ad
2464 1739 2682 1792 liberando&

493 1797 558 1834 bat
591 1796 730 1834 Christi
757 1796 952 1834 nativitati.
995 1796 1126 1833 Primo
1158 1795 1339 1845 quidem,
1368 1796 1459 1845 quia
1491 1807 1560 1845 per
1609 1797 1777 1833 homines
1808 1796 1973 1832 Christus
1999 1797 2161 1842 veniens,
2183 1796 2230 1832 de
2246 1796 2397 1834 illorum
2417 1797 2588 1846 praemio
2613 1793 2687 1847 ff

494 1850 569 1886 hoc
596 1849 858 1886 manifestatur
885 1849 1054 1886 caelestis
1083 1848 1222 1885 Christi
1245 1847 1416 1896 dignitas
1446 1849 1558 1886 Unde
1605 1861 1679 1898 pro
1708 1860 1751 1885 eo
1779 1849 2074 1896 interficerentur
2091 1847 2104 1874 ζ
2131 1849 2223 1886 nihil
2249 1849 2378 1900 egerit,
2408 1851 2486 1899 qui,
2508 1849 2679 1901 pendentij

2834 1471 2845 1499 ῦς

2842 1505 2845 1521 ἰ

549 2016 577 2050 α)
596 2016 693 2041 habere
707 2016 802 2048 prolis.
814 2029 833 2035 -
847 2016 972 2041 exhibere
986 2015 1061 2048 proli
1078 2016 1160 2041 tertia.
1174 2030 1193 2034 -
1205 2016 1255 2040 Pro
1269 2018 1294 2040 et
1313 2015 1427 2048 obsequi,
1440 2018 1466 2040 et
1480 2015 1559 2040 etiam
1666 2013 1692 2048 δ)
1711 2018 1856 2040 terrenum.
1874 2028 1894 2033 -
1912 2015 1973 2040 Om.
1992 2015 2125 2041 editiones.
2424 2047 2427 2049 .

495 2052 603 2084 obsequi
620 2052 694 2076 tertia
713 2056 814 2083 praeter
833 2051 852 2076 1.
1666 2050 1689 2083 ε)
1706 2050 1780 2082 capit
1801 2050 1935 2075 Christum
1955 2050 2039 2083 regIa.
2050 2064 2071 2069 -
2086 2050 2159 2082 capit
2177 2049 2262 2084 (cupit
2278 2049 2311 2084 F)
2332 2051 2453 2076 Christus
2472 2057 2558 2084 regna
2575 2050 2630 2079 DF.

550 2086 575 2119 β)
593 2094 670 2112 cuna.
688 2101 708 2105 —
725 2087 770 2111 BH
791 2091 816 2111 et
834 2087 971 2116 editiones3
990 2093 1057 2111 cura
1076 2086 1094 2117 1,
1113 2086 1189 2111 curia
1207 2085 1293 2111 ceteri.
1665 2085 1691 2119 ζ)
1711 2085 1932 2118 interficerentur.
1948 2099 1969 2104 —-
1986 2086 2039 2116 Ea;
2066 2086 2214 2119 interficere
2235 2086 2328 2119 Anpc.
2348 2086 2481 2120 interfecti
2501 2088 2566 2112 sunt
2586 2085 2677 2117 nnc,
2739 2098 2761 2110 τ,

548 2126 575 2157 γ)
594 2123 734 2147 hominem.
751 2135 770 2140 -
788 2125 922 2146 terrenum
941 2121 1073 2146 hominem
1093 2121 1227 2146 editiones.
1613 2123 1676 2145 sunt
1694 2120 1828 2154 interfecti
1846 2120 1889 2151 ΗΙ,
1909 2120 2084 2154 interficiente
2101 2121 2134 2151 G,
2151 2121 2349 2155 interficiuntur
2367 2121 2500 2147 editiones.
2653 2127 2655 2129 ’

1169 2199 1504 2232 Commentario.
1524 2199 1777 2231 Cardinalis
1799 2199 1999 2232 Caietani

2631 2259 2633 2261 .
2651 2245 2670 2260 A

557 2292 663 2312 rrums
687 2281 788 2311 clarus
811 2285 867 2311 est.
890 2298 913 2302 —
943 2280 978 2310 In
1007 2289 1143 2320 corpore
1166 2289 1231 2310 una
1255 2279 1438 2310 conclusio:
1464 2279 1557 2310 Nati·
1667 2279 1704 2310 II.
1729 2279 1765 2310 In
1787 2281 1997 2320 responsione
2020 2279 2060 2311 ad
2074 2281 2214 2318 tertium,
2234 2281 2274 2312 de
2289 2288 2394 2313 morte
2409 2266 2623 2315 Innocentium
2636 2278 2677 2317 a

498 2294 639 2357 Tuitus
664 2325 784 2355 Christi
807 2324 914 2355 debuit
938 2323 1127 2364 quibusdam
1150 2323 1364 2365 manifestari.
1392 2323 1557 2354 Probatur.
1611 2323 1760 2360 Herode,
1790 2324 1887 2355 habes
1911 2325 2006 2355 etiam
2034 2325 2203 2364 gentilium
2229 2326 2459 2358 testimonium.
2494 2324 2679 2362 Manum

495 2369 548 2400 Ad
571 2369 695 2400 divinae
718 2369 890 2408 sapientiae
921 2367 1067 2398 ordinem
1094 2368 1231 2407 pertinet
1261 2373 1297 2398 ut
1325 2367 1385 2398 Dei
1412 2366 1497 2398 dona
1527 2373 1559 2398 et
1611 2368 1709 2404 enim,
1733 2369 1767 2398 in
1789 2367 2019 2409 Saturnalibus
2034 2369 2061 2405 *‚
2085 2375 2190 2400 narrat
2211 2370 2410 2410 Augustum,
2434 2370 2544 2403 audita
2562 2364 2683 2406 ω
2700 2382 2716 2400 ·‚
2732 2372 2739 2399 ἶ1

496 2419 615 2444 secreta
637 2423 705 2443 non
728 2413 901 2453 aequaliter
924 2411 964 2442 ad
987 2421 1110 2448 omnes
1134 2411 1189 2442 sed
1207 2411 1390 2442 immediate
1406 2411 1446 2442 ad
1462 2421 1558 2452 quos·
1611 2421 1701 2448 nece,
1726 2412 1855 2443 dixisse:
1881 2413 2015 2444 Mallem
2030 2422 2154 2453 porcus
2175 2423 2271 2455 quam
2276 2414 2375 2455 filius
2387 2415 2500 2456 fuisse
2512 2414 2679 2449 Hm&

498 2458 581 2494 darn,
606 2463 636 2488 et
658 2467 715 2497 per
736 2467 791 2487 eos
815 2456 854 2487 ad
870 2457 948 2487 alios
969 2455 1159 2486 deriventur.
1185 2456 1270 2496 Ergo
1286 2456 1320 2485 in
1335 2456 1487 2496 mysterio
1503 2465 1559 2486 na·
1612 2455 1672 2486 fuit
1696 2457 1782 2486 enim
1806 2457 1902 2487 etiam
1924 2467 2009 2488 unus
2031 2457 2136 2488 infans
2159 2457 2298 2489 Herodis
2320 2457 2404 2489 filius
2436 2468 2511 2490 cum
2534 2458 2602 2491 aliis
2626 2460 2676 2490 in-

496 2502 623 2532 tivitatis
646 2502 710 2532 hoc
733 2501 842 2532 debuit
866 2501 1034 2531 observari.
1611 2499 1778 2536 terfectus;
1802 2510 1920 2540 porcos
1943 2506 2051 2532 autem
2075 2501 2182 2533 Iudaei
2204 2511 2273 2532 non
2290 2502 2495 2540 interficiunt,
2518 2502 2679 2544 quianon

552 2545 754 2576 Antecedens
770 2545 945 2575 declaratur
961 2554 998 2574 ex
1015 2545 1201 2574 auctoritate
1217 2545 1286 2575 Act.
1303 2554 1322 2574 x
1345 2543 1384 2574 de
1406 2544 1558 2584 mysterio
1611 2550 1784 2575 vescuntur
1807 2555 1901 2576 carne
1924 2545 2025 2576 suilla.
2057 2545 2114 2576 Est
2141 2546 2227 2576 enim
2253 2546 2316 2577 hoc
2338 2547 2426 2578 velut
2454 2547 2677 2581 testimonium
2707 2559 2754 2587 '1³5

497 2590 734 2620 resurrectionis
751 2589 878 2619 Christi.
894 2607 917 2611 —
939 2588 1180 2628 Consequentia
1199 2588 1353 2628 probatur
1368 2597 1405 2618 ex
1421 2588 1559 2618 auctori·
1612 2588 1651 2618 ab
1675 2588 1820 2619 hostibus
1849 2588 1887 2619 de
1911 2589 2051 2620 adventu
2074 2589 2245 2631 Magorum
2275 2590 2315 2621 ad
2338 2590 2558 2631 quaerendum
2584 2586 2687 2623 811ῐῖ-
2710 2586 2753 2625 ,ἦ

497 2640 561 2664 tate
577 2634 620 2664 ad
634 2634 727 2664 Rom.
745 2643 808 2663 x111.
825 2651 847 2655 —
864 2633 981 2663 Omnia
1001 2642 1038 2663 ex
1054 2642 1087 2663 se
1104 2638 1135 2663 et
1150 2638 1223 2662 ante
1234 2633 1251 2648 ⁴*
1267 2631 1359 2662 dictis
1375 2638 1450 2662 sunt
1465 2632 1557 2662 clara.
1612 2637 1698 2662 stum
1721 2638 1843 2664 natum.

1295 2793 1614 2836 ARTICULUS
1649 2795 1880 2838 TERTIUS

587 2889 743 2920 UTRUM
767 2888 864 2919 SINT
888 2887 1231 2918 CONVENIENTER
1254 2886 1414 2918 ELECTI
1438 2887 1521 2918 ILLI
1545 2887 1703 2926 QUIBUS
1722 2888 1803 2919 EST
1823 2888 1997 2920 CHRISTI
2020 2889 2255 2922 NATIVITAS
2277 2877 2669 2933 MANIFESTATK,2-'-29

2547 2971 2548 2974 η
2580 2961 2581 2964 =
2625 2938 2748 2979 s

536 3000 595 3036 ἶφι
622 3012 659 3031 s
713 2996 734 3021 D
760 2995 919 3021 TERTIUM
938 2996 990 3021 S1c
1010 2996 1244 3022 pnoesnrrun.
1274 2984 1434 3022 Videtur
1454 2984 1560 3034 quod
1613 2984 1819 3034 praecipue
1847 2985 1960 3022 debet
1987 2985 2071 3023 fieri
2098 2987 2148 3024 ad
2175 2986 2247 3024 Dei
2266 2987 2430 3026 amicos:
2459 2980 2678 3034 secundm
2704 2978 2741 3023 {s

529 3020 691 3097 'RJAs'f
713 3049 793 3073 non
812 3044 899 3073 sunt
927 3037 1198 3074 convenienter
1217 3037 1322 3074 electi
1341 3037 1391 3074 illi
1419 3037 1560 3087 quibus
1613 3038 1706 3074 illud
1730 3039 1800 3075 Iob
1822 3050 1941 3076 xxxvn
1964 3038 2000 3076 *z
2030 3041 2236 3078 Annuntiat
2263 3041 2308 3078 de
2334 3053 2380 3078 ea
2404 3046 2420 3063 ⁰¹
2448 3042 2570 3081 antico
2587 3050 2683 3092 m
2703 3037 2730 3075 ἶ

522 3089 649 3171 ’19Ξῇ
661 3095 703 3177 (ιχ
715 3097 769 3148 est
807 3089 945 3148 Christi
985 3089 1158 3179 mixtivmhs
1195 3090 1461 3180 nssanifestaita..
1482 3091 1559 3180 Dep-
1615 3090 1691 3180 {ed
1711 3091 1810 3139 magi
1830 3090 2011 3182 videatur
2029 3092 2203 3183 e‘slselDei
2221 3092 2384 3131 inimici:
2412 3093 2550 3132 dicitur
2570 3093 2729 3139 my,

561 3157 571 3175 «ι
594 3143 657 3177 flu
692 3153 843 3178 minus
872 3154 975 3179 enlm
1067 3150 1118 3179 att
1151 3155 1201 3179 ,x
1281 3155 1373 3180 man
1402 3151 1479 3180 avit
1533 3143 1560 3180 i·
1648 3145 1728 3181 evit.
1757 3156 1816 3180 xut
1875 3158 1883 3181 :
1989 3157 2012 3181 n
2136 3147 2143 3154 '
2209 3147 2217 3154 '
2490 3160 2521 3184 :-
2651 3151 2653 3153 ’
2678 3156 2690 3180 1
2714 3147 2723 3155 ‘

502 3193 666 3243 scipulis,
695 3195 741 3231 In
770 3195 869 3231 viam
896 3171 1062 3244 gentium
1091 3208 1137 3232 ne
1155 3173 1335 3233 abici-itis:
1362 3203 1404 3233 ut
1423 3195 1561 3233 scilicet
1614 3197 1741 3234 ariolis
1763 3197 1905 3246 aliquid
1924 3146 2685 3248 ,ςεῖεείὶενῖιίὶνζῗειῖιὲοιῖέτὲἒαὲἒὶυἰῗέἶς
2703 3186 2736 3250 ’,ξ

502 3246 607 3296 prius
622 3246 923 3283 manifestaretur
936 3246 1083 3284 Iudaeis
1098 3260 1216 3296 quarn
1230 3248 1442 3296 gentilibus.
1459 3249 1560 3298 Ergo
1615 3248 1660 3286 sti
1687 3248 1863 3287 nativitas
1890 3250 2013 3298 Magis
2041 3250 2284 3290 manifestari.
2603 3252 2683 3297 „eqni

503 3299 653 3336 videtur
680 3298 786 3347 quod
815 3299 936 3335 multo
955 3299 1083 3336 minus
1111 3313 1133 3337 a
1151 3300 1338 3350 principio
1367 3301 1477 3339 fuerit
1505 3314 1560 3339 re·
1670 3302 1704 3339 3.
1726 3303 1958 3349 Pam-sm,
1978 3303 2151 3342 Christus
2164 3313 2322 3343 venerat
2337 3305 2533 3343 mundum
2551 3312 2681 3351 tom·
2705 3304 2741 3343 ·’

504 3351 665 3388 velanda
685 3350 823 3388 Christi
852 3350 1024 3388 nativitas
1049 3352 1235 3399 gentibus,
1260 3353 1326 3403 qui
1352 3356 1400 3392 ab
1423 3356 1562 3392 oriente
1615 3367 1638 3392 a
1672 3363 1856 3404 potestate
1893 3355 2034 3394 diaboli
2070 3356 2250 3404 liberare:
2284 3358 2389 3396 unde
2425 3357 2562 3397 dicitur
2592 3357 2675 3403 Μῃ-
2691 3369 2735 3402 ’,ς
2814 3401 2817 3405 .

504 3409 693 3449 venerunt,
722 3411 764 3440 ut
791 3402 954 3440 habetur
980 3404 1114 3440 Matth.
1136 3417 1156 3441 ιι
1175 3404 1205 3441 *.
1616 3409 1712 3445 lach.
1733 3420 1742 3444 1
1761 3407 1798 3445 *ε
1820 3410 1880 3446 Ah
1899 3414 1981 3446 ortu
1999 3409 2086 3447 solis
2105 3422 2219 3460 usque
2235 3411 2286 3448 ad
2303 3423 2475 3449 occasum
2493 3421 2675 3461 magnum
2700 3410 2713 3427 ‘
2819 3436 2821 3439 -

560 3467 594 3492 2.
632 3456 875 3503 PRAETEREA,
914 3454 1162 3493 manifestatio
1204 3457 1355 3495 divinae
1397 3459 1562 3499 veritatis
1616 3466 1666 3497 est
1694 3473 1828 3498 nomen
1858 3473 1982 3498 meum
2010 3463 2047 3499 in
2074 3464 2254 3512 gentibus.
2297 3464 2390 3501 Non
2424 3475 2515 3512 ergo
2549 3464 2675 3517 soluti!

559 3587 587 3618 α)
605 3592 645 3611 ea.
662 3599 680 3604 —
700 3586 750 3616 Pa;
769 3593 808 3612 eo.
