2872 3970
80 832 128 887 ⁷ss
138 832 263 883 sssmqffii

958 287 1219 333 QUAESTIO
1249 287 1353 333 XVI,
1383 286 1674 324 ARTICULUS
1702 287 1782 323 VIII

2380 300 2450 325 211

1064 420 1380 463 ARTICULUS
1410 421 1681 463 OCTAVUS

793 520 949 551 UTRUM
973 520 1092 551 HAEC
1117 520 1183 551 sn*
1206 521 1340 551 VERA:
1368 521 1525 551 CHRJSJ
1536 521 1589 551 [Js
1609 521 1697 551 EST
1718 522 1950 552 CREATURA

508 606 538 630 Ill
558 605 640 635 Sent„
661 605 718 630 dist.
738 612 772 636 xv,
791 613 835 638 qu.
854 613 882 635 11.
901 610 948 630 art.
969 613 991 635 2,
1011 607 1042 630 ad
1061 614 1090 636 4;
1111 607 1170 631 dist.
1189 614 1222 636 xi,
1242 611 1288 632 art.
1310 614 1339 637 2;
1359 606 1416 631 dist.
1435 614 1484 637 xx1,
1503 615 1548 639 qu.
1568 614 1585 638 1,
1605 613 1651 631 art.
1672 606 1695 636 3,
1714 608 1746 632 ad
1767 615 1794 638 23
1813 608 1847 632 IV
1869 609 1943 632 Cont.
1965 609 2050 638 Gent„
2071 617 2125 642 cap.
2144 617 2233 640 x1.v111;

666 641 708 665 De
731 640 820 670 Verit„
840 648 883 673 qu.
902 648 967 670 xxix,
986 646 1035 666 art.
1056 648 1079 672 ι,
1099 643 1130 666 ad
1150 649 1180 672 1;
1202 642 1343 673 Comperta.
1366 642 1463 672 Theol„
1484 649 1540 674 cap.
1559 649 1650 672 ccxv13
1670 643 1678 666 I
1697 643 1734 667 ad
1755 643 1824 672 Cor„
1845 651 1899 675 cap.
1918 651 1957 674 xv,
1977 644 2034 668 lect.
2054 651 2081 670 11.

324 738 384 770 μ’»
409 747 473 781 sa<
500 731 523 756 D
542 730 714 755 ocrAvuM
733 730 785 763 sle
804 731 1039 757 mecam-run.
1062 720 1223 757 Videtur
1241 721 1347 769 quod

318 764 470 833 ἱζῖέῑο
501 772 597 808 haec
616 770 661 807 sit
679 782 790 808 vera:
820 772 983 809 Christus
1002 779 1053 809 est
1070 779 1252 810 creatura.
1282 773 1347 810 Di-

324 819 426 873 i‘pr,
444 819 469 865 “a
484 823 488 827 “
501 823 550 860 cit
569 822 673 860 enim
690 824 773 860 Leo
793 824 898 873 Papa
917 824 956 861 *ε
986 826 1099 863 Νονα
1127 832 1159 862 et
1184 826 1348 863 inaudita

346 873 442 909 ³⁶²4&
457 870 489 913 K
501 877 714 914 conventio:
740 877 842 913 Deus
861 878 923 926 qui
941 883 991 914 est
1018 883 1051 914 et
1076 885 1166 924 erat,
1175 880 1226 926 fit
1247 890 1349 915 crea·

289 935 385 967 tura.
415 929 492 966 Sed
510 928 604 965 illud
621 935 746 977 potest
763 928 973 978 praedicari
993 930 1041 966 de
1063 930 1213 967 Christo
1242 931 1348 979 quod

290 981 408 1019 Filius
421 981 494 1018 Dei
512 981 631 1018 factus
646 988 700 1017 est
719 992 788 1030 per
806 981 1117 1019 incarnationem.
1139 984 1239 1031 Ergo
1255 984 1350 1020 haec

290 1042 345 1072 est
371 1045 477 1071 vera:
511 1035 675 1070 Christus
702 1039 754 1070 est
780 1040 962 1071 creatura.

345 1098 379 1124 2.
408 1087 645 1131 ΡΒΑΕΤΕΒΕΑ,
675 1086 923 1135 proprietates
961 1087 1159 1136 utriusque
1192 1095 1349 1124 naturae

289 1147 451 1189 possunt
477 1138 687 1188 praedicari
706 1138 754 1175 de
773 1139 968 1188 hypostasi
988 1140 1189 1177 communi
1213 1140 1350 1177 utrius-

291 1204 368 1242 que
394 1199 564 1238 naturae,
585 1202 836 1240 quocumque
859 1192 1018 1229 nomine
1046 1192 1289 1240 significetur,
1309 1200 1352 1229 ut

291 1256 407 1294 supra
425 1244 445 1266 ³⁸
472 1244 617 1280 dictum
645 1251 710 1280 est.
741 1244 817 1281 Sed
841 1244 1052 1293 proprietas
1072 1246 1265 1282 humanae
1285 1257 1351 1281 na-

291 1305 398 1334 turae
427 1304 481 1333 est
509 1309 591 1333 esse
619 1304 850 1333 creaturam:
891 1297 986 1334 sicut
1013 1297 1224 1347 proprietas
1257 1297 1351 1334 divi-

290 1350 403 1387 vinae
430 1357 587 1386 naturae
617 1356 671 1385 est
699 1361 781 1386 esse
811 1349 1044 1387 Creatorem.
1075 1351 1175 1398 Ergo
1204 1358 1351 1387 utrum-

291 1414 368 1452 que
386 1409 510 1451 potest
528 1401 602 1439 dici
630 1402 677 1438 de
698 1401 867 1439 Christo:
898 1401 1036 1439 scilicet
1060 1403 1167 1452 quod
1186 1403 1232 1439 sit
1250 1415 1351 1439 crea·

291 1463 395 1501 tura3
425 1462 461 1491 et
488 1454 595 1504 quod
622 1453 668 1491 sit
695 1454 883 1491 increatus
911 1462 947 1491 et
976 1455 1134 1492 Creator
1153 1461 1181 1491 ².

348 1507 382 1544 3.
419 1508 660 1554 PRAETEREA,
689 1507 934 1556 principalior
969 1520 1057 1556 pars
1094 1507 1262 1544 hominis
1299 1515 1353 1544 est

293 1560 422 1597 anima
450 1572 569 1609 quam
597 1571 748 1608 corpus.
786 1560 862 1597 Sed
891 1560 1063 1597 Christus
1099 1560 1242 1597 ratione
1271 1572 1353 1597 cor-

293 1612 409 1662 poriS,
439 1613 547 1661 quod
574 1612 622 1648 de
649 1612 803 1660 Virgine
831 1612 951 1659 traxit,
973 1612 1109 1650 dicitur
1135 1612 1355 1662 simpliciter

294 1677 375 1702 esse
395 1672 507 1702 natus
526 1665 574 1701 de
593 1664 758 1712 Virgine.
784 1665 885 1712 Ergo
906 1665 1050 1702 ratione
1070 1665 1233 1710 animae,
1254 1677 1352 1714 quae

294 1725 419 1755 creata
438 1725 493 1754 est
511 1729 533 1754 a
547 1718 644 1763 Deo,
661 1717 774 1754 debet
793 1717 1012 1766 simpliciter
1031 1717 1104 1754 diei
1123 1718 1230 1766 quod
1246 1718 1353 1754 Chri-

295 1778 374 1807 stus
403 1777 448 1806 sit
476 1777 658 1806 creatura.

348 1823 422 1859 SED
451 1834 594 1859 CONTRA
623 1834 687 1858 EST
706 1823 813 1871 quod
832 1822 1059 1859 Ambrosius
1079 1822 1178 1868 dicit,
1199 1822 1238 1858 in
1257 1822 1352 1859 libro

294 1874 340 1912 de
371 1876 407 1912 T
404 1876 473 1911 rin.
501 1874 540 1911 *z
580 1875 762 1924 Nunquid
795 1875 890 1911 dicto
916 1876 1044 1922 factus
1080 1880 1131 1911 est
1162 1875 1355 1911 Christus?

294 1927 477 1976 Nunquid
501 1927 677 1964 mandato
705 1933 848 1964 creatus
876 1933 926 1964 est
948 1926 1140 1964 Christus?
1167 1927 1276 1975 quasi
1299 1926 1353 1963 di-

295 1988 373 2018 cat:
394 1981 496 2017 Non.
517 1979 629 2017 Unde
649 1979 794 2016 subdit:
830 1980 1023 2022 Quomodo
1043 1986 1163 2016 autem
1183 1986 1354 2016 creatura

294 2034 332 2070 in
351 2033 433 2069 Deo
452 2044 528 2069 esse
549 2032 695 2081 potest?
721 2034 867 2069 Etenim
887 2034 987 2069 Deus
1007 2038 1162 2069 naturae
1181 2033 1355 2081 simplicis

295 2091 366 2132 est,
406 2097 479 2122 non
508 2086 734 2122 coniunctae.
773 2085 874 2132 Ergo
903 2085 998 2121 haec
1026 2096 1105 2123 non
1138 2092 1192 2120 est
1220 2096 1354 2121 conce-

293 2137 439 2175 denda:
473 2138 637 2174 Christus
664 2143 715 2174 est
741 2143 924 2174 creatura.

346 2191 570 2228 RESPONDEO
595 2201 775 2227 monimum
800 2189 918 2239 quod,
940 2189 1035 2226 sicut
1053 2188 1316 2238 Hieronymus
1334 2189 1354 2210 ‘¹‘

295 2242 394 2290 dicit,
415 2255 464 2279 ex
489 2244 609 2279 verbis
636 2242 844 2279 inordinate
862 2242 1020 2291 prolatis
1047 2243 1249 2278 incurritur
1270 2243 1353 2278 hae-

295 2297 394 2332 resis.
433 2294 545 2332 Unde
581 2306 672 2331 cum
700 2294 896 2331 haereticis
934 2306 1005 2331 nec
1046 2294 1206 2331 nomina
1239 2294 1353 2330 debe-

294 2360 383 2385 mus
410 2347 552 2384 habere
575 2347 818 2384 communia:
849 2359 897 2383 ne
926 2359 1063 2384 eorum
1082 2346 1200 2383 errori
1227 2347 1353 2383 favere

293 2400 506 2438 videamur.
550 2399 679 2436 Ariani
707 2407 836 2436 autem
865 2399 1041 2436 haeretici
1076 2399 1272 2436 Christum
1299 2399 1353 2435 di-

293 2460 431 2490 xerunt
458 2464 539 2489 esse
567 2459 801 2499 creaturam,
831 2459 867 2488 et
894 2452 1086 2489 minorem
1114 2452 1244 2498 Patre,
1274 2463 1353 2488 non

296 2507 423 2543 solum
451 2504 595 2542 ratione
624 2506 818 2541 humanae
846 2512 1019 2551 naturae,
1049 2504 1116 2540 sed
1154 2504 1268 2541 etiam
1297 2516 1353 2541 ra-

295 2558 398 2595 tione
426 2557 578 2594 divinae
605 2569 804 2606 personae.
844 2558 892 2594 Et
919 2557 1006 2594 ideo
1035 2569 1115 2593 non
1152 2564 1207 2593 est
1244 2557 1353 2593 abso·

295 2612 373 2648 lute
409 2610 617 2647 dicendum
653 2610 760 2658 quod
793 2609 965 2646 Christus
1002 2609 1047 2646 sit
1074 2615 1264 2655 creatura,
1292 2610 1354 2646 vel

295 2665 420 2701 minor
446 2664 580 2700 Patre.-
615 2663 683 2699 sed
717 2674 808 2699 cum
835 2661 1173 2709 determinatione,
1203 2661 1352 2708 scilicet,

295 2716 496 2753 secundum
515 2716 718 2752 humanam
739 2721 912 2752 naturam
930 2715 961 2751 ²¹⁶.
992 2716 1049 2751 Ea
1075 2726 1169 2751 vero
1196 2714 1243 2751 de
1271 2714 1354 2763 qui-

235 857 345 914 :1

89 892 100 949 ζ
125 885 262 939 :stuli-p.

350 2829 378 2863 α)
391 2830 526 2855 increatus
543 2832 570 2854 et
584 2829 704 2854 Creator.
713 2828 827 2853 —Tertia
832 2837 839 2859 ;
852 2832 958 2854 creatus
967 2832 994 2854 et
1002 2828 1074 2861 quod
1089 2829 1202 2853 Creator
1211 2829 1239 2858 F,
1251 2828 1354 2853 increa-

297 2869 340 2891 tus
358 2868 385 2890 et
402 2865 475 2898 quod
492 2865 527 2890 sit
549 2865 663 2889 Creator
681 2863 767 2889 ceteri.

306 2899 309 2900 ⁷
351 2899 377 2933 β)
391 2903 514 2932 possunt.
530 2913 550 2918 -
569 2899 668 2929 Tertia;
688 2905 739 2923 non
755 2901 876 2930 possunt.

349 2936 377 2970 γ)
394 2935 538 2961 secundum
558 2935 670 2959 dentem.
689 2948 708 2953 —
725 2934 830 2959 dentem
849 2933 933 2963 GHlb,
952 2933 1095 2958 secundum
1116 2934 1208 2958 dentes
1226 2934 1254 2959 P.

1402 721 1475 757 bus
1504 721 1686 770 suspicari
1714 733 1793 758 non
1820 730 1944 771 potest
1963 724 2068 771 quod
2097 723 2247 761 divinae
2270 736 2457 773 personae

1403 774 1633 810 conveniant
1669 774 1883 811 secundum
1911 775 2093 824 seipsam,
2123 785 2283 825 possunt
2317 778 2457 827 simpli-

1403 825 1493 862 citer
1521 826 1593 862 dici
1622 826 1668 863 de
1699 826 1849 863 Christo
1879 828 2023 864 ratione
2051 829 2244 866 humanae
2279 838 2456 867 naturae:

1403 878 1498 914 sicut
1525 878 1743 927 simpliciter
1770 879 1933 916 dicimus
1962 880 2156 918 Christum
2185 894 2265 919 esse
2292 895 2456 931 passum,

1403 937 1588 967 mortuum
1617 939 1653 968 et
1679 932 1869 980 sepultum.
1900 932 2005 969 Sicut
2032 933 2145 970 etiam
2174 934 2213 970 in
2242 935 2355 972 rebus
2377 948 2458 972 cor-

1403 983 1598 1031 poralibus
1626 991 1662 1020 et
1689 985 1886 1031 humanis,
1917 997 1961 1022 ea
1989 998 2088 1034 quae
2116 986 2154 1022 in
2183 987 2459 1025 dubitationem

1403 1035 1534 1071 venire
1563 1044 1723 1084 possunt
1743 1036 1757 1065 β
1785 1049 1834 1073 an
1862 1038 2091 1074 conveniant
2119 1038 2185 1075 toti
2212 1041 2273 1076 vel
2300 1041 2408 1089 parti,
2429 1041 2459 1077 si

1405 1087 1533 1124 insunt
1561 1088 1672 1125 alicui
1699 1089 1815 1137 parti,
1845 1102 1925 1126 non
1953 1090 2192 1128 attribuimus
2220 1092 2286 1128 toti
2319 1093 2459 1142 simpli-

1405 1140 1506 1186 citer,
1536 1140 1632 1176 idest
1660 1140 1740 1177 sine
1769 1142 2102 1180 determinatione:
2133 1156 2212 1180 non
2240 1145 2342 1181 enim
2371 1146 2460 1182 dici—

1405 1205 1493 1229 mus
1521 1193 1627 1241 quod
1656 1195 1818 1242 aethiops
1843 1200 1893 1230 est
1920 1196 2034 1241 albus,
2055 1197 2121 1232 sed
2147 1197 2253 1244 quod
2281 1204 2331 1233 est
2358 1199 2460 1235 albus

1404 1246 1604 1281 secundum
1624 1246 1766 1282 dentem
1785 1251 1812 1282 Υ.
1838 1246 2010 1283 Dicimus
2030 1255 2158 1284 autem
2178 1249 2322 1297 absque
2342 1250 2460 1286 deter-

1406 1297 1614 1334 minatione
1642 1298 1748 1346 quod
1773 1306 1828 1334 est
1855 1300 2013 1348 crispus.-
2041 1300 2131 1348 quia
2149 1302 2224 1337 hoc
2243 1313 2321 1338 non
2340 1310 2462 1350 potest

1406 1349 1439 1386 ei
1468 1350 1673 1387 convenire
1702 1350 1774 1387 nisi
1802 1352 2017 1388 secundum
2045 1353 2210 1401 capillos.

1459 1404 1516 1439 AD
1532 1415 1665 1440 PRtMUM
1685 1415 1782 1440 ERGO
1802 1415 1982 1441 DICENDUM
2001 1406 2107 1453 quod
2122 1405 2327 1454 aliquando
2346 1406 2462 1443 sancti

1406 1456 1604 1502 Doctores,
1625 1468 1740 1492 causa
1759 1456 1950 1493 brevitatis
1969 1457 2282 1495 determinatione
2309 1459 2460 1505 omissa,

1406 1507 1563 1544 nomine
1601 1514 1794 1545 creaturae
1828 1516 1989 1545 utuntur
2016 1509 2114 1546 circa
2151 1510 2357 1548 Christum.
2397 1512 2463 1548 Est

1406 1568 1535 1597 tamen
1565 1560 1603 1596 in
1632 1572 1768 1597 eorum
1797 1560 1902 1597 dictis
1931 1561 2242 1610 subintelligenda
2261 1562 2284 1599 ὃ.

1459 1614 1515 1649 AD
1531 1625 1719 1650 SECUNDUM
1738 1625 1918 1651 DICENDUM
1938 1615 2043 1662 quod
2064 1627 2199 1652 omnes
2217 1616 2462 1665 proprietates

1407 1666 1600 1702 humanae
1629 1673 1800 1710 naturae,
1830 1665 1925 1702 sicut
1953 1675 1988 1702 et
2015 1666 2185 1714 divinae,
2215 1677 2374 1716 possunt
2402 1669 2463 1705 ali-

1407 1717 1568 1766 qualiter
1604 1717 1677 1754 dici
1714 1717 1761 1754 de
1792 1718 1953 1754 Christo.
1993 1720 2103 1755 Unde
2139 1728 2175 1756 et
2202 1721 2464 1758 Damascenus

1407 1770 1516 1815 dicit,
1546 1769 1584 1805 in
1613 1771 1658 1806 III
1686 1769 1782 1806 libro
1801 1770 1831 1814 ²¹⁴,
1861 1771 1967 1818 quod
2000 1772 2182 1818 Christus,
2214 1775 2276 1821 qui
2300 1774 2401 1809 Deus
2433 1780 2464 1810 et

1407 1823 1518 1858 homo
1546 1823 1688 1867 dicitur,
1719 1823 1887 1858 creabilis
1915 1829 1965 1859 est
1992 1829 2025 1859 et
2052 1825 2269 1870 increabilis,
2295 1831 2327 1861 et
2348 1827 2464 1874 parti-

1408 1874 1487 1910 bilis
1516 1880 1548 1910 et
1576 1875 1806 1923 impartibilis
1824 1879 1847 1910 Ε.
1879 1875 1954 1912 Sed
1982 1883 2112 1912 tamen
2141 1876 2202 1913 illa
2229 1889 2327 1925 quae
2356 1877 2464 1914 dubi-

1408 1926 1591 1963 tationem
1619 1926 1761 1963 habent
1790 1926 1888 1963 circa
1916 1929 2134 1965 alterutram
2162 1937 2357 1977 naturam,
2386 1943 2465 1967 non

1409 1986 1498 2015 sunt
1533 1978 1695 2015 dicenda
1732 1979 1878 2028 absque
1915 1980 2240 2018 determinatione.
2283 1983 2394 2019 Unde
2431 1991 2466 2019 et

1409 2031 1489 2080 ipse
1518 2039 1651 2080 postea
1688 2031 1814 2068 alibi*
1842 2032 1987 2068 subdit:
2026 2035 2114 2082 Ipsa
2147 2046 2222 2071 una
2249 2036 2465 2084 hypostasis,

1410 2084 1548 2120 scilicet
1577 2083 1733 2130 Christi,
1764 2090 1797 2120 et
1824 2086 1989 2122 increata
2021 2091 2071 2122 est
2097 2086 2246 2132 deitate,
2277 2093 2309 2123 et
2342 2094 2466 2125 creata

1410 2142 1460 2172 est
1487 2137 1722 2173 humanitate.
1753 2136 1858 2173 Sicut
1886 2144 1922 2172 et
1941 2149 1961 2173 e
1981 2150 2167 2175 converso
2187 2151 2267 2175 non
2296 2148 2391 2176 esset
2413 2140 2466 2177 di-

1411 2189 1579 2225 cendum
1612 2188 1692 2224 sine
1730 2188 2043 2226 determinatione
2076 2191 2183 2239 quod
2219 2193 2381 2229 Christus
2418 2199 2467 2229 est

1410 2243 1661 2290 incorporeus,
1690 2242 1751 2277 vel
1779 2242 2019 2290 impassibilis,
2040 2243 2089 2279 ad
2117 2243 2339 2281 evitandum
2365 2257 2465 2282 erro-

1411 2305 1492 2330 rem
1511 2293 1740 2340 Manichaei,
1762 2293 1828 2342 qui
1855 2293 1983 2342 posuit
2003 2294 2197 2332 Christum
2218 2309 2355 2333 verum
2384 2309 2464 2334 cor-

1410 2358 1483 2395 pus
1511 2358 1590 2382 non
1628 2346 1827 2391 habuisse,
1856 2358 1928 2382 nec
1955 2359 2044 2383 vere
2071 2359 2228 2395 passum
2257 2361 2359 2385 esse:
2398 2350 2465 2386 sed

1411 2398 1619 2435 dicendum
1652 2406 1706 2434 est
1740 2410 1830 2435 cum
1868 2399 2180 2436 determinatione
2215 2401 2320 2448 quod
2359 2403 2463 2438 Chri-

1409 2457 1482 2488 stus
1508 2451 1708 2488 secundum
1736 2451 1902 2487 deitatem
1932 2457 1982 2488 est
2002 2453 2247 2501 *incorporeus
2275 2459 2308 2489 et
2333 2455 2463 2502 impas-

1409 2505 1532 2541 sibilis.

1463 2557 1519 2593 Ao
1538 2568 1695 2593 TERTmM
1714 2568 1892 2593 mCENDUM
1913 2557 2018 2605 quod
2038 2556 2085 2592 de
2105 2556 2294 2593 nativitate
2316 2569 2361 2593 ex
2380 2557 2462 2594 Vir-

1409 2608 1495 2657 gine
1523 2610 1627 2645 nulla
1654 2608 1838 2645 dubitatio
1866 2616 1988 2657 potest
2016 2620 2096 2645 esse
2125 2609 2230 2657 quod
2262 2609 2463 2646 conveniat

1407 2673 1595 2710 personae
1615 2660 1697 2697 Filii
1717 2661 1807 2697 Dei:
1838 2661 1932 2698 sicut
1950 2669 2073 2710 potest
2092 2673 2172 2698 esse
2193 2661 2239 2698 de
2260 2662 2459 2698 creatione.

1411 2715 1459 2751 Et
1487 2713 1574 2750 ideo
1603 2725 1681 2750 non
1710 2721 1765 2750 est
1792 2713 1922 2750 similis
1951 2713 2044 2750 ratio
2065 2713 2277 2762 utrobique.

1460 2827 1485 2860 δ)
1503 2827 1735 2860 subintelligenda.
1745 2841 1764 2845 -
1780 2830 1878 2851 natura
1896 2827 2013 2851 humana
2031 2827 2101 2851 addit
2114 2827 2131 2856 1,
2147 2816 2334 2852 determinatio
2352 2827 2463 2860 inquan-

1409 2867 1464 2888 tum
1484 2863 1562 2887 homo
1581 2863 1650 2887 addit
1667 2863 1695 2887 P.

1461 2897 1483 2931 ε)
1497 2897 1635 2930 partibilis
1653 2901 1678 2922 et
1697 2897 1875 2929 impartibilis.
1892 2910 1910 2914 —
1928 2897 1967 2920 An
1982 2896 2119 2927 passibilis
2136 2899 2162 2920 et
2181 2897 2373 2927 impassibilis?

969 3011 1302 3043 Commentario.
1323 3010 1574 3043 cardinatis
1597 3009 1797 3042 Caietam·

358 3101 465 3122 nunus
489 3090 528 3121 de
550 3090 769 3130 propositione
798 3095 859 3119 est:
891 3099 932 3119 an
963 3089 1138 3119 enuntiatio
1161 3089 1235 3125 ista,
1262 3089 1354 3119 Chri·
1379 3087 1383 3140 1
1407 3089 1516 3118 Ariani
1540 3088 1686 3118 dicebant
1709 3087 1871 3117 Christum
1899 3092 2072 3117 creaturam
2095 3088 2293 3127 simpliciter,
2317 3089 2392 3128 quia
2415 3098 2462 3119 se-

358 3140 426 3166 stus
448 3139 495 3166 est
517 3139 676 3168 creatura,
701 3133 740 3163 sit
763 3143 845 3163 vera.

354 3178 391 3210 In
414 3187 548 3219 corpore
567 3177 650 3208 duae
673 3182 747 3207 sunt
769 3176 990 3207 conclusiones
1005 3177 1031 3206 *ἃ
1055 3175 1160 3206 Prima
1177 3181 1223 3206 est
1238 3175 1355 3206 directe

300 3223 484 3263 responsiva
507 3222 668 3262 quaesito:
693 3221 768 3250 Non
793 3225 840 3250 est
861 3219 1005 3250 absolute
1022 3219 1199 3254 dicendum,
1227 3232 1241 3245 ⁴<
1263 3219 1355 3249 Chri-

300 3266 368 3298 stus
391 3271 438 3297 est
459 3270 610 3296 creatura
629 3275 656 3295 »ε
680 3264 736 3295 sed
751 3273 822 3294 cum
838 3263 1110 3298 determinatione,
1129 3262 1258 3298 scilicet,
1279 3275 1292 3289 «
1307 3272 1355 3292 se-

301 3309 440 3341 cundum
461 3310 636 3340 humanam
660 3313 810 3339 naturam
829 3320 856 3337 ›.
887 3307 1050 3337 Probatur.
1079 3306 1165 3336 Cum
1192 3307 1356 3336 haereticis

301 3362 362 3384 nee
384 3354 518 3384 nomina
540 3352 693 3386 debemus
715 3352 831 3382 habere
851 3350 1044 3381 communia.
1069 3350 1154 3390 Ergo
1174 3358 1248 3379 cum
1267 3349 1356 3379 Aria-

301 3397 351 3427 nis
373 3406 441 3428 non
470 3397 624 3428 debemus
655 3396 827 3426 convenire
856 3395 890 3424 in
917 3393 1052 3424 dicendo
1081 3393 1244 3424 Christum
1271 3402 1355 3423 erea-

302 3445 415 3471 turam.

357 3484 558 3515 Antecedens
579 3484 732 3524 probatur
755 3489 786 3513 et
805 3493 841 3513 ex
857 3482 1075 3522 Hieronymo:
1101 3481 1175 3520 quia
1198 3489 1239 3510 ex
1255 3480 1357 3511 verbis

305 3526 486 3558 inordinate
502 3527 643 3568 prolatis
666 3527 845 3558 incurritur
866 3526 1015 3556 haeresis.
1050 3525 1091 3555 Et
1120 3534 1161 3554 ne
1183 3524 1356 3554 haeretico-

303 3579 376 3600 rum
391 3571 488 3602 errori
502 3570 606 3602 favere
621 3570 794 3602 videamur.
805 3589 828 3593 -
841 3569 1080 3609 Consequentia
1094 3569 1255 3608 probatur.
1273 3567 1357 3605 Quia

1409 3131 1551 3162 cundum
1567 3137 1734 3171 utramque
1746 3135 1891 3160 naturam
1903 3135 1968 3160 erat
1979 3136 2134 3161 creatura:
2151 3131 2240 3171 quod
2256 3137 2301 3161 est
2317 3132 2463 3163 damnata

1408 3175 1554 3206 haeresis.

1464 3219 1500 3248 II.
1525 3219 1608 3248 Nota
1631 3219 1692 3254 hic,
1717 3218 1859 3253 Novitie‚
1884 3217 1973 3257 quod
1995 3228 2036 3248 ex
2059 3219 2161 3249 verbis
2185 3219 2366 3249 inordinate
2382 3229 2462 3259 pro-

1409 3263 1482 3292 latis
1506 3262 1685 3292 incurritur
1705 3262 1855 3297 haeresis,
1879 3271 1946 3292 non
1970 3261 2152 3298 formaliter,
2178 3272 2259 3303 quae
2276 3263 2370 3302 exigit
2392 3273 2462 3302 per-

1408 3306 1556 3336 tinaciam
1579 3306 1613 3335 in
1635 3305 1814 3335 voluntate:
1840 3305 1894 3335 sed
1917 3306 1967 3335 vel
1990 3306 2206 3343 materialiter,
2230 3307 2263 3336 in
2286 3306 2462 3346 significato

1408 3349 1580 3379 verborum
1602 3348 1855 3380 inordinatorum
1878 3359 2015 3380 errorem
2039 3351 2231 3380 contrarium
2247 3350 2320 3381 fidei
2343 3351 2463 3390 impor-

1409 3394 1563 3429 tantium3
1593 3393 1644 3422 vel
1671 3399 1873 3432 apparenter,
1906 3393 1983 3423 dum
2005 3393 2181 3424 inordinata
2203 3395 2298 3424 verba
2323 3395 2462 3433 speeiem

1410 3437 1545 3467 haeresis
1568 3446 1643 3476 prae
1666 3446 1698 3467 se
1722 3436 1836 3473 ferunt,
1860 3437 1941 3467 sicut
1959 3438 2054 3468 etiam
2068 3438 2101 3467 in
2117 3438 2183 3468 aliis
2198 3438 2280 3468 vitiis
2295 3438 2463 3468 incurritur

1411 3490 1448 3511 ex
1471 3481 1576 3520 aliqua
1598 3480 1831 3511 inordinatione
1853 3481 1971 3521 species
1993 3482 2086 3517 mali,
2117 3491 2135 3511 a
2158 3491 2221 3521 qua
2249 3481 2463 3512 universaliter

1411 3524 1632 3555 abstinendum
1656 3533 1722 3554 esse
1745 3525 1833 3554 iubet
1855 3525 2030 3564 Apostolus
2046 3526 2071 3555 *.

1465 3568 1549 3598 Nota
1572 3568 1714 3599 secundo
1738 3568 1836 3608 quod,
1862 3569 1935 3608 quia
1955 3569 2097 3609 quaestio
2114 3569 2171 3599 ista
2194 3575 2240 3599 est
2263 3569 2302 3599 de
2325 3569 2462 3599 nomini-

2492 1780 2500 1788 ⁴
2513 1779 2546 1799 De
2556 1778 2614 1800 Fide
2625 1779 2700 1805 Orth„

2491 1805 2529 1826 lib.
2545 1805 2584 1832 111,
2604 1811 2654 1832 cap.
2670 1811 2700 1826 iv.

2493 2047 2501 2056 ·
2511 2045 2555 2072 ορ.
2563 2044 2703 2072 cit.,1·1b.1v‚

2493 2078 2542 2099 cap.
2558 2078 2578 2092 v.

2490 3530 2500 3540 ⁴
2521 3530 2530 3550 1
2551 3529 2585 3550 ad
2608 3529 2698 3556 Thess„

2489 3561 2539 3583 cap.
2555 3562 2575 3582 v,
2592 3561 2649 3576 vers.
2664 3561 2697 3576 22.
