2872 3970
254 936 358 985 Iun-od.q

260 2581 271 2591 ⁸
284 2580 338 2602 [οε.
354 2580 392 2602 cit.

260 2797 271 2807 ⁸
286 2796 350 2818 Vera.
366 2802 404 2824 33„

855 538 1265 619 QUAEsTm
1291 495 2323 614 'QUADRAGESIMASEPTIMA

916 658 1000 699 DE
1034 655 1239 698 CAUSA
1273 651 1634 695 EFFICIENTE
1665 653 1978 696 PASSIONIS
2012 648 2251 696 CHRISTI

1336 769 1370 794 m
1399 769 1466 795 sax
1491 760 1694 797 Auricuros
1721 769 1836 795 mvtsp.

578 890 683 916 ΕιΝοΕ
711 875 1036 914 considerandum
1070 882 1125 911 est
1143 874 1192 911 de
1218 884 1334 910 causa
1370 870 1558 914 efficiente

404 889 765 980 w··Dpassi0nis
794 927 973 966 Christi*

495 985 542 1022 Et
570 984 669 1020 circa
697 984 773 1019 hoc
800 987 1040 1031 quaeruntur
1067 992 1144 1016 sex.

547 1036 695 1073 Primo:
726 1043 857 1072 utrum
882 1033 1055 1071 Christus
1079 1031 1190 1070 fuerit
1217 1031 1266 1069 ab
1294 1030 1375 1069 aliis
1396 1022 1558 1078 occisus,

599 1090 661 1126 vel
689 1101 711 1125 a
740 1087 878 1137 seipso.

548 1141 746 1179 Secundo:
774 1153 819 1177 ex
840 1151 920 1189 quo
939 1138 1087 1176 motivo
1107 1137 1279 1187 seipsum
1297 1136 1467 1187 passioni
1485 1144 1558 1174 tra-

601 1193 747 1231 diderit.

1306 1317 1628 1361 ARTICULUS
1660 1317 1867 1360 PRIMUS

932 1431 1091 1463 UTRUM
1116 1430 1332 1463 CHRISTUS
1356 1428 1516 1462 FUERIT
1538 1430 1596 1461 AB
1618 1429 1723 1461 ALIO
1748 1429 1941 1469 OCCISUS,
1957 1429 2018 1461 AN
2040 1430 2071 1460 A
2093 1429 2238 1462 SEIPSO

831 1529 928 1560 Quodl.
947 1529 965 1559 l,
985 1536 1030 1561 qu.
1050 1535 1078 1559 n,
1096 1533 1144 1553 art.
1165 1535 1178 1552 2
1185 1535 1192 1558 ;
1215 1527 1360 1559 Compend.
1383 1526 1486 1557 ΊῚιιεοὶ.1
1505 1534 1563 1560 cap.
1581 1534 1662 1552 ccxxx
1669 1533 1676 1557 ;
1697 1526 1727 1552 In
1747 1526 1836 1557 loun„
1856 1534 1913 1560 cap.
1930 1534 1958 1557 n,
1977 1527 2036 1553 lect.
2054 1534 2097 1559 ηις
2116 1534 2172 1560 cap.
2190 1535 2214 1559 x,
2233 1527 2291 1554 lect.
2309 1535 2344 1553 xv.

523 1638 591 1687 ,435¹
627 1650 655 1663 11
706 1638 728 1662 D
757 1637 892 1662 ptumum
921 1636 973 1662 sm
998 1635 1234 1662 Pnocsmrun.
1264 1623 1426 1662 Videtur
1453 1623 1560 1673 quod

523 1652 684 1737 VC,
709 1678 882 1716 Christus
901 1689 982 1714 non
1001 1677 1112 1714 fuerit
1125 1677 1174 1714 ab
1189 1676 1263 1714 alio
1279 1677 1441 1724 occisus,
1456 1676 1524 1714 sed
1538 1689 1561 1713 a

515 1729 636 1790 {TC-(³
647 1714 679 1772 (ι
708 1731 846 1780 seipso.
867 1730 967 1767 Dicit
986 1730 1091 1767 enim
1109 1730 1202 1779 ipse,
1222 1731 1326 1767 Ioan.
1342 1729 1409 1767 x*:
1434 1730 1560 1767 Nemo

555 1750 678 1817 (³4¹)
690 1797 732 1822 a
759 1796 820 1821 me
837 1784 928 1821 tollit
946 1785 1113 1821 animam
1132 1795 1268 1829 meam,
1287 1783 1353 1820 sed
1370 1795 1442 1833 ego
1455 1795 1560 1832 pono

496 1851 591 1876 eam.
621 1839 684 1874 Ille
704 1844 834 1874 autem
854 1836 992 1873 dicitur
1011 1835 1180 1885 aliquem
1200 1835 1375 1872 occidere
1395 1835 1462 1885 qui
1481 1834 1561 1872 ani-

496 1903 602 1928 mam
630 1890 712 1927 eius
739 1889 844 1926 tollit.
873 1890 971 1926 ,Non
999 1897 1054 1925 est
1082 1900 1172 1936 ergo
1202 1888 1375 1925 Christus
1403 1888 1452 1925 ab
1480 1887 1561 1925 aliis

497 1943 658 1989 occisus,
687 1943 755 1979 sed
783 1955 806 1979 a
833 1941 971 1991 seipso.

552 2008 586 2033 2.
616 1997 849 2040 PRAETEREA‚
874 1994 925 2032 illi
944 1994 1010 2044 qui
1029 1994 1078 2031 ab
1097 1994 1178 2031 aliis
1206 1993 1446 2040 occiduntur,
1466 2006 1560 2044 pau-

496 2049 613 2096 latim,
634 2047 825 2086 debilitata
843 2055 990 2094 natura,
1011 2046 1205 2084 deficiunt.
1226 2047 1275 2084 Et
1298 2047 1466 2084 maxime
1485 2047 1562 2084 hoc

497 2109 654 2152 apparet
681 2101 720 2138 in
749 2099 957 2138 crucifixis:
987 2107 1030 2137 ut
1057 2099 1162 2137 enim
1190 2099 1279 2137 dicit
1311 2100 1560 2148 Augustinus,

495 2155 536 2192 in
563 2155 613 2192 IV
632 2155 677 2191 de
699 2156 735 2192 T
732 2167 802 2191 rzn
822 2153 842 2175 '¹‘
844 2154 992 2203 ,longa
1020 2159 1140 2190 morte
1166 2154 1431 2190 cruciabantur
1457 2153 1570 2203 ligno

495 2209 670 2258 suspensi.
699 2208 741 2244 In
768 2182 920 2244 Christo
946 2213 1076 2243 autem
1102 2218 1183 2243 non
1202 2206 1278 2243 hoc
1297 2205 1448 2245 accidit:
1469 2217 1562 2245 nam

496 2262 663 2299 clamans
689 2273 780 2298 voce
811 2271 954 2310 magna
989 2261 1105 2296 emisit
1135 2261 1324 2309 spiritum,
1351 2266 1394 2296 ut
1425 2258 1564 2296 dicitur

495 2315 630 2351 Matth.
659 2325 754 2351 xxvn
770 2313 800 2349 ³¹⁵.
831 2312 923 2350 Non
952 2324 1041 2361 ergo
1063 2311 1237 2350 Christus
1256 2319 1312 2349 est
1330 2312 1392 2350 ab
1397 2310 1480 2375 aliis
1495 2323 1582 2363 oen·⁴

496 2367 608 2414 cisus,
638 2367 706 2403 sed
735 2379 757 2403 a
785 2365 923 2415 seipso.

552 2421 585 2457 3.
615 2421 847 2465 PRAETEREA,
868 2419 919 2456 illi
947 2419 1014 2468 qui
1043 2419 1090 2455 ab
1119 2418 1200 2456 aliis
1229 2418 1470 2466 occiduntur,
1493 2420 1573 2478 per

496 2473 718 2511 violentiam
737 2472 976 2509 moriuntur:
999 2479 1035 2508 et
1053 2472 1104 2509 ita
1123 2484 1204 2509 non
1222 2471 1450 2518 voluntarie,
1471 2471 1571 2521 quia

496 2527 711 2564 violentum
739 2525 949 2575 opponitur
967 2525 1196 2562 voluntario.
1228 2525 1304 2562 Sed
1325 2524 1563 2573 Augustinus

497 2579 597 2625 dicit,
617 2579 656 2616 in
684 2579 735 2616 lV
763 2579 807 2615 de
841 2578 989 2625 Trin.*,
1013 2578 1120 2627 quod
1147 2580 1294 2628 spiritus
1325 2579 1461 2615 Christi
1487 2591 1561 2615 non

497 2634 653 2670 deseruit
689 2644 842 2669 carnem
875 2633 1023 2668 invitus:
1049 2630 1113 2668 sed
1140 2632 1225 2681 quia
1256 2631 1385 2677 voluit,
1415 2631 1562 2681 quando

497 2686 622 2731 voluzsst
642 2691 675 2722 et
702 2685 886 2734 quomodo
913 2685 1037 2722 voluit.
1071 2684 1164 2721 Non
1191 2695 1281 2733 ergo
1307 2683 1480 2722 Christus
1508 2691 1563 2746 est

498 2739 546 2776 ab
575 2737 655 2775 aliis
684 2737 844 2784 occisus,
865 2737 932 2774 sed
961 2749 982 2774 a
1010 2737 1148 2786 seipso.

553 2792 626 2829 SED
646 2803 790 2828 CONTRA
814 2798 869 2827 est
888 2790 995 2840 quod
1014 2790 1152 2827 dicitur
1174 2791 1269 2828 Luc.
1293 2802 1375 2828 xvm
1393 2789 1430 2826 *ε
1460 2791 1562 2827 Post-

499 2856 610 2894 quam
630 2844 911 2893 flagellaverint
930 2849 959 2890 α,
980 2844 1145 2881 occident
1172 2856 1268 2880 eum.

552 2898 776 2934 RusPONDEo
804 2908 986 2934 DICENDUM
1014 2896 1122 2945 quod
1150 2896 1294 2946 aliquid
1327 2903 1452 2946 potest
1480 2908 1562 2933 esse

499 2962 614 2987 causa
642 2949 802 2987 alicuius
821 2949 979 2986 effectus
1007 2948 1216 2999 dupliciter.
1245 2950 1334 2987 Uno
1353 2949 1486 2997 modo,
1507 2949 1562 2986 di-

500 3011 599 3039 recte
627 3003 675 3039 ad
703 3002 795 3040 illud
824 3002 972 3050 agendo
993 3000 1018 3038 β.
1058 3003 1106 3039 Et
1133 3003 1209 3039 hoc
1236 3003 1356 3040 modo
1385 3014 1562 3051 persecu—

499 3063 600 3092 tores
629 3054 767 3092 Christi
795 3067 887 3092 eum
915 3054 1156 3092 occiderunt:
1191 3055 1282 3104 quia
1309 3054 1563 3092 sufficientem

501 3120 656 3145 causam
684 3107 818 3145 mortis
846 3107 880 3144 ei
908 3107 1127 3153 intulerunt,
1147 3120 1239 3145 curn
1262 3107 1470 3145 intentione
1499 3119 1562 3145 oc-

501 3160 651 3197 cidendi
679 3160 807 3209 ipsum
835 3168 871 3197 et
899 3161 1036 3198 effectu
1065 3160 1345 3210 subsequente;
1375 3161 1465 3211 quia
1493 3161 1562 3198 sci-

502 3212 584 3250 licet
613 3225 658 3249 ex
686 3212 747 3250 illa
774 3225 889 3250 causa
917 3221 972 3250 est
1000 3225 1105 3250 mors
1133 3214 1347 3251 subsecuta.

554 3265 639 3302 Alio
667 3266 787 3303 modo
815 3264 952 3302 dicitur
979 3265 1114 3315 aliquis
1143 3278 1257 3304 causa
1279 3266 1438 3304 alicuius
1466 3265 1561 3304 indi-

502 3326 619 3363 recte,
649 3317 786 3355 scilicet
814 3317 904 3367 quia
932 3330 1011 3354 non
1049 3318 1227 3368 impedit,
1255 3332 1346 3356 cum
1374 3319 1561 3369 impedire

503 3369 636 3418 possit:
668 3370 762 3407 sicut
790 3369 820 3406 si
848 3369 995 3407 dicatur
1020 3370 1155 3420 aliquis
1186 3371 1302 3409 alium
1333 3372 1561 3422 perfundere

557 3500 584 3531 α)
597 3502 806 3536 flagellaverim.
823 3516 841 3520 —
853 3501 1062 3535 flagellaverunt
1081 3502 1220 3527 CDEFGa.
1232 3517 1251 3522 —
1265 3504 1386 3530 occident
1404 3505 1475 3534 PH13
1495 3505 1563 3530 occa·-

477 3524 481 3528 ”
504 3536 574 3560 derit
593 3537 615 3565 b,
635 3537 780 3561 occiderint
798 3543 820 3566 c,
840 3544 893 3562 om.
913 3537 943 3567 D,
962 3536 1116 3561 occiderunt
1135 3538 1221 3563 ceteri.

558 3571 583 3603 β)
602 3571 714 3604 agendo,
733 3585 752 3590 -
770 3571 868 3601 Tei-tim
887 3571 1029 3604 agendum.

557 3608 583 3639 γ)
602 3606 712 3631 claudit.
729 3621 747 3625 -
765 3607 859 3632 clausit
879 3607 916 3631 ΡΙ.

1186 287 1449 335 QUAESTIO
1479 286 1634 334 XLVII,
1662 285 1956 325 ARTICULUS
1983 287 1998 324 I

1607 2364 1785 2413 animam
1814 2363 2000 2414 posuisse,
2020 2367 2083 2402 vel
2105 2359 2352 2403 voluntarie⁸
2378 2362 2559 2405 'mortuus

1665 872 1819 910 Tertio.
1857 879 1991 910 utrum
2026 873 2141 911 Pater
2173 872 2369 954 tradiderit
2401 886 2495 913 eum
2529 875 2596 914 ad

1717 924 1906 962 tiendum.

1665 979 1832 1026 Quarto:
1860 985 1993 1017 utrum
2010 977 2122 1016 fuerit
2139 979 2376 1019 conveniens
2382 986 2438 1026 ,ut
2447 993 2524 1031 per
2534 981 2595 1021 m

1717 1029 1890 1079 gentium
1916 1039 2121 1081 pateretur,
2149 1033 2213 1070 vel
2239 1032 2367 1082 potius
2394 1046 2418 1072 a
2443 1024 2595 1073 Iudaeis

1665 1083 1833 1131 Quinto:
1854 1091 1987 1121 utrum
2005 1084 2195 1122 occisores
2213 1085 2295 1123 eius
2310 1098 2402 1124 eum
2416 1098 2591 1136 cognove

1665 1137 1801 1226 Seictlto:
1831 1136 1880 1174 de
1908 1145 2067 1187 peccato
2095 1149 2234 1176 eorum
2259 1138 2327 1188 qui
2353 1138 2551 1179 Christum
2584 1157 2595 1173 ι

1747 1197 1871 1226 erunt.

1615 1623 1707 1673 quia
1734 1635 1815 1661 non
1849 1623 1991 1661 claudit
2009 1629 2024 1652 Υ
2051 1624 2275 1672 fenestram,
2301 1636 2372 1674 per
2405 1634 2525 1675 quam
2579 1644 2600 1659 a»,

1614 1676 1836 1726 ingreditur.
1865 1677 1914 1714 Et
1932 1677 2008 1714 hoc
2034 1677 2156 1715 modo
2175 1677 2256 1727 ipse
2277 1677 2452 1716 Christus
2475 1677 2546 1716 fuit
2570 1695 2598 1710 υ.

1614 1729 1803 1779 passionis
1822 1737 1859 1766 et
1871 1729 2016 1767 mortis.
2033 1731 2185 1768 Poterat
2203 1729 2309 1768 enim
2328 1742 2441 1768 suam
2457 1730 2587 1782 passio

1615 1791 1652 1820 et
1670 1790 1837 1820 mortem
1861 1782 2060 1832 impedire.
2089 1782 2221 1821 Primo
2249 1783 2420 1833 quidem,
2440 1783 2591 1829 adv·

1615 1835 1881 1885 reprimendo:
1917 1843 1960 1872 ut
1987 1848 2080 1873 eum
2107 1843 2174 1874 aut
2207 1848 2289 1874 non
2316 1837 2477 1883 vellent,
2505 1838 2573 1877 uu't

1614 1896 1772 1938 possent
1798 1887 2022 1926 interficere.
2065 1889 2265 1934 Secundo,
2294 1889 2386 1939 quia
2417 1889 2573 1940 spirims

1587 1944 1590 1994 Ι
1614 1941 1780 1978 habebat
1806 1948 2034 1990 potestatem
2061 1941 2316 1980 conservandi
2343 1949 2523 2003 naturam
2563 1959 2602 1975 -·
2631 1958 2661 1977 η’
2746 1942 2750 1947 ’

1615 2006 1719 2041 suae,
1738 2001 1789 2031 ne
1817 2006 1840 2031 a
1867 2006 2119 2044 quocumque
2140 1994 2284 2032 laesivo
2312 1993 2457 2034 inflicto

1615 2055 1730 2084 retur.
1760 2047 1879 2094 Quod
1907 2046 2068 2097 quidem
2095 2047 2230 2085 habuit
2257 2047 2387 2086 anima
2421 2047 2585 2091 Chrffli
2594 2068 2604 2081 ι

1615 2108 1694 2138 erat
1721 2100 1851 2137 Verbo
1889 2099 1961 2137 Dei
1995 2099 2200 2138 coniuncta
2226 2100 2266 2138 in
2293 2100 2439 2139 unitate
2480 2120 2490 2134 ι
2531 2104 2538 2111 ⁴
2576 2141 2594 2150 *v

1615 2160 1658 2191 ut
1685 2153 1922 2201 Augustinus
1950 2151 2050 2200 dicit,
2070 2152 2110 2190 in
2137 2154 2186 2190 IV
2215 2153 2262 2191 de
2291 2155 2395 2192 Trin.
2409 2153 2430 2176 *
2467 2151 2566 2210 dui&

1615 2205 1747 2258 anima
1766 2205 1906 2243 Christi
1933 2217 2014 2243 non
2033 2205 2171 2256 repulit
2197 2218 2220 2244 a
2246 2206 2406 2257 proprio
2430 2209 2493 2245 co
2510 2228 2529 2244 ·.

1615 2266 1844 2298 cumentum
1871 2258 2029 2306 illatum,
2054 2259 2122 2296 sed
2150 2258 2272 2297 voluit
2298 2259 2408 2310 quod
2433 2254 2586 2301 Μ
2606 2282 2611 2289 ·
2647 2301 2659 2305 o
2676 2259 2691 2306 J

1615 2310 1758 2363 poralis
1774 2309 1828 2350 illi
1852 2316 2088 2371 nocumento
2107 2312 2388 2361 succumberet,
2406 2310 2589 2353 dicima-

1668 2419 1726 2455 An
1755 2430 1890 2456 patmum
1918 2429 2018 2455 ERGO
2045 2430 2228 2456 memnon
2255 2418 2374 2469 quod,
2403 2416 2515 2457 cum

1615 2472 1741 2509 Nemo
1768 2471 1859 2509 tollit
1886 2472 2054 2509 animam
2082 2483 2206 2509 meam
2233 2484 2258 2509 α
2283 2483 2356 2519 me,
2375 2470 2601 2522 ἰηῐεΠιέὶΙίΰ

1617 2526 1741 2562 invito.
1771 2524 1891 2572 Quod
1919 2523 2024 2562 enim
2052 2523 2189 2574 aliquis
2215 2524 2264 2562 ab
2299 2523 2419 2563 invito
2446 2524 2623 2574 aufert,
2598 2546 2625 2569 2
2621 2543 2639 2553 ν

1617 2577 1789 2615 resistere
1817 2589 1898 2615 non
1925 2584 2060 2627 potest.
2080 2576 2119 2621 id
2146 2577 2301 2628 proprie
2329 2576 2468 2616 dicitur
2490 2574 2650 2619 fellu*

1669 2632 1727 2667 Ar>
1755 2642 1944 2668 SECUNDUM
1963 2642 2144 2668 memnon
2163 2630 2282 2680 quod,
2302 2638 2345 2668 ut
2364 2629 2574 2675 Christum
2636 2672 2649 2680 „

1617 2684 1723 2721 deret
1750 2683 1858 2733 quod
1875 2682 2004 2733 passio
2031 2683 2132 2721 illata
2157 2695 2228 2733 per
2250 2682 2474 2722 violentiam
2498 2680 2637 2723 emi*
2645 2681 2649 2683 ’

1617 2749 1724 2774 mam
1752 2748 1833 2774 non
1860 2735 2053 2786 eripiebat,
2074 2743 2252 2774 naturam
2271 2737 2512 2796 corporalem
2537 2735 2613 2775 in-

1616 2789 1836 2827 fortitudine
1864 2788 2116 2836 conservavit,
2136 2797 2178 2827 ut
2206 2788 2320 2827 etiam
2339 2788 2379 2827 in
2405 2787 2598 2829 exuunt}

1617 2842 1710 2880 situs
1737 2855 1834 2880 voce
1862 2853 2002 2891 magna
2029 2842 2221 2880 clamaret.
2251 2842 2372 2890 Quod
2398 2841 2522 2880 inter

1617 2897 1746 2933 racula
1783 2894 1917 2933 mortis
1957 2894 2040 2932 eius
2082 2902 2340 2945 computatur.
2386 2894 2542 2935 Unde

1616 2948 1738 2986 Marci
1757 2961 1805 2986 xv
1823 2948 1860 2986 *ε
1898 2948 2031 2990 Videns
2049 2953 2172 2986 autem
2190 2949 2357 2986 centurio
2376 2949 2441 2999 qui
2455 2960 2539 2986 ex
2617 2991 2634 2997 Π

1616 3004 1744 3047 stabat,
1761 3003 1848 3051 quia
1865 3002 1918 3039 sic
1935 3001 2104 3039 clamans
2121 3003 2353 3051 exspirasset,
2368 3002 2438 3039 ait.-
2462 3001 2559 3039 Vm
2610 3005 2636 3049 .;”Ῑ,

1617 3055 1676 3092 hic
1703 3031 1819 3092 Filius
1846 3055 1920 3091 Dei
1945 3054 2683 3104 erat.

1670 3107 1758 3144 Fuit
1785 3107 1900 3144 etiam
1928 3114 1964 3144 et
1987 3106 2160 3144 mirabile
2189 3106 2229 3145 in
2257 3106 2397 3145 Christi
2419 3113 2544 3146 morte
2578 3111 2642 3153 -.-’,,

1616 3160 1788 3198 velocius
1806 3167 1984 3197 mortuus
2011 3159 2080 3197 fuit
2098 3159 2179 3198 aliis
2197 3158 2266 3210 qui
2293 3158 2405 3198 simili
2422 3166 2552 3210 poena·
2581 3162 2646 3221 ¹..Q

1617 3213 1826 3251 ciebantur.
1855 3212 1967 3251 Unde
1995 3212 2132 3250 dicitur
2153 3213 2256 3250 loan.
2277 3225 2336 3250 x1x
2353 3211 2563 3263 ·‚qu0d-

1617 3265 1685 3316 qui
1713 3278 1804 3303 cum
1833 3265 1984 3304 Christo
2003 3273 2110 3304 erant
2129 3263 2142 3291 ζ
2158 3266 2364 3317 fregerunt
2389 3277 2527 3316 crura,
2541 3272 2585 3303 ut
2641 3284 2695 3325 224

1617 3326 1876 3356 morerentur:
1906 3318 1957 3356 ad
1980 3320 2106 3356 Iesum
2133 3323 2257 3356 autem
2284 3330 2370 3356 cum
2404 3313 2623 3367 verissimis
2657 3363 2674 3372 1

1615 3377 1795 3410 venerunt
1823 3383 1906 3409 eum
1926 3377 2126 3418 mortuum,
2146 3371 2251 3410 unde
2280 3383 2355 3410 non
2373 3371 2581 3422 fregerunt
2621 3380 2638 3401 1

1707 3545 1843 3571 poenoe-
1857 3538 1984 3571 passione
2005 3538 2033 3564 Ρ.

1669 3573 1684 3603 ζ
1714 3577 1834 3599 eraun-
1845 3573 1972 3606 crucifixi
1989 3575 2068 3599 erant
2081 3573 2110 3599 Ρ.
2129 3573 2180 3599 Pro
2194 3573 2352 3599 invenerunt
2369 3579 2428 3598 eum
2448 3576 2582 3599 mortuum
2600 3568 2715 3602 Ικὲό,

1619 3611 1648 3633 ut
1666 3609 1791 3634 viderunt
1809 3615 1868 3634 eum
1889 3609 1941 3634 iam
1961 3611 2095 3634 mortuum
2116 3608 2144 3634 Ρ.

1670 3502 1696 3607 δέ
1715 3502 1911 3529 voluntarie-
1928 3502 1962 3535 Ρ;
1982 3503 2158 3530 voluntarius.
