2872 3970
383 263 432 311 98
1094 263 1358 310 QUAESTIO
1387 264 1455 312 VI,
1484 264 1777 304 ARTICULUS
1805 267 1851 304 111

381 341 578 379 Christum
606 341 786 378 virtutem
814 341 1044 380 iustificandi
1072 355 1118 379 ex
1137 342 1336 392 proposito
1363 354 1445 390 gra·
1494 344 1656 392 positum
1673 346 1822 394 gratiae
1838 346 1920 382 Dei.
1950 346 2072 393 Unde,
2093 345 2185 396 quia
2212 347 2288 384 hoc
2314 346 2557 396 propositum

379 394 452 431 tiae
481 394 572 431 Dei:
603 395 820 432 secundum
849 395 941 432 illud
968 397 1080 433 Rom.
1103 407 1137 432 1v
1154 395 1192 432 *ε
1222 397 1272 432 Ei
1288 396 1352 444 qui
1369 407 1444 432 non
1500 403 1555 431 est
1574 402 1785 444 aeternum,
1804 397 1899 435 nihil
1917 397 2095 447 prohibet
2117 410 2188 448 per
2205 398 2326 436 fidem
2344 400 2429 437 lesu
2449 398 2558 438 Chri-

378 456 565 497 operatur,
588 447 753 484 credenti
777 453 899 484 autem
929 450 965 484 in
988 459 1072 485 eum
1103 449 1167 496 qui
1183 449 1352 496 iustificat
1379 449 1444 484 im·
1500 447 1545 484 sti
1573 447 1722 498 aliquos
1750 449 1944 488 iustificari
1971 458 2180 500 antequam
2199 457 2216 480 ¹*
2244 450 2326 488 eius
2345 451 2474 490 anima
2500 464 2557 490 es·
2682 465 2701 493 μ

375 502 491 549 pium,
508 500 610 548 fides
637 505 828 550 reputatur
855 500 906 538 ad
931 502 1102 538 iustitiam
1130 500 1332 538 secundum
1354 512 1444 549 pro·
1499 507 1554 536 set
1581 501 1696 550 plena
1722 501 1839 550 gratia
1865 509 1904 540 et
1929 502 2095 541 veritate.
2335 527 2342 530 -

139 398 150 408 ⁸
165 396 232 417 Vers.
246 402 266 424 5.

430 641 459 677 μ)
477 645 630 675 antequam.
648 657 667 661 —
684 642 765 667 etiam
784 645 927 673 antequam
946 640 1029 666 tertia.

1052 719 1387 752 Commentaria
1409 718 1662 752 cardinalis
1684 720 1886 755 Caietam

379 813 426 875 IN
450 803 543 833 titulo
567 802 599 843 ly
617 802 713 842 prius
744 802 879 831 sumitur
908 800 1085 831 secundum
1108 806 1253 840 tempus:
1285 801 1327 830 ita
1352 798 1441 839 quod

1494 804 1573 835 rato,
1598 801 1801 832 constituitur
1822 802 1856 832 in
1880 802 2018 842 quadam
2041 804 2194 834 totalitate
2218 810 2249 835 et
2272 806 2499 846 completione,
2523 811 2559 837 ut

407 847 551 886 quaestio
576 852 622 876 est
645 845 684 876 de
704 846 866 885 prioritate
889 845 1052 885 temporis.
1077 845 1118 874 Et
1137 844 1264 874 occasio
1283 844 1379 874 huius
1395 849 1441 874 est

1495 843 1614 874 scilicet
1630 845 1669 874 sit
1685 845 1774 885 quod
1790 846 1929 877 subsistit
1953 847 2174 887 (inadaequate
2189 854 2296 879 tamen
2313 849 2352 879 ad
2368 859 2462 880 suum
2479 859 2557 886 esse,

138 1028 147 1038 ·
161 1025 197 1046 Cf.
213 1030 276 1045 num.
292 1030 313 1045 v.

134 2169 143 2177 ⁸
158 2167 205 2194 Qu.
221 2173 252 2193 w,
267 2170 310 2188 art.
328 2174 345 2193 i,

131 2193 159 2215 ad
174 2200 196 2222 3.

139 3047 148 3055 ⁸
164 3046 211 3072 Qu.
227 3052 256 3071 iv,
271 3049 312 3067 art.
329 3051 348 3069 2.

138 3073 270 3094 Commeat.
284 3079 348 3093 num.

138 3105 170 3120 Vi.

139 3265 149 3274 ⁸
164 3263 222 3284 lbid.

375 892 493 930 positio
519 890 674 929 Origenis.

431 935 466 965 ln
483 943 618 973 corpore
635 933 758 964 articuli
773 938 847 963 sunt
863 933 936 963 tria:
953 933 1070 972 primo,
1086 932 1218 972 ponitur
1233 932 1352 973 positio
1369 931 1441 962 Ori-

374 979 479 1018 genis3
502 977 654 1013 secundo,
671 977 858 1017 reprobatur
873 977 907 1006 in
922 986 997 1006 uno.
1006 985 1117 1012 sensu;
1134 977 1238 1012 tertio,
1254 975 1442 1016 reprobatur

374 1024 407 1052 in
431 1023 493 1052 alio
518 1031 612 1051 sensu
631 1022 657 1051 *ἢ
693 1021 863 1051 Distinctio
887 1021 1025 1060 partium
1049 1020 1132 1050 clara
1155 1025 1201 1050 est
1224 1021 1256 1050 in
1280 1020 1391 1050 littera.

429 1065 547 1103 Quoad
570 1066 728 1105 primum,
754 1065 872 1104 positio
898 1064 1045 1104 Origenis
1067 1063 1202 1095 refertur
1225 1063 1333 1104 quoad
1357 1063 1440 1094 duo:

374 1110 493 1140 scilicet
516 1115 547 1139 et
571 1109 678 1149 quoad
694 1109 815 1139 animas
831 1109 979 1139 omnium
995 1109 1176 1145 hominum,
1193 1114 1224 1138 et
1248 1107 1356 1149 quoad
1374 1108 1441 1138 ani-

373 1163 460 1184 mam
492 1153 629 1190 Christi;
661 1153 781 1183 scilicet
810 1152 900 1193 quod
931 1161 1044 1183 omnes
1075 1152 1205 1183 fuerunt
1235 1162 1253 1182 a
1282 1152 1441 1192 principio

374 1198 470 1228 simul
493 1202 625 1228 creatae.
655 1197 704 1227 De
729 1206 793 1237 qua
816 1197 963 1237 Origenis
986 1197 1148 1236 positione
1170 1195 1253 1232 vide,
1278 1197 1304 1227 si
1326 1196 1384 1232 vis,
1403 1196 1440 1226 in

374 1242 401 1272 11
419 1242 543 1272 Contra
569 1242 694 1276 Gentes,
720 1251 789 1281 cap.
806 1251 937 1271 Lxxxnx:
963 1241 1119 1281 quoniam
1141 1241 1193 1271 hic
1208 1250 1276 1271 non
1291 1245 1441 1270 tractatur

373 1287 434 1316 nisi
464 1285 572 1326 quoad
595 1286 735 1316 animam
759 1285 876 1316 Christi
906 1286 940 1315 in
968 1284 1080 1315 ordine
1111 1284 1151 1315 ad
1176 1284 1439 1324 assumptionem.

429 1329 547 1368 Quoad
570 1329 758 1365 secundum,
783 1329 859 1369 quia
882 1329 1050 1369 dupliciter
1072 1329 1151 1369 poni
1172 1334 1278 1368 potest
1301 1328 1440 1358 animam

374 1374 492 1404 Christi
516 1375 553 1404 ab
578 1373 669 1404 initio
685 1372 799 1403 mundi
816 1378 953 1403 creatam
969 1372 1083 1409 fuisse;
1106 1372 1157 1402 vel
1173 1377 1311 1402 creatam
1326 1377 1358 1402 et
1372 1381 1440 1402 non

374 1418 468 1448 simul
493 1422 687 1457 assumptam
711 1427 729 1447 a
752 1417 834 1447 Filio
859 1417 936 1453 Dei;
961 1417 1012 1447 vel
1035 1422 1112 1446 tunc
1136 1422 1274 1446 creatam
1294 1421 1325 1446 et
1345 1415 1440 1446 simul

373 1467 569 1501 assumptam
594 1471 611 1490 a
635 1461 716 1491 Filio
741 1461 812 1495 Dei,
835 1460 891 1491 sed
914 1466 1026 1500 postea
1042 1461 1075 1490 in
1091 1465 1184 1490 utero
1200 1460 1339 1499 Virginis
1355 1461 1440 1490 carni

373 1507 511 1536 unitam:
538 1505 610 1535 ideo
634 1505 667 1534 in
690 1505 791 1535 littera
815 1510 950 1544 uterque
974 1503 1091 1534 modus
1115 1503 1302 1534 excluditur.

427 1550 469 1580 Et
484 1555 595 1579 contra
610 1549 751 1589 primum
766 1549 899 1588 ponitur
914 1548 1080 1578 conclusio
1096 1548 1189 1578 haec:
1207 1547 1441 1578 Inconveniens

372 1598 419 1624 est
440 1593 582 1623 animam
610 1593 729 1623 Christi
752 1592 791 1622 ab
815 1592 907 1622 initio
932 1597 1073 1622 creatam
1098 1601 1178 1627 esse,
1203 1596 1234 1621 et
1256 1601 1320 1621 non
1345 1591 1446 1622 simul'

372 1642 577 1678 assumptam.
601 1637 756 1667 Probatur
780 1635 929 1666 ducendo
953 1635 992 1666 ad
1015 1635 1255 1666 inconveniens.
1288 1635 1373 1672 Quia
1396 1635 1441 1665 sic

372 1681 482 1712 fuisset
505 1680 677 1721 aliquando
701 1690 758 1721 per
781 1690 814 1710 se
838 1680 1028 1710 subsistens:
1053 1685 1085 1710 et
1100 1679 1149 1709 vel
1165 1684 1315 1719 corrupta
1331 1678 1441 1710 fuisset

371 1726 455 1756 illius
478 1725 679 1755 subsistentia
701 1725 735 1754 in
759 1725 988 1764 assumptione,
1013 1723 1103 1764 quod
1122 1729 1169 1754 est
1190 1723 1440 1760 inconveniens;

372 1770 422 1800 vel
438 1770 649 1804 remansisset,
667 1768 756 1808 quod
772 1773 819 1798 est
834 1768 1043 1807 impossibile,
1060 1767 1136 1807 quia
1150 1776 1218 1797 non
1234 1766 1345 1797 fuisset
1360 1767 1439 1798 unio

372 1812 551 1844 secundum
574 1813 819 1842 subsistentiam.

429 1857 465 1887 11.
490 1857 553 1887 Ubi
577 1861 654 1886 nota
676 1856 792 1896 primo,
817 1854 907 1895 quod
930 1855 1053 1886 Auctor
1076 1854 1219 1894 loquitur
1243 1855 1294 1884 hic
1310 1854 1350 1884 de
1366 1855 1440 1885 sub-

372 1901 513 1931 sistentia
528 1906 681 1940 tanquam
697 1901 722 1930 si
737 1899 923 1940 loqueretur
939 1899 977 1929 de
990 1899 1227 1939 personalitate:
1246 1899 1321 1938 quia
1335 1899 1440 1928 anima

373 1950 515 1984 separata
538 1943 641 1974 differt
664 1954 681 1974 a
701 1953 838 1983 persona
861 1943 967 1973 solum
990 1952 1047 1983 per
1062 1943 1125 1973 hoc
1145 1942 1234 1982 quod
1251 1947 1297 1972 est
1315 1943 1439 1972 incom-

372 1990 476 2029 pletae
499 1989 631 2028 speciei;
656 1988 732 2028 quia
746 1997 814 2018 non
831 1992 878 2017 est
892 1987 1024 2027 specieS,
1045 1986 1100 2017 sed
1114 1995 1186 2026 pars
1202 1987 1329 2026 speciei.
1355 1986 1440 2024 Quia

373 2033 460 2063 enim
483 2032 596 2063 eadem
615 2037 661 2063 est
676 2032 755 2062 ratio
773 2031 812 2061 de
827 2031 1052 2071 personalitate
1068 2036 1099 2061 et
1114 2030 1315 2061 subsistentia
1331 2029 1440 2070 quoad

373 2077 490 2107 assumi
515 2083 546 2106 et
568 2086 635 2107 non
659 2076 786 2111 assumi,
811 2076 887 2115 quia
909 2075 1028 2105 scilicet
1044 2075 1172 2114 utrique
1188 2074 1301 2104 eadem
1316 2075 1439 2104 ratione

372 2126 544 2160 repugnat:
569 2120 643 2150 ideo
667 2119 778 2150 eadem
802 2119 900 2149 utitur
922 2119 1044 2149 ratione
1067 2119 1191 2148 Auctor
1213 2123 1323 2148 contra
1338 2118 1439 2148 subsi-

372 2165 519 2195 stentiam
543 2165 666 2194 animae
691 2169 850 2203 separatae
875 2172 939 2203 qua
961 2172 1038 2193 usus
1058 2167 1104 2192 est
1127 2162 1273 2202 superius
1289 2163 1305 2178 θ’
1329 2167 1440 2192 contra

372 2209 630 2249 personalitatem
647 2208 838 2238 substantiae
855 2212 1016 2247 separatae
1032 2215 1114 2246 quae
1132 2212 1178 2236 est
1194 2206 1334 2246 angelus
1355 2206 1439 2236 Nam

372 2254 454 2283 sicut
482 2253 625 2292 implicat
654 2261 825 2292 personam
856 2251 973 2281 assumi
1003 2251 1035 2280 in
1059 2251 1215 2280 unitatem
1237 2250 1439 2290 personalem

372 2297 499 2327 alterius
521 2306 693 2336 personae,
718 2296 793 2335 quia
815 2296 987 2335 pertineret
1010 2294 1049 2325 ad
1072 2303 1140 2324 esse
1162 2294 1329 2334 personale
1353 2303 1439 2324 assu-

371 2342 487 2371 mentis
517 2350 673 2380 personae
704 2340 779 2379 quia
807 2345 969 2379 assumpta
998 2343 1096 2374 esset,
1122 2343 1153 2368 et
1178 2347 1247 2368 non
1268 2338 1440 2378 pertineret

372 2385 411 2415 ad
435 2394 502 2415 esse
526 2384 693 2424 personale
724 2383 912 2414 assumentis
934 2392 1091 2423 personae
1119 2382 1194 2422 quia
1222 2387 1304 2412 esset
1326 2391 1439 2412 secun—

372 2428 450 2459 dum
473 2438 506 2459 se
530 2429 563 2458 in
586 2437 723 2468 persona
741 2428 817 2458 alia:
842 2428 885 2457 ita
901 2427 1044 2467 implicat
1059 2426 1283 2456 subsistentem
1299 2426 1439 2456 animam

372 2473 489 2503 assumi
513 2471 552 2502 ad
576 2472 661 2502 aliud
684 2472 874 2508 subsistens,
908 2471 984 2511 quia
1007 2470 1102 2500 simul
1130 2479 1188 2509 per
1211 2479 1244 2500 se
1271 2470 1439 2510 separatim

372 2518 527 2552 existeret,
553 2522 583 2546 et
606 2526 674 2547 non
697 2525 754 2556 per
776 2525 810 2546 se
833 2516 1003 2555 separatim
1026 2515 1182 2544 existeret.
1214 2514 1262 2544 Ex
1286 2523 1325 2544 eo
1349 2523 1439 2544 nam-

373 2571 435 2601 que
468 2560 557 2600 quod
584 2561 716 2600 ponitur
746 2560 919 2590 subsistens
942 2558 1122 2589 secundum
1152 2567 1202 2593 se,
1230 2558 1362 2598 ponitur
1383 2567 1440 2598 per

372 2615 404 2635 se
428 2605 596 2645 separatim
620 2605 768 2635 existere:
793 2613 868 2633 nam
890 2604 954 2633 hoc
976 2603 1084 2642 ipsum
1099 2600 1255 2641 significat
1271 2602 1439 2632 subsistere

373 2648 551 2679 secundum
575 2658 618 2678 se.
652 2648 693 2678 Et
716 2658 754 2678 ex
778 2657 817 2678 eo
842 2646 931 2687 quod
954 2647 1086 2687 ponitur
1109 2646 1226 2676 assumi
1250 2645 1289 2676 ad
1312 2646 1439 2676 alterius

373 2693 617 2728 subsistentiam,
642 2693 773 2732 ponitur
789 2691 879 2731 quod
893 2700 961 2721 non
977 2699 1034 2730 per
1049 2699 1093 2726 se,
1117 2689 1172 2719 sed
1187 2699 1244 2730 per
1259 2689 1338 2720 illud
1354 2689 1439 2721 aliud

374 2738 535 2767 subsistat:
554 2736 708 2776 alioquin,
726 2735 765 2766 ad
781 2736 865 2766 illius
881 2735 1008 2765 alterius
1025 2734 1259 2764 subsistentiam
1275 2743 1343 2764 non
1359 2739 1440 2765 esset

373 2786 480 2811 tracta.

430 2825 480 2854 111.
504 2825 589 2854 Nota
613 2823 766 2859 secundo,
792 2823 881 2863 quod
900 2823 1136 2854 subsistentiam
1152 2823 1275 2852 animae
1298 2822 1440 2862 praeexi-

375 2874 509 2898 stentem
526 2869 698 2908 corrumpi,
723 2873 830 2908 potest
845 2868 978 2907 intelligi
994 2866 1171 2907 dupliciter.
1195 2866 1314 2902 Primo,
1331 2866 1440 2906 quoad

375 2918 482 2942 actum
505 2912 711 2942 subsistendi:
737 2913 793 2952 qui
816 2911 895 2942 nihil
919 2911 1004 2942 aliud
1021 2917 1067 2941 est
1090 2920 1187 2951 quam
1211 2915 1300 2940 actus
1315 2909 1440 2940 essendi

375 2957 474 2996 ipsius
498 2957 621 2986 animae
644 2961 680 2986 ut
703 2961 749 2986 est
771 2956 871 2996 ipsius
894 2955 1003 2991 solius,
1028 2956 1091 2986 hoc
1108 2961 1163 2991 est,
1187 2960 1223 2984 ut
1244 2960 1290 2984 est
1314 2955 1381 2984 eius
1404 2954 1440 2984 ut

375 3000 462 3040 quod
484 3005 539 3031 est.
567 3001 608 3030 Et
631 3001 693 3030 hoc
721 2999 821 3030 modo
846 2999 993 3030 videntur
1016 2999 1213 3034 Thomistae,
1237 2999 1323 3029 iuxta
1346 3007 1440 3038 supe-

376 3045 439 3074 rius
455 3046 471 3061 '⁹
494 3045 622 3075 recitata
645 3044 685 3074 de
708 3044 942 3084 personalitate,
966 3044 1141 3084 intelligere
1165 3043 1252 3073 hunc
1275 3042 1395 3073 locum.

430 3088 504 3118 Alio
528 3088 638 3124 modo,
662 3098 730 3118 non
757 3088 862 3118 solum
887 3087 995 3127 quoad
1022 3093 1129 3118 actum
1155 3086 1358 3123 subsistendi,
1386 3086 1441 3117 sed

377 3132 484 3171 quoad
499 3131 532 3162 id
549 3131 638 3171 quod
653 3132 817 3162 subiicitur
837 3133 921 3161 actui
937 3131 1143 3162 subsistendi:
1168 3132 1211 3162 ita
1226 3136 1271 3167 ut,
1289 3136 1440 3171 corrupto

377 3177 520 3206 subiecto
545 3181 648 3211 actus,
681 3185 718 3205 ex
741 3176 952 3214 consequenti
980 3182 1131 3215 sequatur
1154 3175 1318 3215 corruptio
1342 3180 1439 3205 actus.

378 3219 417 3249 Et
441 3220 503 3249 hoc
526 3218 626 3249 modo
650 3218 874 3258 intelligendus
896 3218 1020 3249 videtur
1036 3220 1086 3250 hic
1103 3225 1216 3255 textus,
1234 3218 1442 3249 conformiter

378 3263 416 3293 ad
445 3262 727 3303 praedeterminata
757 3261 795 3292 de
826 3262 1048 3301 personalitate
1068 3264 1093 3293 ’ἢ
1130 3263 1372 3303 lmaginandum
1396 3269 1442 3293 est

379 3308 464 3337 enim
489 3306 577 3346 quod
601 3306 706 3336 anima
721 3311 863 3346 separata
879 3311 925 3335 est
941 3307 1181 3345 semi-persona,
1206 3313 1237 3338 et
1252 3317 1319 3337 non
1335 3307 1441 3338 solum

379 3352 593 3381 semi-natura.
618 3350 701 3380 Nam
722 3350 810 3380 unita
829 3350 915 3379 carni
932 3354 978 3379 est
993 3350 1208 3387 semi-natura,
1226 3360 1300 3381 curn
1316 3351 1355 3381 sit
1370 3360 1441 3391 pars

380 3395 550 3424 essentialis
573 3395 732 3424 humanae
754 3398 902 3423 naturae:
926 3392 981 3422 sed
997 3402 1063 3422 non
1079 3394 1218 3424 subsistit
1233 3404 1290 3434 per
1306 3395 1440 3435 seipsam

380 3443 415 3467 ut
439 3438 536 3477 quod,
562 3437 615 3468 sed
639 3447 696 3477 per
718 3437 925 3478 hypostasim,
949 3437 1000 3466 cui
1018 3442 1053 3466 ut
1069 3438 1183 3473 anima,
1207 3443 1243 3468 ut
1266 3439 1345 3468 ratio
1367 3440 1440 3469 sub-

381 3481 507 3511 sistendi
532 3492 569 3511 ex
592 3482 723 3521 proprio
747 3490 872 3521 genere,
895 3479 1013 3510 scilicet
1029 3480 1226 3510 immateriali
1242 3481 1361 3518 ordine,
1386 3482 1441 3513 de-

381 3524 440 3555 fert
463 3531 568 3555 actum
593 3524 716 3556 essendi
740 3530 771 3555 et
794 3523 992 3555 subsistendi.
1029 3523 1091 3554 Sed
1115 3525 1219 3554 statim
1242 3530 1277 3555 ut
1301 3531 1441 3564 separata

382 3574 427 3599 est
451 3579 468 3598 a
492 3578 636 3609 corpore,
661 3579 698 3599 ex
722 3569 784 3599 hoc
807 3569 877 3609 ipso
903 3578 969 3608 quo
994 3567 1196 3598 constituitur
1220 3568 1252 3598 in
1268 3578 1335 3599 esse
1351 3578 1441 3609 sepa-

1494 888 1527 917 in
1551 897 1617 927 quo
1642 893 1753 919 natum
1769 895 1816 920 est
1835 890 1930 920 etiam
1946 900 2072 931 corpus,
2090 897 2121 921 et
2139 897 2226 922 totus
2241 892 2341 923 homo
2357 894 2557 933 subsistere):

1494 931 1558 962 iam
1574 933 1591 948 ⁴*
1614 932 1700 963 enim
1724 932 1845 964 dictum
1869 939 1915 964 est
1939 934 2028 974 quod
2050 936 2206 975 separatio
2229 935 2283 966 dat
2301 936 2462 976 quandam
2477 943 2559 968 tota-

1494 975 1614 1006 litatem
1639 981 1670 1006 et
1693 977 1955 1017 completionem.
1989 977 2032 1008 Et
2054 978 2128 1009 ideo
2158 979 2262 1009 statim
2290 986 2431 1021 separata
2453 982 2559 1012 anima

1495 1025 1541 1049 est
1564 1021 1806 1060 semi-persona,
1830 1031 1866 1052 ac
1889 1031 1947 1061 per
1961 1021 2024 1052 hoc
2047 1023 2178 1062 proprio
2195 1023 2332 1054 termino
2355 1025 2557 1056 terminatur:

1495 1073 1588 1103 quae,
1604 1064 1637 1094 in
1656 1074 1792 1104 corpore
1815 1065 1961 1101 existens,
1985 1067 2213 1097 terminabatur
2232 1067 2370 1098 termino
2386 1069 2484 1099 totius
2499 1069 2558 1100 ho-

1475 1108 1599 1144 ⁴minis.
1624 1108 1664 1138 Et
1686 1108 1761 1139 ideo
1785 1109 1877 1145 sicut,
1901 1110 1927 1140 si
1950 1115 2162 1140 assumeretur
2184 1111 2398 1150 praeexistens
2417 1112 2557 1153 angelus,

1494 1158 1752 1192 corrumperetur
1773 1153 1879 1193 primo
1909 1154 2091 1184 terminatio
2114 1159 2245 1185 naturae
2267 1155 2445 1195 angelicae,
2475 1165 2559 1196 quae

1494 1201 1541 1225 est
1563 1196 1647 1226 illius
1670 1197 1894 1237 personalitas;
1919 1197 1971 1233 ita,
1995 1197 2021 1228 si
2044 1203 2257 1229 assumeretur
2279 1199 2386 1230 anima
2407 1200 2496 1240 prius
2511 1209 2559 1232 se-

1493 1241 1627 1279 paratim
1643 1241 1789 1277 existens,
1806 1247 2064 1281 corrumperetur
2078 1242 2178 1282 ipsius
2192 1243 2385 1280 terminatio,
2401 1252 2467 1284 qua
2479 1252 2560 1276 con-

1493 1284 1632 1314 stituitur
1654 1285 1688 1315 in
1711 1294 1780 1315 esse
1802 1285 1892 1325 quod
1915 1291 1972 1316 est.
1985 1291 2016 1316 et
2038 1286 2289 1326 serni-personae
2305 1292 2336 1317 et
2351 1286 2558 1321 subsistentis.

1494 1327 1556 1358 Sed
1579 1328 1605 1359 si
1628 1329 1734 1359 anima
1757 1330 1927 1360 assumitur
1955 1339 2024 1360 non
2050 1331 2265 1370 praeexistens
2292 1337 2434 1371 separata
2463 1331 2560 1372 (sicut

1493 1372 1588 1402 etiam
1612 1371 1720 1403 unitur
1744 1371 1784 1403 de
1807 1372 1892 1403 facto
1916 1374 2044 1414 corpori
2066 1383 2133 1404 non
2156 1374 2369 1415 praeexistens
2392 1375 2558 1416 separata),

1493 1421 1570 1446 tunc
1593 1416 1700 1447 solum
1723 1422 1760 1446 ut
1782 1417 1989 1448 semi-natura
2011 1418 2181 1448 assumitur
2205 1423 2236 1448 et
2251 1418 2376 1449 unitur:
2401 1419 2477 1459 quia
2490 1428 2559 1451 non

1494 1459 1597 1490 adhuc
1621 1461 1788 1491 terminata
1810 1461 1996 1501 intelligitur
2018 1461 2150 1502 proprio
2173 1462 2322 1499 termino,
2347 1471 2446 1502 quem
2460 1463 2494 1494 in
2510 1464 2560 1495 sui

1494 1513 1512 1534 a
1535 1513 1671 1544 corpore
1695 1510 1726 1534 et
1742 1505 1782 1534 ab
1796 1505 1960 1545 hypostasi
1975 1506 2175 1545 separatione
2190 1511 2264 1536 nata
2279 1512 2327 1536 est
2341 1507 2467 1537 habere.
2491 1507 2560 1538 No-

1493 1553 1596 1578 tanter
1618 1553 1726 1578 autem
1747 1548 1820 1578 dico
1835 1558 1903 1579 non
1919 1549 2026 1579 solum
2046 1558 2067 1580 a
2083 1558 2229 1589 corpore,
2246 1549 2302 1580 sed
2317 1550 2357 1580 ab
2372 1550 2540 1591 lyrpostasi
2549 1557 2560 1582 a·

1494 1591 1579 1630 quia.
1597 1591 1622 1622 si
1641 1592 1747 1622 anima
1770 1598 1966 1631 separaretur
1989 1602 2007 1623 a
2030 1602 2166 1633 corpore
2190 1598 2221 1623 et
2243 1602 2311 1623 non
2334 1594 2373 1624 ab
2396 1594 2561 1635 hypostasi

1494 1634 1598 1675 (quod
1620 1635 1653 1665 in
1676 1635 1748 1666 solo
1772 1634 1900 1666 Christo
1925 1635 2038 1666 accidit
2060 1637 2094 1666 in
2116 1635 2248 1676 triduo),
2272 1642 2351 1668 tunc
2365 1647 2434 1668 non
2447 1638 2509 1669 nisi
2524 1642 2561 1671 ut

1493 1679 1701 1710 semi-natura
1723 1685 1865 1719 separata
1888 1689 1906 1710 a
1928 1685 1996 1710 tota
2018 1685 2140 1716 natura,
2165 1689 2248 1720 quae
2268 1680 2435 1718 desineret,
2458 1691 2560 1714 rema-

1493 1728 1592 1759 neret,
1616 1723 1789 1754 subsistens
1811 1733 1879 1754 non
1902 1733 1959 1764 per
1981 1733 2025 1760 se,
2049 1723 2105 1754 sed
2127 1733 2185 1764 per
2199 1725 2397 1766 hypostasim
2412 1725 2559 1764 alienam,

1493 1773 1571 1807 puta
1594 1767 1666 1797 Filii
1689 1767 1760 1804 Dei,
1785 1768 1838 1798 cui
1861 1777 1987 1808 semper
2010 1773 2058 1798 est
2079 1769 2178 1799 unita.
2557 1788 2559 1792 ι

1548 1811 1601 1841 IV.
1626 1810 1689 1841 Sed
1711 1811 1846 1852 insurgit
1868 1816 1946 1842 tunc
1969 1812 2125 1851 quaestio,
2149 1822 2190 1842 an
2213 1812 2247 1843 in
2270 1814 2438 1844 communi
2455 1823 2559 1850 resur-¹

1493 1855 1635 1884 rectione
1657 1855 1763 1885 anima
1781 1861 1923 1895 separata
1938 1855 2034 1886 huius
2049 1855 2100 1886 vel
2115 1855 2210 1892 illius,
2231 1866 2355 1887 reversa
2375 1857 2416 1887 ad
2430 1865 2558 1898 corpus,

1493 1899 1626 1928 retineat
1649 1907 1739 1928 suam
1762 1898 1926 1938 propriam
1949 1899 2224 1930 terminationem:
2257 1909 2297 1930 an
2319 1900 2431 1941 perdat
2453 1900 2558 1938 illam,

1494 1948 1525 1972 et
1547 1942 1735 1972 terminetur
1757 1942 1982 1982 personalitate
2004 1943 2112 1974 totius.

1548 1986 1599 2016 Ad
1622 1986 1685 2016 hoc
1709 1985 1823 2016 dicitur
1847 1986 1946 2026 quod,
1971 1987 2047 2027 quia
2069 1987 2159 2017 aliter
2181 1997 2214 2017 se
2233 1988 2328 2018 habet
2344 1989 2449 2019 anima
2463 1989 2559 2020 ratio-

1493 2030 1572 2060 nalis
1595 2031 1628 2060 in
1652 2030 1701 2060 sui
1723 2030 1900 2070 principio,
1924 2039 1999 2061 cum
2022 2031 2054 2060 in
2079 2040 2215 2071 corpore
2237 2030 2289 2068 fit;
2318 2037 2350 2063 et
2372 2033 2461 2063 aliter
2483 2042 2559 2064 cum

1494 2073 1534 2104 ad
1557 2083 1674 2114 corpus
1697 2083 1754 2113 per
1776 2075 2042 2104 resurrectionem
2064 2075 2161 2111 redit,
2184 2093 2208 2097 —-
2230 2075 2320 2115 quod
2350 2085 2388 2106 ex
2411 2077 2475 2107 hoc
2504 2077 2559 2108 ha-

1493 2118 1595 2153 betur,
1620 2117 1709 2158 quod
1730 2118 1836 2148 anima
1850 2119 1884 2148 in
1900 2119 1949 2148 sui
1963 2119 2122 2159 principio
2138 2118 2353 2150 individuatur
2369 2130 2407 2150 ex
2423 2129 2559 2161 corpore

1494 2161 1654 2201 (quamvis
1677 2161 1941 2202 occasionaliter),
1965 2162 1998 2192 in
2021 2163 2252 2193 resurrectione
2268 2169 2375 2194 autem
2391 2165 2559 2196 animuin-

1494 2205 1635 2236 dividuat
1653 2206 1762 2246 potius
1778 2214 1895 2246 corpus
1911 2215 2009 2246 quam
2024 2205 2240 2237 individuetur
2255 2216 2292 2237 ex
2308 2208 2397 2248 ipso;
2421 2213 2458 2238 ut
2472 2213 2561 2250 patet

1493 2250 1526 2279 in
1549 2250 1598 2280 his
1627 2250 1661 2280 in
1685 2250 1801 2290 quibus
1824 2249 1930 2280 divina
1960 2251 2076 2280 virtute
2105 2251 2236 2280 materia
2262 2252 2407 2292 corporis
2429 2250 2560 2293 supple-

1494 2294 1587 2329 bitur,
1611 2299 1690 2333 puta
1713 2294 1770 2333 qui
1791 2293 1930 2324 totaliter
1952 2303 2010 2334 per
2027 2295 2144 2325 multas
2166 2295 2388 2335 generationes
2410 2301 2442 2326 et
2462 2305 2559 2336 gene-

1493 2338 1631 2368 rationes
1663 2347 1700 2368 ex
1727 2338 1803 2368 solis
1833 2339 1981 2368 carnibus
2007 2339 2156 2369 humanis
2185 2339 2295 2369 nutriti
2317 2345 2408 2370 sunt:
2430 2357 2455 2362 —-
2477 2340 2560 2372 sicut

1495 2391 1570 2422 ergo
1594 2381 1881 2412 individuationem
1904 2382 2003 2413 semel
2020 2382 2054 2413 in
2070 2391 2206 2422 corpore
2222 2382 2369 2424 adeptam
2390 2393 2559 2424 nunquam

1494 2426 1609 2456 deserit
1632 2426 1738 2456 anima
1760 2426 1932 2462 rationalis,
1956 2426 2012 2457 sed
2036 2436 2073 2456 ex
2088 2426 2141 2456 illa
2156 2425 2342 2463 individuat,
2359 2427 2385 2457 si
2401 2436 2484 2467 opus
2501 2431 2557 2467 est,

1494 2479 1622 2510 corpuS,
1646 2470 1688 2500 ita
1710 2475 1747 2500 ut
1769 2469 1855 2500 idem
1877 2479 2014 2500 numero
2031 2470 2071 2500 sit
2084 2479 2251 2510 resurgens
2266 2470 2367 2501 horno
2391 2471 2448 2511 qui
2469 2471 2560 2512 prius

1493 2513 1570 2544 fuit:
1591 2514 1634 2543 ita
1648 2514 1835 2544 rationabile
1851 2519 1897 2544 est
1913 2519 1949 2544 ut
1963 2513 2003 2544 ad
2018 2514 2181 2554 propriam
2196 2515 2455 2545 terminationem
2471 2515 2560 2546 aliter

1494 2567 1527 2588 se
1550 2558 1663 2588 habeat
1686 2558 1719 2588 in
1743 2567 1889 2597 corpore,
1914 2563 1945 2588 et
1967 2563 2063 2593 extra,
2087 2567 2124 2588 ac
2139 2558 2172 2588 in
2188 2557 2301 2588 reditu.
2325 2558 2408 2589 Nam
2423 2568 2493 2590 non
2507 2555 2560 2591 ac-

1494 2602 1591 2641 quirit
1611 2602 1698 2631 illam
1713 2602 1747 2632 in
1763 2611 1899 2641 corpore
1915 2601 2312 2639 constituendo'naturam,
2328 2603 2411 2633 sicut
2425 2604 2560 2644 acquirit

1493 2645 1795 2676 individuationem:
1813 2644 1869 2676 sed
1884 2646 2020 2685 acquirit
2034 2645 2120 2676 illam
2136 2646 2169 2676 in
2181 2655 2317 2686 corpore
2333 2647 2558 2679 constituendo

1493 2699 1681 2729 personam;
1710 2690 1773 2719 hoc
1798 2694 1860 2725 est,
1885 2690 1910 2719 si
1934 2689 1973 2719 ad
1995 2690 2058 2719 hoc
2082 2690 2245 2730 perveniat
2269 2689 2359 2730 quod
2381 2691 2421 2721 sit
2442 2692 2560 2732 princi-

1493 2734 1583 2773 pium
1608 2733 1849 2763 constitutivum
1872 2733 2020 2773 propriae
2043 2743 2209 2773 personae,
2234 2740 2264 2764 et
2279 2743 2347 2765 non
2362 2735 2469 2766 solum
2482 2743 2559 2776 pro-

1493 2778 1579 2818 priae
1601 2783 1742 2807 naturae.
1767 2777 1807 2807 Et
1830 2776 1903 2807 ideo
1927 2778 1960 2807 in
1977 2777 2105 2807 Christo
2121 2787 2188 2808 non
2205 2779 2371 2818 acquisivit
2391 2779 2559 2820 proprium

1493 2822 1683 2857 terminum,
1714 2821 1789 2861 quia
1811 2831 1879 2851 non
1902 2822 2067 2852 constituit
2094 2822 2257 2862 propriam
2280 2831 2460 2862 personam.
2495 2821 2559 2855 Sed

1493 2875 1553 2896 nec
1584 2865 1809 2896 constituendo
1841 2866 2004 2905 propriam
2034 2875 2204 2906 personam
2240 2866 2365 2897 videtur
2396 2867 2559 2907 acquirere

1492 2909 1584 2940 illum
1608 2915 1846 2946 consummate,
1879 2909 1934 2940 sed
1957 2909 2064 2940 medio
2088 2909 2188 2940 modo
2211 2911 2293 2941 inter
2315 2916 2422 2942 actum
2444 2916 2476 2943 et
2497 2920 2559 2952 po-

1494 2954 1642 2985 tentiam:
1668 2953 1822 2993 quoniam
1846 2953 1955 2994 aliquo
1972 2953 2072 2984 modo
2097 2959 2144 2984 est
2167 2953 2257 2994 quod
2279 2954 2418 2986 subsistit
2432 2959 2464 2985 et
2479 2963 2558 2995 ope-

1494 3004 1588 3033 ratur,
1613 3003 1644 3028 et
1667 2997 1776 3037 aliquo
1800 2996 1900 3027 modo
1923 3007 2001 3029 non.
2026 2997 2088 3037 Sed
2111 2998 2145 3028 in
2168 2999 2366 3038 separatione
2389 3007 2557 3038 acorpore

1495 3047 1526 3072 et
1549 3042 1756 3081 corruptione
1780 3042 1958 3082 hypostasis
1990 3042 2087 3082 (quae
2117 3042 2212 3072 simul
2234 3042 2268 3072 in
2290 3042 2358 3072 aliis
2386 3050 2406 3072 a
2429 3041 2556 3073 Christo

1494 3086 1679 3116 hominihus
1703 3086 1801 3125 sunt),
1826 3086 1931 3116 anima
1953 3087 2121 3126 proprium
2141 3086 2313 3121 terminum
2336 3091 2557 3117 consummate

1495 3130 1637 3170 acquirit.
1674 3129 1781 3167 Quem
1804 3130 1903 3160 semel
1926 3130 2078 3170 adeptum
2108 3130 2255 3160 retinebit
2279 3129 2374 3160 etiam
2396 3129 2431 3160 in
2454 3129 2557 3161 reditu

1495 3174 1534 3205 ad
1558 3183 1692 3214 corpus;
1718 3179 1749 3204 et
1771 3174 1804 3204 in
1821 3179 1903 3204 statu
1925 3173 2107 3214 perfectiori
2129 3181 2312 3214 possessura
2326 3172 2419 3204 illum
2432 3174 2558 3206 reunita

1495 3219 1623 3258 corpori
1647 3227 1745 3258 quarn
1768 3218 1793 3248 si
1817 3223 1958 3258 separata
1982 3223 2072 3254 esset,
2097 3227 2136 3248 eo
2160 3215 2248 3257 quod
2270 3221 2348 3247 tunc
2372 3217 2430 3248 erit
2452 3218 2485 3248 in
2501 3227 2556 3248 na-

1494 3262 1686 3294 turalissimo
1709 3271 1769 3292 suo
1794 3271 1871 3292 esse.
1907 3262 1951 3292 Ut
1978 3263 2022 3292 sic
2053 3261 2226 3292 differentia
2256 3260 2364 3300 quoad
2393 3262 2556 3302 propriam

1494 3307 1751 3337 terminationem
1775 3307 1857 3336 inter
1879 3306 2018 3336 animam
2041 3306 2074 3336 in
2096 3305 2147 3336 sui
2163 3303 2333 3344 principio,
2358 3310 2389 3335 et
2404 3305 2437 3335 in
2452 3315 2555 3336 resur-

1494 3351 1646 3386 rectione,
1663 3351 1702 3381 sit
1726 3349 1815 3391 quod
1830 3351 1863 3381 in
1879 3350 1928 3380 sui
1951 3349 2108 3390 principio
2124 3347 2262 3389 deforis
2285 3348 2372 3379 venit
2385 3349 2403 3366 θ
2418 3354 2454 3379 ut
2476 3358 2554 3389 qun,

1495 3396 1590 3426 etiam
1615 3395 1722 3435 quoad
1745 3394 2012 3435 personalitatem,
2035 3398 2068 3423 et
2083 3391 2158 3422 ideo
2178 3390 2324 3431 impediri
2344 3393 2500 3433 contingit
2518 3393 2554 3423 il-

1495 3439 1558 3469 lam
1582 3444 1613 3469 et
1636 3449 1654 3469 a
1676 3439 1804 3479 propria
1828 3443 1859 3468 et
1881 3437 1978 3468 totius
2001 3435 2238 3477 personalitate,
2261 3441 2298 3466 ut
2319 3441 2407 3476 patet
2429 3436 2461 3467 in
2485 3446 2554 3478 my-

1495 3483 1590 3513 sterio
1614 3482 1856 3523 assumptionis:
1880 3482 1914 3512 in
1929 3488 2071 3522 regressu
2094 3484 2202 3510 autem
2224 3479 2312 3511 venit
2334 3485 2369 3511 ut
2392 3480 2481 3520 quod
2497 3487 2554 3518 est,

1496 3525 1569 3556 licet
1592 3526 1770 3565 partialiter.
1805 3526 1847 3557 Et
1868 3524 1959 3561 ideo,
1983 3523 2064 3555 sicut
2085 3521 2261 3554 individuat
2283 3529 2315 3554 et
2337 3525 2556 3556 communicat

1482 3578 1589 3599 suum
1613 3578 1680 3600 esse
1703 3569 1837 3606 homini,
1861 3574 1893 3599 et
1914 3566 2070 3609 glorificat
2092 3566 2182 3597 illum
2205 3566 2238 3597 in
2253 3567 2392 3605 Sanctis;
2417 3569 2458 3599 ita
2480 3569 2554 3599 sub-

2586 945 2596 955 ·
2616 943 2687 970 ibid..
2701 942 2799 967 Comm.
2832 947 2836 949 ·

2585 976 2651 992 num·
2664 976 2697 994 ¹10

2581 3353 2591 3364 ·
2606 3353 2641 3376 cf.
2656 3354 2754 3377 Ari-iot.
2763 3353 2796 3376 ae
2828 3344 2837 3371 I

2580 3378 2795 3403 Generum-mal.
2836 3403 2837 3406 ,

2581 3409 2621 3431 nb.
2636 3410 2665 3438 u,
2680 3420 2731 3443 φρ,
2746 3419 2780 3436 m.
