2872 3970
877 277 1144 324 ,QUAESTIO
1172 278 1308 325 XLIV,

1343 278 1634 316 ARTICULUS
1662 279 1676 314 I
2287 285 2338 321 42
2347 286 2361 310 1

547 526 970 604 QUAESTIO
1010 526 1991 604 QUADRAGESIMAQUARTA

110 640 143 705 ᾗ,
189 636 325 707 {5233
358 647 360 650 ’
416 703 419 705 Β
654 646 738 686 DE
771 645 1048 688 SINGULIS
1081 645 1533 686 MIRACULORUM
1567 645 1893 687 SPECIEBUS

248 850 376 899 ‘amun
413 846 737 884 considerandum
775 854 830 883 est
861 846 910 883 de
947 845 1102 894 singulis
1134 844 1247 882 mira-

184 845 448 971 pedorum
475 914 676 967 speciebus
693 915 724 953 ²¹⁸.
1197 923 1200 926 ·

198 988 291 1026 'mEt
313 987 458 1037 primo:
483 987 536 1024 *de
554 986 747 1024 miraculis
775 999 874 1036 quae
902 986 987 1023 fecit
1014 986 1113 1023 circa
1141 985 1247 1035 spiri-

200 1059 206 1077 ”
230 1058 233 1061 ’
291 1058 412 1095 tuales
437 1056 678 1094 substantias.

978 761 1013 786 IN
1041 760 1211 790 QUATUOR
1238 759 1438 785 ARTICULOS
1464 761 1576 785 DIVISA

1355 845 1552 882 Secundo:
1583 845 1631 881 de
1658 844 1851 882 miraculis
1879 857 1978 894 quae
2005 845 2091 882 fecit
2118 844 2216 882 circa
2245 847 2361 882 caele-

1407 897 1475 934 stia
1503 909 1675 946 corpora.

1353 950 1503 987 Tertio:
1533 950 1581 986 de
1600 949 1792 986 miraculis
1820 962 1918 998 quae
1938 950 2023 987 fecit
2051 950 2149 987 circa
2168 949 2358 987 homines.

1355 1003 1521 1049 Quarto:
1553 1003 1599 1039 de
1619 1002 1810 1039 miraculis
1832 1014 1931 1051 quae
1951 1002 2035 1039 fecit
2053 1003 2151 1040 circa
2170 1010 2359 1040 creaturas

1407 1054 1652 1092 irrationales.

996 1163 1314 1214 ARTICULUS
1344 1163 1550 1205 PRIMUS

136 1251 142 1263 ²
184 1255 242 1295 ἰφ
415 1253 573 1287 UTRUM
595 1254 824 1286 MIRACULA
846 1255 967 1293 QUAE
991 1255 1204 1286 CHRISTUS
1226 1254 1356 1285 FECIT
1380 1254 1512 1285 CIRCA
1535 1254 1812 1285 SPIRITUALES
1835 1254 2128 1285 SUBSTANTIAS

224 1403 372 1440 ‘2‘24
393 1398 416 1424 n
440 1397 575 1424 Palmum
602 1397 655 1423 stc
682 1397 917 1424 PROCEmTUR.
947 1385 1108 1423 Videtur
1135 1385 1242 1434 quod

193 1441 305 1491 ἡνίᾳ,
316 1431 369 1499 ’ᾗ
394 1437 580 1481 miracula
606 1450 706 1488 quae
736 1437 908 1476 Christus
935 1438 1026 1476 feeit
1048 1438 1148 1476 circa
1170 1437 1244 1487 spi-

121 1538 123 1541 .
194 1494 280 1521 ’Μ
247 1505 321 1533 ,v
335 1477 364 1542 “f
394 1490 547 1529 rituales
575 1490 815 1538 substantias,
835 1503 916 1529 non
937 1490 1077 1528 fuerint
1104 1503 1243 1528 conve-

117 1545 153 1588 ’Ἀ
192 1539 336 1588 ‚JA‘PW
358 1548 381 1577 ‘x
394 1543 677 1581 nientia.1nter
703 1542 914 1593 spirituales
938 1543 1042 1581 enim
1070 1543 1243 1580 substan-

121 1595 159 1637 ἐς
180 1589 273 1655 pas,
289 1596 408 1635 sancti
435 1596 558 1645 angeli
584 1597 820 1646 praepollent
839 1596 1110 1634 daemonibus:
1141 1595 1242 1645 quia,

116 1654 146 1694 ’,Γ
182 1646 228 1705 ut
253 1648 488 1698 Augustinus
507 1647 607 1696 dicit,
625 1647 667 1686 in
683 1649 731 1687 III
749 1649 794 1686 de
816 1650 884 1687 T
849 1662 919 1693 rm
934 1649 966 1694 *‚
985 1650 1131 1698 spiritus
1147 1650 1244 1687 vitae

131 1700 150 1721 ‘³'
182 1700 376 1744 utienalis
403 1701 567 1739 desertor
593 1707 701 1751 atque
712 1707 890 1755 peccator
917 1703 1060 1752 regitur
1081 1714 1154 1751 per
1172 1702 1243 1751 spi-

180 1747 295 1810 {itum
321 1756 418 1793 vitae
445 1753 663 1792 rationalem
685 1756 793 1814 pium
812 1760 845 1792 et
863 1756 1007 1792 iustum.
1039 1754 1115 1791 Sed
1136 1753 1243 1791 Chri-

123 1817 158 1841 .··-
182 1803 263 1849 stus
289 1818 372 1845 non
397 1806 533 1856 legitur
559 1807 686 1856 aliqua
704 1806 888 1844 miracula
906 1807 1037 1844 fecisse
1060 1806 1159 1843 circa
1177 1818 1243 1843 an-

123 1870 158 1907 ἢ
182 1860 286 1909 gelos
314 1860 449 1897 bonos.
477 1859 580 1908 Ergo
608 1870 735 1908 neque
764 1859 878 1896 etiam
906 1859 1005 1896 circa
1033 1858 1242 1896 daemones

127 1915 146 1963 -33
182 1907 311 1963 aliqua
336 1911 522 1950 miracula
546 1912 669 1949 facere
697 1912 839 1950 debuit

161 1998 194 2022 ,Ῑ
237 1976 272 2002 2.
301 1964 541 2012 szmam,
574 1964 759 2002 miracula
794 1963 933 2002 Christi
967 1963 1244 2002 ordinabantur

121 2013 156 2049 'ff
182 2006 234 2057 ad
258 2017 582 2059 manifestandum
609 2016 846 2055 divinitatem
872 2017 1017 2067 ipsius.
1043 2016 1120 2054 Sed
1147 2016 1242 2053 divi-

140 2085 150 2122 2
182 2068 285 2129 pitas
300 2069 439 2108 Christi
465 2082 547 2107 nou
565 2077 645 2107 erat
672 2069 927 2107 daemonibus
945 2069 1240 2107 manifestanda:

128 2120 134 2139 ”
136 2120 278 2182 quia
300 2135 371 2172 per
389 2122 465 2160 hoc
492 2121 721 2171 impeditum
747 2122 877 2159 fuisset
904 2122 1130 2172 mysterium
1157 2134 1242 2171 pas-

159 2186 300 2213 sionis
328 2175 421 2222 eius,
441 2175 657 2212 secundum
685 2175 810 2212 illudI
833 2176 920 2212 Cor.
942 2187 962 2212 11
981 2175 1018 2211 *:
1048 2177 1089 2212 Si
1105 2186 1242 2224 cogno-

130 2231 143 2260 Ι
181 2229 326 2274 assent,
345 2239 536 2277 nunquam
563 2229 768 2264 Dominum
789 2228 938 2278 gloriae
964 2228 1240 2275 crucfixissent.

121 2305 127 2309 -
145 2321 148 2323 Α
152 2263 290 2371 ἐξιεῖ
311 2291 392 2318 non
410 2280 543 2318 debuit
566 2279 666 2317 eirca
683 2280 894 2317 daemones
912 2279 1040 2329 aliqua
1057 2279 1242 2317 miracula

133 2351 139 2365 ε
242 2332 250 2340 ”
291 2345 313 2370 e
333 2338 361 2371 ⁸.

120 2394 137 2401 ·
227 2384 271 2422 ’3.
300 2386 534 2427 PRAETEREA,
553 2385 738 2422 miracula
757 2385 896 2423 Christi
924 2385 973 2422 ad
991 2385 1151 2433 gloriam
1170 2385 1242 2422 Dei

183 2437 475 2476 ordinabantur:
505 2438 610 2475 unde
639 2437 775 2475 dicitur
801 2439 936 2475 Matth.
957 2450 992 2474 1x
1010 2438 1041 2484 *‚
1062 2438 1169 2487 quod
1187 2439 1240 2475 vi-

123 2491 139 2538 j
182 2490 305 2528 'dentes
342 2493 472 2528 turbae
508 2490 760 2540 paralyticum
801 2498 978 2528 sanatum
1015 2502 1037 2527 a
1070 2490 1240 2536 Christo,

123 2552 143 2570 -4
181 2544 380 2594 timuerunt
406 2549 440 2580 et
464 2544 770 2594 glorificaverunt
794 2545 938 2590 Deum,
968 2545 1031 2593 qui
1056 2543 1151 2580 dedit
1172 2556 1241 2593 po-

148 2600 343 2634 'testatem
363 2596 473 2634 talem
494 2598 712 2633 hominibus.
741 2597 819 2634 Sed
844 2597 895 2633 ad
922 2596 1134 2633 daemones
1161 2607 1241 2633 non

117 2649 344 2743 munet
369 2649 580 2698 glorificare
607 2649 755 2686 Deum.
785 2649 876 2698 quia
904 2661 977 2686 non
1001 2655 1052 2686 est
1076 2651 1241 2698 speciosa

290 2713 327 2739 m
346 2713 413 2740 ore
425 2703 643 2752 peccatoris,
662 2709 705 2738 ut
723 2701 860 2739 dicitur
876 2702 990 2739 Eccli.
1009 2713 1056 2738 xv
1069 2701 1100 2738 '¹‘.
1129 2702 1240 2739 Unde

127 2762 140 2786 ί
183 2758 233 2803 et,
259 2753 356 2792 sicut
382 2754 519 2793 ᾶὶείῒιπι·
545 2753 666 2791 Marci
689 2753 737 2791 ι*
763 2762 800 2792 et
826 2755 922 2792 Luc.
950 2766 984 2791 rv
1001 2753 1062 2801 Ἡ,
1093 2767 1166 2792 non
1194 2756 1240 2791 si-

138 2807 292 2847 nebat
316 2807 514 2845 daenwnia
541 2807 643 2857 loqui
663 2819 709 2844 ea
735 2819 836 2856 quae
864 2808 912 2845 ad
939 2807 1098 2855 gloriam
1122 2807 1241 2856 ipsius

126 2883 127 2886 =
152 2903 154 2905 ,
147 2859 431 2909 pertinebant.
460 2861 563 2908 Ergo
580 2859 839 2898 videtur-non
863 2860 978 2897 fuisse
1005 2859 1240 2897 conveniens

131 2921 146 2936 <·
182 2912 290 2961 'quod
316 2912 416 2950 cirea
443 2913 652 2949 daemones
680 2911 807 2961 aliqua
826 2912 1010 2950 miracula
1037 2913 1184 2949 faceret.

235 2975 272 3012 4.
301 2965 532 3010 ΡιιΑΕτΕιιΕΑ,
558 2964 743 3002 miracula
770 2977 793 3002 a
821 2964 972 3002 Christo
999 2964 1096 3002 facta
1115 2965 1163 3002 ad
1183 2976 1240 3001 sa·

149 3013 301 3062 auem
325 3017 535 3055 hominum
563 3017 798 3054 ordinantur.
828 3017 905 3056 Sed
932 3017 1124 3066 quaedam
1152 3017 1239 3054 dae-

57 3067 59 3070 ’
121 3071 139 3094 ³
179 3061 315 3110 melfia
341 3070 390 3107 ab
418 3069 642 3108 hominibus
669 3069 787 3107 eiecta
812 3070 966 3107 fuerunt
996 3081 1088 3107 cum
1115 3069 1240 3107 homi·

178 3124 280 3159 ‘mm
306 3122 547 3159 detrimento.
576 3122 823 3170 Quandoque
846 3121 1006 3171 quidem
1033 3122 1237 3171 corporali:

55 3159 60 3186 ’μ
122 3172 134 3213 ζ’
179 3173 280 3212 ficut
306 3174 444 3212 dicitur
470 3173 590 3211 Marci
610 3173 682 3211 tx*
684 3203 693 3220 ‚
714 3175 820 3224 quod
848 3175 1027 3220 daemon,
1056 3175 1105 3211 ad
1131 3186 1239 3223 prae-

121 3223 339 3288 ceptum
368 3226 519 3272 Christi,
548 3226 764 3264 exclamans
791 3232 825 3263 et
850 3227 1004 3263 multum
1033 3227 1240 3276 discerpens

131 3270 375 3327 &oannem
397 3281 486 3317 exiit
512 3281 560 3316 ab
580 3279 739 3325 homine,
759 3284 793 3316 et
800 3280 929 3327 sactus
947 3285 997 3316 est
1022 3280 1113 3316 sicut
1139 3291 1239 3316 mor—

139 3334 278 3379 taus,
295 3334 347 3370 iia
365 3338 404 3371 ut
421 3332 527 3369 multi
541 3332 716 3377 dicerent,
736 3332 834 3374 Quia
848 3337 1013 3369 mortuus
1027 3337 1087 3368 est.
1109 3331 1239 3377 Quan—

122 3382 315 3436 ξῖθοςυε
341 3384 459 3422 etiam
484 3396 575 3421 cum
600 3384 747 3421 damno
775 3395 924 3420 rerum:
959 3383 1054 3420 sieut
1081 3384 1238 3432 quando

128 3482 131 3487 ι
120 3434 405 3503 &amaneu
420 3437 470 3474 'ad
489 3447 626 3474 eorum
644 3447 787 3487 preces,
803 3435 904 3473 misit
922 3436 961 3472 in
973 3447 1124 3485 porcos,
1141 3447 1239 3485 quos

60 3539 62 3549 1
128 3551 146 3557 Δ
194 3527 231 3546 5⁴¹
228 3536 241 3547 σ-
258 3530 262 3533 ’
324 3530 327 3531 ’

126 3558 143 3567 w

123 1294 149 1347 ,εἷ’
183 1265 249 1327 ξω·
298 1323 301 1326 «
343 1323 347 1326 »
1000 1299 1190 1330 FUERINT
1214 1298 1545 1330 CONVENIENTIA

182 1354 193 1376 s

1298 1385 1644 1437 praecipitaverunt
1671 1385 1711 1422 in
1738 1398 1863 1432 mare3
1903 1386 2006 1423 unde
2039 1385 2140 1423 cives
2174 1385 2274 1423 illius
2302 1398 2358 1423 re-

1297 1438 1420 1486 gionis
1448 1444 1676 1488 rogaverunt
1705 1451 1788 1475 eum
1817 1444 1855 1475 ut
1881 1440 2054 1475 transiret
2086 1451 2109 1476 α
2125 1441 2270 1486 finibus
2297 1451 2357 1476 eo-

1299 1504 1395 1538 rum,
1425 1491 1521 1528 sicut
1547 1491 1682 1539 legitur
1709 1490 1969 1528 Matth.v111*.
2000 1492 2100 1538 Ergo
2128 1491 2280 1528 videtur
2305 1491 2357 1528 in-

1298 1544 1571 1582 convenienter
1597 1543 1728 1580 fecisse
1755 1543 1980 1580 huiusmodi
2007 1544 2201 1581 miracula.

1378 1597 1452 1634 SED
1481 1608 1626 1634 coNTRA
1654 1608 1718 1633 Ε5τ
1746 1596 1854 1645 quod
1880 1597 1996 1633 Zach.
2021 1609 2079 1633 xm
2099 1595 2119 1617 ’¹⁵
2146 1598 2223 1633 hoc
2249 1609 2358 1646 prae·
2385 1606 2512 1628 *Versa-

1297 1650 1516 1687 nuntiatum
1540 1640 1681 1695 iuerat,
1711 1649 1779 1686 ubi
1813 1648 1965 1685 dicitur:
1995 1650 2170 1698 Spiritum
2199 1651 2358 1686 immun-

1298 1702 1386 1739 dum
1413 1703 1586 1751 auferam
1614 1702 1660 1738 de
1685 1707 1797 1739 terra.

1350 1755 1574 1792 Rssponnsso
1592 1765 1774 1791 mCENDUM
1793 1754 1900 1803 quod
1919 1752 2102 1790 miracula
2129 1766 2228 1803 quae
2250 1754 2358 1791 Chri-

1297 1815 1376 1844 stus
1394 1807 1492 1854 fecit,
1508 1811 1732 1854 argumenta
1746 1806 1939 1855 quaedam
1957 1806 2110 1843 fuerunt
2129 1806 2220 1843 fidei
2239 1819 2359 1855 quam

1296 1859 1378 1908 ipse
1406 1859 1579 1897 docebat.
1609 1859 1802 1895 Futurum
1821 1866 1951 1895 autem
1973 1866 2051 1894 erat
2078 1867 2120 1896 ut
2146 1871 2216 1907 per
2242 1859 2359 1896 virtu-

1297 1920 1375 1949 tem
1402 1910 1607 1949 divinitatis
1635 1911 1717 1948 eius
1745 1911 1960 1948 excluderet
1987 1911 2225 1949 daemonum
2252 1920 2359 1961 pote-

1297 1972 1432 2002 statem
1460 1964 1508 2002 ab
1536 1963 1760 2000 hominibus
1788 1963 1985 2000 credituris
2013 1963 2052 2000 in
2081 1976 2190 2001 eum:
2225 1976 2359 2001 secun-

1297 2018 1391 2054 dum
1412 2017 1505 2054 illud
1524 2018 1627 2054 Ioan.
1642 2029 1689 2054 xn
1707 2015 1746 2053 *ε
1776 2017 1891 2054 Nunc
1912 2018 2088 2066 princeps
2106 2018 2213 2054 huius
2229 2018 2362 2054 mundi
2389 2021 2399 2033 ⁸
2411 2021 2478 2044 Vm·
2492 2028 2526 2051 ³·-

1297 2071 1459 2107 eiicietur
1475 2071 1600 2118 foras.
1634 2069 1683 2106 Et
1710 2068 1796 2106 ideo
1825 2067 2059 2106 conveniens
2085 2069 2154 2106 fuit
2181 2077 2234 2115 ut,
2263 2069 2360 2107 inter

1296 2122 1369 2160 alia
1395 2121 1601 2168 miracula,
1630 2120 1744 2158 etiarn
1772 2121 1948 2158 obsessos
1981 2133 2003 2158 a
2030 2121 2286 2159 daemonibus
2317 2122 2359 2160 li-

1296 2176 1455 2212 beraret.

1349 2229 1405 2265 Αι)
1426 2239 1561 2265 PRIMUM
1585 2238 1683 2264 ERGO
1707 2238 1888 2263 monimum
1917 2227 2023 2274 quod
2052 2227 2241 2273 homines,
2263 2227 2359 2264 sicut

1296 2293 1366 2329 per
1389 2280 1585 2317 Christum
1613 2286 1719 2315 erant
1747 2291 1769 2315 a
1796 2286 1979 2328 potestate
1999 2279 2238 2316 daemonum
2266 2279 2357 2316 libe-

1297 2333 1416 2378 randi,
1445 2333 1496 2370 ita
1522 2344 1592 2381 per
1610 2344 1702 2368 eum
1721 2339 1828 2368 erant
1846 2331 1987 2379 angelis
2006 2331 2269 2369 consociandi:
2300 2345 2356 2369 se-

1296 2386 1467 2423 cundum
1497 2385 1589 2422 illud
1621 2385 1757 2421 Coloss.
1778 2396 1788 2420 1
1806 2384 1845 2420 ⁹¹⁵:
1878 2385 2087 2432 Pacificans
2108 2397 2181 2434 per
2206 2387 2356 2434 sangui-

1296 2451 1380 2476 nem
1408 2440 1528 2475 crucis
1555 2439 1632 2474 eius
1667 2449 1761 2486 quae
1788 2439 1824 2473 in
1854 2437 1964 2473 caelis
1997 2443 2031 2473 et
2063 2449 2157 2486 quae
2184 2439 2220 2474 in
2249 2439 2357 2474 terris

1294 2497 1387 2528 sunt.
1422 2492 1470 2528 Et
1497 2490 1584 2528 ideo
1613 2489 1711 2526 eirca
1739 2491 1893 2537 angelos
1921 2489 1992 2526 alia
2020 2489 2203 2526 miracula
2230 2489 2355 2526 homi-

1295 2544 1410 2581 nibus
1437 2544 1699 2580 demonstrare
1727 2554 1807 2579 non
1835 2542 2099 2587 conveniebat,
2121 2542 2193 2578 nisi
2220 2550 2262 2579 ut
2288 2554 2354 2579 an-

1295 2597 1366 2645 geli
1393 2596 1617 2633 hominibus
1636 2602 1879 2644 apparerent:
1909 2595 2015 2643 quod
2035 2594 2193 2643 quidem
2212 2595 2353 2632 factum

1296 2657 1351 2687 est
1375 2649 1416 2686 in
1435 2647 1626 2686 nativitate
1645 2647 1763 2697 ipsius
1781 2647 1813 2693 *,
1842 2654 1878 2683 et
1900 2647 1939 2683 in
1958 2647 2232 2684 resurrectione
2250 2647 2291 2669 ἢ*
2319 2650 2390 2684 et
2433 2656 2446 2671 ¹¹

1295 2702 1334 2739 in
1362 2701 1584 2739 ascensione
1602 2701 1632 2737 ²³⁸.
2379 2704 2401 2713 '⁸
2465 2729 2488 2751 Μ
2502 2735 2527 2752 re
2541 2736 2553 2751 c

1347 2756 1404 2792 Απ)
1422 2765 1612 2792 SECUNDUM
1636 2765 1817 2790 DICENDUM
1849 2753 1966 2801 quod,
1996 2751 2091 2789 sicut
2117 2753 2352 2801 Augustinus
2378 2735 2446 2803 ΞΞἚΙ,
2434 2735 2534 2803 &gfff-‚J
2554 2763 2566 2778 ⁸

1295 2807 1394 2853 dicit,
1423 2808 1474 2844 IX
1497 2807 1542 2844 de
1563 2808 1666 2844 Civit.
1687 2807 1762 2842 Dei
1777 2805 1807 2851 ’ζ
1841 2807 2004 2842 Christus
2030 2811 2170 2842 tantum
2199 2807 2393 2844 innotuit.
2395 2788 2542 2908 *Ξξξηὲζς

1295 2861 1534 2897 daemonibus
1561 2863 1736 2908 quantum
1764 2858 1895 2894 voluit:
1921 2863 2061 2894 tantum
2089 2863 2211 2894 autem
2240 2859 2392 2899 voluitx
2521 2867 2528 2883 ¹

1295 2918 1471 2962 quantum
1499 2913 1667 2961 oportuit.
1697 2910 1770 2947 Sed
1795 2911 1949 2946 innotuit
1976 2911 2037 2956 eis,
2067 2922 2142 2947 non
2169 2913 2262 2947 sicut
2288 2923 2352 2948 an-

1294 2965 1386 3016 gelis
1403 2966 1548 3010 sanctis,
1572 2975 1644 3012 per
1662 2963 1701 2999 id
1723 2962 1821 3012 quod
1839 2968 1889 2999 est
1908 2964 1980 2999 vita
1998 2968 2171 2999 aeterna:
2196 2963 2262 2999 sed
2285 2976 2353 3013 per

1295 3017 1476 3067 quaedam
1495 3015 1713 3065 temporalia
1728 3027 1819 3052 suae
1835 3016 1976 3052 virtutis
1995 3014 2134 3063 effecta.
2160 3015 2207 3052 Et
2225 3014 2352 3064 primo

1295 3070 1464 3128 quidem,
1481 3069 1652 3105 videntes
1673 3067 1866 3104 Christum
1887 3067 2029 3104 esurire
2048 3075 2134 3116 post
2152 3067 2351 3115 ieiunium,

1295 3122 1591 3159 aestimaverunt
1618 3133 1710 3157 eum
1735 3131 1814 3157 non
1842 3131 1924 3156 esse
1947 3120 2088 3157 Filium
2116 3120 2198 3157 Dei.
2228 3121 2350 3168 Unde,

1295 3186 1411 3224 super
1436 3173 1529 3210 illud
1555 3174 1650 3210 Luc.
1681 3185 1715 3209 1v
1732 3172 1763 3219 ²¹²,
1785 3174 1826 3209 Si
1850 3174 1965 3209 Filius
1994 3173 2064 3209 Dei
2091 3185 2128 3210 es
2155 3180 2238 3220 etc.,
2264 3173 2353 3211 dicit
2380 3178 2504 3208 ’Vm-3-

1295 3226 1522 3263 Ambrosius
1541 3226 1577 3262 *z
1614 3226 1713 3268 Quid
1736 3227 1806 3262 sihi
1830 3226 1906 3263 vult
1926 3226 2007 3262 talis
2033 3228 2214 3263 sermonis
2242 3238 2352 3264 exor-
2377 3231 2431 3279 siff
2447 3231 2590 3279 adt-'³11⁸‘-

1293 3291 1373 3326 sus,
1403 3278 1473 3316 nis'i
1507 3280 1592 3327 quia
1626 3284 1853 3328 cognoverat
1880 3277 1953 3315 Dei
1985 3278 2122 3315 Filium
2154 3291 2232 3315 esse
2264 3291 2352 3316 ven·
2468 3274 2475 3280 ’

1293 3337 1428 3377 turum,
1453 3332 1521 3367 sed
1545 3332 1685 3368 venisse
1705 3343 1778 3380 per
1804 3332 2054 3379 infirmitatem
2081 3333 2249 3380 corporis
2277 3345 2351 3370 non

1289 3383 1462 3433 putavit?
1483 3384 1559 3420 Sed
1577 3384 1840 3432 postmodum,
1861 3383 1951 3420 visis
1970 3383 2172 3430 miraculis,
2190 3396 2239 3421 ex
2258 3395 2352 3434 qua-

1294 3436 1385 3474 dam
1405 3435 1658 3486 suspicatione
1687 3436 1958 3474 coniecturavit
1986 3448 2077 3473 eum
2105 3448 2186 3473 esse
2210 3436 2352 3475 Filium

2385 1498 2396 1509 ⁴
2410 1497 2477 1519 Vers.
2490 1503 2514 1525 3¹
2531 1503 2585 1525 sqq.

2383 2396 2393 2406 ·
2408 2395 2475 2418 Vers.
2490 2401 2528 2418 ιο.

194 3561 424 3603 ffiffwficiuun-
404 3569 534 3604 -jaooee
557 3568 638 3594 PL-
659 3569 719 3601 Seq.
744 3573 926 3601 argumentum
949 3574 1035 3600 usque
1058 3568 1090 3592 nd
1115 3574 1183 3600 quae
1205 3568 1243 3592 ad
1259 3568 1375 3600 gloriam
1395 3568 1484 3593 incius.
1503 3575 1557 3592 om.
1576 3569 1594 3592 Ι.
