2872 3970
103 1131 115 1141 ⁸
129 1130 195 1151 Vers.
209 1136 232 1155 4.

102 1398 110 1407 ”
126 1397 152 1418 D.
169 1397 218 1425 605.

103 1450 111 1459 ·
131 1450 188 1471 Gen.
212 1455 262 1476 cap.
285 1455 309 1471 ιι.

101 1482 160 1497 νει-5.
175 1482 207 1504 ²³-

101 1551 110 1560 ·
125 1550 191 1571 νει-5.
206 1555 238 1577 32.

102 1717 182 1764 'va'
200 1716 239 1741 ΧῙ
259 1721 310 1743 cap

101 1876 110 1885 ·
125 1875 174 1896 Ser.
187 1873 310 1897 CLXXIV,

100 1901 128 1922 al.
140 1901 175 1922 De
193 1901 271 1922 Verbis
281 1901 312 1921 Α-

98 1930 160 1955 post.
167 1927 242 1949 Serm.
250 1927 310 1952 Vlll,

101 1960 150 2001 cap.
166 1960 189 1975 ιι,

101 1982 111 1992 ’
138 1981 190 2002 'ers
207 1987 240 2002 ιο.

197 2016 214 2042 Υ

101 2139 110 2149 ·
125 2139 191 2160 Vers.
208 2144 239 2165 ¹5·

102 2166 122 2177 ⁸⁸
131 2165 187 2187 Ord.
197 2168 218 2186 et
228 2164 311 2185 Lomb.

100 2198 128 2213 ex
143 2193 204 2219 Aug.

101 2404 162 2425 ‘Cf-
182 2404 206 2425 Β.
222 2404 280 2425 Albe
282 2407 308 2426 rt

101 2431 137 2452 Ma
125 2437 176 2458 agn.
192 2431 222 2452 111
236 2430 308 2455 Sene.

100 2457 188 2504 33¹2..
169 2463 207 2483 '‘
202 2461 309 2504 11ἑῖὲᾶ

100 2510 133 2531 Su
119 2516 185 2531 umm.
198 2510 257 2531 Theo
260 2510 275 2531 Ι.
287 2490 309 2557 Ξ

101 2537 139 2561 ΙΙΙ
146 2543 184 2564 qu
192 2542 216 2563 n,
224 2542 283 2557 mem

102 2569 133 2591 ¹3

197 2663 210 2687 ὃ

348 219 393 254 ¹4

343 285 611 323 incarnationis
639 284 791 322 videtur
822 283 1026 333 praecipue
1060 281 1289 320 manifestari
1318 280 1401 317 infi-

344 339 444 376 nitus
472 338 629 374 effectus
658 337 810 374 divinae
838 336 1041 385 potentiae,
1062 347 1131 384 per
1158 336 1233 371 1106
1262 334 1368 383 quod
1386 339 1402 354 ‘²

343 392 382 428 in
411 390 604 427 infinitum
639 389 814 427 distantia
846 388 1141 436 coniunguntur,
1172 386 1402 444 inquantum

342 444 485 480 factum
504 451 559 479 est
578 443 685 491 quod
705 443 826 479 homo
847 449 943 478 esset
958 442 1075 477 Deus.
1097 441 1138 476 In
1158 451 1237 488 quo
1258 438 1373 475 etiam
1388 436 1403 466 β

343 508 460 545 opere
480 495 646 532 maxime
666 495 817 531 videtur
835 493 966 542 perfici
986 492 1223 537 universum,
1239 502 1309 540 per
1327 491 1403 526 hoc
1428 508 1430 535 ς

343 549 450 608 quod
480 548 612 585 ultima
640 555 821 592 creatura,
843 546 981 582 scilicet
1000 547 1132 591 homo,
1153 543 1280 593 primo
1300 542 1402 591 prin—

343 601 443 650 cipio
480 600 740 648 coniungitur,
770 599 907 635 scilicet
942 599 1038 634 Deo.
1078 598 1191 644 Ergo,
1228 595 1342 632 etiam
1372 594 1430 643 si¹

1429 667 1430 675 κ
1458 649 1681 686 rectitudine
1696 655 1707 671 ⁸
1727 650 1915 699 perfectus
1933 663 1956 688 a
1974 651 2071 698 Deo,
2092 651 2141 688 ad
2161 651 2292 689 omnia
2310 650 2522 689 necessaria

342 655 464 691 homo
493 665 572 690 non
600 659 802 701 peccasset,
828 652 934 688 Deus
962 650 1179 687 inca1natus
1207 648 1347 685 fuisset.

398 708 431 743 3.
462 708 692 750 PRAETEREA,
722 705 894 741 humana
928 711 1064 739 natura
1099 714 1167 750 per
1201 708 1403 750 peccatum
1429 702 1431 720 ²

342 772 422 796 non
442 767 497 795 est
516 759 610 795 facta
629 756 805 816 capacior
823 755 972 804 gratiae.
999 755 1075 792 Sed
1096 762 1181 803 post
1200 761 1403 802 peccatum
1429 752 1431 803 ξ

342 824 461 861 capax
481 819 536 847 eSt
554 810 693 858 gratiae
713 808 878 854 UHlOsslS,
897 820 995 856 quae
1016 815 1071 843 eSt
1086 806 1254 843 maxima
1272 804 1400 854 gratia.

342 865 454 911 Ergo,
485 863 514 899 si
547 864 667 899 homo
703 873 783 898 non
818 867 1028 909 peccasset,
1059 860 1231 896 humana
1267 866 1430 909 natura¹

341 917 456 954 huius
474 915 612 963 gratiae
629 926 748 962 capax
768 913 908 950 fuisset.
930 913 1014 949 Nec
1033 913 1139 949 Deus
1159 911 1404 949 subtraxisset

340 977 498 1006 naturae
519 969 712 1004 humanae
733 967 883 1002 bonum
903 965 1012 1002 cuius
1031 977 1151 1014 capax
1171 972 1262 1001 erat.
1287 965 1401 1012 Ergo,
1428 963 1430 974 ²

1428 1025 1430 1033 '
1456 1021 1554 1056 venit
1576 1021 1741 1056 Christus
1760 1025 1797 1056 ut
1815 1020 1861 1057 de
1879 1032 1995 1057 carne
2011 1021 2099 1057 vitia
2117 1021 2243 1057 carnis
2261 1022 2522 1070 exstingueret.

392 1086 428 1120 4.
460 1074 698 1118 PRAETEREA,
728 1071 1022 1120 praedestinatio
1052 1070 1123 1107 Dei
1153 1078 1208 1107 est
1236 1078 1401 1107 aeterna.
1428 1090 1430 1115 t

340 1127 415 1164 Sed
438 1125 583 1170 dicitur,
604 1126 715 1161 Rom.
737 1137 745 1161 1
765 1124 795 1170 ³¹⁶,
816 1125 864 1161 de
892 1124 1055 1169 Christo,
1077 1123 1184 1173 quod
1203 1123 1402 1173 praedesti·
1428 1117 1430 1147 ῗ

340 1022 370 1058 si
400 1023 520 1057 homo
546 1032 625 1056 non
654 1026 857 1067 peccasset,
879 1019 985 1054 Deus
1014 1018 1232 1055 incarnatus
1260 1017 1400 1054 suisset.

340 1185 445 1216 natus
472 1184 522 1214 est
549 1178 665 1214 Filius
692 1178 764 1213 Dei
791 1179 828 1214 in
857 1179 998 1214 virtute.
1035 1177 1138 1224 Ergo
1172 1176 1286 1213 etiam
1315 1183 1402 1213 ante

338 1239 538 1281 peccatum
567 1230 826 1267 necessarium
847 1238 925 1267 erat
945 1229 1086 1266 Filium
1106 1229 1177 1266 Dei
1202 1229 1401 1275 incarnari,
1428 1259 1429 1270 ,

1428 1289 1430 1328 ζ
1456 1283 1494 1320 in
1510 1284 1639 1321 Deum
1657 1284 1753 1321 sicut
1767 1284 1806 1320 in
1821 1283 1953 1321 finem.
1970 1285 2057 1321 Hoc
2071 1292 2201 1321 autern
2221 1284 2368 1322 excedit
2387 1284 2524 1322 limites

1428 1330 1430 1386 l
1455 1336 1696 1386 perfectionis
1725 1345 1893 1383 naturae,
1918 1345 1960 1374 ut
1988 1345 2160 1374 creatura
2187 1336 2343 1374 uniatur
2370 1337 2456 1374 Deo
2484 1337 2523 1375 in

338 1403 403 1427 mo
434 1389 581 1426 homini
602 1390 814 1425 revelatum
833 1388 869 1424 *:
908 1396 949 1425 ut
977 1395 1079 1437 patet
1103 1400 1172 1437 per
1191 1389 1266 1424 hoc
1294 1388 1402 1437 quod

1227 1441 1263 1487 ²⁸,
1294 1441 1401 1501 quod
1428 1469 1429 1479 1

338 1285 387 1321 ad
416 1285 490 1320 hoc
518 1283 625 1332 quod
654 1282 726 1319 Dei
753 1281 1048 1332 praedestinatio
1078 1282 1311 1331 impleretur.

394 1338 426 1374 5.
458 1338 688 1382 PRAETEREA,
710 1335 980 1372 incarnationis
1005 1335 1232 1385 mysterium
1252 1343 1307 1372 est
1327 1334 1402 1384 pri-

337 1443 446 1480 dixit:
476 1444 565 1479 Hoc
593 1454 692 1478 nunc
712 1454 752 1478 os
771 1454 820 1478 ex
839 1443 978 1478 ossibus
1005 1443 1107 1486 meis,
1136 1449 1205 1477 etc.

336 1497 544 1544 Apostolus
582 1494 671 1531 dicit
708 1506 789 1530 esse
827 1506 1011 1543 magnum
1051 1499 1327 1531 sacramentum
1364 1495 1401 1530 in

340 1550 484 1586 Christo
504 1554 536 1585 et
555 1548 732 1593 Ecclesia,
754 1555 795 1584 ut
814 1554 915 1596 patet
934 1547 1067 1595 Ephes.
1084 1559 1106 1582 v
1120 1546 1151 1582 ²¹².
1183 1546 1259 1583 Sed
1280 1547 1401 1582 homo

337 1614 416 1638 non
445 1601 569 1650 potuit
597 1613 678 1637 esse
707 1599 901 1649 praescius
930 1599 988 1636 sui
1018 1611 1146 1645 casus,
1177 1599 1314 1636 eadem
1344 1611 1402 1635 ra-

336 1655 440 1692 tione
476 1667 552 1703 qua
585 1666 656 1690 nec
691 1654 864 1701 angelus.
903 1660 944 1689 ut
979 1652 1216 1712 Augustinus
1251 1651 1400 1701 probat,

336 1720 447 1757 super
479 1708 570 1744 Gen.
600 1707 650 1743 ad
676 1707 738 1743 litt.
759 1706 779 1728 ‘¹‘
807 1707 927 1753 Ergo,
958 1705 1073 1742 etiam
1106 1705 1136 1742 si
1166 1706 1287 1742 homo
1321 1717 1402 1742 non

337 1768 540 1810 peccasset,
571 1760 676 1796 Deus
705 1759 923 1796 incarnatus
951 1758 1092 1795 fuisset.

392 1814 465 1850 SED
494 1825 638 1850 CONTRA
658 1825 722 1848 EST
742 1812 848 1861 quod
869 1811 1106 1860 Augustinus
1125 1810 1225 1858 dicit,
1247 1811 1285 1847 in
1306 1810 1402 1847 libro

337 1867 382 1903 de
409 1867 535 1903 Verbis
562 1867 671 1902 Dom.
697 1865 728 1911 ³⁸,
758 1877 955 1914 exponens
983 1864 1076 1902 illud
1105 1864 1212 1913 quod
1241 1864 1404 1901 habetur
1428 1860 1429 1865 ’

338 1921 433 1956 Luc.
457 1931 516 1955 x1x
541 1918 570 1964 ²³²,
610 1920 711 1955 Venit
739 1919 854 1955 filius
881 1919 1040 1955 hominis
1069 1930 1248 1967 quaerere
1275 1923 1307 1954 et
1334 1917 1403 1954 sal-

338 1985 424 2010 vum
443 1973 578 2020 facere
611 1972 709 2020 quod
736 1973 920 2020 perierat:
962 1972 1003 2008 Si
1026 1976 1041 1999 Υ
1069 1972 1181 2008 homo
1217 1983 1291 2006 non
1316 1982 1403 2019 pec-

338 2031 464 2071 casset,
483 2025 599 2061 Filius
624 2025 783 2060 hominis
803 2036 876 2060 non
897 2025 1061 2061 venisset.
1091 2025 1140 2061 Et
1159 2025 1173 2060 Ι
1193 2023 1243 2060 ad
1264 2024 1359 2060 Tim.
1381 2035 1401 2069 1,

338 2090 454 2126 super
477 2077 569 2114 illud
589 2077 763 2123 verbum,
789 2078 953 2114 Christus
980 2078 1078 2114 venit
1104 2078 1140 2113 in
1170 2078 1269 2113 hunc
1296 2088 1401 2112 mun-

338 2132 425 2167 dum
446 2136 483 2167 ut
496 2136 712 2180 peccatores
729 2130 851 2167 salvos
859 2130 1009 2178 faceret
1026 2129 1057 2172 ²⁸,
1080 2129 1169 2166 dicit
1189 2129 1327 2166 Glossa
1345 2128 1400 2165 ³¹⁰⁸:

336 2184 454 2221 Nulla
491 2195 604 2220 causa
639 2183 810 2220 veniendi
833 2184 912 2231 fuit
944 2184 1088 2220 Christo
1122 2183 1303 2228 Domino,
1333 2183 1406 2218 nisi

331 2242 546 2286 peccatores
571 2236 692 2273 salvos
713 2237 859 2284 facere.
894 2236 997 2273 Tolle
1024 2237 1186 2282 morbos,
1214 2235 1300 2272 tolle
1327 2235 1402 2272 vul-

338 2303 442 2335 nera,
471 2295 504 2325 et
532 2289 634 2325 nulla
662 2289 868 2326 medicinae
894 2295 945 2325 est
972 2301 1097 2326 causa.

390 2344 613 2379 RESPONDEO
643 2354 823 2379 monimum
852 2342 959 2391 quod
988 2341 1104 2390 aliqui
1133 2341 1232 2378 circa
1252 2342 1327 2378 hoc
1347 2341 1402 2378 di-

335 2394 555 2431 versimode
597 2394 814 2444 opinantur.
867 2394 1040 2441 Quidam
1068 2394 1088 2416 *
1124 2394 1228 2431 enim
1270 2393 1402 2431 dicunt

336 2449 461 2497 quod,
492 2447 606 2484 etiam
635 2448 665 2484 si
694 2449 816 2484 homo
844 2460 924 2484 non
952 2455 1156 2497 peccasset,
1183 2446 1255 2484 Dei
1284 2446 1402 2484 Filius

335 2501 465 2538 fuisset
484 2500 711 2537 incarnatus.
742 2500 814 2537 Alii
838 2513 931 2537 vero
958 2500 1194 2538 contrarium
1215 2507 1400 2537 asserunt.
1426 2529 1428 2539 .

337 2555 519 2600 Quorum
548 2553 745 2590 assertioni
773 2553 894 2601 magis
922 2553 1210 2590 assentiendum
1238 2552 1401 2590 videtur.

337 2608 393 2643 Ea
420 2606 524 2643 enim
544 2618 643 2654 quae
664 2619 709 2642 ex
738 2607 818 2642 sola
843 2606 914 2643 Dei
941 2608 1138 2643 voluntate
1156 2605 1401 2655 proveniunt,

337 2672 453 2708 supra
481 2671 598 2695 omne
627 2658 799 2696 debitum
835 2667 1047 2706 creaturae,
1078 2659 1190 2696 nobis
1215 2657 1228 2680 δ
1256 2658 1401 2695 innote-

337 2725 439 2749 scere
468 2724 547 2748 non
567 2720 727 2761 possunt
742 2711 812 2748 nisi
828 2719 1016 2761 quatenus
1031 2712 1070 2749 in
1085 2724 1191 2749 sacra
1207 2711 1402 2761 Scriptura
1426 2717 1428 2724 ⁴

336 2765 552 2811 traduntur,
581 2777 651 2813 per
678 2777 797 2813 quam
825 2765 955 2802 divina
983 2766 1161 2802 voluntas
1188 2764 1400 2801 innotescit.

337 2818 459 2861 Unde,
480 2830 570 2854 cum
598 2817 636 2854 in
656 2830 761 2854 sacra
790 2818 985 2867 Scriptura
1004 2817 1149 2866 ubique
1176 2817 1401 2854 incarnatio-

338 2870 395 2906 nis
431 2870 523 2906 ratio
553 2883 598 2906 ex
631 2879 787 2919 peccato
823 2871 936 2919 primi
972 2870 1140 2908 hominis
1172 2869 1400 2918 assignetur,

338 2922 624 2959 convenientius
653 2923 788 2960 dicitur
822 2923 1092 2960 incarnationis
1125 2936 1224 2972 opus
1254 2923 1401 2960 ordina-

338 2983 420 3012 tum
450 2988 530 3012 esse
550 2988 571 3012 a
600 2977 684 3012 Deo
713 2976 752 3012 in
781 2976 996 3013 remedium
1025 2976 1181 3026 peccati,
1203 2976 1253 3013 ita
1281 2976 1429 3025 quod

338 3035 493 3077 peccato
531 3041 610 3065 non
651 3028 850 3076 existente,
889 3029 1097 3066 incarnatio
1143 3041 1222 3066 non
1259 3029 1400 3066 suisset.

1069 203 1332 252 QUAESTIO
1362 204 1393 249 I,
1424 204 1715 242 ARTICULUS
1742 205 1787 242 Ill

1457 282 1648 328 Quamvis
1667 282 1836 331 potentia
1855 282 1927 319 Dei
1946 283 1994 319 ad
2020 283 2096 320 hoc
2119 294 2198 320 non
2227 282 2423 320 limitetur:
2452 295 2521 333 po-

1456 334 1587 371 tuisset
1616 334 1730 381 enim,
1759 335 1874 372 etiam
1900 342 2058 385 peccato
2086 346 2166 372 non
2196 335 2387 382 existente,
2415 336 2521 373 Deus

1457 399 1658 424 incarnari.

1500 441 1568 476 AD
1597 451 1731 477 ramum
1765 453 1863 478 ERGO
1898 452 2080 478 mceunum
2115 441 2221 489 quod
2257 452 2393 478 omnes
2427 440 2521 478 aliae

1457 503 1595 528 causae
1623 503 1724 540 quae
1752 501 1839 529 sunt
1868 493 2087 541 assignatae,
2116 493 2305 542 pertinent
2331 494 2380 530 ad
2400 505 2521 530 reme-

1458 543 1566 580 dium
1594 543 1750 593 peccati.
1782 545 1822 583 Si
1843 545 1944 583 enirn
1972 546 2094 583 homo
2114 558 2194 583 non
2213 553 2416 596 peccasset,
2437 557 2521 595 per-

1457 597 1564 634 fusus
1582 597 1711 635 suisset
1730 597 1876 635 lumine
1895 598 2047 636 divinae
2070 598 2286 648 sapientiae,
2307 606 2343 636 et
2362 597 2522 638 iustitiae

1458 703 1727 750 cognoscenda
1747 702 1769 740 ζ.
1792 703 1868 741 Sed
1897 703 1988 752 quia
2016 705 2150 751 horno,
2171 705 2320 742 deserto
2349 704 2446 750 Deo,
2473 703 2522 741 ad

1458 755 1671 804 corporalia
1690 757 1880 805 collapsus
1900 765 1988 800 erat,
2004 756 2238 794 conveniens
2257 756 2325 794 fuit
2343 764 2385 794 ut
2404 757 2521 803 Deus,

1458 819 1571 844 carne
1605 815 1812 858 assumpta,
1848 808 1962 846 etiarn
1989 821 2059 858 per
2086 809 2299 859 corporalia
2326 809 2360 847 ei
2394 809 2523 847 salutis

1458 860 1675 898 remedium
1705 861 1909 898 exhiberet.
1939 862 2051 899 Unde
2078 861 2167 899 dicit
2195 861 2442 910 Augustinus,
2463 874 2523 899 su-

1457 925 1526 962 per
1545 913 1636 950 illud
1657 915 1760 950 Ioan.
1782 926 1791 951 1
1811 926 1893 963 cap.
1913 914 1944 958 ²⁸,
1982 915 2141 952 Verbum
2169 927 2260 952 caro
2279 916 2429 964 sactum
2455 920 2524 952 est:

1461 967 1562 1003 Caro
1589 973 1623 1003 te
1642 969 1919 1014 obcaecaverat,
1938 980 2030 1004 caro
2057 973 2092 1004 te
2114 973 2241 1005 sanat:
2268 969 2444 1017 quoniam
2471 969 2525 1005 sic

1510 1074 1567 1108 AD
1587 1084 1777 1110 secunaum
1803 1084 1985 1110 mcssunum
2005 1073 2113 1121 quod
2132 1072 2170 1109 in
2191 1072 2275 1122 ipso
2295 1073 2416 1110 modo
2435 1084 2524 1122 pro-

1457 1124 1648 1162 ductionis
1676 1137 1806 1162 rerum
1835 1137 1881 1162 ex
1910 1124 2030 1162 nihilo
2065 1125 2195 1162 divina
2223 1125 2343 1162 virtus
2377 1125 2525 1163 infinita

1457 1178 1680 1215 ostenditur.
1701 1200 1726 1204 -
1746 1178 1806 1215 Ad
1826 1178 2100 1227 perfectionem
2127 1178 2241 1216 etiam
2261 1178 2430 1216 universi
2449 1178 2524 1216 suf-

1456 1230 1533 1268 ficit
1553 1232 1659 1279 quod
1681 1231 1842 1268 naturali
1870 1231 1991 1268 modo
2020 1239 2191 1268 creatura
2220 1231 2419 1269 ordinetur
2437 1231 2491 1269 sic
2505 1237 2523 1259 η

1456 1402 1634 1439 persona.

1509 1444 1566 1479 An
1585 1455 1745 1480 TERTIUM
1772 1455 1954 1480 D1CENDUM
1979 1442 2086 1492 quod
2105 1442 2248 1492 duplex
2267 1442 2454 1492 capacitas
2473 1451 2523 1481 at-

1456 1495 1560 1531 tendi
1588 1503 1713 1544 potest
1732 1495 1771 1532 in
1800 1496 1972 1532 humana
1991 1503 2137 1532 natura.
2175 1496 2261 1533 Una
2287 1495 2447 1545 quidem
2467 1508 2523 1533 se-

1456 1548 1631 1584 cundum
1667 1547 1842 1584 ordinem
1879 1548 2072 1596 potentiae
2111 1547 2309 1585 naturalis.
2354 1549 2466 1596 Quae
2501 1561 2524 1586 a

1456 1601 1541 1637 Deo
1571 1612 1724 1650 semper
1751 1600 1941 1650 impletur,
1969 1600 2036 1650 qui
2064 1601 2129 1638 dat
2156 1600 2366 1650 unicuique
2394 1601 2447 1638 rei
2467 1613 2523 1638 se-

1456 1653 1630 1691 cundum
1651 1665 1760 1690 suam
1782 1653 2028 1702 capacitatem
2050 1655 2275 1691 naturalem.
2292 1677 2316 1682 —
2331 1654 2416 1691 Alia
2429 1665 2523 1692 vero

1456 1706 1672 1744 secundum
1701 1705 1878 1743 ordinem
1906 1705 2059 1743 divinae
2087 1706 2291 1756 potentiae,
2312 1706 2374 1744 cui
2396 1706 2524 1745 omnis

1456 1767 1628 1797 creatura
1663 1759 1792 1796 obedit
1826 1759 1875 1796 ad
1910 1766 2061 1796 nutum.
2099 1760 2147 1797 Et
2174 1760 2223 1797 ad
2251 1761 2328 1798 hoc
2362 1759 2524 1809 pertinet

1457 1813 1525 1849 ista
1553 1812 1751 1871 capacitas,
1789 1813 1881 1849 Non
1916 1819 2046 1849 autem
2082 1813 2188 1849 Deus
2220 1824 2379 1850 omnem
2407 1814 2523 1850 talem

1456 1865 1703 1915 capacitatem
1737 1872 1894 1902 naturae
1923 1866 2058 1914 replet:
2095 1865 2278 1924 alioquin,
2307 1866 2414 1903 Deus
2442 1877 2523 1903 non

1455 1926 1585 1968 posset
1619 1918 1741 1955 facere
1770 1917 1808 1954 in
1837 1925 2009 1955 creatura
2036 1917 2108 1955 nisi
2137 1919 2243 1967 quod
2275 1918 2378 1962 facit;
2415 1919 2522 1968 quod

1455 1972 1594 2008 falsum
1623 1978 1688 2017 est,
1718 1978 1760 2008 ut
1787 1970 1827 2007 in
1856 1970 1987 2008 Primo
2006 1970 2026 1993 '¹‘
2054 1970 2231 2008 habitum
2259 1979 2326 2008 est.

1508 2024 1616 2061 Nihil
1656 2031 1783 2061 autem
1818 2023 1998 2073 prohibet
2033 2024 2082 2061 ad
2119 2023 2262 2073 aliquid
2296 2023 2422 2062 maius
2450 2025 2521 2063 hu—

1455 2089 1614 2114 manam
1643 2084 1821 2114 naturam
1839 2076 2069 2126 productam
2091 2089 2174 2113 esse
2192 2085 2279 2126 post
2299 2085 2520 2126 peccatum:

1455 2131 1561 2168 Deus
1603 2129 1707 2167 enim
1735 2129 1916 2179 permittit
1948 2131 2049 2166 mala
2076 2129 2160 2166 fieri
2186 2137 2229 2166 ut
2257 2129 2346 2167 inde
2378 2130 2521 2180 aliquid

1455 2183 1593 2221 melius
1621 2182 1752 2220 eliciat.
1782 2182 1894 2220 Unde
1922 2182 2059 2220 dicitur
2076 2183 2187 2219 Rom.
2203 2182 2280 2220 v*:
2313 2183 2388 2221 Ubi
2408 2185 2523 2222 abun-

1455 2237 1554 2274 davit
1589 2237 1760 2285 iniquitas
1779 2233 1803 2282 θ,
1831 2235 2145 2285 superabundavit
2176 2241 2210 2272 et
2235 2237 2374 2285 gratia.
2410 2236 2522 2274 Unde

1455 2297 1491 2326 et
1509 2289 1548 2326 in
1568 2288 1836 2326 benedictione
1858 2287 1967 2325 Cerei
1987 2287 2180 2325 Paschalis
2199 2287 2354 2326 dicitur:
2379 2289 2412 2326 Ο
2418 2290 2524 2338 felix

1427 2346 1429 2375 ἑ
1454 2343 1575 2392 culpa,
1597 2354 1692 2391 quae
1725 2342 1836 2379 talem
1869 2354 1915 2378 ac
1942 2347 2084 2378 tantum
2118 2342 2253 2378 meruit
2286 2342 2425 2379 habere
2450 2344 2522 2380 Re-

1455 2393 1708 2445 demptorem!

1507 2449 1565 2485 An
1586 2459 1758 2490 Quam-um
1777 2453 1959 2484 DicENDUM
1976 2447 2083 2496 quod
2102 2446 2398 2496 praedestinatio
2413 2460 2521 2497 prae-

1455 2500 1638 2550 supponit
1659 2499 1947 2549 praescientiam
1977 2501 2207 2537 futurorum.
2238 2501 2287 2537 Et
2305 2500 2405 2546 ideo,
2425 2501 2522 2539 sicut

1454 2555 1560 2591 Deus
1588 2552 1843 2603 praedestinat
1877 2554 2038 2590 salutern
2068 2553 2228 2590 alicuius
2255 2553 2426 2591 hominis
2452 2566 2523 2604 per

1455 2606 1670 2643 orationem
1689 2605 1852 2643 aliorum
1867 2611 1875 2626 ²
1894 2605 2143 2655 implendam,
2160 2606 2209 2643 ita
2229 2606 2344 2643 etiam
2362 2607 2521 2656 praede-

1454 2659 1606 2696 stinavit
1634 2670 1733 2708 opus
1761 2658 2031 2695 incarnationis
2055 2659 2094 2695 in
2114 2658 2331 2696 remedium
2359 2659 2520 2698 humani

1454 2712 1611 2762 peccati.
2147 2729 2151 2733 ·

1508 2766 1564 2801 AD
1585 2777 1746 2806 QUINTUM
1770 2776 1951 2802 DtCENDUM
1971 2764 2078 2813 quod
2098 2764 2192 2802 nihil
2210 2764 2389 2814 prohibet
2407 2765 2519 2803 alicui

1454 2818 1613 2854 revelari
1633 2817 1790 2854 effectus
1804 2823 1820 2838 ²
1840 2817 1902 2854 cui
1921 2829 2001 2854 non
2021 2819 2210 2855 revelatur
2237 2830 2363 2855 causa,
2392 2817 2519 2856 Potuit

1427 2905 1429 2912 ,
1454 2883 1544 2919 ergo
1564 2870 1692 2919 primo
1717 2869 1866 2907 homini
1895 2870 2053 2907 revelari
2082 2870 2352 2908 incarnationis
2379 2878 2518 2920 myste-

1427 2943 1429 2966 μ
1454 2923 1556 2960 rium
1586 2923 1666 2960 sine
1695 2924 1770 2959 hoc
1798 2923 1904 2972 quod
1934 2931 2031 2960 esset
2058 2923 2251 2972 praescius
2270 2923 2329 2960 sui
2348 2935 2458 2960 casus
2476 2923 2515 2961 *z

1454 2988 1534 3013 non
1554 2975 1655 3012 enim
1685 2975 1923 3025 quicumque
1951 2976 2146 3024 cognoscit
2165 2976 2356 3023 effectum,
2376 2987 2517 3024 cogno-

1427 3035 1429 3045 “
1455 3028 1522 3066 scit
1551 3037 1586 3065 et
1615 3041 1783 3066 causam.

392 3157 420 3191 α)
440 3158 488 3183 hoc
506 3158 616 3190 quod-
633 3165 709 3190 quem
730 3159 770 3183 ed.
790 3159 812 3187 b,
832 3166 911 3191 quam
932 3160 974 3185 Pc.

394 3193 419 3225 β)
439 3194 528 3219 etiam.
541 3207 559 3211 —
579 3193 688 3222 PGlsH;
709 3193 735 3217 in
756 3194 850 3226 ῠΕρΑ,
868 3202 921 3219 orn.
941 3195 1015 3219 ceteri
1037 3201 1061 3220 et
1079 3197 1135 3221 abc.

392 3230 419 3261 γ)
440 3229 477 3253 Si.
490 3243 508 3247 —
527 3229 616 3258 GH1b‚·
636 3229 690 3253 Sed
707 3229 731 3252 si
750 3229 830 3260 prima
849 3234 874 3253 et
894 3230 922 3259 Ε“,
942 3230 973 3254 Si
991 3237 1055 3263 ergo
1075 3231 1102 3261 F,
1123 3232 1197 3264 Ergo
1215 3232 1240 3256 si
1259 3232 1301 3257 Pc.

393 3263 418 3296 ὃ)
437 3264 550 3288 nobis.
567 3247 614 3288 DF'
630 3269 655 3288 et
673 3263 759 3294 tertia3
779 3263 805 3287 in
825 3264 907 3288 nobis.

394 3303 415 3329 z)
434 3302 460 3323 et
478 3298 595 3324 iustitiae
618 3282 816 3323 rectitud1'›ie.-
833 3298 934 3328 'ret-tim
955 3299 1072 3324 iustitiae
1091 3304 1116 3325 et
1135 3302 1294 3327 rectitudine
1307 3303 1403 3335 prima,

342 3333 444 3358 iustitia
463 3337 489 3358 et
506 3333 665 3358 rectitudine
683 3333 849 3363 F‚1·ust1‘c1·ae
867 3337 893 3358 et
911 3334 1079 3359 rectitudinis
1092 3336 1121 3361 E.

394 3368 419 3402 ζ)
438 3369 660 3401 cognoscenda„-
678 3371 704 3393 et
722 3368 828 3401 agenda
847 3369 944 3394 addunt
957 3369 978 3393 E
991 3374 1016 3394 et
1034 3370 1107 3394 tertia
1126 3377 1226 3402 praeter
1240 3372 1272 3397 H.

1508 3161 1535 3194 η)
1554 3162 1599 3186 sic.
1612 3159 1713 3186 -Om.
1733 3162 1753 3185 E
1773 3166 1799 3186 et
1816 3161 1898 3187 tertia.

1508 3194 1532 3230 0)
1553 3196 1719 3229 iniquitas.—
1738 3196 1862 3222 delictum
1882 3195 1964 3222 tertia.

1508 3236 1527 3261 t)
1546 3232 1696 3257 orationem
1724 3232 1848 3257 aliorum.
1860 3245 1879 3250 -
1902 3231 1948 3261 bc,·
1967 3230 2088 3256 ordinem
2106 3229 2258 3263 aliquorum
2277 3229 2360 3262 prim·
2378 3235 2404 3255 et
2417 3228 2516 3263 pEHcl,

1453 3268 1603 3293 orationem
1628 3267 1778 3300 aliquorum
1804 3267 1881 3298 sEH,
1900 3266 2035 3292 orationes
2059 3265 2211 3298 aliquorum
2231 3265 2266 3297 F,
2290 3265 2426 3291 orationes
2448 3265 2516 3291 atio-

1454 3310 1513 3327 rum
1534 3302 1586 3331 PG,
1605 3302 1756 3334 aliquorum
1775 3301 1812 3335 pl.

1507 3337 1532 3370 κ)
1551 3337 1666 3371 effectus.
1677 3352 1696 3356 —
1715 3337 1834 3372 effectum
1853 3336 1935 3362 tertia.

2551 923 2644 971 ιοῖἑῗ·
2649 930 2723 972 έέᾱὶ
2737 923 2766 972 ζ’

2551 976 2605 998 llum
2619 979 2684 999 met.

2548 1977 2735 2033 ᾳὲηὸναιηωᾶ.
2736 1982 2748 2006 ⁵
2755 1984 2767 2004 ἶ

2549 2189 2560 2200 ·
2573 2189 2641 2212 Vero.
2655 2195 2692 2211 20.

2546 2924 2652 2953 ·n.⁶7.
2863 2937 2872 2964 Ξ

2859 3428 2872 3474 §.ff-a
2866 3407 2872 3414 ,v
