2872 3970
210 1148 221 1158 ·
234 1145 302 1168 Vera.
316 1151 354 1167 20.

211 1409 222 1419 ⁸
235 1407 302 1430 Vers.
320 1407 354 1430 16.

211 1510 222 1521 ⁴
235 1508 303 1530 Vers.
317 1513 354 1530 ao.

214 1879 225 1890 ⁸
238 1878 306 1900 Vers.
319 1884 343 1904 4.

217 2148 228 2159 ⁶
240 2147 306 2169 Vera.
323 2147 356 2169 18.

449 313 525 360 246

1138 311 1401 360 QUAESTIO
1431 312 1537 358 XIX,
1571 311 1866 350 ARTICULUS
1893 313 1944 350 IV

447 394 582 430 bonam,
607 399 639 425 et
667 393 817 425 affectum
847 393 1058 430 benevolum,
1083 397 1115 423 et
1143 398 1231 424 actus
1260 397 1453 427 reverentes,
1478 396 1509 421 et
1563 396 1610 421 est
1632 390 1666 422 id
1688 391 1795 422 solum
1819 391 1909 432 quod
1930 392 2103 423 retribuere
2125 392 2172 422 illi
2193 401 2383 433 possumus:
2406 393 2563 434 quoniam
2576 402 2627 425 se—

446 438 543 469 verba
565 439 782 475 honorabilia;
807 443 928 489 quanto
951 437 1051 477 magis
1075 436 1219 467 Creatori
1241 446 1278 467 ac
1300 435 1509 476 Redemptori
1564 434 1707 465 cundum
1723 445 1791 466 esse
1807 435 1897 476 quod
1911 436 2006 466 habet
2029 437 2063 466 in
2084 436 2201 477 seipso,
2217 436 2298 468 nihil
2315 446 2489 478 possumus
2508 437 2627 470 eidnoe

447 487 558 513 nostro
582 482 736 513 debemus
758 488 795 513 ut
815 482 850 512 in
872 482 965 512 nobis
988 491 1055 512 esse
1074 481 1198 517 habeat,
1214 486 1280 510 tam
1297 481 1331 510 in
1346 479 1509 510 intellectu
1564 484 1619 509 aut
1645 479 1767 510 tollere.
1798 479 1835 510 ln
1857 480 1921 511 hoc
1950 489 2092 520 namque
2122 489 2190 511 esse
2219 479 2311 520 quod
2331 481 2366 512 in
2394 481 2488 515 nobis
2517 479 2627 517 hahet,

448 535 546 566 quam
568 527 602 556 in
625 525 759 563 affectu,
784 535 882 567 quarn
904 526 938 556 in
961 525 1062 555 verbis
1086 530 1118 555 et
1140 525 1280 560 actibus,
1305 532 1448 554 consone
1471 522 1511 553 ad
1567 523 1672 553 omnis
1691 523 1796 554 cultus
1811 522 1937 554 divinus
1957 524 2110 574 consistit,
2127 529 2159 554 et
2174 523 2214 555 ad
2228 524 2292 555 hoc
2308 523 2486 556 ordinatur:
2510 525 2545 556 in
2560 531 2630 587 quo

447 570 667 601 excellentiam
697 580 798 606 suam,
823 570 862 600 ad
884 574 1011 610 recepta
1040 567 1205 604 beneficia,
1230 574 1289 598 etc.
1320 567 1395 598 Hoc
1425 567 1511 597 enirn
1565 572 1635 597 tota
1656 566 1718 597 Dei
1740 567 1842 607 gloria
1865 573 1951 598 extra
1973 568 2115 608 seipsum
2138 569 2292 599 consistit.

1226 719 1546 762 ARTICULUS
1576 719 1849 770 QUARTUS

1060 821 1218 853 UTRUM
1242 821 1456 852 cnmsws
1477 820 1587 852 ALns
1610 821 1773 852 MERERI
1796 820 2018 852 POTUEm‘r

633 911 701 936 Part.
721 911 739 942 1,
758 917 802 943 qu.
822 917 889 940 cxxv,
908 914 956 935 art.
974 908 1006 940 6;
1025 909 1098 940 infra,
1118 917 1163 941 qu.
1182 916 1268 938 xivxn.
1287 913 1334 934 art.
1354 915 1384 939 13
1404 908 1425 934 11
1444 909 1527 937 Seni„
1547 908 1606 934 dist.
1625 916 1664 939 xx,
1684 916 1728 941 qu.
1747 916 1774 938 11,
1793 913 1842 934 art.
1861 907 1885 940 3,
1904 909 1937 934 ad
1957 907 1986 940 33
2005 908 2046 940 111,
2065 908 2124 935 dist.
2143 916 2215 942 xvm,
2234 914 2282 936 art.
2300 908 2325 939 6,
2344 909 2394 942 qu‘
2414 916 2444 940 ις

1094 944 1136 969 De
1158 943 1248 974 Verit„
1269 951 1313 977 qu.
1331 951 1397 974 xxix.
1416 949 1463 970 art.
1481 951 1513 977 7;
1535 944 1678 976 compend.
1701 943 1801 974 Theot„
1819 951 1874 976 cap.
1894 951 1994 969 ccxm.

566 1059 617 1088 μί»
659 1047 682 1071 1)
703 1045 875 1077 QUARTUM
893 1045 946 1071 stc
965 1045 1200 1071 PROCEDrrUR.
1221 1033 1383 1070 Videtur
1401 1033 1508 1083 quod
1564 1033 1768 1079 Ecclesiae,
1789 1032 1852 1070 cui
1880 1044 2017 1070 omnes
2035 1032 2226 1071 uniuntur
2252 1031 2349 1070 sicut
2375 1033 2489 1083 capiti
2507 1045 2632 1071 mem—

498 1079 523 1108 t:
662 1087 836 1124 Christus
855 1086 936 1124 aliis
954 1086 1094 1123 mereri
1113 1098 1193 1124 non
1207 1086 1342 1136 potuit.
1363 1085 1511 1123 Dicitur

563 1169 566 1171 .
560 1140 647 1196 ἦκ’
661 1139 766 1177 enim
785 1139 1084 1177 Ezech.xv111*:
1113 1140 1254 1177 Anima
1272 1151 1368 1189 quae
1379 1151 1511 1189 pecca-

616 1186 752 1231 &verit
779 1194 858 1243 ipsa
886 1194 1075 1230 morietur.
1109 1193 1224 1241 Ergo,
1243 1192 1326 1242 pari
1354 1191 1510 1238 ratione,

450 1245 580 1283 anima
612 1258 712 1295 quae
740 1253 911 1282 meretur
944 1245 1027 1294 ipsa
1061 1244 1379 1282 remunerabitur.
1418 1245 1511 1282 Non

451 1306 506 1336 est
534 1310 623 1347 ergo
651 1298 831 1348 possibile
859 1298 966 1348 quod
995 1298 1168 1335 Christus
1202 1297 1283 1335 aliis
1318 1297 1510 1335 meruerit.

506 1363 540 1388 2.
575 1353 816 1398 PRAETEREA,
854 1352 899 1388 de
930 1351 1158 1401 plenitudine
1193 1353 1340 1401 gratiae
1380 1352 1516 1388 Christi

451 1417 579 1441 omnes
606 1406 801 1454 accipiunt,
822 1412 864 1440 ut
887 1404 1024 1440 dicitur
1051 1405 1154 1441 Ioan.
1175 1416 1185 1440 1
1203 1403 1234 1440 *.
1266 1404 1342 1441 Sed
1362 1403 1423 1441 alii
1442 1404 1512 1440 ho-

451 1457 595 1502 mines,
635 1457 819 1493 habentes
855 1456 1013 1504 gratiam
1047 1456 1207 1503 Christi,
1236 1469 1316 1494 non
1352 1463 1533 1505 possunt·

451 1509 532 1546 aliis
560 1509 716 1546 mereri:
747 1509 884 1546 dicitur
911 1509 1015 1546 enirn
1044 1510 1182 1546 Ezech.
1204 1521 1263 1546 xiv
1282 1509 1302 1531 '¹‘
1329 1509 1454 1558 quod,
1482 1510 1516 1546 si

447 1563 589 1610 suerint
616 1564 653 1599 in
682 1563 825 1599 civitate
851 1563 957 1608 Noe,
986 1562 1124 1599 Daniel
1151 1568 1183 1598 et
1209 1563 1297 1608 Iob,
1316 1562 1444 1610 filium
1481 1567 1514 1598 et

439 1615 568 1663 filiam
597 1628 671 1652 non
700 1615 918 1661 liberabunt,
937 1615 1003 1651 sed
1028 1616 1098 1664 ipsi
1124 1616 1256 1651 iustitia
1283 1627 1351 1651 sua
1379 1615 1512 1651 libera-

451 1669 540 1705 bunt
567 1669 712 1705 animas
739 1680 835 1705 suas.
865 1668 967 1716 Ergo
995 1679 1067 1704 nec
1097 1667 1269 1705 Christus
1297 1666 1421 1716 potuit
1450 1666 1514 1704 ali-

452 1720 546 1770 quid
574 1721 685 1757 nobis
713 1720 863 1758 mereri.
1041 1753 1044 1755 Α

449 1802 454 1803 ⁷
508 1773 541 1810 3.
571 1774 803 1820 PRAETEREA,
823 1786 964 1811 merces
991 1785 1111 1823 quam
1139 1772 1225 1822 quis
1253 1780 1432 1820 meretur,
1454 1773 1515 1810 de-

453 1828 558 1864 betur
583 1827 785 1863 secundum
812 1828 996 1872 iustitiam,
1026 1832 1059 1863 et
1087 1839 1161 1863 non
1188 1826 1391 1863 secundum
1426 1838 1515 1876 gra-

453 1881 563 1916 tiam:
597 1886 639 1916 ut
665 1886 768 1928 patet
794 1880 905 1917 Rom.
926 1891 960 1916 1v
978 1879 1009 1916 ⁵⁸.
1040 1878 1081 1916 Si
1109 1891 1199 1927 ergo
1236 1879 1409 1916 Christus
1437 1891 1514 1915 me-

455 1931 530 1968 ruit
557 1933 719 1968 salutem
738 1939 920 1977 nostram,
941 1932 1113 1981 sequitur
1132 1931 1239 1980 quod
1258 1933 1359 1969 salus
1387 1939 1516 1969 nostra

454 1997 536 2022 non
564 1984 610 2021 sit
637 1997 683 2022 ex
710 1984 827 2033 gratia
854 1985 945 2030 Dei,
975 1985 1042 2022 sed
1070 1997 1116 2021 ex
1144 1984 1299 2022 iustitia:
1337 1992 1373 2022 et
1408 1985 1515 2034 quod

454 2037 592 2075 iniuste
621 2045 704 2086 agat
731 2050 823 2075 cum
851 2037 903 2074 eis
931 2050 1030 2087 quos
1058 2049 1138 2074 non
1166 2039 1295 2084 salvat,
1316 2049 1406 2075 cum
1435 2050 1516 2075 me-

455 2090 572 2127 ritum
602 2090 740 2127 Christi
768 2091 817 2127 ad
845 2102 982 2128 omnes
1010 2102 1049 2127 se
1078 2091 1266 2127 extendat.

509 2144 582 2180 SED
611 2155 755 2180 CONTRA
783 2155 848 2180 EST
876 2143 984 2192 quod
1011 2142 1149 2180 dicitur
1174 2145 1285 2180 Rom.
1306 2157 1330 2180 v
1347 2143 1387 2181 *z
1418 2146 1517 2181 Sicut

448 2208 522 2246 per
540 2198 647 2233 unius
661 2196 830 2233 delictum
849 2198 886 2233 in
907 2208 1035 2234 omnes
1053 2197 1219 2234 homines
1237 2198 1275 2234 in
1295 2197 1516 2234 condemna-

454 2251 602 2295 tionem,
622 2251 674 2286 sic
693 2255 726 2286 et
737 2261 810 2298 per
829 2251 936 2286 unius
957 2251 1128 2286 iustitiam
1148 2251 1184 2286 in
1205 2262 1334 2287 omnes
1351 2251 1518 2287 homines

454 2303 492 2338 in
513 2303 805 2350 iustitie-ationem
823 2303 929 2340 vitae.
969 2302 1046 2339 Sed
1073 2302 1305 2340 demeritum
1323 2303 1431 2340 Adae
1452 2303 1517 2340 de-

395 2375 398 2378 ‹
454 2354 599 2392 rivatur
616 2355 665 2391 ad
684 2355 1049 2392 condemnationem
1067 2354 1243 2392 aliorum.
1271 2356 1374 2404 Ergo
1393 2357 1515 2393 multo

216 2463 427 2490 ‘Qu.vm,urt.1‚5.

453 2407 574 2456 magis
601 2407 782 2444 meritum
811 2408 950 2445 Christi
979 2408 1028 2445 ad
1055 2408 1149 2445 alios
1177 2408 1381 2445 derivatur.

507 2462 730 2498 RESPONDEO
750 2473 931 2498 DICENDUM
951 2461 1069 2510 quod,
1091 2460 1187 2498 sicut
1205 2461 1352 2510 supra*
1369 2461 1516 2499 dictum

454 2521 519 2559 est,
541 2513 580 2550 in
601 2513 751 2551 Christo
771 2526 852 2550 non
871 2515 998 2551 solum
1017 2513 1086 2550 fuit
1103 2513 1220 2562 gratia
1243 2514 1340 2551 sicut
1358 2514 1398 2551 in
1419 2527 1515 2564 quo-

453 2566 545 2603 dam
573 2566 731 2603 homine
752 2566 952 2615 singulari,
982 2567 1049 2603 sed
1069 2566 1166 2604 sicut
1193 2566 1233 2604 in
1251 2566 1373 2616 capite
1401 2568 1516 2605 totius

505 2698 533 2734 α)
548 2699 784 2732 propagationem.
799 2712 820 2718 -
833 2699 1014 2732 propaginem
1033 2699 1116 2726 tertia.

1565 1086 1647 1132 bra,
1668 1098 1715 1123 ex
1742 1085 1884 1135 quibus
1907 1085 2149 1123 constituitur
2175 1085 2335 1136 mystice
2355 1097 2435 1124 una
2451 1094 2630 1136 persona.

1567 1140 1616 1176 Et
1644 1139 1781 1176 exinde
1809 1146 1864 1176 est
1891 1139 1999 1188 quod
2027 1138 2210 1176 meritum
2239 1138 2380 1176 Christi
2404 1150 2446 1176 se
2464 1138 2632 1177 extendit

1567 1192 1616 1229 ad
1654 1192 1768 1238 alios,
1798 1191 2028 1241 inquantum
2058 1199 2147 1229 sunt
2183 1191 2360 1229 membra
2396 1191 2499 1229 eius:
2534 1191 2632 1241 sicut

1568 1244 1683 1282 etiam
1711 1244 1750 1282 in
1768 1256 1850 1282 uno
1870 1244 2030 1282 homine
2049 1244 2147 1282 actio
2167 1244 2299 1294 capitis
2318 1244 2530 1294 aliqualiter
2546 1256 2632 1295 per—

1567 1298 1660 1335 tinet
1688 1298 1737 1335 ad
1765 1297 1898 1335 omnia
1924 1297 2101 1335 membra
2138 1297 2250 1348 eius,
2270 1297 2363 1347 quia
2389 1309 2470 1335 non
2504 1299 2633 1348 solum

1568 1350 1639 1388 sibi
1667 1350 1790 1397 sentit,
1819 1351 1887 1388 sed
1915 1350 2098 1388 omnibus
2125 1350 2322 1388 membris.

1620 1405 1678 1440 An
1706 1416 1842 1441 Panium
1870 1415 1968 1441 ERGO
1990 1415 2172 1441 memnon
2200 1404 2307 1453 quod
2326 1411 2528 1453 peccatum
2556 1403 2632 1442 sin-

1568 1456 1707 1505 gularis
1741 1468 1930 1506 personae
1967 1468 2048 1493 non
2085 1459 2198 1494 nocet
2225 1456 2297 1494 nisi
2325 1456 2395 1494 sibi
2431 1456 2515 1507 ipsi.
2553 1457 2633 1496 Sed

1568 1517 1771 1559 peccatum
1799 1509 1918 1555 Adae,
1948 1509 2015 1558 qui
2043 1509 2269 1546 constitutus
2297 1517 2352 1546 est
2375 1522 2397 1546 a
2415 1510 2501 1547 Deo
2528 1509 2632 1560 prin-

1569 1561 1714 1611 cipium
1733 1561 1848 1598 totius
1876 1569 2046 1607 naturae,
2067 1562 2115 1598 ad
2135 1561 2228 1599 alios
2256 1574 2326 1611 per
2343 1562 2467 1599 carnis
2493 1575 2633 1613 propa-

1568 1614 1791 1663 gationem²
1806 1614 2010 1651 derivatur.
2032 1615 2081 1652 Et
2099 1613 2269 1652 similiter
2281 1614 2464 1652 meritum
2479 1614 2632 1668 Christi,

1570 1667 1638 1716 qui
1665 1674 1721 1704 est
1748 1679 1771 1704 a
1798 1667 1883 1704 Deo
1905 1666 2132 1704 constitutus
2159 1675 2274 1717 caput
2301 1667 2481 1705 omnium
2507 1662 2633 1706 horni-

1569 1732 1667 1757 num
1686 1727 1877 1769 quantum
1905 1720 1954 1757 ad
1981 1719 2153 1768 gratiam,
2173 1732 2214 1757 se
2233 1720 2402 1758 extendit
2428 1721 2477 1758 ad
2501 1730 2634 1760 omma

1570 1773 1652 1810 eius
1680 1772 1868 1810 membra.

1623 1827 1680 1863 An
1708 1838 1897 1863 SECUNDUM
1915 1837 2097 1864 monimum
2116 1826 2223 1876 quod
2243 1826 2305 1864 alii
2329 1826 2377 1864 de
2396 1825 2633 1877 plenitudine

1572 1878 1712 1916 Christi
1749 1878 1951 1928 accipiunt,
1984 1891 2066 1916 non
2102 1878 2261 1928 quidem
2297 1879 2444 1917 fontem
2467 1878 2632 1929 gratiae,

1571 1932 1638 1969 sed
1658 1931 1855 1981 quandam
1874 1931 2142 1981 particularem
2168 1931 2338 1981 gratiam.
2367 1933 2417 1970 Et
2442 1931 2531 1970 ideo
2551 1940 2634 1970 non

1571 1992 1722 2045 oportet
1749 1985 1856 2034 quod
1888 1983 1950 2022 alii
1977 1984 2156 2022 homines
2183 1985 2332 2034 possint
2358 1985 2439 2023 aliis
2472 1984 2632 2041 mereri,

1571 2037 1668 2075 sicut
1697 2037 1881 2075 Christus.

1624 2092 1681 2128 An
1717 2103 1877 2128 marium
1912 2103 2094 2129 memnon
2131 2091 2260 2141 quod,
2298 2090 2395 2128 sicut
2430 2097 2634 2142 peceatum

1571 2145 1678 2182 Adae
1707 2156 1788 2181 non
1815 2143 2011 2181 derivatur
2037 2143 2086 2181 ad
2113 2143 2208 2181 alios
2235 2143 2308 2182 nisi
2333 2156 2405 2194 per
2440 2144 2634 2185 carnalem

1571 2197 1870 2246 generationem,
1891 2196 1942 2234 ita
1969 2196 2151 2234 meritum
2172 2196 2311 2234 Christi
2332 2209 2413 2234 non
2440 2195 2635 2243 derivatur

1572 2250 1621 2287 ad
1640 2250 1734 2287 alios
1752 2249 1825 2287 nisi
1838 2261 1909 2299 per
1926 2249 2254 2298 regenerationem
2271 2250 2518 2300 spiritualem,
2529 2251 2634 2302 quae

1571 2303 1642 2340 fit
1633 2315 1673 2340 1n
1687 2303 1892 2353 baptismo,
1906 2315 1977 2353 per
1994 2315 2115 2352 quam
2130 2302 2282 2340 Christo
2301 2297 2632 2362 incorporamur&

1571 2356 1789 2394 secundum
1816 2355 1910 2393 illud
1940 2356 2061 2393 Galat.
2087 2368 2121 2393 111
2145 2355 2182 2378 *·
2216 2355 2353 2394 Omnes
2386 2354 2577 2408 quotquot
2593 2349 2633 2394 'in
2658 2361 2671 2375 ⁸

1574 2411 1717 2447 Christo
1745 2410 1917 2459 baptizati
1941 2411 2034 2455 estis,
2067 2410 2252 2446 Christum
2277 2409 2452 2446 induistis.
2481 2408 2531 2446 Et
2556 2405 2634 2451 hoc

1570 2462 1701 2511 ipsum
1728 2469 1784 2499 est
1810 2461 1968 2510 gratiae,
1998 2438 2106 2511 q'uod
2132 2460 2283 2499 homini
2315 2461 2540 2499 conceditur
2573 2472 2632 2499 re-

1569 2515 1742 2574 generari
1769 2514 1809 2551 in
1838 2514 2001 2551 Christo.
2032 2514 2080 2551 Et
2107 2513 2161 2551 sic
2188 2515 2290 2551 salus
2308 2513 2479 2551 hominis
2502 2521 2633 2560 estex

1571 2575 1699 2616 grana.

1623 2698 1648 2733 β)
1671 2699 1776 2725 Gir-Isto
1804 2700 2018 2742 incorporamur.
2033 2714 2054 2719 -
2074 2700 2180 2726 Giristo
2209 2701 2418 2734 incorporantur
2440 2702 2490 2735 Gb,
2513 2701 2634 2730 honines

1570 2735 1677 2760 Christo
1696 2735 1734 2768 (in
1757 2735 1863 2760 Christo
1882 2734 1903 2770 1)
1923 2735 2132 2768 incorporantur
2153 2736 2206 2763 Plc.

1127 2821 1461 2855 Commentaria
1484 2820 1734 2855 Oa‘rdinalis
1756 2823 1958 2856 Caietani

457 2918 620 2980 Tmmus
636 2909 675 2939 de
690 2910 805 2940 merito
829 2909 981 2950 condigni
1003 2910 1206 2950 intelligitur:
1232 2915 1263 2941 et
1283 2910 1384 2941 clarus
1407 2916 1454 2941 est
1476 2920 1514 2941 ex

514 2954 655 2983 terminis
678 2954 823 2994 superius
839 2955 855 2971 ⁴*
879 2953 1052 2984 declaratis.

509 2996 544 3026 In
567 3006 702 3037 corpore
732 3003 778 3028 est
807 2999 902 3028 unica
931 2998 1097 3029 conclusio
1129 2999 1327 3039 responsiva:
1361 2999 1514 3030 Meritum

457 3040 576 3070 Christi
598 3041 740 3072 extendit
761 3051 795 3072 se
817 3042 860 3072 ad
883 3042 966 3073 alios
990 3048 1025 3073 ut
1047 3041 1188 3074 membra
1216 3043 1324 3084 ipsius.
1359 3043 1516 3074 Probatur

455 3090 486 3114 et
509 3084 691 3115 declaratur.
716 3086 833 3122 Primo,
851 3087 1012 3126 probatur.
1037 3087 1073 3117 ln
1095 3087 1222 3118 Christo
1245 3087 1306 3118 fuit
1327 3088 1425 3128 gratia
1446 3098 1514 3118 non

456 3128 561 3158 solum
576 3134 612 3158 ut
627 3130 660 3159 in
676 3130 808 3159 homine
824 3130 982 3170 singulari,
999 3130 1055 3161 sed
1070 3137 1106 3161 ut
1121 3132 1154 3162 in
1171 3132 1274 3172 capite
1289 3133 1387 3162 totius
1403 3132 1514 3163 Eccle-

455 3172 528 3201 siae.
553 3172 638 3212 Ergo
661 3174 809 3203 meritum
833 3175 941 3213 ipsius.
963 3193 987 3197 —
1011 3175 1212 3206 Antecedens
1235 3182 1322 3216 patet
1352 3185 1390 3206 ex
1419 3185 1515 3216 supra

456 3214 556 3245 dictis.
579 3233 602 3238 -
625 3215 864 3256 Consequentia
891 3223 992 3258 patet.
1024 3220 1099 3269 quia
1122 3229 1159 3250 ex
1184 3221 1334 3251 omnibus
1363 3221 1514 3251 membris

457 3259 659 3289 constituitur
688 3269 752 3290 una
781 3269 918 3299 persona
947 3263 1094 3303 mystica,
1120 3265 1211 3295 cuius
1241 3270 1352 3305 caput,
1376 3265 1440 3296 hoc
1468 3270 1515 3296 est

456 3302 640 3342 principale,
664 3308 711 3333 est
734 3303 886 3334 Christus.

1622 2911 1806 2942 Declaratur
1822 2921 1860 2942 ex
1875 2912 2106 2943 similitudine·
2097 2922 2131 2943 m
2146 2913 2298 2944 homine:
2322 2914 2399 2954 quia
2421 2919 2519 2955 caput
2534 2915 2632 2948 sentit

1567 2955 1627 2985 sibi
1651 2961 1682 2985 et
1705 2956 1856 2986 omnibus
1878 2957 2041 2987 membris.

1623 2999 1659 3029 11.
1683 2999 1822 3031 Adverte
1837 3000 1889 3031 hic
1905 3001 1994 3040 quod
2016 3001 2219 3052 privilegium
2235 3001 2354 3033 Christi
2372 3007 2420 3033 est
2432 3003 2548 3034 mered
2560 3001 2632 3034 ὥς

1569 3053 1606 3074 ex
1623 3043 1801 3084 condigno:
1826 3045 1869 3075 ita
1892 3044 1991 3085 quod,
2007 3046 2090 3076 sicut
2113 3046 2200 3077 solus
2217 3050 2264 3076 est
2281 3051 2379 3087 caput
2399 3046 2571 3084 Ecclesiae,
2585 3046 2632 3078 ita

1567 3087 1655 3118 solus
1670 3093 1777 3128 potest
1791 3090 1905 3119 mereri
1921 3099 1959 3119 ex
1972 3089 2134 3130 condigno
2150 3099 2210 3131 pro
2226 3090 2303 3121 aliis.
2316 3090 2506 3122 Sanctorum
2521 3095 2630 3122 nutem

1567 3132 1679 3162 merita
1702 3133 1769 3163 aliis
1792 3132 1943 3173 prodesse
1965 3139 2101 3174 possunt
2123 3133 2163 3165 de
2184 3143 2339 3175 congruo.
2361 3135 2486 3166 Auctor
2501 3143 2580 3166 vero
2594 3135 2630 3166 in

1566 3177 1777 3216 responsione
1800 3177 1839 3207 ad
1862 3178 2041 3209 secundum
2063 3178 2142 3209 dixit
2168 3178 2259 3220 quod
2279 3177 2457 3211 sufficiebat
2477 3178 2518 3210 ad
2539 3178 2633 3213 solu—

1567 3221 1690 3251 tionem
1712 3222 1907 3261 argumenti:
1933 3221 2023 3263 quod
2044 3222 2165 3254 scilicet
2186 3232 2255 3254 non
2270 3227 2398 3264 oportet
2419 3228 2546 3254 sanctos
2560 3232 2631 3255 me-

1566 3265 1628 3296 reri
1642 3274 1702 3305 pro
1718 3265 1795 3296 aliis.
1813 3265 1899 3296 Cum
1915 3275 1982 3307 quo
1997 3275 2110 3298 verum
2125 3275 2259 3314 quoque
2273 3272 2322 3298 est
2336 3265 2426 3308 quod
2439 3276 2508 3298 non
2522 3273 2633 3308 potest

1567 3314 1751 3340 sanctorum
1773 3310 1923 3341 meritum
1947 3319 2016 3342 esse
2037 3320 2097 3352 pro
2121 3311 2184 3342 alio
2208 3320 2246 3342 ex
2268 3310 2442 3352 condigno.

1011 3465 2070 3502 ᾐῇ-ῄρωφ-ὴ-

2704 1361 2712 1370 -ι
2717 1354 2788 1379 ’φορ-ἰα
