2872 3970
165 343 175 353 ·
189 342 254 364 Vers.
272 349 289 364 ι.

166 431 174 440 ·
183 429 240 451 Ord.
247 404 375 450 εἰΗὶαι-οη.

166 561 175 570 ·
190 558 212 580 1¹¹
223 559 276 585 11³⁶,
287 562 375 586 quaest.

165 591 245 611 ικνιιι,
260 589 301 606 art.
318 592 336 607 ι.

165 771 175 781 ’
191 771 257 792 Vers.
275 778 292 792 1.

170 2282 179 2290 ·
194 2280 216 2301 Ι“
226 2280 280 2307 11²²,
290 2286 329 2308 qu.
341 2286 377 2305 xe,

168 2311 210 2329 art.
232 2314 254 2333 ις
273 2313 312 2334 qu.
331 2312 377 2333 xu,

168 2337 208 2355 art.
224 2339 249 2359 2:
267 2339 306 2360 qu.
322 2339 376 2360 zui,

168 2364 209 2381 art.
227 2367 244 2382 ι.

167 2388 177 2397 ’
192 2387 242 2408 Art.
257 2394 279 2413 4.

168 2709 176 2717 ·
187 2707 265 2729 Tract.
274 2708 313 2729 ΙΧ.
323 2720 331 2724 -
341 2708 376 2729 Cf.

167 2734 193 2755 ln
204 2734 268 2755 loan.
278 2734 343 2755 Εναη
363 2752 376 2760 .,

167 2764 232 2782 tract.
251 2742 364 2782 Lxxxx?

169 2862 178 2871 ⁸
195 2861 241 2888 Qu.
253 2868 291 2888 xv,
306 2866 347 2883 art.
360 2870 377 2884 ι.

170 3012 179 3021 ·
193 3011 258 3033 Vero.
276 3013 306 3034 ¹8.

169 3122 178 3131 ⁸
194 3121 259 3143 Vera.
277 3128 310 3149 ¹9.

168 3277 178 3285 ·
197 3275 264 3296 vers.
278 3282 297 3303 3.

408 276 478 302 112

1101 267 1364 313 QUAESTIO
1394 267 1477 313 VII,
1512 267 1805 306 ARTICULUS
1832 269 1882 306 VI

459 344 532 381 SED
553 356 696 381 CONTRA
717 357 782 382 EST
801 346 908 394 quod
927 345 1064 382 dicitur
1082 345 1198 382 Isaiae
1213 345 1298 382 1v*:
1326 349 1466 395 Appre-
1493 360 1496 401 ι
1522 345 1617 383 sicut
1645 347 1784 393 homo,
1813 354 2173 396 quantumcumque
2207 348 2412 397 perfectus,
2440 350 2581 399 indiget

403 397 561 434 hendent
583 403 718 447 septem
743 400 915 435 mulieres
939 400 1061 436 virum
1086 410 1220 434 unum:
1245 398 1382 435 Glossa
1397 397 1465 434 ²³¹²:

405 450 504 495 idest,
533 456 669 500 septem
698 451 797 488 dona
826 453 980 501 Spiritus
1007 453 1135 488 Sancti
1164 451 1360 487 Christum.

458 503 683 541 Rsssponm-:o
721 516 902 541 DlCENDUM
930 504 1057 553 quod,
1087 503 1183 540 sicut
1218 503 1257 540 in
1290 503 1468 541 Secunda

405 556 516 592 Parte
534 555 555 577 ’¹‘
581 555 727 593 dictum
756 564 822 603 est,
847 557 951 593 dona
978 555 1132 605 proprie
1160 563 1248 593 sunt
1275 557 1468 605 quaedam

405 608 655 657 perfectiones
674 609 932 658 potentiarum
951 608 1102 645 animae
1122 609 1338 646 secundum
1361 609 1468 658 quod

406 669 495 698 sunt
522 668 632 698 natae
657 661 806 699 moveri
826 674 848 699 a
869 661 1011 710 Spiritu
1040 662 1192 699 Sancto.
1222 661 1468 699 Manifestum

405 722 462 751 est
480 722 609 752 autem
629 715 735 764 quod
756 714 884 751 anima
901 714 1039 751 Christi
1058 714 1328 763 perfectissime
1343 727 1365 751 a
1385 714 1469 764 Spi-

406 766 479 804 ritu
499 768 639 806 Sancto
658 767 905 804 movebatur:
930 767 1146 804 secundum
1165 766 1257 804 illud
1275 768 1371 804 Luc.
1388 767 1467 805 1v*:

404 821 519 866 Iesus,
534 821 667 870 plenus
697 821 832 870 Spiritu
861 822 1013 866 Sancto,
1044 832 1233 870 regressus
1260 826 1310 857 est
1337 833 1361 858 a
1390 823 1469 858 Ior-

405 873 519 919 dane,
549 880 582 911 et
615 875 798 923 agebatur
830 885 854 910 a
883 875 1018 922 Spiritu
1053 875 1091 909 in
1127 874 1318 910 desertum.
1358 874 1469 911 Unde

405 925 650 963 manifestum
688 933 743 963 est
771 927 878 974 quod
907 926 945 963 in
975 925 1127 962 Christo
1163 926 1318 964 fuerunt
1349 927 1469 964 excel-

405 978 611 1016 lentissime
639 979 753 1016 dona.

459 1032 515 1068 An
544 1044 679 1069 PRIMUM
708 1044 806 1070 ERGO
830 1031 1139 1081 D1CENDUM'quod
1159 1031 1251 1069 illud
1279 1032 1386 1081 quod
1415 1039 1470 1069 est

404 1084 615 1132 perfectum
645 1085 861 1122 secundum
890 1084 1066 1122 ordinem
1095 1097 1188 1122 suae
1215 1092 1384 1132 naturae,
1414 1084 1469 1122 in-

404 1136 505 1185 diget
532 1137 706 1174 adiuvari
735 1138 783 1175 ab
812 1150 859 1175 eo
896 1138 1003 1187 quod
1032 1145 1087 1174 est
1114 1137 1254 1175 altioris
1289 1146 1467 1175 naturae:

458 1258 486 1293 α)
506 1260 610 1286 Glossa.
627 1274 647 1279 —-
664 1260 684 1285 F
703 1266 728 1286 et
747 1261 835 1292 tertia5
854 1261 920 1286 dicit
941 1262 1044 1287 Glossa.

1522 398 1695 435 adiuvari
1714 411 1736 436 a
1755 399 1851 436 Deo.
1882 401 1929 436 Et
1954 401 2030 437 hoc
2056 401 2176 437 modo
2194 401 2352 438 virtutes
2371 401 2386 432 β
2413 401 2581 452 indigent

1522 451 1695 488 adiuvari
1713 464 1783 501 per
1810 452 1924 500 dona,
1945 465 2044 502 quae
2072 453 2276 502 perficiunt
2296 454 2483 503 potentias
2501 455 2580 493 ani-

1522 516 1608 541 mae
1624 504 1837 542 secundum
1854 505 1960 554 quod
1980 513 2068 543 sunt
2086 513 2214 544 motae
2233 519 2255 543 a
2271 506 2413 556 Spiritu
2429 508 2579 546 Sancto.

1575 558 1632 594 An
1661 569 1850 595 SECUNDUM
1877 570 2058 596 mcennum
2086 559 2193 608 quod
2223 559 2396 597 Christus
2417 572 2498 598 non
2524 573 2581 598 se-

1522 610 1696 646 cundum
1715 609 1818 647 idem
1837 618 1892 648 est
1918 611 2103 660 recipiens
2122 619 2158 649 et
2176 612 2272 649 dans
2291 612 2395 650 dona
2421 612 2582 662 Spiritus

1523 662 1670 699 Sancti:
1701 663 1767 700 sed
1787 663 1851 700 dat
1869 664 2085 701 secundum
2113 665 2220 714 quod
2248 666 2365 711 Deus,
2386 673 2422 702 et
2448 665 2583 716 accipit

1522 715 1738 752 secundum
1766 715 1873 764 quod
1901 716 2034 754 homo.
2063 717 2175 755 Unde
2195 717 2402 766 Gregorius
2422 718 2523 766 dicit,
2542 717 2583 756 in

1522 769 1552 804 ΙΙ
1579 768 1722 806 Moral.
1741 767 1780 815 ³⁸,
1809 769 1916 817 quod
1945 770 2098 819 Spiritus
2132 772 2287 808 Sanctus
2318 772 2582 809 humanitatem

1526 821 1662 858 Christi
1688 833 1878 870 nunquam
1897 822 2064 870 deseruit,
2084 835 2134 860 ex
2160 825 2263 861 cuius
2287 823 2473 862 divinitate
2493 837 2582 874 pro-

1522 873 1625 910 cedit.

1576 927 1632 963 An
1659 938 1818 964 TERTIUM
1847 938 2028 964 memnon
2048 928 2154 977 quod
2174 928 2213 965 in
2234 929 2386 966 Christo
2414 941 2495 967 non
2523 941 2583 967 so-

1523 980 1604 1016 lum
1623 978 1691 1016 fuit
1719 978 1884 1027 cognitio
1903 979 2057 1029 patriae,
2077 981 2145 1018 sed
2164 981 2278 1019 etiam
2300 981 2465 1030 cognitio
2484 982 2582 1030 viae,

1523 1039 1564 1069 ut
1582 1031 1678 1069 infra
1696 1031 1716 1054 ’¹‘
1743 1031 1899 1070 dicetur.
1929 1033 1977 1070 Et
1998 1040 2127 1071 tamen
2155 1033 2270 1072 etiam
2291 1034 2331 1072 in
2348 1034 2469 1084 patria
2496 1043 2585 1073 sunt

1523 1097 1592 1134 per
1618 1084 1787 1134 aliquem
1814 1085 1979 1123 modum
1998 1085 2102 1124 dona
2131 1086 2292 1136 Spiritus
2321 1087 2460 1135 Sancti,
2480 1096 2523 1126 ut
2544 1087 2584 1126 in

1524 1138 1703 1175 Secunda
1730 1139 1839 1175 Parte
1858 1138 1879 1160 '¹‘
1906 1137 2081 1176 habitum
2110 1147 2175 1177 est.

1576 1260 1602 1295 β)
1622 1262 1742 1287 virtutes.
1760 1276 1780 1280 -
1797 1269 1865 1295 quae
1888 1262 2033 1295 perficiunt
2057 1264 2194 1296 potentias
2217 1264 2324 1290 animae
2346 1265 2491 1291 secundum
2515 1265 2587 1300 quod

1492 1262 1496 1328 i
1522 1297 1657 1323 ducuntur
1676 1297 1787 1327 ratione,
1807 1301 2040 1331 quantumcunque
2057 1299 2113 1324 sim
2125 1300 2263 1334 perfectae
2282 1300 2352 1325 addit
2369 1301 2450 1327 tertia.

1081 1383 1415 1416 Commentaria
1438 1383 1688 1417 Cardinalis
1710 1384 1911 1418 Caietani

465 1474 572 1494 xrunus
602 1464 724 1494 articuli
749 1465 851 1504 quinti
882 1465 983 1495 clarus
1007 1470 1063 1495 est.
1079 1483 1101 1487 —
1122 1465 1156 1495 In
1187 1474 1322 1505 corpore
1347 1465 1469 1495 articuli

406 1475 559 1538 Tunica
591 1514 637 1538 est
667 1508 851 1544 conclusio,
875 1509 1059 1548 responsiva
1090 1509 1234 1548 quaesito
1266 1508 1468 1539 affirmative:

1577 1464 1780 1496 Antecedens
1802 1466 1956 1506 probatur
1971 1476 2009 1498 ex
2025 1466 2145 1508 duplici
2168 1468 2354 1500 auctoritate
2377 1468 2550 1510 Evangelii.
2562 1488 2586 1492 -

1523 1508 1765 1549 Consequentia
1793 1510 1946 1550 probatur
1973 1520 2011 1541 ex
2038 1511 2213 1552 quidditate
2241 1512 2419 1544 donorum:
2450 1513 2584 1550 scilicet,

403 1552 443 1582 In
462 1552 590 1582 Christo
605 1552 750 1594 fuerunt
772 1553 1035 1583 excellentissime
1057 1552 1154 1583 dona.
1171 1553 1335 1583 Probatur.
1352 1553 1470 1583 Anima
1523 1553 1613 1592 quod
1643 1559 1717 1583 sunt
1745 1554 1874 1594 proprie
1904 1554 2117 1595 perfectiones
2146 1557 2363 1596 potentiarum
2390 1557 2514 1588 animae
2537 1566 2586 1589 se-

405 1596 521 1626 Christi
544 1596 771 1636 perfectissime
795 1606 813 1627 a
832 1597 950 1636 Spiritu
975 1597 1091 1627 Sancto
1115 1597 1314 1627 movebatur.
1334 1596 1420 1636 Ergo
1435 1597 1469 1627 in
1523 1596 1666 1627 cundum
1690 1597 1779 1637 quod
1803 1603 1876 1628 sunt
1899 1603 1991 1629 natae
2014 1599 2137 1630 moveri
2160 1609 2178 1630 a
2201 1599 2319 1641 Spin'tu
2343 1600 2470 1632 Sancto.

405 1639 532 1671 Christo
558 1640 686 1671 fuerunt
709 1641 971 1671 excellentissime
995 1640 1090 1671 dona.

1219 1802 1538 1844 ARTICULUS
1569 1802 1777 1845 SEXTUS

995 1895 1151 1927 UTRUM
1175 1895 1218 1926 1N
1243 1895 1432 1926 CHRISTO
1457 1895 1616 1926 FUERrr
1639 1895 1801 1929 DONUM
1822 1897 1999 1929 Tmolus

1036 1974 1068 1999 111
1088 1974 1172 2005 Sent„
1191 1974 1250 1999 dist.
1269 1982 1308 2004 xv.
1328 1982 1372 2007 qu.
1391 1981 1419 2004 ιι,
1439 1978 1485 2000 art.
1507 1981 1531 2005 2,
1550 1974 1599 2007 qu·
1621 1974 1650 2005 33
1671 1975 1700 1999 In
1721 1975 1827 2006 Isaiam,
1847 1983 1903 2010 cap.
1921 1984 1955 2002 ιι.

520 2078 577 2112 9³12<

466 2110 481 2132 '⁶
532 2102 596 2174 Ἑρ
618 2116 657 2152 in
673 2116 825 2152 Christo
845 2128 925 2153 non
939 2116 1008 2153 fuit
1022 2117 1173 2153 donum
1192 2115 1351 2153 timoris.
1374 2117 1470 2165 Spes

454 2166 463 2177 '⁴
508 2183 544 2217 rs,
559 2156 722 2205 enim
750 2169 878 2218 potior
896 2168 1048 2206 videtur
1071 2181 1191 2218 quam
1214 2168 1347 2206 timor:
1378 2181 1469 2206 nam

506 2212 560 2255 ’ᾗῇ
575 2212 698 2271 &spei
727 2221 923 2259 obiectum
951 2230 1006 2259 est
1024 2222 1188 2268 bonum,
1209 2221 1356 2259 timoris
1375 2234 1469 2259 vero

406 2275 565 2320 malum,
587 2282 628 2311 ut
656 2275 695 2311 in
725 2275 903 2312 Secunda
923 2276 1033 2312 Parte
1052 2275 1072 2296 ’¹⁸
1100 2275 1276 2312 habitum
1295 2283 1361 2312 est.
1392 2275 1469 2313 Sed

406 2327 445 2364 in
475 2327 626 2364 Christo
662 2340 742 2364 non
770 2328 838 2365 fuit
865 2328 986 2365 virtus
1019 2328 1121 2378 spei,
1150 2335 1193 2365 ut
1221 2340 1337 2377 supra
1355 2327 1375 2350 *
1403 2329 1469 2365 ha-

405 2380 528 2417 bitum
566 2388 631 2417 est.
672 2381 773 2429 Ergo
802 2380 917 2418 etiam
954 2393 1034 2418 non
1071 2380 1140 2418 fuit
1175 2380 1214 2417 in
1243 2393 1290 2418 eo
1318 2381 1469 2418 donum

405 2433 563 2470 timoris.

459 2498 493 2523 2.
524 2487 762 2535 PRAETEREA‚
792 2487 898 2524 dono
926 2486 1073 2524 timoris
1099 2486 1206 2524 timet
1241 2486 1376 2535 aliquis
1407 2488 1470 2524 vel

405 2539 685 2589 separationem
714 2552 735 2577 a
763 2540 860 2586 Deo,
890 2540 997 2589 quod
1024 2539 1186 2589 pertinet
1213 2540 1262 2577 acl
1289 2539 1469 2577 timorem

405 2599 565 2637 castum,·
592 2594 653 2629 vel
681 2592 808 2641 puniri
837 2593 885 2630 ab
914 2593 1009 2642 ipso,
1035 2593 1142 2642 quod
1161 2592 1322 2642 pertinet
1350 2593 1398 2629 ad
1426 2592 1468 2629 ti-

405 2657 557 2682 morem
583 2646 774 2690 servilem,·
800 2653 843 2682 ut
870 2645 1106 2694 Augustinus
1134 2645 1234 2690 dicit,
1258 2658 1370 2694 super
1401 2647 1469 2683 Ca-

406 2700 580 2735 nonicam
608 2700 716 2735 Ioan.
737 2698 757 2720 ²¹²
792 2699 868 2736 Sed
898 2698 1072 2735 Christus
1100 2710 1180 2735 non
1208 2698 1334 2735 timuit
1362 2710 1469 2748 sepa-

406 2751 479 2788 rari
507 2764 528 2788 a
557 2752 641 2788 Deo
669 2764 739 2800 per
775 2759 994 2800 peccatum,
1024 2763 1150 2800 neque
1185 2750 1313 2800 puniri
1344 2751 1392 2788 ab
1421 2764 1468 2788 eo

406 2813 562 2853 propter
580 2805 734 2853 culpam
754 2817 885 2842 suam:
916 2804 1007 2854 quia
1026 2803 1260 2853 impossibile
1280 2811 1359 2841 erat
1377 2817 1468 2841 eum

405 2869 575 2906 peccare,
596 2865 637 2894 ut
656 2857 751 2894 infra
769 2857 789 2879 '¹‘
817 2857 981 2902 dicetur;
1010 2857 1126 2894 timor
1153 2865 1284 2894 autem
1308 2869 1387 2894 non
1414 2865 1469 2894 est

406 2909 454 2946 de
483 2910 719 2959 impossibili.
750 2911 851 2959 Ergo
880 2910 919 2947 in
940 2910 1200 2947 Christo-non
1228 2909 1296 2947 fuit
1318 2910 1468 2947 donum

407 2971 563 2999 timoris.

462 3016 495 3052 3.
525 3017 755 3063 PRAETEREA,
776 3018 789 3053 I
809 3018 911 3053 Ioan.
933 3029 966 3053 1v
985 3016 1004 3038 '¹‘
1032 3016 1185 3053 dicitur:
1214 3017 1384 3065 Perfecta
1409 3029 1468 3053 ca-

407 3069 495 3105 ritas
503 3069 618 3116 foras
636 3071 740 3106 mittit
758 3071 940 3106 timorem.
972 3070 1047 3107 Sed
1067 3069 1106 3106 in
1127 3069 1278 3106 Christo
1297 3069 1365 3106 fuit
1383 3081 1468 3119 per-

406 3120 607 3158 fectissima
626 3121 775 3158 caritas:
797 3122 1013 3159 secundum
1033 3122 1124 3159 illud
1144 3123 1276 3172 Ephes.
1293 3134 1325 3159 ιιι
1338 3121 1376 3159 *z
1403 3123 1467 3159 Su-

402 3175 692 3222 pereminentem
720 3176 892 3211 scientiae
919 3177 1109 3212 caritatem
1133 3175 1277 3212 Christi.
1307 3176 1408 3223 Ergo
1429 3174 1467 3212 in

409 3226 560 3263 Christo
590 3238 669 3263 non
698 3226 765 3262 fuit
793 3227 942 3263 donum
971 3227 1128 3264 timoris.

462 3279 535 3316 SED
565 3290 708 3315 CONTRA
736 3290 801 3315 esT
829 3279 935 3327 quod
964 3279 1100 3317 dicitur
1127 3280 1242 3318 Isaiae
1271 3293 1305 3318 xl
1324 3281 1360 3318 *z
1395 3282 1465 3318 Re-

402 3332 516 3380 plebit
543 3343 626 3368 eum
656 3332 810 3380 Spiritus
837 3332 977 3368 timoris
1005 3333 1168 3369 Domini.

462 3385 684 3421 Respoxmzo
713 3395 892 3421 meeivnum
921 3384 1047 3432 quod,
1078 3384 1172 3422 sicut
1210 3386 1248 3422 in
1286 3387 1463 3424 Secunda

461 3504 488 3573 αξ
509 3506 558 3530 ille.
577 3521 596 3524 —
614 3506 682 3531 illud
700 3506 722 3530 D
741 3511 766 3530 et
785 3505 918 3531 editiones.

461 3539 475 3571 β
505 3541 582 3566 habet
595 3543 764 3573 potestatem.
782 3555 801 3560 —-
820 3549 871 3566 non
891 3541 967 3566 habet
982 3544 1141 3573 potestatem
1160 3541 1189 3573 F,
1209 3543 1286 3568 habet
1304 3546 1465 3575 potestatem

408 3582 500 3600 nocere
520 3576 556 3604 bc,
572 3579 660 3607 potest
680 3575 754 3602 neci-e
774 3576 791 3607 1,
807 3579 895 3608 potest
914 3583 1006 3601 nocere
1024 3576 1052 3602 Ρ.

617 2075 639 2099 D
668 2075 809 2100 SEXTUM
838 2075 889 2100 sm
918 2075 1152 2101 Pnocnmrun.
1183 2062 1344 2100 Videtur
1361 2063 1468 2112 quod
1495 2073 1498 2113 Ι
1523 2064 1633 2100 Parte
1653 2064 1673 2086 ’¹‘
1700 2064 1846 2102 dictum
1874 2073 1947 2112 est,
1975 2065 2092 2104 timor
2126 2067 2277 2117 respicit
2303 2068 2383 2106 duo
2416 2069 2583 2109 obiecta:
2613 2079 2622 2089 ·
2641 2077 2655 2091 ⁸

1524 2128 1694 2166 quorum
1713 2129 1838 2155 unum
1858 2125 1913 2155 est
1931 2120 2079 2156 malum
2097 2120 2279 2168 terribile;
2300 2121 2403 2159 aliud
2422 2130 2478 2160 est
2495 2122 2555 2161 ille
2567 2129 2585 2146 ⁸

1523 2169 1632 2207 cuius
1651 2178 1836 2220 potestate
1855 2173 2000 2209 malum
2024 2180 2149 2222 potest
2167 2172 2306 2222 inferri,
2326 2173 2422 2212 sicut
2449 2175 2584 2226 aliquis

1522 2222 1630 2259 timet
1658 2235 1787 2272 regem
1814 2223 2046 2273 inquantum
2074 2225 2190 2263 habet
2224 2234 2451 2276 potestatem
2485 2229 2584 2268 occi-

1523 2275 1651 2313 dendi.
1687 2277 1780 2314 Non
1808 2285 1939 2314 autem
1966 2277 2164 2316 timeretur
2189 2279 2250 2317 ille
2278 2280 2346 2329 qui
2372 2281 2488 2319 habet
2514 2294 2585 2332 po-

1522 2336 1696 2366 testatem
1711 2329 1737 2377 β,
1764 2329 1836 2366 nisi
1856 2330 2013 2368 haberet
2031 2331 2228 2381 quandam
2247 2332 2495 2372 eminentiam
2513 2346 2584 2386 po-

1522 2381 1674 2428 testatis,
1695 2382 1757 2420 cui
1785 2383 1833 2420 de
1861 2382 1958 2420 facili
1984 2383 2103 2421 resisti
2131 2395 2211 2422 non
2237 2385 2376 2434 possit:
2405 2398 2452 2424 ea
2478 2386 2583 2426 enim

1523 2447 1623 2484 quae
1651 2435 1690 2472 in
1718 2443 1902 2485 promptu
1930 2436 2119 2474 habemus
2147 2439 2338 2487 repellere,
2367 2450 2448 2476 non
2475 2439 2583 2479 time-

1524 2500 1623 2525 mus,
1653 2488 1702 2525 Et
1729 2488 1782 2525 sic
1808 2497 1912 2538 patet
1930 2490 2037 2539 quod
2064 2488 2199 2539 aliquis
2227 2502 2308 2528 non
2330 2490 2486 2530 timetur
2510 2491 2584 2532 nisi

1523 2549 1680 2590 propter
1707 2554 1818 2578 suam
1846 2541 2105 2579 eminentiam.

1577 2594 1640 2631 Sic
1668 2593 1779 2642 igitur
1805 2593 2014 2632 dicendum
2041 2603 2098 2632 est
2125 2597 2231 2645 quod
2260 2596 2299 2634 in
2329 2597 2482 2636 Christo
2515 2598 2584 2637 suit

1522 2646 1638 2683 timor
1665 2647 1747 2694 Dei,
1768 2659 1848 2684 non
1876 2647 2034 2696 quidem
2054 2650 2270 2686 secundum
2298 2651 2405 2699 quod
2434 2651 2584 2702 respicit

1523 2701 1671 2736 malum
1699 2699 1946 2749 separationis
1974 2713 1996 2737 a
2024 2701 2108 2738 Deo
2136 2714 2205 2751 per
2232 2704 2408 2752 culpam;
2436 2716 2507 2742 nec
2525 2717 2582 2742 se-

1523 2753 1697 2790 cundum
1716 2753 1823 2802 quod
1842 2753 1992 2802 respicit
2011 2755 2158 2791 malum
2186 2755 2395 2804 punitionis
2413 2768 2484 2806 pro
2503 2758 2582 2795 cul-

1522 2817 1592 2854 pa;
1622 2806 1688 2842 sed
1708 2805 1924 2842 secundum
1952 2807 2058 2855 quod
2087 2807 2237 2857 respicit
2259 2808 2381 2858 ipsam
2411 2809 2582 2848 divinam

1523 2857 1783 2905 eminentiam,
1803 2866 1918 2907 prout
1946 2858 2084 2896 scilicet
2103 2860 2232 2898 anima
2252 2861 2390 2899 Christi
2410 2863 2582 2912 quodam

1523 2911 1661 2947 affectu
1690 2911 1922 2948 reverentiae
1954 2913 2184 2951 movebatur
2210 2913 2249 2951 in
2277 2915 2418 2963 Deum,
2447 2927 2469 2952 a
2497 2914 2581 2965 Spi-

1523 2963 1595 3000 ritu
1625 2965 1764 3001 Sancto
1793 2972 1885 3001 acta.
1915 2965 2026 3003 Unde
2049 2967 2144 3004 Heb.
2164 2979 2188 3004 v
2206 2967 2226 2989 '¹‘
2253 2966 2389 3004 dicitur
2406 2967 2513 3017 quod
2540 2967 2579 3005 in

1523 3016 1704 3053 omnibus
1732 3018 1925 3054 exauditus
1953 3024 2003 3055 est
2024 3031 2098 3068 pro
2125 3032 2193 3057 sua
2220 3021 2435 3057 reverentia.
2465 3020 2580 3058 Hunc

1522 3069 1626 3106 enim
1664 3070 1844 3107 affectum
1882 3071 2114 3109 reverentiae
2151 3072 2200 3109 ad
2236 3072 2366 3110 Deum
2394 3072 2579 3121 Christus,

1522 3122 1738 3159 secundum
1766 3123 1873 3172 quod
1902 3123 2035 3171 homo,
2064 3136 2155 3174 prae
2183 3123 2314 3162 ceteris
2341 3123 2475 3162 habuit
2500 3126 2579 3175 ple-

1522 3174 1682 3212 niorem.
1713 3176 1761 3212 Et
1788 3175 1875 3213 ideo
1904 3176 1939 3214 ei
1971 3176 2137 3214 attribuit
2160 3176 2353 3226 Scriptura
2370 3176 2392 3200 *
2417 3177 2579 3227 plenitu-

1521 3228 1652 3265 dinem
1681 3228 1828 3266 timoris
1856 3228 2014 3267 Domini
2033 3234 2060 3266 Υ.

1574 3282 1630 3319 Ao
1660 3293 1793 3319 nmmum
1822 3294 1920 3319 eaeo
1948 3294 2127 3320 memnon
2155 3282 2261 3332 quod
2289 3281 2440 3320 habitus
2460 3282 2578 3322 virtu-

1519 3341 1603 3371 tum
1632 3342 1667 3371 et
1704 3334 1899 3372 donorum
1936 3333 2089 3385 proprie
2125 3342 2161 3372 et
2195 3346 2266 3384 per
2300 3347 2340 3372 se
2373 3335 2578 3385 respiciunt

1519 3387 1680 3433 bonurn,
1711 3388 1857 3424 malum
1886 3395 2015 3425 autem
2043 3399 2089 3424 ex
2116 3386 2382 3436 consequenti:
2416 3388 2578 3438 pertinet

1572 3508 1598 3542 γ)
1618 3510 1723 3535 timoris
1744 3510 1862 3536 Domini.
1878 3524 1898 3529 -
1917 3510 1965 3540 Pc3
1984 3509 2088 3535 timoris
2102 3508 2168 3534 donn·
2179 3508 2296 3542 ADEpB.
2310 3510 2376 3535 doni
2393 3510 2498 3536 timoris
2511 3511 2577 3537 CFG

1519 3543 1590 3568 HIsB
1610 3550 1634 3570 et
1652 3553 1677 3574 α,
1699 3545 1809 3571 Domini·
1826 3545 1932 3571 n'morts
1950 3545 1974 3570 b.

2610 778 2620 788 ·
2635 777 2692 805 cap.
2706 783 2752 805 ινι,
2763 778 2824 803 tlh·

2609 804 2823 831 tumulant-m.

2612 1043 2622 1053 ⁸
2632 1041 2679 1070 Qu.
2687 1047 2727 1070 xv,
2735 1044 2777 1064 m.
2785 1047 2822 1066 ιο.
2831 1031 2835 1068 J

2612 1124 2622 1136 ·
2635 1123 2659 1146 ι·
2667 1123 2723 1150 nu.
2732 1113 2829 1153 ‹pau-t.¹

2610 1156 2692 1179 urm,
2706 1154 2748 1174 ιη.
2763 1150 2786 1174 ⁶.
2825 1176 2830 1180 ,

2609 2976 2618 2986 “
2633 2974 2699 2998 Vera.
2712 2981 2734 3004 7.

2607 3178 2675 3227 ‘0052

2698 3183 2748 3207 ιη.
2782 3183 2789 3188 ··
2817 3173 2823 3200 ἓ
