2872 3970
159 720 170 730 ⁸
187 719 255 746 Resp.
275 718 302 739 ad
323 724 371 745 arg.

159 746 207 767 Sed
222 747 313 766 contra.

161 1248 169 1256 “
192 1246 262 1268 Num.
285 1252 322 1271 ιν,
342 1246 373 1267 ΕΙ

161 1273 338 1301 multiplicatur.

164 2163 173 2172 ⁸
187 2162 235 2183 Art.
252 2162 274 2183 6.

165 2322 173 2330 ⁸
189 2319 253 2341 Vers.
271 2326 292 2347 9.

166 2744 173 2751 ·
190 2742 246 2769 Cap.
263 2748 299 2762 xv.

169 3059 177 3066 ·
193 3056 214 3077 1¹¹
226 3056 279 3081 11³²,
292 3062 328 3083 qu.
341 3062 376 3081 cx,

397 245 447 292 48

1124 241 1387 289 QUAESTIO
1417 241 1447 278 11
1457 271 1466 289 ,
1496 240 1788 279 ARTICULUS
1816 243 1852 278 X

453 324 609 354 Notanter
632 329 739 354 autem
764 323 836 358 dixi,
862 323 1011 353 unionem
1036 322 1068 352 in
1093 323 1170 352 alio.
1195 322 1267 352 Dixi
1291 322 1376 352 enim
1400 322 1463 351 hoc
1488 318 1490 343 l
1515 322 1586 351 liter
1609 327 1639 352 et
1662 322 1785 352 Auctor
1811 322 1972 362 loquitur;
2005 322 2177 354 formaliter
2207 329 2238 354 et
2267 333 2327 354 nos
2357 324 2578 364 intelligimuS,

398 367 437 398 ad
467 367 733 407 praeservandum
757 367 934 397 doctrinam
958 367 1039 396 hanc
1070 367 1108 396 ab
1131 366 1253 396 unione
1281 366 1463 406 aliquorum

398 412 480 442 inter
504 421 553 442 se:
579 412 744 452 quoniam,
769 417 805 441 ut
827 412 861 441 in
884 411 985 441 littera
1008 416 1104 450 patet,
1129 419 1196 440 non
1221 419 1258 439 ex
1281 410 1340 439 hac
1364 414 1462 448 parte,

399 455 454 485 sed
477 456 584 486 solum
609 465 646 486 ex
669 461 757 496 parte
780 455 909 485 unionis
932 455 965 484 in
989 454 1098 494 aliquo
1121 463 1206 490 uno,
1235 454 1314 483 unio
1338 458 1464 483 natura-

398 509 470 529 rum
493 500 527 530 in
551 499 678 530 Christo
704 505 750 530 est
772 499 919 529 maxima.
944 498 977 528 Si
999 504 1106 528 tamen
1127 497 1206 528 unio
1227 497 1306 527 haec
1321 497 1464 527 incarna-

398 543 494 574 tionis
510 544 718 583 perspiciatur
733 548 770 573 ut
786 548 831 573 est
847 542 986 572 duorum
1001 542 1083 572 inter
1098 551 1142 577 se,
1166 541 1286 571 scilicet
1309 550 1464 581 personae

400 586 524 618 divinae
548 593 579 618 et
602 588 761 617 humanae
784 592 930 621 naturae,
955 586 999 616 sic
1028 586 1122 616 etiam
1145 586 1305 615 invenitur
1327 585 1465 615 maxima

400 636 431 661 et
454 631 609 662 excedens
626 640 739 661 omnes
756 630 830 660 alias
846 630 993 666 uniones,
1017 634 1148 670 propter
1164 628 1281 659 dictam
1296 629 1463 659 rationem.

399 674 440 705 Et
463 675 642 706 secundum
666 674 743 714 quid
767 673 890 704 excedit
913 674 1068 704 unionem
1092 673 1267 703 Trinitatis:
1292 678 1328 702 ut
1352 671 1465 702 dicitur

398 720 432 749 in
448 719 658 759 responsione
674 718 714 749 ad
729 718 879 748 ultimum
891 718 917 753 *‚
935 727 972 748 ex
988 717 1182 757 Augustino,
1199 717 1274 756 quia
1289 716 1384 747 homo
1403 726 1464 756 po-

400 763 463 794 tius
486 768 533 793 est
555 763 587 793 in
610 763 696 794 Filio
719 762 782 792 Dei
804 771 900 802 quam
923 761 1028 791 Filius
1051 761 1083 791 in
1107 761 1224 798 Patre;
1247 761 1323 801 quia
1346 760 1466 791 scilicet

399 805 485 836 idem
510 812 555 837 est
579 806 782 846 suppositum
804 805 945 835 hominis
969 811 999 835 et
1022 805 1093 835 Filii
1109 805 1179 840 Dei,
1204 814 1271 834 non
1288 810 1334 834 est
1358 810 1465 834 autem

399 850 485 880 idem
508 851 712 890 suppositum
734 850 833 880 Patris
858 854 889 879 et
911 849 992 878 Filii.
1017 848 1205 889 Appellatus
1221 854 1328 878 autem
1352 858 1466 878 secun-

399 894 477 924 dum
508 894 586 934 quid
615 895 717 924 maior
747 893 822 924 hinc
851 894 910 923 ista
936 893 1056 928 unitas,
1088 893 1163 932 quia
1192 892 1287 923 homo
1315 893 1466 932 importat

398 944 589 978 utrumque,
620 944 765 968 naturam
789 937 908 967 scilicet
930 937 1104 967 humanam
1132 942 1163 967 et
1186 937 1405 977 suppositum:
1435 942 1467 967 et

398 992 466 1012 non
491 981 598 1022 quoad
621 987 766 1012 naturam
791 980 1016 1021 significatam,
1048 980 1103 1011 sed
1130 979 1239 1021 quoad
1261 981 1466 1021 suppositum

398 1031 523 1056 tantum
547 1031 593 1056 est
616 1026 716 1065 magis
739 1026 771 1055 in
795 1025 877 1055 Filio
909 1034 1007 1064 quam
1030 1025 1128 1055 Filius
1158 1025 1191 1055 in
1214 1025 1315 1056 Patre.
1350 1025 1465 1055 Merito

398 1075 506 1100 autem
530 1069 618 1110 quod
642 1069 820 1100 secundum
836 1068 957 1109 aliquid
973 1069 1022 1099 sui
1046 1074 1093 1099 est
1114 1069 1215 1109 magis
1234 1078 1347 1104 unum,
1372 1074 1403 1099 et
1418 1078 1466 1099 se-

399 1113 542 1144 cundum
566 1113 686 1154 aliquid
709 1114 816 1144 minus
839 1123 953 1149 unum,
977 1113 1155 1153 appellatur
1178 1112 1357 1144 secundum
1377 1113 1466 1153 quid,

399 1163 430 1188 et
452 1168 521 1188 non
544 1158 730 1198 simpliciter
751 1157 852 1197 magis
875 1166 988 1188 unum.
1013 1175 1031 1179 —
1054 1157 1095 1188 Et
1118 1166 1175 1197 per
1198 1157 1276 1188 haec
1304 1162 1391 1198 patet
1414 1167 1467 1188 ex—

398 1202 516 1242 positio
540 1202 661 1232 litterae
684 1202 783 1232 totius
806 1201 939 1232 articuli.

453 1246 522 1276 VlI.
546 1245 598 1276 Ad
614 1245 803 1276 Durandum
815 1245 832 1264 *
848 1251 955 1276 autem
972 1245 1086 1276 dicitur
1102 1245 1192 1286 quod
1207 1251 1376 1286 extorquet
1390 1247 1466 1277 Ber-

398 1290 488 1321 nardi
505 1291 705 1326 sententiam,
731 1295 762 1320 et
776 1289 905 1320 vilificat
921 1299 1001 1320 eam.
1026 1289 1074 1320 De
1091 1290 1212 1320 unione
1229 1290 1315 1320 enim
1330 1291 1466 1330 inquan-

398 1341 469 1365 tum
485 1335 574 1371 unio‚
591 1333 770 1365 secundum
785 1334 887 1374 ipsam
903 1334 1061 1364 rationem
1077 1334 1216 1369 unionis,
1232 1334 1376 1374 loquitur
1391 1335 1466 1365 Ber·
1482 1368 1485 1371 ,

398 1378 532 1414 nardus,
562 1388 765 1418 praeponens
792 1378 948 1408 unionem
972 1377 1151 1408 Trinitatis:
1183 1387 1265 1418 quae
1294 1388 1362 1409 non
1386 1384 1467 1409 esset

399 1422 627 1463 praeponenda
650 1422 758 1462 quoad
782 1421 977 1461 dignitatem,
1002 1422 1077 1461 quia
1097 1427 1163 1452 tota
1179 1421 1318 1452 Trinitas
1337 1431 1405 1453 non
1421 1428 1467 1453 est

400 1467 525 1507 dignior
547 1475 685 1506 persona
707 1466 789 1496 Filii.
814 1465 1002 1496 Formaliter
1019 1466 1115 1505 igitur
1130 1465 1325 1502 Bernardus;
1350 1465 1467 1496 forma-

1517 371 1612 405 atque
1635 366 1792 397 salvamus
1811 367 1968 397 unionem
1986 367 2211 398 incarnationis
2227 377 2305 404 esse,
2329 374 2402 408 post
2425 369 2579 399 unitatem

1517 409 1690 446 Trinitatis,
1714 410 1886 440 maximam
1909 411 2103 451 simpliciter.

1572 453 1613 483 Et
1635 463 1710 484 curn
1726 453 1850 490 dicitur,
1874 454 1938 485 Illa
1953 459 2029 486 sunt
2043 455 2148 496 magis
2165 465 2263 486 unum
2282 465 2420 496 quorum
2435 461 2580 487 extrema

1517 497 1623 538 magis
1646 502 1677 528 et
1699 498 1841 529 intimius
1864 499 2063 529 constituunt
2082 509 2195 535 unum,
2213 499 2328 530 dicitur
2350 499 2439 540 quod
2462 499 2581 530 adden-

1517 540 1595 572 dum
1611 547 1657 571 est
1680 542 1755 572 huic
1770 542 2000 582 propositioni:
2025 543 2076 573 vel
2089 548 2164 574 sunt
2187 553 2286 574 unum
2303 543 2387 574 inter
2407 552 2450 579 se,
2474 543 2525 574 vel
2547 543 2580 574 in

1518 585 1622 615 tertio.
1646 585 1812 626 Alioquin,
1829 592 1978 626 negetur:
2003 587 2078 626 quia
2093 587 2271 618 voluntaria
2292 593 2348 617 est.
2372 587 2455 618 Nam
2472 596 2510 618 ex
2532 588 2582 618 in-

1517 629 1651 659 trinseca
1673 630 1796 666 ratione
1811 630 1940 660 unionis
1963 635 1994 661 et
2011 631 2107 661 unius
2128 631 2207 661 nihil
2225 630 2312 662 aliud
2335 631 2468 662 habetur
2483 640 2582 671 quam

1518 672 1607 713 quod
1622 674 1712 703 unita
1734 679 1789 704 aut
1811 673 1894 704 fiunt
1908 679 1964 704 aut
1978 679 2052 705 sunt
2071 684 2185 712 unum,
2197 676 2261 706 hoc
2277 681 2323 706 est
2340 674 2484 711 indivisa,
2500 675 2582 706 inter

1518 726 1551 747 se
1567 716 1618 747 vel
1633 718 1667 747 in
1682 718 1785 748 tertio.
1802 717 1960 749 Personae
1983 718 2069 749 enim
2085 718 2209 749 divinae
2231 728 2299 749 non
2314 718 2407 755 fiunt,
2430 718 2486 750 sed
2508 724 2583 750 sunt

1517 770 1620 791 unum
1644 761 1677 791 in
1699 761 1803 797 tertio,
1827 761 1890 792 hoc
1906 767 1953 792 est
1975 762 2009 792 in
2024 761 2132 792 divina
2154 763 2298 794 essentia.
2322 763 2364 794 Et
2383 762 2526 794 similiter
2547 763 2582 794 in

1518 806 1686 845 proposito
1710 804 1792 836 duae
1814 811 1944 836 naturae
1967 811 2042 836 sunt
2064 816 2167 837 unum
2190 807 2223 837 in
2246 816 2383 847 persona
2405 806 2526 843 divina,
2551 812 2583 838 et

1518 854 1630 879 natura
1645 849 1786 879 humana
1801 855 1848 880 est
1870 859 1935 880 una
1956 850 2163 890 personaliter
2179 860 2254 881 cum
2268 860 2406 891 persona
2427 850 2544 882 divina.
2560 869 2584 874 -—

1519 892 1560 923 Et
1575 893 1621 923 sic
1643 898 1778 932 negatur
1797 893 1913 929 minor,
1929 894 2049 924 scilicet
2068 893 2157 934 quod
2171 895 2302 925 materia
2318 901 2349 925 et
2364 894 2468 926 forma
2481 895 2583 935 magis

1519 943 1550 967 et
1573 937 1716 967 intimius
1732 943 1806 967 sunt
1828 947 1930 968 unum
1946 938 1979 968 in
2003 938 2138 968 essentia
2160 938 2380 969 humanitatis:
2404 948 2473 970 non
2496 939 2583 970 enim

1520 987 1567 1012 est
1581 982 1688 1012 minus
1704 991 1806 1012 unum
1830 991 1932 1012 unum
1947 981 1981 1012 in
2001 991 2139 1022 persona
2156 982 2400 1013 substantialiter
2416 988 2448 1013 et
2462 982 2584 1023 simpli-

1520 1026 1654 1061 cissima,
1672 1035 1770 1065 quam
1786 1035 1889 1056 unum
1906 1026 1941 1056 in
1963 1026 2138 1056 substantia
2153 1031 2184 1056 et
2206 1035 2344 1066 persona
2359 1027 2549 1066 composita.
2560 1044 2584 1049 —

1519 1069 1560 1100 Et
1590 1079 1665 1100 cum
1696 1070 1849 1110 probatur
1876 1079 1914 1100 ex
1942 1069 2224 1110 inseparabilitate,
2255 1069 2466 1110 respondetur
2493 1070 2586 1111 quod

1520 1114 1615 1144 etiam
1646 1113 1698 1144 hic
1729 1123 1797 1143 non
1820 1119 1926 1153 potest
1958 1113 2026 1144 fieri
2058 1114 2232 1154 separatio,
2264 1114 2350 1144 salva
2381 1114 2585 1146 consistentia

1520 1158 1668 1188 omnium
1692 1163 1918 1188 extremorum.
1942 1157 2107 1196 Quoniam
2123 1158 2149 1188 si
2164 1158 2305 1189 humana
2325 1163 2438 1189 natura
2460 1167 2584 1199 separa-

1519 1207 1605 1232 retur
1620 1211 1639 1232 a
1653 1201 1772 1238 Verbo,
1788 1211 1855 1232 non
1872 1207 1953 1232 esset
1967 1201 2064 1238 idem,
2080 1201 2136 1232 sed
2159 1202 2238 1233 alius
2253 1202 2372 1232 homo:
2397 1207 2429 1233 et
2443 1201 2587 1234 similiter

1519 1255 1656 1286 persona
1679 1245 1786 1276 divina
1815 1246 1972 1276 amitteret
2002 1255 2070 1276 esse
2099 1246 2277 1277 hominem.
2312 1245 2448 1277 Constat
2475 1251 2585 1278 autem

1520 1289 1610 1330 quod
1633 1295 1698 1320 tam
1721 1299 1789 1320 esse
1812 1290 1979 1320 hominem
2002 1295 2050 1320 est
2071 1299 2139 1321 esse
2162 1290 2376 1327 substantiale,
2400 1299 2498 1331 quam
2517 1300 2585 1322 esse

1520 1334 1618 1364 alium
1641 1334 1808 1364 hominem
1831 1339 1878 1364 est
1901 1343 1969 1365 esse
1991 1334 2085 1364 aliam
2108 1334 2327 1365 substantiam.

1579 1378 1621 1408 Et
1652 1378 1678 1408 si
1709 1378 1787 1408 haec
1819 1383 1973 1420 apparent
2003 1378 2157 1408 mirabilia
2190 1384 2221 1409 et
2251 1378 2586 1419 incomprehensibilia

1519 1422 1623 1457 nobis,
1647 1431 1715 1452 non
1737 1427 1907 1462 propterea
1929 1427 2003 1453 sunt
2025 1421 2210 1453 reiicienda:
2235 1422 2291 1453 sed
2313 1422 2469 1454 credenda
2485 1428 2517 1454 et
2530 1432 2587 1454 ve-

1520 1465 1670 1496 neranda.

1195 1625 1512 1669 ARTICULUS
1542 1626 1792 1670 DECIMUS

953 1719 1110 1751 UTRUM
1134 1719 1240 1751 UNIO
1265 1719 1607 1751 INCARNATIONIS
1630 1720 1697 1751 SIT
1720 1721 1803 1751 PER
1827 1720 2027 1752 GRATIAM

631 1800 704 1831 Infra,
724 1808 769 1833 qu.
787 1807 821 1831 vi,
841 1805 886 1825 art.
906 1798 937 1831 ὃς
957 1799 988 1824 lll
1009 1799 1091 1828 Sem„
1111 1799 1169 1824 dist.
1188 1806 1242 1830 xm,
1262 1806 1307 1831 qu.
1325 1805 1363 1829 m,
1383 1803 1429 1824 art.
1450 1805 1478 1830 1;
1500 1798 1540 1824 De
1563 1798 1653 1829 Ver-it„
1673 1807 1718 1832 qu.
1736 1806 1800 1829 xxxx,
1821 1804 1866 1825 art.
1888 1807 1917 1830 2;
1935 1799 1979 1824 Ad
2000 1799 2112 1830 Coloss„
2131 1807 2187 1833 cap.
2206 1807 2233 1831 ιι,
2253 1801 2310 1826 lect.
2327 1808 2355 1827 ιι.

486 1908 490 1919 ι
518 1908 584 1950 μζ(-
611 1901 634 1925 1>
651 1900 813 1925 Decumum
833 1899 885 1924 sm
905 1899 1140 1924 paoeamrua.
1170 1886 1331 1923 Videtur
1358 1886 1464 1935 quod

483 1974 521 1996 ᾍ-
539 1941 588 2007 ’.ἐι
612 1941 706 1978 unio
735 1939 1003 1978 incarnationis
1030 1952 1110 1977 non
1135 1939 1180 1976 sit
1197 1951 1266 1988 per
1295 1939 1464 1987 gratiam.

558 1999 580 2035 6

614 1994 743 2032 Gratia
758 1993 862 2031 enim
877 2001 932 2030 est
946 1992 1122 2030 accidens
1136 1992 1354 2042 quoddam:
1371 1999 1413 2028 ut
1427 1991 1466 2028 in

287 2061 300 2082 q
352 2061 365 2075 x
420 2025 440 2053 ρ
457 2035 466 2082 ζ
569 2039 600 2081 Κ
615 2047 794 2085 Secunda
817 2047 927 2083 Parte
941 2046 961 2067 ’¹‘
981 2045 1155 2083 habitum
1179 2053 1243 2082 est.
1275 2045 1351 2082 Sed
1371 2044 1465 2081 unio

178 2088 204 2102 r.
236 2082 320 2107 ,ad2.

402 2102 598 2138 humanae
626 2107 784 2137 naturae
813 2100 862 2136 ad
890 2098 1060 2136 divinam
1092 2110 1172 2135 non
1201 2106 1256 2134 est
1280 2097 1376 2134 facta
1398 2109 1468 2146 per

402 2154 598 2191 accidens:
629 2161 671 2190 ut
699 2164 815 2202 supra
833 2152 853 2174 '¹²
873 2159 1068 2189 ostensum
1093 2159 1158 2188 est.
1189 2151 1291 2199 Ergo
1315 2150 1468 2187 videtur

402 2207 509 2257 quod
529 2206 622 2244 unio
643 2204 911 2243 incarnationis
930 2217 1010 2241 non
1030 2204 1076 2241 sit
1094 2204 1189 2241 facta
1207 2216 1277 2253 per
1294 2203 1465 2252 gratiam.

458 2272 491 2296 2.
522 2260 753 2305 PRAETEREA,
769 2258 908 2307 gratiae
923 2257 1139 2294 subiectum
1154 2264 1210 2295 est
1223 2256 1364 2294 anima.
1389 2256 1467 2294 Sed

402 2313 498 2351 sicut
525 2312 662 2349 dicitur
692 2312 830 2349 Coloss.
852 2323 872 2347 11
891 2310 922 2357 ³⁸,
952 2312 990 2347 in
1023 2311 1167 2348 Christo
1194 2311 1368 2347 habitavit
1390 2309 1467 2358 ple-

402 2366 527 2403 nitudo
555 2366 750 2403 divinitatis
769 2364 1023 2414 corporaliter.
1053 2364 1156 2412 Ergo
1178 2362 1333 2399 videtur
1360 2362 1467 2411 quod

401 2419 463 2456 illa
490 2418 584 2455 unio
614 2430 694 2454 non
723 2416 769 2454 sit
795 2417 891 2454 facta
918 2428 988 2466 per
1014 2415 1185 2464 gratiam.

458 2471 491 2508 3.
521 2473 754 2518 PRAETEREA,
775 2469 933 2520 quilibet
957 2477 1109 2506 sanctus
1138 2469 1222 2506 Deo
1241 2468 1373 2505 unitur
1399 2479 1469 2517 per

401 2524 572 2573 gratiam.
603 2524 643 2561 Si
662 2523 774 2572 igitur
801 2522 895 2560 unio
915 2521 1186 2559 incarnationis
1206 2521 1276 2558 fuit
1301 2533 1372 2570 per
1388 2533 1468 2569 gra-

401 2578 512 2624 tiam,
541 2577 693 2614 videtur
721 2576 828 2625 quod
863 2588 944 2612 non
972 2575 1077 2612 aliter
1111 2574 1259 2611 dicatur
1295 2573 1469 2611 Christus

403 2642 484 2668 esse
512 2631 619 2667 Deus
647 2641 767 2679 quam
795 2628 857 2666 alii
885 2628 1003 2665 sancti
1031 2627 1222 2664 homines.

457 2684 530 2721 SED
560 2694 704 2720 CONTRA
723 2694 789 2719 Esr
808 2682 915 2731 quod
935 2680 1172 2729 Augustinus
1191 2680 1292 2727 dicit,
1312 2679 1352 2717 in
1372 2680 1468 2717 libro

403 2738 447 2774 de
465 2736 650 2773 Praedest.
686 2737 908 2772 Sanctorum
936 2733 976 2771 *ε
1010 2735 1069 2771 Εα
1087 2735 1213 2784 gratia
1222 2735 1273 2782 fit
1300 2736 1347 2771 ab
1367 2734 1468 2770 initio

391 2790 489 2838 fidei
509 2802 599 2826 suae
616 2790 728 2826 homo
752 2789 971 2838 quicumque
997 2788 1237 2833 Christianus,
1253 2799 1326 2836 qua
1343 2787 1469 2836 gratia

403 2844 514 2879 homo
544 2843 604 2879 ille
630 2844 678 2879 ab
706 2843 808 2878 initio
835 2853 903 2878 suo
921 2841 1051 2888 factus
1085 2846 1136 2877 est
1173 2841 1348 2877 Christus.
1393 2839 1469 2877 Sed

404 2896 525 2932 homo
555 2895 614 2931 ille
633 2895 752 2931 factus
781 2901 836 2930 est
855 2893 1030 2930 Christus
1049 2905 1119 2942 per
1137 2892 1324 2929 unionem
1343 2892 1392 2929 ad
1414 2892 1469 2929 di-

403 2948 536 2984 vinam
565 2955 754 2984 naturam.
783 2948 887 2995 Ergo
911 2946 1005 2983 unio
1034 2945 1095 2983 illa
1113 2945 1184 2983 suit
1210 2958 1280 2995 per
1297 2945 1467 2993 gratiam.

457 3002 681 3038 RESPONDEO
719 3012 899 3037 morannum
933 2999 1060 3049 quod,
1090 2998 1186 3036 sicut
1223 2998 1262 3035 in
1291 2998 1470 3036 Secunda

405 3055 514 3090 Parte
533 3053 553 3075 ’¹‘
571 3053 714 3090 dictum
745 3061 811 3100 est,
831 3052 948 3101 gratia
975 3051 1174 3101 dupliciter
1201 3051 1357 3089 dicitur:
1388 3063 1468 3088 uno

405 3107 547 3153 modo,
577 3105 659 3154 ipsa
686 3107 865 3142 voluntas
902 3105 974 3142 Dei
1002 3105 1114 3154 gratis
1151 3104 1295 3154 aliquid
1323 3103 1467 3149 dantis;

406 3159 479 3195 alio
507 3159 640 3204 modo,
662 3157 790 3207 ipsum
809 3157 1015 3205 gratuitum
1043 3159 1191 3195 donum
1214 3157 1297 3195 Dei.
1327 3157 1471 3206 Indiget

406 3219 536 3248 autem
565 3212 737 3247 humana
765 3218 900 3247 natura
919 3210 1078 3258 gratuita
1104 3211 1177 3247 Dei
1204 3212 1402 3248 voluntate
1421 3211 1469 3248 ad

407 3265 482 3301 hoc
501 3263 608 3313 quod
637 3264 807 3300 elevetur
825 3262 863 3299 in
892 3263 1040 3299 Deum:
1071 3275 1162 3300 cum
1186 3265 1262 3301 hoc
1290 3263 1336 3300 sit
1355 3275 1471 3313 supra

408 3317 622 3354 facultatem
641 3323 798 3353 naturae
818 3327 921 3352 suae.
949 3315 1130 3352 Elevatur
1149 3324 1278 3354 autem
1298 3317 1471 3354 humana

409 3378 543 3406 natura
562 3369 601 3406 in
630 3370 759 3406 Deum
779 3367 989 3417 dupliciter.
1018 3369 1106 3405 Uno
1132 3369 1265 3415 modo,
1286 3382 1355 3418 per
1382 3382 1471 3419 ope-

410 3422 616 3459 rationem:
643 3434 720 3471 qua
739 3420 876 3458 scilicet
895 3419 1012 3457 sancti
1032 3430 1268 3468 cognoscunt
1287 3429 1322 3458 et
1342 3430 1472 3459 amant

1519 1887 1660 1924 Deum.
1691 1886 1776 1923 Alio
1803 1887 1937 1934 modo,
1957 1898 2027 1936 per
2055 1900 2136 1924 esse
2164 1889 2384 1937 personale:
2415 1887 2482 1938 qui
2506 1888 2586 1939 qui-

1520 1939 1610 1976 dem
1639 1940 1781 1976 modus
1809 1947 1865 1977 est
1901 1939 2100 1988 singularis
2130 1940 2302 1988 Christo,
2330 1940 2370 1978 in
2408 1953 2488 1991 quo
2517 1942 2587 1980 hu-

1520 2004 1636 2029 mana
1659 2000 1795 2030 natura
1820 2001 2019 2042 assumpta
2038 2001 2094 2030 est
2121 1994 2169 2030 ad
2198 1994 2275 2031 hoc
2295 1994 2403 2043 quod
2431 1994 2477 2032 sit
2503 2006 2587 2044 per-

1520 2057 1638 2082 sonae
1659 2051 1676 2066 ²
1704 2045 1788 2082 Filii
1822 2045 1906 2082 Dei.
1944 2045 2192 2083 Manifestum
2230 2054 2284 2083 est
2312 2054 2442 2084 autem
2479 2049 2587 2098 quod

1520 2098 1569 2134 ad
1595 2097 1870 2147 perfectionem
1896 2098 2127 2148 operationis
2155 2099 2359 2149 requiritur
2385 2101 2491 2149 quod
2519 2113 2587 2151 po-

1519 2151 1635 2188 tentia
1654 2150 1700 2187 sit
1726 2151 1891 2200 perfecta
1909 2163 1979 2200 per
1998 2151 2192 2189 habitum:
2223 2153 2290 2189 sed
2319 2153 2426 2202 quod
2451 2161 2588 2192 natura

1521 2204 1660 2241 habeat
1687 2216 1769 2241 esse
1797 2203 1836 2241 in
1865 2204 2065 2254 supposito
2093 2217 2186 2251 suo,
2216 2217 2297 2242 non
2323 2205 2368 2242 fit
2395 2205 2588 2245 mediante

1521 2256 1652 2306 aliquo
1681 2257 1825 2294 habitu.

1575 2309 1638 2347 Sic
1665 2309 1778 2358 igitur
1804 2310 2014 2348 dicendum
2051 2318 2107 2347 est
2134 2311 2263 2360 quod,
2291 2310 2323 2348 si
2348 2311 2467 2360 gratia
2493 2311 2588 2349 acci-

1521 2362 1647 2411 piatur
1674 2363 1756 2412 ipsa
1792 2363 1864 2400 Dei
1890 2364 2070 2400 voluntas
2106 2363 2217 2412 gratis
2245 2363 2390 2414 aliquid
2424 2364 2586 2412 faciens,

1522 2417 1583 2452 vel
1610 2423 1761 2464 gratum
1789 2429 1858 2454 seu
1886 2424 2087 2466 acceptum
2115 2416 2284 2466 aliquem
2312 2417 2470 2464 habens,
2492 2417 2589 2456 unio

1521 2468 1791 2506 incarnationis
1818 2469 1914 2514 facta
1938 2477 1993 2506 est
2019 2481 2089 2519 per
2115 2469 2285 2518 gratiam,
2306 2469 2403 2507 sicut
2430 2477 2467 2507 et
2493 2470 2588 2509 unio

1522 2529 1744 2559 sanctorum
1763 2522 1811 2559 ad
1831 2522 1961 2559 Deum
1979 2534 2048 2571 per
2066 2522 2325 2570 cognitionem
2345 2530 2381 2560 et
2399 2535 2586 2563 amorem.

1523 2574 1563 2612 Si
1591 2587 1685 2611 vero
1713 2574 1831 2623 gratia
1859 2574 2006 2612 dicatur
2032 2574 2163 2624 ipsum
2186 2575 2394 2624 gratuitum
2419 2575 2494 2613 Dei
2521 2576 2590 2614 do·

1522 2639 1631 2674 num,
1653 2627 1706 2664 sic
1724 2627 1854 2676 ipsum
1873 2628 1980 2676 quod
2000 2635 2055 2665 est
2074 2628 2289 2665 humanam
2308 2636 2486 2666 naturam
2505 2640 2590 2668 esse

1523 2680 1671 2717 unitam
1707 2692 1895 2730 personae
1933 2679 2106 2729 divinae,
2134 2688 2260 2730 potest
2286 2681 2360 2719 dici
2395 2681 2589 2732 quaedam

1523 2733 1658 2781 gratia,
1689 2733 1919 2783 inquantum
1955 2733 2068 2770 nullis
2095 2734 2412 2783 praecedentibus
2445 2733 2589 2773 meritis

1523 2787 1599 2823 hoc
1627 2793 1682 2823 est
1709 2786 1871 2824 factum:
1908 2798 1988 2823 non
2017 2794 2147 2824 autem
2175 2786 2225 2825 ita
2252 2787 2360 2837 quod
2387 2785 2443 2825 sit'
2460 2783 2590 2838 aliejua

1523 2838 1640 2887 gratia
1667 2839 1870 2876 habitualis
1897 2851 1976 2888 qua
2003 2839 2196 2877 mediante
2223 2840 2306 2877 talis
2332 2839 2428 2878 unio
2455 2839 2533 2878 fiat.

1576 2894 1633 2929 An
1654 2904 1788 2930 PRIMUM
1817 2903 1915 2929 ERGO
1943 2904 2124 2930 DICENDUM
2144 2894 2252 2942 quod
2279 2893 2396 2942 gratia
2413 2904 2515 2943 quae
2533 2899 2590 2930 est

1523 2944 1710 2991 accidens,
1735 2953 1790 2982 est
1817 2945 2010 2994 quaedam
2038 2944 2247 2983 similitudo
2275 2945 2478 2984 divinitatis
2503 2957 2587 2995 par-

1522 2997 1674 3047 ticipata
1693 2997 1732 3034 in
1752 2997 1923 3035 homine.
1954 2999 2028 3036 Per
2048 2998 2351 3036 incarnationem
2369 3004 2500 3036 autem
2518 2998 2589 3036 hu·

1523 3063 1640 3088 mana
1667 3058 1803 3088 natura
1830 3063 1911 3088 non
1939 3051 2077 3089 dicitur
2103 3051 2346 3101 participasse
2377 3049 2590 3088 similitudi-

1523 3116 1615 3141 nem
1652 3103 1820 3153 aliquam
1849 3103 2002 3142 divinae
2038 3112 2217 3142 naturae:
2246 3103 2314 3141 sed
2341 3102 2478 3140 dicitur
2505 3115 2589 3141 esse

1524 3157 1728 3194 coniuncta
1756 3157 1827 3206 ipsi
1856 3165 2014 3195 naturae
2042 3157 2194 3194 divinae
2230 3156 2269 3194 in
2296 3167 2462 3206 persona
2489 3154 2585 3193 Filii.

1524 3210 1652 3247 Maius
1680 3218 1809 3247 autem
1838 3218 1893 3247 est
1920 3209 2002 3261 ipsa
2029 3221 2089 3247 res
2122 3221 2242 3259 quam
2269 3207 2477 3246 similitudo
2505 3207 2588 3246 eius

1524 3262 1755 3313 participata.

1577 3318 1635 3353 An
1663 3328 1853 3354 SECUNDUM
1880 3327 2062 3354 memnon
2095 3310 2203 3364 quod
2235 3313 2354 3363 gratia
2383 3312 2589 3351 habitualis

1526 3377 1580 3406 est
1607 3370 1735 3406 solum
1763 3369 1802 3406 in
1830 3369 1977 3406 anima:
2007 3367 2074 3405 sed
2098 3366 2230 3416 gratia,
2258 3366 2354 3404 idest
2380 3366 2586 3415 gratuitum

1525 3422 1596 3459 Dei
1615 3422 1765 3458 donum
1792 3421 1898 3471 quod
1913 3429 1972 3458 rest
1990 3419 2090 3458 uniri
2109 3419 2262 3457 divinae
2283 3430 2483 3469 personae,
2504 3431 2588 3469 per·

462 3556 490 3585 α)
505 3558 646 3584 personae.
663 3565 682 3570 -
696 3558 814 3583 persona
832 3558 934 3582 omnes,
959 3556 1058 3583 praeter
1083 3550 1110 3575 in
1134 3558 1253 3583 persona
1271 3552 1325 3582 sH;
1344 3552 1376 3577 cs.
1395 3560 1440 3584 qu.
1460 3559 1495 3580 ιιι,
1515 3556 1561 3576 art.
1580 3550 1605 3582 8,
1625 3550 1648 3584 β.
