2872 3970
259 577 338 604 ’.Ωιι
363 581 470 600 111-1131111,

259 607 302 624 nrt
328 609 354 626 ¹:
382 608 412 629 qu
398 605 471 622 uaest·

259 635 301 650 ειιι
289 634 383 676 ιιιιιινιυ
396 631 438 649 art.
449 627 470 649 6.

261 655 312 676 ·.D
330 655 388 682 815

261 848 270 859 ·
284 846 312 868 D.
330 846 391 868 1188.

261 1055 400 1076 ’.Ιηεῐνιιεΐ
425 1053 472 1075 Sa-

260 1081 357 1106 cerdon,
379 1086 430 1107 cap.
450 1086 472 1101 vt

263 1108 332 1133 (1311511-
322 1098 405 1134 ropp.
416 1107 447 1128 Be
435 1113 471 1128 er-

262 1134 342 1159 nard.;)
349 1134 389 1155 Inn
377 1139 428 1154 noc
432 1133 475 1159 111,

261 1160 291 1182 Se
280 1167 335 1181 e.rrn
359 1159 423 1181 XXII
444 1149 475 1180 de

266 1187 341 1214 Temp.

261 1375 272 1386 ⁸
289 1374 325 1395 Cf.
346 1373 446 1400 Prolog.,

262 1401 394 1422 Comment.

263 1721 273 1732 ⁸
287 1721 354 1743 Vers.
369 1726 401 1748 55.

264 1767 273 1776 ·
288 1765 354 1786 Vei-s.
369 1771 388 1793 3.

263 1859 273 1869 ⁸
281 1858 360 1879 Matth.
369 1863 419 1884 cap.
428 1862 475 1883 xm,

263 1890 322 1905 vers.
344 1889 383 1911 54;
406 1883 475 1904 Marc.

264 1917 315 1937 cap.
330 1916 362 1935 vx,
378 1916 404 1930 ve

266 1964 368 2011 finilia
385 1988 441 2009 ibid.

265 2071 275 2080 ⁴
291 2069 355 2090 Vers.
373 2075 405 2096 ¹5·

269 2295 278 2304 ⁴
293 2293 357 2314 Vers.
373 2298 408 2319 24.

267 2382 276 2391 ·
291 2380 357 2402 Vers.
374 2385 410 2401 20.

281 3271 290 3279 ⁸
315 3269 402 3291 nomn.
423 3269 441 3291 Χ
467 3271 490 3291 in

280 3295 365 3317 Matth.

406 1915 435 1930 rs.
452 1915 463 1930 2
473 1915 478 1934 ;

265 1937 320 1958 Luc.
327 1942 476 1963 cap.1v,vers.

497 286 571 335 398
1201 282 1464 330 QUAESTIO
1493 282 1581 327 XL,

497 362 752 409 divinitatem,
782 361 1038 411 praedicando
1075 369 1110 397 et
1144 360 1328 398 miracula
1362 359 1555 406 faciendo,

498 423 534 453 et
575 414 798 452 innocenter
835 421 871 451 et
907 413 1003 450 iuste
1045 413 1142 450 inter
1184 412 1362 449 homines
1398 423 1557 448 conver-

499 468 631 505 sando.

551 521 608 557 AD
637 531 826 557 SECUNDUM
853 530 1034 556 DICENDUM
1062 517 1181 567 quod,
1202 516 1298 553 sicut
1316 515 1355 553 in
1380 515 1560 553 Secunda

499 570 647 609 Parte'*
675 572 819 609 dictum
848 578 913 618 est,
934 571 1011 607 vita
1029 569 1324 618 contemplativa
1343 568 1560 618 simpliciter

499 632 554 662 est
582 624 718 662 melior
745 636 865 673 quam
893 623 1015 660 activa
1032 622 1052 644 '¹‘
1080 634 1178 671 111135
1217 629 1428 671 occupatur
1462 621 1560 658 circa

500 678 717 727 corporales
736 684 858 714 actus:
887 675 954 712 sed
968 675 1045 712 vita
1064 674 1187 712 activa
1205 674 1421 711 secundum
1441 685 1559 723 quam

500 729 635 779 aliquis
662 728 920 778 praedicando
940 735 976 764 et
1000 727 1176 764 docendo
1197 727 1454 775 contemplata
1481 726 1561 763 aliis

499 782 620 824 tradit,
641 789 696 818 est
723 780 924 839 perfectior
951 792 1070 839 quarn
1098 779 1175 816 vita
1203 791 1303 828 quae
1323 780 1450 816 solum
1470 791 1560 816 con-

499 836 704 884 templatur
728 833 765 879 ⁸¹⁸,
792 832 884 882 quia
910 832 992 869 talis
1018 831 1097 869 vita
1129 831 1405 880 praesupponit
1439 831 1561 868 abun-

500 887 669 924 dantiam
698 884 1040 934 contemplationis.
1070 885 1118 921 Et
1137 884 1224 921 ideo
1246 884 1419 921 Christus
1446 885 1562 921 talem

499 939 618 976 vitam
646 938 764 986 elegit.

552 993 609 1028 AD
645 1002 804 1027 TERTIUM
844 1001 1026 1027 mcENDUM
1068 989 1175 1038 quod
1207 991 1302 1027 actio
1334 990 1471 1027 Christi
1484 990 1563 1038 fuit

500 1050 625 1081 nostra
653 1044 840 1080 instructio
859 1041 889 1078 ²¹³.
927 1043 975 1079 Et
1002 1042 1110 1089 ideo,
1137 1050 1180 1078 ut
1207 1042 1313 1079 daret
1340 1043 1563 1092 exemplum

499 1095 824 1146 praedicatoribus
859 1095 967 1144 quod
995 1106 1076 1131 non
1112 1106 1266 1144 semper
1293 1107 1334 1132 se
1363 1095 1497 1132 darent
1523 1095 1562 1132 in

499 1149 710 1198 publicum,
731 1148 818 1185 ideo
847 1147 1084 1196 quandoque
1103 1147 1297 1184 Dominus
1325 1159 1365 1185 se
1393 1159 1417 1184 a
1442 1148 1564 1185 turbis

500 1201 661 1239 retraxit.
687 1201 806 1248 Quod
826 1200 985 1250 quidem
1004 1200 1140 1248 legitur
1157 1200 1288 1238 fecisse
1306 1208 1464 1250 propter
1480 1200 1561 1238 tria.

1152 1295 1488 1328 commentaria
1508 1295 1762 1329 Cardinalis
1783 1296 1986 1330 Caietam

570 1378 600 1397 15
623 1367 734 1407 incipit
757 1372 868 1406 quarta
897 1376 968 1406 pars
990 1366 1086 1396 huius
1109 1365 1196 1396 Libri
1211 1366 1238 1402 ff,
1262 1366 1296 1396 in
1312 1374 1376 1406 qua
1399 1366 1501 1406 agitur
1523 1365 1563 1397 de

505 1378 739 1452 Hprogressu
762 1410 895 1441 Domini
924 1410 1025 1440 nostri
1055 1410 1127 1440 Iesu
1150 1409 1268 1440 Christi
1288 1409 1323 1440 in
1340 1409 1406 1441 -hoc
1428 1410 1564 1447 mundo,

500 1465 604 1495 usque
632 1455 671 1485 ad
695 1455 917 1495 quaestionem
949 1454 1371 1495 quadragesimamquintam
1399 1454 1564 1485 inclusive.

555 1499 693 1530 Adverte
727 1499 778 1529 hic
813 1498 902 1538 quod
937 1499 1135 1529 conversatio
1171 1497 1289 1528 Christi
1326 1503 1400 1538 post
1438 1497 1566 1529 Ioannis

500 1544 656 1584 baptisma
679 1548 827 1573 tractatur
850 1543 889 1572 ab
912 1543 1071 1573 Auctore:
1097 1542 1296 1572 conversatio
1321 1548 1428 1573 autem
1448 1542 1567 1573 Christi

501 1595 573 1618 ante
597 1587 675 1618 illud
697 1592 825 1627 tempus
848 1592 980 1617 tacetur.
1004 1587 1046 1617 Et
1069 1586 1224 1627 quoniam
1240 1596 1258 1616 3
1272 1586 1382 1617 multis
1405 1587 1567 1627 quaeritur

501 1631 579 1672 quid
606 1631 716 1662 fecerit
745 1631 798 1661 illa
825 1635 926 1662 aetate
949 1630 1104 1667 Christus,
1125 1630 1387 1671 respondendum
1410 1637 1457 1662 est
1477 1630 1567 1671 quod

502 1677 642 1706 exercuit
672 1681 772 1706 artem
801 1675 946 1706 fabrilem
975 1676 1010 1705 in
1033 1676 1158 1706 civitate
1188 1675 1355 1705 Nazareth.
1385 1675 1469 1706 Nam
1498 1685 1567 1706 non

501 1720 608 1751 solum
639 1729 677 1750 ex
706 1719 882 1759 Evangelio
914 1719 1075 1756 Matthaei,
1099 1729 1154 1750 xm
1169 1719 1196 1755 *,
1223 1719 1358 1749 habetur
1388 1717 1478 1759 quod
1507 1719 1568 1750 fuit

492 1765 588 1805 filius
607 1763 723 1805 fabri:
745 1762 801 1793 sed
825 1772 862 1793 ex
886 1762 1061 1803 Evangelio
1090 1763 1199 1799 Marci,
1223 1773 1255 1792 vr
1270 1763 1297 1799 *,
1321 1763 1455 1794 habetur
1478 1763 1568 1803 quod

502 1809 570 1848 ipse
595 1807 739 1838 Christus
762 1806 823 1837 fuit
843 1807 954 1848 faber.
979 1807 1020 1837 Et
1042 1807 1103 1837 nisi
1127 1807 1317 1837 exercuisset
1342 1807 1445 1848 ipsam
1468 1812 1567 1838 artem

502 1852 536 1882 in
551 1852 719 1886 Nazareth,
735 1860 803 1881 non
828 1851 972 1881 admirati
994 1851 1039 1880 ibi
1061 1850 1195 1881 fuissent
1218 1850 1258 1881 de
1281 1850 1425 1881 doctrina
1448 1851 1516 1881 eius
1532 1852 1565 1881 *ε

502 1905 578 1926 narn
602 1896 627 1926 si
651 1895 726 1926 alibi
749 1894 894 1926 Christus
917 1895 1096 1931 habitasset,
1120 1900 1176 1925 aut
1196 1895 1231 1925 in
1253 1894 1410 1925 Nazareth
1427 1900 1568 1925 vacasset

503 1940 630 1975 litteris,
654 1949 722 1969 non
752 1938 886 1969 fuissent
917 1938 1061 1968 admirau'
1091 1938 1338 1978 compatriotae:
1374 1938 1466 1977 Unde
1494 1939 1569 1969 huic

503 1983 661 2024 sapientia
673 1983 692 2013 ξ)
706 1984 723 1999 ⁴*
747 1983 850 2013 Immo
866 1988 932 2013 tam
954 1983 1082 2012 notoria
1097 1988 1163 2013 erat
1179 1982 1296 2013 Christi
1319 1983 1518 2014 conversatio
1534 1983 1568 2013 in

504 2028 660 2058 Nazareth
675 2032 712 2057 ut
728 2027 822 2057 etiam
838 2026 1071 2067 Hierosolymis
1087 2026 1195 2057 Iudaei
1211 2025 1369 2057 dicerent:
1397 2026 1567 2064 Quomodo

505 2071 556 2102 hic
579 2072 703 2102 litteras
724 2071 792 2106 scit,
810 2080 881 2101 cum
905 2080 970 2100 non
993 2070 1168 2101 didicerit?
1190 2070 1277 2100 ioan.
1298 2081 1342 2100 vn
1357 2071 1383 2101 ³.
1407 2070 1569 2109 Quocirca

506 2121 634 2155 oportet
657 2115 760 2145 dicere
777 2120 831 2145 aut
847 2114 1010 2145 Christum
1033 2115 1077 2144 ibi
1093 2119 1192 2145 artem
1215 2123 1306 2145 suam
1329 2114 1474 2145 fabrilem
1490 2124 1568 2145 con—

506 2161 595 2190 tinue
619 2160 805 2195 exercuisse,
830 2164 861 2188 et
883 2164 1053 2199 propterea
1080 2164 1224 2189 constare
1248 2157 1338 2198 quod
1360 2158 1478 2189 litteras
1500 2168 1567 2189 non

507 2203 626 2239 didicit,
640 2209 714 2233 etc.:
735 2208 789 2233 aut
804 2203 939 2233 inertem
956 2203 1162 2242 otiosumque
1177 2212 1305 2242 vagasse
1321 2212 1378 2243 per
1393 2203 1567 2240 Nazareth;

507 2247 596 2288 quod
619 2247 751 2278 dedecet
775 2247 948 2282 Christum,
968 2246 1071 2277 filium
1093 2247 1243 2287 pauperis
1267 2246 1347 2277 adeo
1371 2252 1407 2277 ut
1425 2256 1492 2277 non
1509 2256 1568 2287 po—

506 2292 616 2322 tuisset
648 2301 766 2331 agnum
798 2300 857 2331 pro
889 2300 928 2321 eo
953 2290 1080 2326 offerre,
1104 2296 1140 2321 ut
1167 2290 1302 2320 habetur
1331 2291 1411 2321 Luc.
1435 2291 1507 2327 11*;
1538 2296 1569 2321 et

505 2345 681 2376 pauperem
703 2336 737 2365 in
759 2340 885 2365 tantum
900 2340 936 2365 ut
959 2344 1024 2365 non
1047 2335 1178 2365 haberet
1201 2335 1254 2365 ubi
1277 2334 1452 2365 reclinaret
1474 2339 1571 2375 caput

506 2390 610 2416 suum,
635 2380 746 2410 Matth.
762 2389 817 2409 vm
831 2380 858 2409 θ.

1270 2513 1588 2556 ARTICULUS
1618 2515 1918 2558 SECUNDUS

775 2601 931 2632 UTRUM
956 2601 1182 2632 CHRISTUM
1205 2599 1428 2632 DECUERIT
1451 2599 1690 2631 AUSTERAM
1713 2601 1854 2632 VITAM
1877 2601 2055 2633 DUCERE
2078 2601 2240 2634 IN-HOC
2263 2601 2422 2635 MUNDO
2462 2593 2463 2597 Ἰ
2527 2591 2536 2599 ⁷

1456 2671 1486 2696 In
1505 2671 1614 2701 Matth.,
1634 2678 1689 2704 cap.
1709 2678 1743 2696 xi.

628 2776 643 2793 1
658 2786 670 2795 .
705 2754 743 2779 D
758 2754 947 2779 SECUNDUM
967 2753 1019 2778 515
1034 2753 1270 2779 PROCEmTUR.
1285 2741 1447 2778 Videtur
1465 2742 1571 2791 quod

634 2791 680 2818 ⁴¹⁴³
724 2794 921 2854 Christum
941 2794 1138 2831 1155115111αι
1157 2802 1349 2832 austeram
1363 2794 1483 2831 vitam
1502 2795 1571 2831 du-

513 2964 631 3001 quam
651 2954 823 2990 loannes.
846 2953 923 2990 Sed
936 2954 1099 2990 Ioannes
1113 2961 1305 2990 austeram
1319 2953 1439 2990 vitam
1454 2953 1572 2998 duxit,

512 3013 555 3041 ut
583 3017 653 3042 suo
683 3006 858 3054 exemplo
888 3005 1064 3042 homines
1097 3006 1146 3043 ad
1173 3005 1447 3055 perfectionem
1473 3005 1573 3043 vitae

513 3066 757 3106 provocaret:
788 3058 924 3095 dicitur
952 3058 1066 3105 enirn,
1095 3059 1230 3095 Matth.
1252 3071 1285 3096 111
1303 3058 1333 3106 ³¹²,
1363 3058 1471 3108 quod
1498 3060 1575 3108 ipse

514 3112 675 3146 Ioannes
702 3112 856 3148 habebat
877 3113 1128 3148 vestimentum
1156 3112 1201 3148 de
1222 3112 1309 3161 pilis
1331 3112 1573 3158 camelorum,

515 3168 547 3198 et
575 3175 705 3210 zonam
729 3164 922 3212 pelliceam
951 3165 1052 3200 circa
1071 3164 1214 3201 lumbos
1232 3177 1328 3211 suos,
1349 3177 1432 3202 esca
1451 3170 1574 3202 autem

516 3216 591 3251 eius
606 3221 710 3252 erant
729 3217 888 3252 locustae
902 3217 1021 3253 etmel
1038 3217 1233 3265 sylvestre;
1252 3217 1359 3266 quod
1379 3229 1575 3267 exponens

518 3267 817 3316 Chrysostomus
835 3268 855 3289 ’¹‘
882 3267 985 3304 dicit:
1019 3271 1112 3305 Erat
1149 3271 1318 3307 mirabile
1345 3271 1382 3307 in
1411 3272 1575 3308 humano

517 3330 674 3380 corpore
691 3325 830 3356 tantam
845 3322 1061 3369 patientiam
1080 3322 1223 3358 videre:
1250 3323 1349 3371 quod
1365 3329 1398 3359 et
1415 3323 1576 3361 Iudaeos

519 3383 639 3420 magis
658 3373 871 3409 attrahebat.
898 3373 998 3420 Ergo
1018 3373 1169 3410 videtur
1187 3375 1293 3423 quod
1314 3376 1435 3412 multo
1454 3376 1575 3424 magis

521 3423 714 3460 Christum
744 3423 912 3461 decuerit
940 3425 1134 3462 austeritas
1162 3426 1273 3463 vitae.

572 3536 600 3570 α)
623 3537 753 3563 Christum
770 3538 894 3563 decuerit.
906 3552 925 3556 -
940 3537 1061 3563 Christus
1075 3538 1164 3564 debuit
1178 3540 1265 3570 GHbc.
1280 3541 1400 3566 Chrt'stus
1413 3540 1533 3567 debuerit
1546 3542 1574 3568 P.
1600 3542 1603 3606 Ι
1631 3578 1655 3603 C
1683 3543 1692 3558 f
1683 3543 1709 3577 ¹³)
1731 3544 1908 3570 Comedentes.
1926 3558 1946 3563 —
1965 3545 2114 3571 Comedunt
2135 3548 2162 3571 et
2182 3544 2212 3575 F.
2234 3545 2376 3572 comedent
2399 3549 2426 3572 et
2447 3546 2522 3572 tet-tia
2545 3550 2647 3580 praeter

1653 3585 1668 3603 ο

1609 1456 1767 1498 furorem
1786 1465 1897 1487 versus
1912 1461 1968 1487 est.
1992 1456 2041 1487 Ex
2057 1466 2097 1487 eo
2111 1466 2253 1497 namque
2269 1457 2359 1497 quod
2373 1467 2477 1498 usque
2491 1456 2533 1490 ad

1615 281 1908 320 ARTICULUS
1935 281 1966 320 11
2011 306 2018 308 -

1613 359 1861 408 Quandoque
1880 359 2039 409 quidem
2057 367 2215 409 propter
2232 361 2473 410 corporalem
2489 360 2660 411 quietem

1612 412 1724 449 Unde
1742 411 1865 449 Marci
1882 424 1918 449 vt
1935 411 1956 434 ⁸⁸
1983 411 2120 449 dicitur
2147 412 2255 462 quod
2282 412 2475 451 Dominus
2500 412 2607 452 dixit
2610 412 2672 458 111-
2690 426 2712 439 ⁵

1613 463 1787 513 scipulis:
1825 465 1950 502 Venite
1981 476 2147 502 seorsum
2179 466 2217 502 in
2252 465 2434 503 desertum
2469 465 2613 514 locum,
2620 470 2679 507 Λ
2695 462 2719 484 ss

1613 510 1826 566 requiescite
1846 516 2035 566 pusillum.
2063 518 2184 557 Erant
2210 518 2310 555 enim
2337 519 2401 567 qui
2423 519 2638 560 veniebam>

1614 569 1782 606 redibant
1809 569 1925 615 multi,
1949 575 1983 606 et
2010 581 2078 606 nec
2103 571 2262 620 spatium
2290 570 2544 608 manducandi

1613 623 1712 658 bant.
1742 643 1768 648 -
1797 621 2046 671 Quandoque
2072 633 2167 659 vero
2195 633 2311 660 531153
2341 622 2535 661 0131101115.
2563 623 2598 667 U

1614 673 1753 711 dicitur
1778 675 1874 711 Luc.
1894 686 1929 711 vi
1946 673 1986 711 *:
2015 676 2173 712 Factum
2200 679 2252 712 est
2269 677 2307 712 in
2326 675 2397 713 illis
2423 675 2577 723 diebus,

1615 728 1652 763 in
1681 731 1844 764 montem
1872 739 1996 773 orare,
2025 733 2058 764 et
2085 733 2165 764 erat
2188 733 2416 777 pernoctans
2442 730 2482 766 in
2509 730 2683 770 cratim

1614 780 1696 816 Dei.
1735 779 1810 816 Ubi
1841 778 1931 816 dicit
1962 779 2191 817 Ambrosius
2209 779 2230 802 ’¹‘
2257 781 2364 830 quod
2396 781 2447 818 ad
2479 793 2576 832 prae

1615 833 1755 869 virtutis
1780 844 1848 869 suo
1872 844 1940 870 nos
1958 833 2138 880 informat
2164 833 2347 883 exmplo.
2375 854 2402 860 —
2429 833 2592 894 Quand-

1615 895 1710 921 vero
1738 892 1781 921 ut
1808 884 1944 922 doceat
1966 884 2139 922 favorem
2168 883 2398 924 humanum
2405 885 2541 929 vitare.

1617 948 1733 998 super
1751 936 1845 974 illud
1863 937 1998 974 Matth.
2015 949 2038 975 v
2050 937 2082 984 *,
2105 938 2238 976 Videns
2250 939 2356 976 Iesus
2373 940 2533 981 turbas

1616 992 1654 1027 in
1683 995 1860 1036 montem
1887 989 1977 1027 dicit
2005 990 2355 1053 Chrysostomus’:
2375 992 2461 1029 Per
2478 993 2598 1031 hoe

1618 1055 1693 1080 non
1722 1045 1759 1080 in
1788 1043 1932 1080 civitate
1958 1048 1993 1080 et
2014 1043 2116 1090 foro,
2134 1043 2201 1089 sed
2225 1044 2263 1081 in
2291 1049 2416 1082 monte
2433 1050 2497 1082 et
2514 1064 2533 1079 ,
2548 1045 2595 1077 .·³

1616 1096 1718 1142 sedit,
1747 1095 1903 1133 erudivit
1934 1107 2002 1133 nos
2034 1096 2126 1133 nihil
2155 1096 2207 1134 ad
2232 1098 2508 1139 ostentationem
2526 1086 2597 1147 f

1618 1154 1651 1185 et
1687 1161 1711 1186 a
1747 1149 1959 1186 tumultibus
1998 1149 2206 1196 abscedere,
2243 1155 2278 1186 et
2313 1150 2480 1188 maxime
2515 1159 2601 1191 eum

1618 1203 1834 1239 necessariis
1861 1202 2048 1251 disputare
2074 1207 2251 1252 oporteat.
2502 1222 2505 1224 ·
2540 1210 2559 1226 f

1673 1367 1714 1398 Et
1725 1367 1942 1399 confirmatur.
1955 1367 2041 1406 Quia
2052 1368 2150 1399 Marc.
2162 1367 2369 1400 n1*dicitur:
2380 1368 2426 1400 Et
2435 1378 2530 1401 cum

1617 1411 1683 1447 sui,
1707 1411 1858 1442 exierunt
1887 1416 1995 1444 tenere
2021 1421 2104 1444 eum.
2134 1412 2294 1444 Dicebant
2322 1413 2427 1444 enim:
2457 1409 2622 1456 anffl

1617 1500 1705 1530 illam
1721 1499 1823 1530 fabrili
1839 1500 1896 1531 arti
1911 1499 2055 1531 viderant
2070 1500 2176 1531 Iesum
2195 1510 2328 1541 operam
2351 1500 2490 1539 dantem,
2506 1507 2539 1535 et

1619 1544 1809 1574 audiverunt
1825 1543 1920 1584 quod
1929 1544 2131 1584 praedicabat
2142 1550 2174 1576 et
2184 1545 2278 1576 turba
2291 1544 2443 1576 convenit
2458 1545 2498 1577 311

1619 1587 1767 1618 dixerunt
1789 1588 1882 1619 illum
1903 1598 2032 1619 versum
2054 1589 2089 1620 in
2111 1588 2264 1620 furorem.

1674 1632 1765 1663 Haec
1797 1633 1884 1663 enim
1916 1633 2026 1664 omnia
2057 1633 2153 1664 simul
2185 1634 2294 1664 iuncta
2324 1592 2518 1675 testimo&
2544 1671 2547 1675 Δ
2570 1671 2576 1678 .

1618 1677 1765 1707 hostibus
1788 1682 1820 1707 et
1843 1676 1933 1717 quod
1957 1676 2075 1708 Christi
2104 1677 2250 1709 doctrina
2270 1687 2340 1709 non
2361 1683 2432 1713 erat
2448 1678 2471 1713 h

1619 1720 1728 1761 aliquo
1751 1720 1853 1751 modo
1876 1721 2046 1761 acquisita:
2072 1726 2104 1752 et
2119 1721 2210 1762 quod
2232 1715 2377 1762 Christus
2397 1723 2482 1767 intes
2539 1751 2542 1755 .

1620 1764 1660 1795 ad
1675 1763 1755 1796 illud
1777 1770 1906 1816 ternpus
1929 1774 2005 1796 cum
2023 1765 2088 1796 suis
2112 1759 2300 1797 concivibus
2323 1775 2418 1801 conv·
2461 1758 2479 1770 ’“
2575 1782 2580 1790 =
2652 1785 2655 1792 ι

1621 1807 1742 1839 offensa
1766 1814 1798 1839 et
1820 1810 1888 1840 sine
1912 1808 2062 1840 scandalo
2089 1809 2204 1850 procul
2227 1809 2338 1841 dubio.
2370 1800 2479 1851 Quod

1619 1858 1691 1883 tum
1714 1852 1825 1884 fuisset
1844 1854 1873 1884 51
1895 1853 2021 1884 iuvenis
2048 1853 2136 1909 faber
2164 1856 2288 1894 pauper
2315 1854 2465 1886 inertem

1621 1897 2437 1927 exhibuisset..

1623 1994 1818 2057 Tunius·
1819 1985 1931 2017 clarus.
1953 2004 1978 2008 -
1999 1985 2035 2016 In
2058 1995 2195 2028 corpore
2222 1996 2288 2018 una
2319 1967 2486 2027 conclusio

1682 2029 1909 2060 convenienter
1943 2030 2040 2060 vitam
2077 2030 2230 2061 socialem
2270 2030 2464 2072 assumpsit.

1622 2072 1767 2103 Christus
1790 2073 1901 2104 debuit
1923 2074 2019 2104 talem
2041 2074 2169 2106 vivendi
2192 2072 2328 2106 modum
2349 2075 2461 2107 'assum

1620 2117 1743 2147 veniret
1774 2116 1831 2147 fini
1862 2117 2099 2149 incarnationis.
2132 2117 2197 2150 Sed
2228 2117 2302 2149 finis
2332 2116 2562 2152 incarnatam»

1621 2161 1720 2191 vitam
1743 2161 1905 2192 socialem.
1930 2162 2026 2202 Ergo.
2446 2171 2478 2185 ὁ,

1677 2205 1785 2235 Minor
1808 2204 1993 2236 declaratur.
2025 2205 2110 2244 Quia
2137 2206 2252 2247 triplex
2273 2213 2321 2238 est
2342 2206 2452 2238 61115

1620 2249 1737 2299 primo,
1754 2249 1976 2280 testimonium
1994 2250 2150 2287 veritatis;
2159 2250 2329 2288 5551111110,
2345 2240 2476 2287 salvare
2496 2266 2503 2276 ·
2517 2272 2524 2276 -

1622 2293 1730 2367 tertlio,
1755 2292 1913 2335 adducere
1943 2294 2091 2324 homines
2114 2273 2154 2324 ad
2177 2294 2294 2330 Deum.
2317 2313 2340 2317 -
2364 2286 2494 2333 omma
2526 2331 2534 2340 .

1622 2346 1656 2367 m
1691 2337 1792 2367 ittera.
2528 2342 2531 2344 ’

1682 2754 1716 2779 2.
1746 2744 1978 2790 PRAETEREA,
2003 2742 2229 2781 abstinentia
2256 2744 2307 2781 ad
2325 2738 2642 2789 confinem-‘ff'-

1627 2795 1796 2833 dinatur:
1820 2795 1958 2833 dicitur
1976 2795 2081 2833 enim
2100 2797 2202 2835 Osee
2217 2796 2300 2835 tv*:
2325 2792 2636 2837 Comedenm*

1625 2851 1912 2886 saturabuntur:
1935 2850 2122 2898 fornicati
2149 2855 2250 2896 sunt,
2278 2855 2313 2887 et
2339 2862 2416 2888 non
2442 2857 2534 2889 cm

1628 2901 1705 2938 Sed
1734 2901 1907 2939 Christus
1934 2901 2208 2940 continentiam
2240 2910 2277 2939 et
2303 2901 2343 2940 in
2371 2914 2412 2940 se
2438 2910 2551 2942 serva

1627 2953 1707 2991 31115
1727 2955 1957 2992 servandam
1976 2955 2188 3004 proposuit,
2204 2966 2296 2992 cum
2314 2955 2418 3003 dixit,
2436 2951 2504 2995 Ma
2521 2956 2524 2961 “

1628 3008 1720 3044 Sunt
1746 3009 1907 3045 eunuchi
1932 3009 1997 3057 qui
2019 3019 2060 3045 se
2077 3014 2332 3047 castraverunt
2351 3015 2509 3060 propter

1627 3060 1840 3097 caelorum:
1868 3062 1932 3110 qui
1950 3066 2071 3111 potest
2088 3073 2234 3112 capere,
2253 3063 2386 3121 capiat.
2415 3062 2518 3111 Ergo

1629 3113 1736 3161 quod
1765 3113 1938 3150 Christus
1966 3113 2005 3150 in
2033 3126 2086 3160 se,
2114 3122 2151 3151 et
2177 3114 2217 3152 in
2244 3114 2323 3152 suis
2341 3114 2591 3165 discipulis,·-·
2625 3144 2629 3148 >

1629 3165 1776 3203 ritatem
1804 3166 1905 3204 vitae
1933 3179 2084 3204 servare
2113 3167 2298 3205 debuerit.
2633 3195 2642 3205 ..

1685 3218 1718 3255 3.
1749 3219 1986 3266 PRAETEREA,
2006 3219 2212 3258 ridiculum
2238 3219 2391 3259 videtur
2417 3227 2460 3259 ut
2477 3215 2649 3282 aliquast}

1629 3270 1854 3309 strictiorem
1880 3272 1998 3310 vitam
2028 3272 2197 3322 incipiat,
2226 3281 2263 3310 et
2289 3273 2339 3311 ab
2366 3284 2412 3311 ea
2440 3273 2479 3311 in
2506 3273 2605 3312 131110
2634 3279 2641 3317 ᾗ

1629 3332 1853 3362 revertatur:
1892 3333 2016 3375 potest
2049 3325 2154 3363 enim
2189 3325 2263 3364 dici
2297 3334 2429 3364 contra
2456 3338 2548 3364 eum
2588 3345 2598 3358 ·

1630 3377 1793 3414 habetur
1819 3378 1914 3415 Luc.
1934 3390 1993 3415 xiv
2015 3378 2053 3416 *ε
2082 3380 2162 3416 Hic
2187 3380 2299 3417 homo
2325 3380 2444 3430 coepit
2470 3380 2604 3429 aediflc

1629 3435 1662 3466 et
1690 3442 1764 3467 non
1788 3432 1907 3480 potuit
1925 3443 2196 3469 consummare.
2229 3431 2402 3470 Christus
2420 3439 2551 3470 autem
2569 3432 2627 3471 dis

1671 3578 1803 3603 medentes
1821 3586 1873 3604 non
1892 3580 2088 3605 saturabuntur·
2105 3587 2159 3606 om.
2178 3581 2208 3606 Α.
