2872 3970
4 333 11 415 i
37 346 41 378 ἒ
149 403 160 422 Α,
179 365 230 405 Et
245 363 353 409 ideo,
382 370 425 401 ut
450 362 753 411 Chrysostomus
780 358 870 396 dicit
886 358 918 405 ²⁶³,

858 280 1121 327 QUAEs‘rlo
1150 279 1273 325 XLV,
1302 275 1594 315 ARTicULth
1623 275 1672 313 ιν
2271 270 2347 321 433

945 361 1139 407 assumpsit
1166 364 1240 395 tres
1291 357 1395 405 ipsos
1429 354 1551 392 noluit
1580 356 1655 391 hoc
1682 355 1789 403 quod
1817 354 1992 391 viderant
2019 353 2099 390 aliis
2127 352 2352 390 annuntiare

105 424 141 462 ζ’.
181 423 358 466 uniquam
378 416 552 463 potiores.
594 414 698 451 Nam
731 414 862 450 Petrus
894 412 1077 448 excellens
1093 412 1173 459 ficit
1200 413 1237 448 in
1293 416 1378 446 ante
1406 407 1746 444 resurrectionem:
1777 419 1835 452 ne,
1855 414 1897 443 ut
1924 407 2186 455 Hieronymus
2214 405 2303 443 dicit
2321 405 2352 452 ¹¹²,

2381 408 2389 416 ”
2415 406 2539 427 Comment.
2571 405 2597 426 in

2381 432 2464 454 Mami.
2472 432 2511 453 lib.
2518 432 2558 458 111,
2566 432 2596 452 ad

9 440 37 475 Ιῗ
92 473 127 500 51³
181 468 371 509 AElaenone
404 478 524 516 quam
557 465 693 504 habuit
719 465 768 502 ad
796 463 993 501 Christum
1029 471 1066 500 et
1099 463 1238 501 iterum
1293 460 1505 498 incredibile
1523 466 1624 506 esset,
1638 471 1712 508 pro
1732 461 1789 496 rei
1813 460 2088 508 magnitudine;
2116 464 2159 504 et,
2175 463 2258 506 post
2276 463 2353 495 tan·
2381 462 2594 486 ⁰⁴¹⁹·”1'2vffl-*9-

50 3562 74 3578 ”⁴
130 3564 171 3620 ''sz
201 3581 271 3615 pem
288 3583 320 3608 Α.

34 504 43 531 7
102 503 131 555 'ir
181 520 422 570 insspotesmoe
441 518 513 556 sibi
531 517 738 556 commissa
755 516 794 563 *ς
813 517 974 554 Ioannes
991 527 1086 553 vero
1106 516 1145 553 in
1164 517 1239 566 pri-
1293 520 1369 551 tam
1388 514 1565 563 glor-tam,
1583 523 1738 561 sequens
1755 523 1853 549 crux
1869 512 2087 548 scandalum
2105 512 2275 558 faceret;
2293 511 2352 547 vel

30 573 35 587 ⁹
181 571 318 621 vilegio
346 570 488 609 amoris
515 582 596 619 quo
614 582 638 607 a
657 569 810 607 Christo
833 567 1058 617 diligebatur
1083 577 1241 619 propter
1295 565 1410 603 etiam
1437 565 1595 602 totaliter
1621 565 1859 613 impediretur
1877 575 1900 600 a
1914 564 2054 612 populo
2072 563 2108 606 *;
2139 570 2173 599 et
2201 569 2249 609 ut,
2269 574 2354 599 cum

183 636 294 663 suam
325 622 589 671 virginitatem,
619 629 655 658 et
682 621 821 658 iterum
852 629 1009 670 propter
1039 633 1241 670 praeroga-

181 677 300 716 tivam
337 674 588 723 Evangelicae
626 673 820 711 doctrinae
838 673 876 718 *3
914 674 1074 711 Iacobus
1111 682 1238 711 autem
1295 671 1449 707 tualium
1477 676 1579 707 testes
1607 676 1722 706 essent
1740 670 1770 706 ²³⁶.

150 727 158 745 ’
182 735 338 781 propter
355 726 660 777 praerogativam
679 725 849 775 martyrii
868 726 899 762 ²⁸.
935 727 984 764 Et
1011 733 1140 764 tamen
1168 728 1241 765 hos

1295 623 1411 655 essent
1430 619 1566 666 Spiritu
1594 619 1729 654 Sancto
1758 617 1894 665 repleti,
1923 623 2010 654 tunc
2037 622 2224 666 gestorum
2252 617 2354 664 spiri-

854 821 1188 856 Commentaria
1211 821 1462 856 cardinalis
1483 824 1684 857 Caietam

191 901 210 925 ’Ὗ
242 906 351 934 mus
374 901 486 932 clarus.
509 919 532 923 —
561 899 597 930 In
621 909 756 941 corpore
786 901 881 931 unica
905 901 1086 931 conclusio:
1119 900 1242 932 Conve-

244 946 370 981 nienter
402 943 526 977 inducti
552 949 628 975 sunt
657 949 750 975 testes
780 944 1090 986 transfigurationis.
1125 944 1243 975 Proba-

133 983 147 1013 ἶ”
183 986 245 1024 fiir.
282 988 334 1020 Ad
352 989 486 1031 gloriam
508 994 669 1019 aeternam
691 996 748 1030 per
771 987 934 1019 Christum
958 987 1159 1019 adducuntur
1183 989 1243 1019 ho-

183 1028 285 1071 ffies
299 1031 525 1075 praecedentes
543 1032 649 1073 ipsum
666 1037 698 1062 et
712 1037 892 1073 sequentes.
915 1031 1000 1072 Ergo
1018 1033 1244 1062 convenienter
1298 1033 1392 1069 aliud⁴
1407 1032 1467 1063 fuit
1499 1043 1596 1074 quam
1620 1034 1777 1074 quaedam
1801 1034 2027 1066 demonstratio
2051 1036 2169 1076 gloriae
2195 1037 2357 1066 invitativa

133 1079 150 1106 i:
182 1074 331 1109 lio-inhies
354 1076 420 1107 duo
451 1084 489 1106 ex
515 1074 794 1116 praecedentibus,
819 1081 850 1105 et
872 1081 934 1106 tres
958 1085 995 1105 ex
1019 1076 1242 1116 sequentibus,

137 1144 143 1159 ὲ
182 1121 306 1153 inducti
329 1125 403 1151 sunt
425 1119 708 1159 transfigurationis
730 1125 834 1149 testes.

1350 902 1564 938 Antecedens‚
1581 903 1655 933 licet
1670 902 1709 933 sit
1725 903 1855 939 clarum,
1879 903 2096 934 manifestatur
2110 910 2218 935 tamen
2234 914 2271 935 ex
2287 915 2356 945 my-

1297 946 1392 976 sterio
1417 946 1580 977 turbarum
1603 946 1823 984 clamantium,
1840 953 1900 978 etc.
1922 965 1945 969 —
1969 947 2208 988 Consequentia
2231 954 2355 984 autern,

1297 989 1406 1029 quoad
1422 989 1740 1029 transfigurationem,
1753 992 1922 1031 probatur:
1941 992 2015 1032 quia
2031 991 2262 1032 transfiguratio
2278 993 2356 1023 nihil

1299 1075 1338 1106 ad
1358 1077 1470 1116 ipsam.
1494 1076 1612 1114 Quoad
1627 1087 1799 1109 numerum
1814 1079 1953 1115 testium,
1967 1081 2133 1119 probatur:
2157 1081 2234 1120 'quia
2250 1080 2281 1110 in
2299 1089 2357 1110 ore

1299 1120 1438 1151 duorum
1462 1121 1512 1151 vel
1536 1121 1643 1157 trium,
1669 1127 1727 1152 etc.

956 1264 1276 1306 ARTICULUS
1314 1265 1588 1314 QUARTUS

316 1357 473 1389 UTRUM
497 1355 840 1387 CONVENIENTER
862 1355 1065 1386 ADDITUM
1089 1356 1114 1386 F
1119 1355 1249 1387 UERIT
1273 1356 1579 1387 TESTIMONIUM
1602 1357 1835 1388 PATERNAE
1858 1358 1986 1389 VOCIS
2009 1359 2220 1396 DICENTIS,

480 1432 482 1434 ,
889 1399 975 1430 HIC
994 1399 1084 1430 EST
1101 1400 1254 1430 FILIUS
1279 1400 1406 1430 MEUS
1426 1401 1653 1431 DILECTUS

1116 1479 1146 1503 In
1166 1479 1274 1509 Matth.,
1294 1487 1349 1512 cap.
1368 1487 1429 1504 xvn.

222 1577 265 1611 'gf
287 1582 289 1586 ν
399 1570 422 1595 D
446 1569 688 1600 QUARTUMSIC
707 1569 941 1595 Pnocnmrua.
961 1557 1122 1594 Videtur
1140 1558 1246 1606 quod

400 1610 715 1647 inconvenienter
732 1610 906 1647 additum
917 1616 934 1632 α
952 1610 1063 1647 fuerit
1080 1611 1246 1647 testimo-

237 1655 510 1709 ’Ἀηῇῐιιυῐη
542 1670 721 1712 paternae
749 1662 855 1700 vocis
883 1663 1058 1708 dicentis,-
1093 1665 1171 1700 Ιῑῖίε
1198 1669 1248 1699 est

220 1715 221 1718 ’
246 1692 333 1750 ᾇ’“’ἐ
357 1709 516 1752 χκΙΕἲΙίιιε
547 1727 650 1752 meus
682 1716 841 1752 dilectus.
884 1715 1005 1763 Quia,
1034 1723 1077 1752 ut
1113 1715 1249 1752 dicitur

185 1770 255 1807 Iob
273 1780 379 1805 xxxm
402 1768 439 1811 *‚
468 1769 581 1805 semel
607 1769 769 1818 loquitur
795 1769 914 1814 Deus,
943 1774 976 1805 et
1002 1769 1163 1805 secundo
1195 1768 1247 1805 id-

144 1848 147 1851 «
187 1823 306 1871 ipsum
325 1819 340 1850 β
368 1833 442 1858 ηοη
472 1822 608 1869 repetit.
639 1821 714 1858 Sed
743 1820 781 1857 in
804 1820 994 1869 baptismo
1023 1822 1099 1857 hoc
1119 1820 1248 1870 ipsum

130 1869 157 1924 LJJ
186 1881 346 1925 paterna
372 1879 449 1910 vox
482 1874 603 1910 fuerat
636 1880 840 1923 protestata
858 1873 888 1910 ²¹⁶.
931 1874 1024 1910 Non
1056 1885 1145 1921 ergo
1180 1873 1249 1909 fuit

130 1926 148 1975 ,iz
188 1925 423 1965 conveniens
464 1926 571 1975 quod
608 1926 683 1963 hoc
719 1926 858 1962 iterum
899 1933 1169 1975 protestaretur
1209 1925 1247 1962 in

126 1984 150 2011 ἱ
187 1977 530 2026 transfiguratione.

206 2059 216 2081 4
242 2042 280 2069 2.
302 2031 544 2075 Pamisum,
573 2031 612 2068 in
640 2031 850 2080 baptismo,
881 2031 995 2068 simul
1032 2043 1123 2068 cum
1150 2043 1247 2068 voce

187 2091 357 2135 paterna,
372 2084 493 2121 ‘affuit
521 2083 682 2133 Spiritus
702 2085 864 2121 Sanctus
890 2083 931 2120 in
949 2084 1073 2132 specie
1101 2085 1248 2121 colum-

188 2136 261 2177 bae
278 2136 310 2174 ⁸¹².
339 2136 459 2183 Quod
486 2136 526 2173 in
550 2136 880 2184 transfiguratione
907 2137 1050 2173 factum
1068 2148 1148 2173 non
1167 2136 1246 2172 fuit.
1265 2172 1267 2175 .

188 2188 282 2229 Non
309 2200 399 2237 ergo
427 2189 661 2226 conveniens
688 2189 840 2226 videtur
870 2189 984 2226 fuisse
1013 2189 1132 2226 Patris
1147 2201 1248 2242 ‘pro-

124 2246 140 2278 >i
189 2241 347 2280 testatio.

245 2295 280 2332 3.
309 2295 548 2340 Pmmnm,
584 2294 757 2332 Christus
791 2295 930 2332 docere
963 2292 1136 2343 incoepit,
1161 2301 1250 2349 post

124 2332 166 2380 ’ν
189 2347 426 2397 baptismum
444 2347 474 2383 ³¹⁶.
509 2347 557 2384 Et
583 2354 712 2384 tamen
740 2347 779 2384 in
807 2347 997 2396 baptismo
1019 2358 1102 2385 vvox
1130 2347 1262 2386 Patris.

190 2401 241 2439 ad
259 2411 351 2438 eum
369 2399 607 2437 audiendum
627 2399 805 2437 homines
821 2412 901 2437 non
915 2399 1126 2437 induxerat.
1146 2401 1268 2449 Ergo.-

126 2455 149 2492 ;’
191 2464 263 2491 nec
289 2452 330 2490 in
356 2452 685 2501 transfiguratione
713 2452 893 2490 inducere
921 2452 1063 2489 debuit.

244 2517 282 2553 4.
311 2507 549 2552 PRAETEREA,
587 2517 666 2542 non
701 2505 842 2542 debent
876 2505 1066 2554 aliquibus
1104 2505 1177 2543 dici
1206 2518 1251 2543 ea

128 2571 149 2606 '.
193 2569 293 2608 quae
306 2558 402 2596 ferre
417 2570 496 2595 non
510 2566 685 2607 possunt:
707 2559 920 2595 secundum
937 2558 1030 2595 illud
1044 2558 1249 2595 Ioan.XV1*:

139 2614 142 2615 ’
192 2611 325 2648 Adhuc
351 2612 468 2648 habeo
495 2613 596 2649 vobis
614 2611 729 2648 multa
748 2611 881 2657 dicere,
902 2623 997 2660 quae
1015 2623 1089 2648 non
1103 2613 1252 2659 potestis

131 2663 144 2706 J
188 2669 344 2713 portare
369 2663 491 2701 modo.
534 2663 611 2702 Sed
638 2663 812 2712 discipuli
838 2675 978 2700 vocem
1006 2663 1125 2700 Patris
1156 2664 1251 2701 ferre

194 2727 276 2754 non
301 2723 528 2766 potuerunt:
561 2715 698 2753 dicitur
724 2716 829 2753 enim
855 2717 990 2754 Matth.
1011 2729 1080 2753 xvn
1098 2716 1118 2738 ²¹⁶
1146 2717 1253 2766 quod

132 2787 150 2810 ;
194 2769 381 2807 audientes
414 2769 581 2817 discipuli
612 2770 820 2806 ceciderunt
853 2771 890 2806 in
913 2770 1058 2817 faciem
1085 2782 1192 2806 suam
1221 2776 1254 2807 et

135 2816 166 2869 3ss
194 2823 392 2860 timuerunt
418 2821 536 2860 valde.
579 2822 680 2870 Ergo
715 2834 796 2859 non
828 2821 959 2860 debuit
985 2834 1062 2859 vox
1096 2830 1253 2871 paterna

139 2881 144 2895 ²·
197 2875 246 2912 ad
272 2886 339 2912 eos
365 2874 460 2912 fieri.

248 2927 287 2964 ln
306 2939 536 2965 CONTRARmM
555 2939 621 2964 EST
648 2927 850 2964 auctoritas
878 2927 1128 2975 Evangelicae
1157 2928 1254 2965 Scri-

197 2987 331 3030 pturae
349 2979 381 3016 ²¹².
972 2997 974 2999 >

250 3033 474 3070 Responnno
492 3044 672 3070 mCENDUM
692 3032 799 3081 quod
820 3032 976 3081 adoptio
994 3032 1164 3070 filiorum
1183 3032 1255 3069 Dei

138 3090 162 3120 μ’
198 3091 254 3123 est
279 3097 349 3134 per
375 3085 572 3134 quandam
600 3084 905 3121 conformitatem
924 3084 1097 3132 imaginis
1116 3086 1165 3122 ad
1184 3084 1254 3122 Dei

64 3170 65 3174 ,
198 3136 339 3175 Filium
366 3138 590 3174 naturalem.
634 3137 752 3183 Quod
780 3137 936 3186 quidem
965 3136 1008 3173 fit
1035 3137 1253 3186 dupliciter:

71 3215 73 3218 <
198 3189 325 3239 primo
353 3189 524 3239 quidem,
550 3201 620 3238 per
645 3189 804 3237 gratiam
831 3189 926 3236 viae,
955 3201 1055 3238 quae
1083 3197 1138 3227 est
1165 3202 1255 3226 con-

66 3279 73 3292 ,Δ
199 3240 368 3285 fomlitas
385 3242 620 3291 imperfecta3
649 3242 830 3288 secundo,
850 3253 920 3291 per
936 3241 1096 3289 gloriam
1110 3247 1136 3288 Υ,
1157 3254 1256 3290 quae

201 3302 257 3333 est
282 3294 527 3333 conformitas
554 3294 737 3343 perfecta3
766 3294 980 3331 secundum
1008 3293 1100 3331 illud
1119 3295 1133 3330 I
1152 3295 1254 3331 Ioan.

202 3346 291 3385 m*:
319 3348 434 3385 Nunc
456 3347 534 3396 filii
559 3348 633 3383 Dei
657 3359 802 3392 sumus,
831 3352 864 3383 et
891 3346 1055 3383 nondum
1085 3347 1258 3394 apparuit

140 3403 166 3447 --ᾗ
204 3399 290 3449 quid
305 3401 460 3437 erimus:
484 3401 619 3436 scimus
646 3401 833 3448 quoniam,
853 3411 938 3435 cum
965 3400 1189 3447 apparuerit,
1211 3400 1257 3435 si-

257 3510 285 3582 αξ
301 3513 433 3540 additum.
450 3527 470 3532 -
486 3513 609 3538 auditum
629 3513 657 3538 P.

257 3546 272 3580 β
301 3547 425 3580 idipsum.
442 3563 462 3568 —
479 3548 576 3574 GlsDH
595 3548 720 3574 editiones
740 3553 765 3572 et
782 3555 799 3573 a
804 3556 813 3578 ‚·
831 3547 869 3573 ad
887 3548 980 3580 ipsum.
998 3549 1049 3573 Pro
1068 3549 1170 3580 repetit,
1189 3555 1258 3574 com—

344 3627 454 3653 Smuu}
471 3627 573 3653 Tutor.
591 3628 624 3653 D.
637 3627 751 3653 Tuosne
769 3627 802 3652 Τ.
816 3627 879 3653 vm.

1300 1559 1403 1594 miles
1431 1560 1466 1594 ei
1482 1561 1629 1605 erimus,
1651 1562 1826 1608 quoniam
1854 1561 2054 1598 videbimus
2073 1575 2156 1599 eum
2174 1565 2280 1599 sicuti
2296 1570 2356 1600 est.

1301 1610 1404 1657 Quia
1438 1610 1550 1659 igitur
1585 1611 1743 1659 gratiam
1780 1625 1850 1661 per
1885 1614 2120 1662 baptismum
2160 1616 2358 1664 consequi-

1301 1675 1408 1710 mur,
1447 1663 1485 1700 in
1522 1664 1851 1712 transfiguratione
1888 1674 2016 1702 autem
2057 1676 2359 1716 praemonstrata

1301 1723 1356 1752 est
1384 1716 1528 1753 claritas
1562 1717 1710 1754 futurae
1745 1717 1904 1764 gloriae,
1934 1718 2021 1755 ideo
2056 1727 2135 1756 tam
2169 1720 2207 1756 in
2242 1721 2358 1769 bapti-

1302 1781 1387 1805 smo
1425 1781 1543 1817 quam
1578 1769 1618 1806 in
1654 1770 1983 1818 transfiguratione
2023 1773 2256 1809 conveniens
2293 1773 2359 1810 fuit

1302 1820 1541 1861 manifestare
1560 1820 1573 1843 δ
1602 1823 1814 1858 naturalem
1846 1823 1984 1859 Christi
2011 1824 2235 1861 filiationem
2262 1826 2360 1862 testi-

1302 1873 1436 1910 monio
1472 1873 1611 1910 Patris:
1642 1874 1732 1922 quia
1767 1876 1870 1911 solus
1906 1883 1960 1911 est
1994 1877 2156 1924 perfecte
2185 1878 2360 1914 conscius

1303 1925 1400 1962 illius
1427 1927 1614 1974 perfectae
1642 1927 1912 1975 generationis,
1942 1927 2056 1965 simul
2083 1941 2174 1966 cum
2202 1930 2297 1967 Filio
2326 1939 2362 1967 et

1304 1978 1446 2027 Spiritu
1476 1979 1627 2016 Sancto.

1355 2033 1412 2067 AD
1441 2043 1575 2068 PiuMUM
1604 2044 1701 2069 ERGO
1729 2044 1910 2070 DICENDUM
1943 2034 2049 2082 quod
2077 2034 2170 2071 illud
2197 2035 2361 2072 verbum

1303 2084 1546 2120 referendum
1565 2092 1620 2120 est
1647 2085 1695 2120 ad
1715 2093 1910 2122 aeternam
1929 2086 2000 2123 Dei
2019 2086 2264 2134 locutionem,
2285 2101 2362 2137 qua

1302 2136 1408 2172 Deus
1427 2137 1548 2179 *Pa‘ter
1574 2137 1748 2173 Verbum
1775 2137 1935 2175 unicum
1971 2139 2127 2187 protulit
2154 2140 2224 2176 sibi
2253 2153 2361 2178 coae-

1301 2195 1454 2225 ternum
1474 2188 1503 2224 ³⁸.
1534 2190 1582 2225 Et
1608 2196 1738 2226 tamen
1756 2197 1880 2238 potest
1897 2190 1970 2227 dici
1990 2192 2097 2240 quod
2123 2191 2227 2229 idem
2246 2198 2258 2214 ⁶
2282 2205 2361 2230 cor—
2388 2201 2402 2247 2

1266 2258 1269 2263 ¹
1302 2241 1424 2294 porali
1447 2253 1544 2282 voce
1572 2242 1677 2278 Deus
1705 2241 1762 2278 bis
1780 2243 1988 2291 protulerit,
2009 2256 2089 2280 non
2116 2252 2245 2281 tamen
2273 2258 2361 2294 pro·
2389 2259 2414 2274 0³
2454 2259 2468 2274 ¹

1280 2300 1387 2343 pter
1412 2293 1537 2330 idem:
1572 2294 1639 2331 sed
1666 2295 1715 2330 ad
1743 2296 2027 2332 ostendendum
2055 2296 2251 2334 diversum
2280 2310 2361 2335 mo-

1302 2344 1410 2396 dum
1434 2358 1514 2395 quo
1546 2345 1724 2383 homines
1751 2347 1975 2397 participare
2002 2357 2164 2397 possunt
2191 2350 2361 2387 similitu-

1304 2398 1436 2437 dinem
1462 2398 1652 2435 filiationis
1681 2407 1866 2437 aeternae.

1342 2450 1414 2488 'An
1435 2464 1622 2492 SECUNDUM
1650 2464 1829 2490 DICENDUM
1854 2453 1959 2502 quod
1979 2453 2074 2490 sicut
2100 2454 2139 2490 in
2159 2454 2360 2503 baptismo,

1305 2504 1372 2556 ubi
1399 2505 1633 2541 declaratum
1652 2504 1720 2541 fuit
1747 2505 1972 2554 mysterium
2000 2506 2146 2555 primae
2165 2519 2361 2555 regenera-

1305 2556 1430 2603 tionis,
1460 2565 1610 2594 ostensa
1638 2565 1693 2594 est
1721 2557 1890 2606 operatio
1918 2558 2033 2595 totius
2060 2559 2265 2606 Trinitatis,
2294 2573 2364 2609 per

1306 2611 1381 2646 hoc
1409 2610 1516 2659 quod
1540 2610 1608 2646 fuit
1627 2609 1677 2646 ibi
1703 2610 1820 2647 Filius
1839 2610 2065 2658 incarnatus,
2086 2612 2260 2660 apparuit
2280 2613 2362 2661 Spi-

1306 2663 1399 2699 ritus
1428 2663 1589 2700 Sanctus
1621 2662 1660 2699 in
1689 2663 1813 2712 specie
1841 2664 2062 2710 columbae,
2093 2672 2129 2701 et
2156 2666 2266 2701 Pater
2296 2665 2364 2702 fuit

1307 2715 1359 2753 ibi
1386 2716 1596 2752 declaratus
1624 2715 1663 2751 in
1691 2728 1806 2762 voce3
1836 2716 1887 2752 ita
1914 2716 2028 2753 etiam
2056 2716 2094 2753 in
2122 2717 2363 2765 transfigura-

1306 2769 1420 2814 tione,
1442 2780 1541 2817 quae
1568 2775 1622 2804 est
1641 2776 1922 2805 sacramentum
1950 2769 2140 2806 secundae
2168 2781 2364 2817 regenera—

1306 2820 1431 2867 tionis,
1460 2828 1538 2858 tota
1565 2820 1730 2857 Trinitas
1758 2821 1943 2870 apparuit,
1973 2822 2084 2858 Pater
2109 2821 2149 2857 in
2176 2834 2282 2868 voce,
2304 2822 2364 2859 Fi-

1307 2874 1379 2911 lius
1407 2874 1446 2910 in
1474 2873 1644 2918 homine,
1671 2872 1830 2921 Spiritus
1859 2873 2020 2910 Sanctus
2047 2873 2085 2909 in
2114 2874 2218 2910 nube
2245 2876 2362 2921 clara3

1309 2926 1399 2975 quia
1434 2925 1529 2962 sicut
1561 2925 1599 2961 in
1634 2924 1824 2974 baptismo
1859 2925 1923 2962 dat
1957 2925 2235 2973 innocentiam,
2265 2939 2364 2976 quae

1308 2991 1378 3028 per
1403 2977 1679 3026 simplicitatem
1700 2977 1902 3014 columbae
1930 2977 2156 3026 designatur,
2177 2979 2227 3015 ita
2251 2979 2289 3016 in
2309 2992 2365 3016 re-

1309 3030 1541 3068 surrectione
1570 3029 1673 3066 dabit
1700 3029 1824 3066 electis
1843 3029 1921 3066 suis
1949 3030 2153 3068 claritatem
2171 3032 2310 3079 gloriae
2331 3040 2366 3069 et

1309 3083 1542 3130 refrigerium
1570 3083 1618 3118 ab
1647 3081 1753 3118 omni
1781 3084 1900 3127 malo,
1929 3095 2028 3131 quae
2057 3083 2300 3131 designantur
2327 3084 2366 3121 in

1310 3136 1414 3172 nube
1442 3134 1577 3171 lucida.

1362 3189 1419 3223 AD
1454 3199 1611 3224 ”ssimum
1648 3199 1827 3224 mOENDUM
1865 3188 1970 3236 quod
2008 3188 2180 3225 Christus
2211 3197 2367 3226 venerat

1309 3240 1468 3288 gratiam
1496 3239 1688 3276 actualiter
1715 3240 1816 3286 dare,
1836 3239 1996 3288 gloriam
2015 3253 2107 3277 vero
2131 3241 2250 3278 verbo
2278 3254 2366 3291 pro—

1312 3292 1469 3329 mittere.
1499 3293 1547 3328 Et
1568 3291 1654 3328 ideo
1683 3292 1955 3329 convenienter
1981 3293 2019 3330 in
2038 3293 2366 3342 transfiguratione

1312 3345 1547 3382 inducuntur
1574 3344 1751 3382 homines
1779 3352 1821 3381 ut
1848 3344 1976 3394 ipsum
2004 3346 2170 3391 audiant,
2193 3358 2272 3383 non
2301 3359 2367 3384 au-

1311 3406 1389 3434 tem
1416 3397 1455 3433 in
1482 3397 1684 3446 baptismo.
2089 3396 2092 3399 ’

1365 3511 1392 3545 γ)
1410 3512 1535 3545 gloriam.
1547 3526 1567 3531 —
1581 3512 1690 3544 patriae
1708 3512 1803 3537 addunt
1822 3512 1871 3538 PE.
1884 3526 1902 3530 -
1922 3512 1971 3536 Pro
1990 3515 2036 3542 est,
2055 3513 2106 3537 erit
2120 3513 2143 3537 G
2157 3518 2182 3537 et
2200 3513 2332 3539 editiones.

1357 3546 1390 3581 .δ)
1410 3547 1589 3581 manifestare.
1607 3561 1626 3566 -
1644 3547 1812 3580 manifestari
1830 3547 1868 3573 Pl.
1886 3562 1904 3566 —
1923 3547 1973 3571 Pro
1992 3548 2062 3580 quia,
2082 3548 2127 3580 qui
2146 3547 2188 3573 GI.

1365 3583 1388 3617 ε)
1408 3583 1486 3608 idem.
1503 3597 1522 3602 -
1539 3583 1600 3608 licet
1618 3583 1687 3608 idem
1707 3583 1727 3607 E
1747 3588 1771 3608 et
1790 3583 1870 3608 tertia.
1887 3597 1905 3602 -
1924 3583 1963 3608 bis
1981 3591 2033 3608 om.
2053 3583 2075 3608 G
2095 3588 2120 3608 et
2137 3583 2269 3608 editiones.

2197 3626 2226 3651 55

2382 566 2466 614 {stiffi}
2490 565 2572 587 homil.

2382 660 2392 669 ·
2406 658 2478 680 Hilar.
2494 658 2539 679 loc.
2555 657 2595 678 cit.

2382 690 2458 712 supra.
