2872 3970
958 297 1221 344 QUAESTIO
1250 298 1369 344 xvn,
1403 298 1694 336 ARTICULUS
1722 298 1752 335 11

322 377 420 411 XXII.
443 376 582 408 Attende
610 376 776 416 diligenter
798 380 830 406 et
851 380 959 411 caute,
983 375 1128 411 Novide,
1156 375 1245 416 quod
1270 368 1329 406 ista

265 421 389 453 decisio
410 420 530 461 pendet
552 430 590 451 ex
613 419 736 451 duabus
755 419 995 460 quaestionibus
1011 420 1249 450 communibus.
1272 419 1328 449 Al-

265 470 335 496 tera
357 469 420 495 est:
449 465 502 495 An
529 464 694 495 existentia
719 469 751 494 et
777 463 912 494 essentia
942 462 1173 503 distinguantur
1195 463 1327 494 realiter.

266 509 391 540 Altera:
414 507 468 539 An
490 507 655 538 existentia
676 506 887 538 substantialis
910 507 950 537 sit
971 515 1127 546 personae
1150 513 1186 538 ut
1207 507 1329 548 proprii

268 552 449 593 susceptivi,
472 561 513 582 an
536 550 750 582 communiter
772 551 812 580 sit
833 559 988 591 personae
1002 551 1054 581 vel
1072 556 1212 581 naturae.
1235 550 1328 581 Prae-

267 596 423 637 supponit
444 596 531 626 enim
553 594 698 626 doctrina
719 595 779 624 ista
801 599 833 624 et
852 603 919 624 esse
943 594 1037 624 aliam
1059 604 1127 624 rem
1143 604 1210 625 esse
1225 595 1264 624 ab
1281 603 1328 624 es-

263 640 384 672 sentia:
414 644 447 670 et
473 648 541 670 esse
567 638 676 669 deberi
699 647 856 679 personae
885 642 922 668 ut
943 639 1075 678 proprio
1098 638 1252 668 subiecto.
1287 638 1329 676 Et

265 684 424 725 quoniam
445 683 549 713 variae
571 687 646 712 sunt
661 682 831 722 opiniones
854 681 937 712 circa
951 682 1040 718 haec,
1064 691 1139 712 cum
1155 681 1195 712 de
1211 681 1328 712 Christi

267 727 431 759 existentia
451 727 593 758 humana
615 726 760 766 quaestio
783 730 840 761 est,
862 725 931 755 noli
946 725 1025 756 haec
1040 725 1214 766 intelligere
1238 726 1328 766 quasi

266 770 330 802 sint
351 769 443 807 fidei;
466 770 535 801 noli
556 768 700 810 pertinax
723 778 790 800 esse
813 770 847 799 in
870 769 1093 804 conclusione,
1116 769 1177 799 nisi
1200 769 1328 800 eviden-

264 815 343 846 tiam
364 815 452 855 prius
474 814 590 844 habeas
613 812 653 844 de
676 813 902 844 communibus
927 813 1182 853 quaestionibus3
1214 812 1270 843 sed
1292 818 1328 843 ut

263 857 464 889 mtIonabilia
485 866 523 888 ac
545 866 690 888 consona
711 857 791 887 haec
814 856 1015 896 amplectere.

318 901 431 933 XXIII.
455 901 492 932 In
515 900 631 932 eodem
653 901 786 932 articulo
809 900 952 931 secundo
975 901 1170 940 quaestionis
1185 899 1328 931 decimae

264 946 428 987 septimae,
451 946 486 976 in
507 945 717 986 responsione
740 944 780 975 ad
795 944 983 980 secundum,
1006 944 1147 984 intellige
1169 945 1328 984 perspica-

264 990 333 1021 cius
354 989 453 1031 quod,
471 989 547 1030 quia
562 990 640 1020 unio
657 988 839 1019 divinorum
854 989 1135 1028 humanorumque
1149 988 1184 1018 in
1200 987 1327 1018 Christo

265 1039 312 1065 est
334 1034 369 1065 in
389 1043 527 1074 persona
550 1038 581 1064 et
603 1042 671 1063 non
686 1033 720 1063 in
735 1037 865 1068 natura3
890 1037 1110 1062 convenerunt
1124 1041 1265 1072 namque
1281 1031 1327 1062 di-

263 1078 340 1108 vina
360 1083 392 1108 et
413 1078 554 1108 humana
575 1077 610 1107 in
631 1085 731 1107 unam
752 1085 941 1116 personam,
967 1085 1036 1106 non
1057 1076 1092 1106 in
1114 1085 1213 1106 unam
1234 1081 1327 1106 natu-

264 1130 349 1154 ram:
367 1139 392 1144 -
412 1121 498 1158 ideo,
515 1130 590 1152 cum
605 1119 695 1151 audis
710 1119 799 1160 quod
814 1129 882 1150 esse
896 1119 1039 1150 divinum
1053 1119 1185 1161 factum
1200 1124 1247 1150 est
1261 1129 1328 1150 esse

259 1165 404 1198 hominis
431 1165 510 1206 quia
536 1169 656 1196 natura
681 1164 823 1195 humana
850 1169 1013 1204 assumpta
1039 1169 1087 1194 est
1111 1164 1144 1194 in
1172 1163 1327 1194 unitatem

259 1208 432 1252 personae,
456 1208 693 1240 distinctionem
716 1208 755 1239 de
777 1209 849 1248 ipso
865 1217 933 1238 esse
947 1208 982 1238 in
997 1208 1164 1238 communi
1185 1213 1326 1247 penetra,

265 1259 423 1295 quatenus
445 1253 552 1294 ipsum
568 1262 636 1283 esse
659 1257 706 1282 est
727 1252 779 1283 vel
793 1260 959 1292 personae,
974 1251 1026 1281 vel
1040 1257 1180 1282 naturae.
1205 1251 1326 1289 Quam-

264 1298 311 1329 vis
335 1298 421 1329 enim
442 1306 547 1328 unum
568 1296 720 1336 idemque
743 1297 782 1327 sit
805 1305 873 1326 esse
887 1301 1018 1326 naturae
1033 1304 1070 1325 ac
1084 1304 1250 1336 personae,
1267 1295 1327 1326 alia

264 1346 373 1373 tamen
394 1341 518 1372 ratione
541 1346 588 1371 est
609 1346 750 1376 naturae,
774 1345 806 1370 et
827 1340 887 1370 alia
909 1348 1082 1379 personae:
1105 1347 1181 1369 nam
1195 1344 1327 1370 naturae

265 1391 313 1417 eet
333 1390 371 1416 ut
391 1385 557 1426 principii,
580 1393 736 1425 personae
758 1389 795 1415 ut
817 1383 1003 1423 susceptivi,
1034 1388 1070 1413 ut
1093 1382 1214 1413 dictum
1237 1388 1284 1413 est
1298 1384 1324 1413 ἱ.

205 1461 210 1466 ,
264 1429 426 1468 Quocirca
449 1429 621 1460 convenire
642 1429 677 1459 in
693 1436 760 1459 esse
783 1433 941 1468 quatenus
957 1432 1004 1458 est
1017 1432 1158 1463 naturae,
1184 1431 1231 1457 est
1249 1436 1326 1457 con-

263 1474 373 1505 venire
394 1472 436 1504 ad
457 1473 670 1514 integritatem
691 1472 840 1513 principii
861 1472 961 1512 ipsius
983 1480 1068 1501 esse:
1091 1471 1155 1501 hoc
1178 1475 1234 1507 est,
1257 1470 1326 1501 fieri

264 1523 368 1559 partes
387 1522 528 1554 naturae,
553 1525 636 1557 quae
651 1521 699 1547 est
713 1516 907 1557 principium
923 1514 1056 1546 essendi.
1079 1515 1121 1545 Et
1135 1515 1181 1545 sic
1195 1515 1327 1546 materia

265 1567 297 1592 et
318 1561 423 1592 forma
445 1561 642 1592 conveniunt
655 1561 690 1591 in
705 1569 772 1592 uno
789 1569 857 1590 esse
877 1565 914 1590 ut
928 1569 996 1590 esse
1012 1564 1059 1590 est
1073 1564 1213 1590 naturae.
1238 1558 1326 1590 Con-

264 1606 373 1636 venire
395 1610 503 1636 autem
525 1605 560 1636 in
581 1614 649 1636 uno
673 1614 740 1635 esse
763 1609 920 1645 quatenus
937 1609 984 1634 est
998 1612 1163 1643 personae,
1187 1608 1234 1633 est
1249 1612 1326 1633 con-

224 1660 225 1663 *
263 1649 374 1680 venire
403 1658 461 1680 seu
486 1653 628 1690 spectare
657 1648 698 1679 ad
723 1648 935 1688 integritatem
956 1647 1183 1688 personalium.
1218 1647 1259 1677 Et
1282 1647 1326 1678 sic

264 1698 364 1734 caput
385 1698 418 1724 et
438 1692 536 1734 pedes
559 1697 592 1723 et
612 1692 754 1733 reliquae
776 1696 891 1732 partes,
915 1697 946 1722 et
960 1697 1072 1722 natura
1086 1692 1155 1731 ipsa
1170 1700 1246 1721 cum
1261 1691 1326 1721 suis

264 1737 418 1778 partibus,
442 1737 639 1768 conveniunt
660 1737 695 1767 in
717 1745 786 1767 esse
807 1741 844 1767 ut
867 1740 914 1766 est
935 1744 1100 1776 personae.
1125 1734 1218 1766 Unde
1240 1740 1327 1775 patet

265 1780 356 1823 quod
378 1790 446 1812 esse
469 1780 613 1812 divinum
641 1790 709 1812 non
737 1785 895 1820 quatenus
918 1785 966 1810 est
980 1785 1122 1816 naturae,
1145 1779 1327 1810 communi-

265 1829 375 1856 catum
397 1830 444 1856 est
464 1825 655 1856 humanitati
677 1823 811 1855 Christi:
835 1824 990 1864 quoniam
1006 1828 1131 1854 constat
1147 1823 1326 1853 humanita-

263 1873 332 1901 tem
354 1868 473 1900 Christi
499 1878 569 1899 non
591 1877 780 1900 concurrere
803 1877 879 1898 cum
901 1867 1016 1898 deitate
1043 1866 1083 1898 ad
1104 1865 1327 1907 integrandum

2366 309 2442 345 229

1383 377 1473 415 quasi
1495 377 1690 416 principium
1712 377 1812 416 ipsius
1835 386 1912 406 esse.
1947 375 2010 406 Sed
2041 382 2086 407 est
2109 377 2383 407 communicatum
2406 381 2443 406 ut

1382 426 1429 450 est
1450 429 1620 460 personae:
1645 421 1799 460 quoniam
1822 420 2000 450 humanitas
2025 420 2141 450 Christi
2165 426 2324 460 assumpta
2340 426 2387 450 est
2402 419 2442 450 ad

1381 464 1638 503 personalitatem
1660 464 1766 494 Verbi.
1791 464 1835 494 Ita
1858 463 1947 504 quod
1963 469 2008 494 est
2024 463 2063 494 de
2079 474 2214 494 numero
2231 464 2442 503 spectantium

1382 507 1422 538 ad
1443 508 1700 547 personalitatem
1723 507 1796 538 Filii
1818 507 1892 544 Dei,
1916 507 2015 538 modo
2039 513 2179 538 nostram
2202 508 2441 548 intelligentiam

1382 550 1564 582 excedente.
1588 551 1630 582 Et
1651 556 1819 591 propterea
1841 561 1901 581 nec
1925 552 2068 591 sequitur
2090 551 2180 591 quod
2202 552 2281 581 unio
2305 552 2344 581 sit
2359 551 2442 581 facta

1381 595 1415 625 in
1437 600 1566 625 natura:
1596 605 1657 625 nec
1685 594 1775 635 quod
1797 595 1875 625 unio
1909 595 1947 625 sit
1970 595 2052 625 facta
2082 605 2157 625 curn
2179 595 2269 625 Patre
2294 600 2325 625 et
2346 595 2440 625 Filio.

1382 638 1668 670 Communicatum
1691 638 1848 679 siquidem
1872 644 1919 668 est
1940 639 2099 669 humanae
2117 644 2248 669 naturae
2272 648 2339 669 esse
2363 638 2442 669 divi-

1381 692 1470 719 num,
1490 692 1558 713 non
1573 688 1609 713 ut
1624 688 1671 713 est
1685 688 1825 719 naturae,
1849 692 1909 713 nec
1925 688 1960 713 ut
1976 688 2022 713 est
2038 683 2270 722 cuiuscumque
2286 692 2441 722 personae

1382 725 1520 763 divinae,
1544 726 1600 757 sed
1622 732 1658 756 ut
1681 732 1727 756 est
1748 735 1904 767 personae
1927 727 2019 757 Filii:
2052 727 2126 766 quia
2149 732 2310 766 assumpta
2333 731 2379 756 est
2402 725 2442 756 ad

1381 770 1638 810 personalitatem
1661 770 1733 800 Filii
1755 775 1889 800 tantum.

1435 813 1548 844 XXIV.
1574 814 1609 844 In
1638 814 1847 854 responsione
1876 813 1916 844 ad
1946 819 2094 854 quartum
2128 813 2270 844 eiusdem
2300 813 2440 849 articuli,

1381 857 1478 888 habes
1508 858 1590 888 clare
1619 858 1863 897 responsionem
1893 857 1932 888 de
1964 857 2079 888 effectu
2111 857 2236 888 formali
2269 858 2440 888 intrinseco

1381 911 1479 941 quem
1502 901 1639 932 formam
1663 906 1790 941 oportet
1818 911 1940 943 ponere
1969 902 2003 932 in
2026 911 2083 932 sua
2104 902 2250 938 materia,
2283 900 2372 941 quod
2395 906 2442 931 est

1381 954 1449 975 esse
1473 946 1635 975 essentiae.
1670 945 1716 975 Ita
1739 945 1829 985 quod
1851 944 1954 975 forma
1977 945 2186 976 substantialis
2217 945 2270 976 dat
2291 945 2441 975 materiae

1380 989 1583 1019 substantiale
1607 998 1676 1019 esse
1699 989 1861 1025 essentiae,
1886 989 2110 1020 constituendo
2134 989 2325 1019 substantiae
2348 994 2441 1019 natu-

1380 1042 1448 1062 ram
1471 1042 1528 1063 seu
1551 1033 1719 1063 essentiam
1742 1031 1946 1073 completam.
1970 1033 2012 1063 Et
2026 1033 2168 1063 similiter
2184 1033 2289 1063 anima
2305 1032 2357 1063 dat
2372 1042 2440 1062 esse

1381 1077 1566 1112 animatum,
1591 1076 1680 1116 quod
1707 1076 1769 1106 alio
1796 1077 1929 1107 nomine
1952 1076 2066 1107 dicitur
2088 1086 2156 1106 esse
2178 1077 2298 1113 vivum,
2323 1077 2440 1106 consti-

1380 1119 1501 1150 tuendo
1526 1121 1694 1150 essentiam
1716 1121 1822 1150 vivam
1844 1130 1901 1150 seu
1925 1121 2104 1150 animatam.
2128 1120 2169 1150 Et
2187 1121 2232 1150 sic
2248 1119 2287 1150 de
2303 1120 2379 1150 aliis.
2404 1119 2440 1149 In

1379 1165 1444 1194 hoc
1467 1165 1553 1194 enim
1576 1164 1719 1194 consistit
1742 1163 1872 1194 effectus
1894 1163 2045 1200 formalis,
2069 1173 2087 1194 a
2103 1173 2168 1203 quo
2187 1173 2255 1194 non
2270 1168 2376 1203 potest
2391 1173 2440 1194 se-

1380 1209 1482 1248 parari
1504 1207 1599 1238 etiarn
1622 1217 1679 1247 per
1700 1207 1898 1238 intellectum
1921 1207 2024 1238 forma
2045 1208 2080 1237 in
2100 1208 2240 1238 materia.
2264 1207 2305 1237 Et
2325 1208 2350 1237 si
2372 1217 2441 1237 non

1379 1252 1528 1292 intelligis
1551 1251 1672 1281 formae
1695 1251 1879 1281 ulteriorem
1894 1261 2107 1291 progressum,
2131 1261 2198 1281 non
2214 1251 2310 1281 habes
2326 1250 2439 1287 adhuc,

1380 1301 1416 1326 ut
1438 1296 1472 1326 in
1494 1295 1596 1325 littera
1619 1294 1742 1331 dicitur,
1765 1294 1845 1325 illud
1867 1295 1953 1335 quod
1971 1300 2034 1325 est:
2057 1294 2112 1325 sed
2127 1294 2333 1324 solummodo
2349 1299 2440 1324 natu-

1380 1349 1458 1376 ram,
1481 1349 1545 1380 qua
1569 1338 1689 1378 aliquid
1712 1343 1768 1374 est,
1792 1348 1875 1379 quae
1893 1338 2012 1369 scilicet
2035 1344 2082 1368 est
2098 1338 2221 1368 essendi
2236 1338 2440 1378 principium,

1379 1393 1448 1414 non
1471 1383 1661 1413 subiectum.
1691 1382 1733 1413 Et
1754 1382 1828 1413 ideo
1853 1392 1891 1413 ex
1912 1383 1977 1413 hoc
2006 1382 2096 1422 quod
2126 1382 2229 1412 forma
2256 1391 2313 1412 seu
2336 1382 2441 1412 anima

1379 1427 1557 1458 necessario
1582 1426 1634 1457 dat
1657 1435 1725 1457 esse
1748 1427 1885 1467 corpori,
1907 1436 1976 1457 non
1990 1427 2125 1457 habetur
2143 1425 2232 1466 quod
2248 1435 2315 1456 esse
2331 1426 2370 1456 sit
2384 1435 2440 1455 na-

1379 1477 1468 1502 turae
1490 1476 1527 1501 ut
1544 1471 1678 1501 subiecti
1699 1470 1804 1511 quod:
1827 1470 1891 1506 sed,
1909 1472 1983 1510 quia
1999 1470 2163 1501 constituit
2178 1475 2333 1505 naturam,
2358 1479 2440 1510 quae

1380 1521 1427 1546 est
1448 1524 1522 1557 quo,
1546 1514 1697 1554 relinquit
1718 1515 1964 1545 subsecuturum
1986 1514 2066 1544 illud
2092 1513 2182 1554 quod
2205 1519 2251 1544 est
2273 1513 2367 1554 quod.
2399 1513 2441 1543 Et

1378 1559 1452 1590 ideo
1477 1568 1544 1589 esse
1567 1564 1614 1589 est
1628 1568 1783 1598 personae
1798 1559 1832 1588 in
1848 1557 1959 1589 ordine
1975 1558 2014 1588 ad
2029 1563 2184 1594 naturam,
2202 1563 2272 1593 etc.‚
2296 1563 2332 1587 ut
2350 1566 2440 1598 prae-

1379 1603 1574 1634 declaratum
1596 1601 1658 1632 fuit
1672 1603 1699 1632 ὓ.

1434 1646 1586 1687 Superius
1601 1647 1619 1663 ⁴*
1642 1655 1784 1686 quoque,
1810 1655 1884 1676 cum
1906 1651 2074 1676 tractatum
2094 1645 2155 1676 fuit
2177 1655 2217 1676 an
2240 1655 2357 1686 corpus
2372 1654 2439 1675 me-

1379 1691 1486 1722 diante
1515 1691 1620 1721 anima
1649 1695 1849 1730 assumptum
1872 1690 1975 1726 fuerit,
2000 1689 2193 1720 declaratum
2223 1694 2270 1720 est
2295 1688 2384 1730 quod
2397 1689 2439 1720 ,in

1380 1735 1466 1766 calce
1495 1735 1591 1765 huius
1620 1734 1838 1774 responsionis
1867 1733 2027 1764 subditur:
2059 1734 2179 1764 scilicet
2205 1732 2295 1773 quod
2317 1733 2439 1768 anima,

1378 1778 1582 1809 informando
1606 1787 1740 1818 corpus,
1771 1778 1882 1817 sicque
1902 1778 1937 1808 in
1960 1787 2027 1808 esse
2049 1777 2191 1817 perfecto
2215 1776 2439 1807 constituendo

1378 1827 1526 1853 naturam
1547 1822 1732 1858 humanam,
1756 1827 1803 1852 est
1821 1831 1916 1852 causa
1929 1821 2122 1852 habitudinis
2138 1821 2266 1851 unionis
2281 1820 2440 1850 humanae

1379 1871 1510 1896 naturae
1534 1865 1574 1896 ad
1595 1865 1749 1896 Verbum.

2469 1597 2478 1606 '
2491 1596 2563 1618 Num.
2576 1602 2629 1618 xm.

2466 1644 2476 1655 ⁸
2492 1643 2538 1671 Qu.
2554 1650 2585 1671 vr,
2600 1647 2643 1666 nn.
2658 1651 2677 1666 ι.
