2872 3970
70 703 81 713 ⁶
95 702 151 729 Cap.
167 708 188 722 x.

70 1136 79 1144 ⁸
94 1134 150 1161 Cap.
166 1140 191 1155 ιι.

69 2085 278 2113 'Ser-CCCLXXI,

68 2113 130 2134 alde
136 2113 277 2138 Divers.l.ll,

69 2139 278 2187 ι

68 2167 278 2223 ss.'.?e“r'2›‚„.xxvi

69 2222 134 2245 (inter
148 2222 227 2246 spur.)-

74 2558 83 2568 ·
98 2557 145 2578 Ser.
157 2556 281 2581 CXXVIII,

72 2585 91 2605 al
108 2583 280 2610 deTentp.Xlll.

74 2622 83 2627 -
94 2610 155 2631 Inter
168 2610 229 2637 opp.

77 2873 85 2881 ⁸
101 2872 157 2899 Cap.
172 2877 226 2892 xvn.

319 211 363 236 10

311 277 524 315 venientius
539 274 759 325 pervenitur
778 275 826 311 ad
841 274 973 315 finem,
991 273 1086 309 sicut
1101 283 1225 320 equus
1245 282 1374 307 neces-

311 332 431 368 sarius
459 338 514 366 est
542 329 590 366 ad
617 328 695 365 iter.
726 327 858 364 Primo
884 326 1004 363 modo
1032 326 1161 362 Deum
1187 322 1375 360 incarnari

311 396 389 421 non
418 383 485 419 suit
513 380 771 418 necessarium
796 380 843 416 ad
873 378 1154 427 reparationem
1180 377 1374 412 humanae

310 445 487 473 naturae:
528 435 633 471 Deus
671 432 775 470 enim
811 444 880 481 per
920 443 1032 468 suam
1069 428 1375 477 omnipotentem

309 489 491 526 virtutem
517 494 664 537 poterat
693 486 907 522 humanam
936 491 1115 520 naturam
1144 480 1272 518 multis
1295 479 1375 516 aliis

310 541 436 579 modis
465 552 650 590 reparare.
683 538 864 575 Secundo
891 543 1022 573 autem
1054 534 1174 571 modo
1202 544 1375 570 necessa-

310 595 411 632 rium
439 594 507 631 suit
535 594 663 629 Deum
693 589 879 627 incarnari
908 589 956 626 ad
986 589 1180 624 humanae
1216 593 1374 622 naturae

310 647 602 696 reparationem.
647 644 758 681 Unde
796 642 885 679 dicit
928 639 1183 688 Augustinus,
1220 639 1302 674 XIII
1331 637 1403 673 de.

313 703 348 738 T
346 702 416 737 rin.
433 700 468 735 *ε
500 697 743 735 Ostendamus
763 707 836 732 non
857 695 971 731 alium
995 693 1146 729 modum
1160 690 1374 740 possibilem

308 755 388 789 Deo
408 753 574 800 defuisse,
594 751 697 786 cuius
719 748 890 798 potestati
909 747 1035 783 omnia
1063 745 1268 793 aequaliter
1293 744 1374 779 sub-

308 808 447 842 iacent:
473 804 538 840 sed
562 802 755 839 sanandae
782 802 953 836 miseriae
981 803 1129 834 nostrae
1157 797 1374 833 convenien-

307 861 437 895 tiorem
466 857 581 893 alium
610 854 762 891 modum
792 864 866 888 non
885 852 1018 899 fuisse.

362 911 408 947 Et
429 911 502 945 hoc
523 907 681 956 quidem
710 903 943 942 considerari
962 910 1087 952 potest
1117 909 1307 951 quantum
1327 901 1375 938 ad

308 961 594 1012 promotionem
617 957 785 995 hominis
816 957 854 993 in
883 956 1000 993 bono.
1039 955 1170 992 Primo
1203 954 1374 1003 quidem,

308 1022 495 1064 quantum
524 1012 572 1049 ad
610 1011 749 1056 fidem,
781 1021 880 1058 quae
909 1008 1030 1056 magis
1068 1007 1295 1044 certificatur
1329 1019 1375 1043 ex

307 1070 381 1104 hoc
410 1066 515 1116 quod
544 1064 616 1113 ipsi
638 1065 722 1100 Deo
752 1061 923 1111 loquenti
943 1061 1073 1098 credit.
1104 1061 1215 1098 Unde
1244 1061 1375 1108 Augu-

306 1120 425 1158 stinus
453 1118 551 1163 dicit,
573 1118 622 1153 XI
643 1117 688 1153 de
719 1117 796 1152 Ciu.
824 1116 897 1151 Dei
917 1114 956 1151 *z
990 1115 1038 1151 Ut
1065 1115 1178 1150 homo
1195 1114 1376 1161 fidentius

305 1173 511 1210 ambularet
539 1170 589 1207 ad
614 1171 815 1213 veritatem,
842 1170 920 1217 ipsa
956 1169 1113 1213 Veritas,
1141 1167 1215 1203 Dei
1239 1166 1374 1211 Filius,

305 1228 453 1263 homine
471 1228 668 1272 assumpto,
689 1223 870 1258 constituit
889 1226 997 1270 atque
1014 1219 1337 1268 fitndavitfidem.
1350 1241 1375 1245 —

307 1278 497 1322 Secundo,
519 1283 709 1324 quantum
738 1275 786 1311 ad
816 1286 936 1323 spem,
964 1285 1064 1322 quae
1093 1285 1162 1321 per
1190 1273 1266 1308 hoc
1295 1283 1376 1308 ma-

306 1332 406 1369 xime
445 1329 607 1377 erigitur.
646 1327 759 1365 Unde
798 1325 1033 1374 Augustinus
1071 1325 1180 1371 dicit,
1211 1325 1293 1361 XIII
1332 1325 1377 1361 de

310 1387 344 1422 T
343 1387 412 1421 rin.
433 1384 471 1419 ²³⁵:
502 1381 608 1419 Nihil
626 1387 702 1417 tarn
732 1381 980 1416 necessarium
990 1380 1068 1426 fuit
1087 1379 1138 1415 ad
1155 1377 1375 1427 erigendam

303 1450 404 1487 spem
426 1441 589 1472 nostram
610 1446 721 1483 quam
742 1438 779 1469 ut
799 1433 1115 1468 demonstraretur
1138 1432 1242 1467 nobis
1262 1442 1375 1479 quan-

304 1497 379 1527 tum
409 1490 576 1538 diligeret
605 1499 670 1523 nos
698 1487 809 1522 Deus.
852 1484 951 1527 Quid
974 1496 1063 1521 vero
1091 1485 1198 1520 huius
1227 1485 1285 1519 rei
1309 1485 1375 1520 isto

305 1543 438 1580 indicio
467 1541 716 1588 manifestius,
745 1550 856 1587 quam
886 1543 924 1574 ut
958 1538 1031 1574 Dei
1065 1537 1181 1573 Filius
1219 1541 1377 1572 naturae

306 1602 452 1633 nostrae
480 1595 653 1643 dignatus
681 1597 730 1628 est
760 1593 856 1627 inire
883 1589 1141 1628 consortium?
1168 1611 1193 1615 -
1222 1588 1374 1635 Tertio,

305 1656 494 1697 quantum
530 1646 578 1683 ad
616 1644 830 1689 caritatem,
861 1655 960 1692 quae
997 1642 1165 1679 maxime
1203 1653 1272 1690 per
1300 1642 1376 1678 hoc

305 1701 497 1738 excitatur.
529 1699 639 1736 Unde
660 1696 896 1745 Augustinus
916 1695 1016 1741 dicit,
1038 1695 1076 1731 in
1105 1694 1202 1731 libro
1227 1695 1272 1731 de
1304 1695 1375 1731 Ca-

304 1754 522 1802 techizandis
549 1751 718 1788 Rudibus
736 1750 774 1786 *z
811 1751 917 1791 Quae
941 1749 1064 1785 maior
1090 1759 1204 1784 causa
1233 1753 1283 1784 est
1310 1747 1375 1784 ad·

304 1814 431 1845 ventus
459 1805 623 1850 Domini,
645 1804 716 1840 nisi
734 1808 771 1839 ut
799 1802 1002 1839 ostenderet
1020 1802 1122 1837 Deus
1145 1800 1375 1837 dilectionem

304 1873 411 1897 suant
440 1861 476 1895 in
508 1857 642 1894 nobis?
670 1857 718 1892 Et
753 1863 886 1904 postea
912 1853 1056 1891 subdit:
1096 1855 1137 1890 Si
1162 1865 1295 1890 amare
1316 1854 1375 1902 pi-

304 1916 426 1963 gebat,
442 1912 570 1948 saltem
591 1921 765 1946 reamare
785 1920 858 1945 non
874 1909 1016 1957 pigeat.
1033 1929 1058 1932 —
1074 1907 1235 1953 Quarto,
1253 1917 1375 1954 quan-

305 1975 389 2003 tum
409 1966 456 2002 ad
486 1971 628 2000 rectam
649 1960 926 2011 operationem,
947 1959 986 1996 in
1008 1971 1086 2008 qua
1105 1958 1218 1995 nobis
1247 1970 1375 1995 exem-

306 2021 415 2068 plum
436 2030 474 2054 se
494 2015 681 2065 praebuit.
704 2014 815 2051 Unde
844 2011 1080 2061 Augustinus
1102 2011 1201 2055 dicit,
1222 2011 1261 2047 in
1281 2023 1376 2059 quo-

307 2073 397 2109 dam
418 2072 605 2108 Sermone
625 2068 670 2104 de
698 2068 899 2104 Nativitate
922 2067 1076 2102 Domini
1094 2065 1132 2101 *ι
1165 2066 1294 2101 Homo
1321 2076 1375 2100 se-

307 2125 470 2175 quendus
491 2135 565 2159 non
585 2127 676 2167 erat,
697 2121 759 2169 qui
776 2119 896 2157 videri
907 2124 1076 2168 poterat:
1102 2119 1205 2154 Deus
1222 2129 1375 2166 sequen-

307 2179 373 2215 dus
401 2182 490 2221 erat,
512 2177 574 2224 qui
600 2174 718 2211 videri
745 2185 818 2209 non
843 2177 1001 2221 poterat.
1037 2172 1082 2208 Ut
1107 2182 1201 2220 ergo
1229 2171 1376 2207 exhibe-

307 2237 409 2268 retur
436 2229 578 2266 homini
596 2233 629 2263 et
657 2227 720 2275 qui
745 2228 792 2263 ab
821 2226 971 2262 homine
988 2224 1185 2269 videretur,
1206 2228 1240 2259 et
1267 2234 1375 2272 quem

306 2286 418 2321 homo
440 2287 659 2331 sequeretur,
679 2281 780 2316 Deus
797 2279 926 2326 sactus
951 2283 1002 2313 est
1025 2278 1148 2313 homo.
1169 2298 1195 2302 —
1215 2275 1375 2323 Quinto,

307 2343 496 2385 quantum
525 2334 573 2371 ad
602 2335 754 2382 plenam
792 2329 1122 2380 participationem
1151 2327 1375 2375 divinitatis,

307 2401 407 2438 quae
436 2399 526 2424 vere
554 2394 609 2423 est
637 2384 807 2422 hominis
830 2383 1038 2428 beatitudo,
1060 2389 1095 2418 et
1122 2381 1210 2417 finis
1239 2382 1376 2417 huma-

308 2454 379 2479 nae
408 2441 519 2478 vitae.
551 2441 598 2476 Et
618 2440 693 2475 hoc
721 2439 903 2474 collatum
932 2443 986 2472 est
1007 2434 1119 2471 nobis
1147 2445 1216 2482 per
1236 2433 1377 2470 Christi

309 2494 606 2531 humanitatem:
637 2491 727 2527 dicit
752 2490 855 2526 enim
875 2487 1122 2535 Augustinus,
1143 2486 1182 2523 in
1202 2486 1376 2535 quodam

311 2550 498 2585 Sermone
533 2546 578 2582 de
611 2545 738 2581 Nativ.
774 2543 930 2579 Domini
955 2541 993 2577 *ε
1028 2542 1164 2577 Factus
1199 2546 1249 2576 est
1275 2540 1377 2576 Deus

310 2603 432 2646 homo,
453 2605 490 2635 ut
517 2600 629 2635 homo
646 2599 761 2644 fieret
787 2597 899 2632 Deus.

363 2651 542 2690 Similiter
570 2650 682 2686 etiam
713 2650 789 2685 hoc
825 2647 914 2684 utile
942 2646 1010 2683 fuit
1038 2646 1087 2682 ad
1120 2644 1376 2682 remotionem

311 2706 411 2744 mali.
449 2704 579 2741 Primo
615 2702 719 2739 enim
751 2713 819 2750 per
847 2701 922 2737 hoc
951 2701 1073 2736 homo
1104 2697 1299 2735 instruitur
1326 2710 1375 2734 ne

311 2758 381 2794 sibi
409 2758 607 2794 diabolum
635 2755 839 2804 praeferat,
869 2761 905 2790 et
933 2764 1025 2789 eum
1056 2758 1280 2797 veneretur,
1309 2751 1376 2799 qui

313 2819 367 2847 est
395 2818 526 2847 auctor
554 2807 709 2858 peccati.
740 2807 850 2844 Unde
886 2805 975 2842 dicit
1008 2804 1263 2852 Augustinus,
1294 2805 1376 2840 XIII

313 2864 357 2900 de
389 2865 422 2900 T
421 2865 490 2899 rin.
511 2862 549 2898 *ε
586 2861 744 2904 Quando
771 2862 824 2897 sic
851 2861 932 2896 Deo
961 2859 1141 2907 coniungi
1166 2858 1286 2906 potuit
1313 2858 1376 2893 hu-

313 2928 426 2952 mana
456 2921 588 2952 natura
625 2920 662 2950 ut
678 2915 791 2961 fieret
829 2925 904 2949 una
927 2923 1111 2961 persona,
1140 2911 1291 2959 superbi
1325 2910 1379 2946 illi

313 2969 472 3018 maligni
497 2969 642 3017 spiritus
662 2979 734 3003 non
756 2966 836 3003 ideo
863 2978 903 3002 se
925 2965 1085 3001 audeant
1112 2964 1255 3000 homini
1266 2974 1376 3012 prae-

309 3033 452 3070 ponere
471 3022 556 3069 quia
585 3031 657 3056 non
680 3021 814 3056 habent
842 3030 1006 3055 carnem.
1027 3039 1053 3044 -
1074 3015 1266 3062 Secundo,
1287 3014 1377 3064 quia

315 3086 383 3122 per
411 3075 485 3109 hoc
514 3071 737 3108 instruimur
760 3079 902 3119 quanta
930 3070 975 3106 sit
994 3069 1154 3117 dignitas
1182 3069 1377 3105 humanae

316 3134 482 3171 naturae,
504 3137 552 3160 ne
578 3136 664 3160 eam
684 3123 928 3171 inquinemus
952 3122 1160 3170 peccando.
1192 3122 1302 3159 Unde
1321 3120 1376 3158 di-

316 3179 363 3214 cit
393 3177 638 3225 Augustinus,
660 3176 697 3211 in
719 3175 813 3211 libro
833 3176 878 3211 de
904 3176 998 3211 Vera
1022 3175 1219 3224 Religione
1237 3174 1275 3210 *ε
1306 3175 1377 3210 De·

1050 192 1313 240 QUAESTIO
1343 192 1372 237 I,
1404 191 1696 229 ARTICULUS
1725 193 1754 228 11

1429 273 1645 308 monstravit
1664 273 1768 308 nobis
1795 272 1896 307 Deus
1916 283 2027 320 quam
2054 272 2241 308 excelsum
2260 271 2384 308 Iocum
2403 273 2498 308 inter

1429 329 1619 360 creaturas
1637 324 1770 360 habeat
1796 324 1962 360 humana
1987 330 2135 370 natura,
2156 325 2192 361 in
2221 326 2292 361 hoc
2320 323 2420 373 quod
2436 325 2497 361 ho·

1428 377 1588 412 minibus
1616 378 1652 412 in
1681 387 1770 413 vero
1805 377 1955 412 homine
1987 378 2172 426 apparuit.
2207 377 2255 413 Et
2282 377 2366 413 Leo
2394 377 2500 426 Papa

1429 428 1538 474 dicit,
1567 428 1607 465 in
1637 429 1826 466 Sermone
1854 428 1900 465 de
1930 429 2134 467 Nativitate
2160 429 2200 466 *ε
2239 430 2436 479 Agnosce,
2468 429 2502 467 O

1433 482 1658 527 Christiane,
1687 481 1904 531 dignitatem
1942 486 2067 518 tuam:
2094 487 2144 528 et,
2174 482 2322 519 divinae
2348 493 2501 519 consors

1418 534 1547 581 factus
1576 532 1743 580 naturae,
1764 534 1843 570 noli
1868 535 1905 570 in
1934 539 2094 571 veterem
2121 535 2295 572 vilitatem
2325 534 2503 584 degeneri

1428 587 1709 623 conversatione
1737 586 1869 623 redire.
1890 608 1916 612 —
1936 586 2068 624 Tertio
2097 587 2201 636 quia,
2225 587 2274 624 ad
2302 598 2501 636 praesum-

1429 638 1602 687 ptionem
1623 638 1792 675 hominis
1811 639 2032 685 tollendam,
2048 641 2174 690 gratia
2193 640 2276 686 Dei,
2300 639 2410 676 nullis
2427 651 2501 676 me-

1429 693 1506 728 ritis
1519 692 1837 741 praecedentibus,
1853 693 1890 728 in
1910 693 2061 729 homine
2083 693 2228 730 Christo
2247 697 2259 713 ²
2280 694 2385 729 nobis
2403 704 2501 729 com-

1429 745 1645 781 mendatur:
1662 751 1704 781 ut
1724 743 1861 781 dicitur
1879 745 1961 781 XIII
1981 745 2026 781 de
2049 747 2084 782 T
2082 746 2228 782 rinitate
2241 744 2271 781 *.
2293 767 2318 771 —
2338 745 2500 791 Quarto,

1429 797 1520 846 quia
1537 798 1713 846 superbia
1731 798 1903 843 hominis,
1918 809 2013 846 quae
2031 799 2241 835 maximum
2261 797 2500 847 impedimen-

1428 856 1505 887 tum
1526 849 1537 875 ζ
1558 855 1608 886 est
1637 861 1683 886 ne
1702 851 1941 887 inhaereatur
1968 851 2061 896 Deo,
2077 862 2150 900 per
2175 856 2316 887 tantam
2344 851 2419 887 Dei
2435 851 2501 887 hu-

1429 903 1619 940 militatem
1657 902 1840 952 redargui
1868 907 1987 952 potest
2023 908 2132 952 atque
2167 905 2317 940 sanari:
2353 910 2396 939 ut
2423 903 2502 939 Au-

1428 955 1601 1004 gustinus
1630 955 1720 992 dicit
1748 954 1904 992 ibidem.
1932 977 1957 982 —
1985 955 2152 1002 Quinto,
2181 955 2231 992 ad
2259 954 2502 992 liberandum

1430 1008 1632 1046 hominem
1652 1021 1674 1044 a
1702 1007 1883 1044 servitute
1903 1013 1933 1044 η.
1965 1007 2084 1054 Quod
2109 1007 2280 1057 quidem,
2301 1015 2344 1045 ut
2367 1009 2502 1056 Augu-

1430 1061 1550 1098 stinus
1578 1061 1678 1107 dicit,
1700 1061 1782 1097 XIII
1802 1061 1848 1097 de
1870 1062 1905 1098 T
1903 1062 1973 1097 rin.
1994 1060 2025 1107 ²¹⁸,
2034 1062 2131 1109 fieri
2149 1061 2272 1097 debuit
2298 1062 2352 1098 sic
2370 1066 2408 1097 ut
2427 1060 2502 1098 dia-

1429 1115 1534 1151 bolus
1571 1115 1704 1151 iustitia
1741 1115 1901 1150 hominis
1937 1114 2023 1150 Iesu
2064 1114 2202 1150 Christi
2240 1118 2504 1163 superaretur.-

1430 1168 1537 1216 quod
1566 1167 1708 1204 factum
1738 1173 1793 1202 est
1821 1165 1974 1203 Christo
2003 1165 2251 1203 satisfaciente
2279 1178 2350 1215 pro
2377 1165 2500 1202 nobis.

1430 1221 1563 1257 Homo
1583 1227 1713 1256 autem
1742 1231 1863 1268 purus
1882 1217 1894 1240 θ
1919 1218 2131 1256 satisfacere
2155 1230 2235 1255 non
2262 1225 2412 1268 poterat
2429 1230 2501 1268 pro

1429 1281 1509 1310 toto
1530 1273 1705 1310 humano
1725 1283 1884 1320 genere;
1914 1271 2021 1308 Deus
2039 1279 2171 1309 autem
2190 1270 2403 1308 satisfacere
2422 1283 2502 1308 non

1430 1326 1614 1370 debebat;
1645 1325 1748 1362 unde
1769 1324 1971 1373 oportebat
1990 1324 2119 1361 Deum
2141 1331 2178 1360 et
2197 1324 2399 1361 hominem
2419 1335 2501 1361 esse

1430 1381 1557 1416 Iesum
1578 1377 1787 1415 Christum.
1817 1377 1929 1414 Unde
1949 1384 1984 1414 et
2006 1378 2088 1413 Leo
2108 1377 2214 1426 Papa
2233 1376 2333 1422 dicit,
2354 1376 2394 1413 in
2415 1377 2501 1414 Ser-

1430 1443 1547 1468 mone
1576 1432 1622 1468 de
1649 1431 1775 1467 Nativ.
1796 1429 1833 1466 *2
1863 1431 2068 1479 Suscipitur
2085 1442 2109 1466 a
2134 1431 2266 1466 virtute
2293 1431 2500 1478 infirmitas,

1429 1497 1452 1521 a
1481 1486 1671 1521 maiestate
1698 1483 1884 1519 humilitas
1903 1488 1930 1519 ⁸:
1962 1487 2017 1528 ut,
2045 1482 2144 1532 quod
2171 1483 2303 1519 nostris
2331 1482 2502 1520 remediis

1429 1538 1674 1586 congruebat,
1695 1548 1790 1572 unus
1808 1541 1917 1584 atque
1945 1535 2040 1571 idem
2060 1536 2134 1571 Dei
2159 1540 2192 1571 et
2214 1535 2408 1571 hominum
2428 1547 2501 1572 me-

1429 1591 1552 1627 diator
1579 1595 1612 1626 et
1640 1590 1741 1625 mori
1766 1601 1816 1625 ex
1843 1600 1930 1633 uno,
1946 1593 1979 1624 et
2008 1599 2207 1637 resurgere
2220 1593 2344 1636 posset
2371 1599 2422 1624 ex
2447 1588 2501 1625 al-

1429 1649 1518 1680 tero.
1559 1643 1647 1679 Nisi
1681 1642 1780 1678 enim
1816 1646 1906 1677 esset
1939 1652 2049 1678 verus
2085 1641 2205 1686 Deus,
2236 1652 2310 1676 non
2348 1638 2503 1688 afferret

1430 1695 1654 1732 remedium.-
1690 1695 1761 1731 nisi
1787 1699 1876 1730 esset
1910 1694 2022 1730 homo
2049 1705 2174 1738 verus,
2205 1705 2280 1729 non
2303 1694 2503 1742 praeberet

1430 1748 1656 1797 exemplum.

1483 1801 1581 1838 Sunt
1609 1807 1740 1836 autem
1775 1807 1812 1835 et
1839 1798 1934 1835 aliae
1971 1797 2161 1847 plurimae
2189 1797 2364 1834 utilitates
2399 1810 2500 1847 quae

1428 1861 1657 1890 consecutae
1685 1860 1784 1898 sunt,
1805 1863 1922 1900 supra
1945 1850 2337 1900 comprehensionem
2366 1863 2500 1889 sensus

1430 1906 1604 1943 humani.

1482 1960 1538 1995 Αι)
1568 1971 1704 1996 ΡιιιΜυΜ
1733 1970 1831 1995 ERGO
1860 1969 2043 1994 mcsNDUM
2072 1957 2179 2006 quod
2199 1956 2293 1993 ratio
2322 1956 2383 1994 illa
2410 1969 2500 2006 pro-

1429 2012 1528 2048 cedit
1556 2011 1773 2048 secundum
1796 2010 1969 2059 primum
1990 2010 2155 2047 modum
2184 2009 2396 2057 necessarii,
2418 2009 2500 2047 sine

1430 2077 1510 2114 quo
1539 2064 1588 2101 ad
1616 2063 1738 2100 finem
1765 2062 1959 2112 perveniri
1988 2074 2067 2099 non
2095 2069 2231 2111 potest.

1482 2119 1540 2154 An
1569 2128 1760 2154 sECUNDUM
1787 2127 1970 2153 mcaNDUM
1998 2115 2105 2164 quod
2141 2115 2270 2164 aliqua
2297 2114 2500 2153 satisfactio

1429 2178 1554 2219 potest
1583 2169 1657 2206 dici
1685 2168 1879 2206 sufficiens
1907 2168 2118 2217 dupliciter.
2148 2169 2237 2205 Uno
2262 2167 2395 2215 modo,
2415 2179 2500 2218 per-

1429 2224 1544 2260 fecte:
1574 2222 1665 2272 quia
1693 2229 1748 2259 est
1775 2221 1966 2270 condigna
1985 2233 2054 2270 per
2082 2221 2281 2270 quandam
2308 2220 2501 2270 adaequa-

1430 2276 1576 2313 tionem
1595 2275 1644 2312 ad
1673 2274 2073 2324 recompensationem
2092 2273 2322 2311 commissae
2350 2274 2498 2322 culpae.

1431 2330 1479 2365 Et
1498 2329 1551 2365 sic
1571 2327 1740 2365 hominis
1759 2327 1847 2377 puri
1875 2326 2076 2364 satisfactio
2095 2325 2289 2364 sufficiens
2317 2338 2400 2363 esse
2419 2338 2499 2363 non

1430 2381 1554 2430 potuit
1573 2387 1604 2418 *z
1635 2380 1726 2429 quia
1753 2388 1832 2417 tota
1859 2387 1995 2417 natura
2015 2380 2187 2416 humana
2218 2386 2297 2415 erat
2315 2390 2385 2427 per
2411 2391 2499 2428 pec-

1431 2442 1560 2471 catum
1589 2441 1790 2482 corrupta3
1827 2440 1898 2469 n'ec
1926 2432 2076 2469 bonurn
2105 2430 2263 2468 alieuius
2290 2443 2498 2480 personae,

1429 2489 1492 2524 vel
1520 2486 1635 2523 etiam
1663 2486 1854 2535 plurium,
1883 2492 2031 2534 poterat
2066 2496 2135 2533 per
2170 2483 2497 2533 aequiparandam

1430 2540 1546 2576 totius
1574 2547 1731 2576 naturae
1759 2537 2032 2575 detrimentum
2056 2549 2362 2586 recompensare.
2392 2538 2500 2575 Tum

1431 2592 1546 2629 etiam
1575 2592 1666 2640 quia
1693 2598 1895 2640 peccatum
1924 2597 2056 2627 contra
2083 2591 2212 2626 Deum
2245 2589 2499 2628 commissum

1430 2645 1627 2694 quandam
1656 2643 1883 2680 infinitatem
1911 2643 2026 2679 habet
2054 2654 2100 2679 ex
2128 2642 2313 2679 infinitate
2345 2642 2498 2680 divinae

1430 2697 1652 2735 maiestatis:
1681 2704 1787 2733 tanto
1806 2695 1910 2733 enim
1929 2696 2077 2732 offensa
2097 2703 2158 2732 est·
2170 2695 2332 2743 gravior,
2353 2703 2498 2744 quanto

1431 2750 1556 2788 maior
1583 2758 1638 2786 est
1666 2749 1726 2786 ille
1754 2749 1793 2785 in
1822 2761 1938 2797 quem
1969 2748 2213 2797 delinquitur.
2243 2748 2355 2786 Unde
2384 2760 2498 2797 opor-

1430 2804 1510 2850 tuit,
1531 2803 1579 2839 ad
1608 2801 1840 2850 condignam
1869 2801 2176 2847 satisfactionem,
2205 2808 2247 2838 ut
2274 2800 2372 2838 actio
2398 2799 2413 2823 λ
2439 2813 2496 2838 sa-

1429 2855 1644 2893 tisfacientis
1673 2854 1830 2891 haberet
1858 2854 2068 2891 efficaciam
2096 2853 2306 2901 infinitam,
2334 2861 2377 2890 ut
2403 2861 2496 2902 puta

1431 2909 1503 2946 Dei
1532 2916 1567 2945 et
1596 2907 1764 2945 hominis
1793 2907 1966 2944 existens.

1483 2961 1569 2998 Alio
1607 2960 1727 2997 modo
1765 2967 1889 3009 potest
1926 2959 2001 2997 dici
2038 2959 2239 2997 satisfactio
2258 2965 2276 2988 μ
2303 2957 2496 2995 sufficiens

1430 3014 1669 3063 imperfecte:
1699 3012 1838 3050 scilicet
1857 3013 2073 3050 secundum
2093 3011 2394 3061 acceptationem
2414 3010 2495 3048 eius

1431 3067 1498 3116 qui
1527 3074 1581 3103 est
1601 3079 1646 3103 ea
1673 3073 1885 3111 contentus,
1906 3065 2086 3114 quamvis
2111 3077 2192 3102 non
2218 3063 2266 3101 sit
2291 3062 2494 3111 condigna.

1431 3122 1479 3157 Et
1508 3121 1583 3157 hoc
1611 3119 1731 3156 modo
1760 3118 1962 3156 satisfactio
1990 3118 2077 3167 puri
2112 3116 2280 3154 hominis
2308 3123 2363 3152 est
2390 3115 2495 3152 suffi-

1431 3173 1544 3210 ciens.
1576 3173 1623 3209 Et
1651 3172 1743 3221 quia
1771 3183 1888 3209 omne
1916 3170 2183 3220 imperfectum
2219 3167 2495 3218 praesupponit

371 3336 393 3366 ε)
413 3336 524 3361 homine.
539 3335 651 3360 Christo.
666 3350 684 3353 -
702 3334 787 3358 Tertia
807 3338 906 3365 praeter
925 3332 980 3364 pG;
1001 3332 1105 3357 nomine
1127 3333 1234 3359 Christi.

371 3371 401 3402 ζ)
417 3371 564 3396 maximum
584 3370 808 3402 impedimentum.
821 3383 838 3387 -
858 3367 975 3392 maxime
995 3367 1181 3398 impedimento
1202 3369 1253 3394 PG.

371 3407 398 3437 ⁷‚)
418 3407 551 3431 servitute.
564 3420 581 3423 —
598 3405 701 3437 peccati
720 3404 787 3428 addit
806 3404 877 3428 tertia
898 3408 998 3435 praeter
1016 3403 1066 3435 ρΗ.

372 3440 396 3475 0)
413 3449 505 3473 purus.
518 3456 535 3459 -
556 3441 642 3465 FGHa
662 3446 686 3465 et
705 3439 843 3469 editionem
861 3439 938 3470 prius
957 3437 1076 3467 mene,
1093 3437 1198 3469 primus
1218 3438 1235 3462 l.

1486 3332 1505 3366 ι)
1525 3341 1542 3358 α
1556 3333 1694 3357 maiestate
1713 3331 1888 3357 humilitas.-
1907 3328 2051 3359 Editiones;
2069 3327 2222 3352 animarum
2235 3330 2262 3351 et
2273 3326 2389 3352 altarum
2403 3333 2494 3352 rerum

1430 3368 1512 3401 prima
1532 3373 1557 3392 et
1576 3368 1627 3398 EF,
1646 3375 1699 3392 om.
1719 3366 1786 3392 GHI.

1482 3401 1508 3435 κ)
1525 3403 1622 3434 potuit.
1634 3416 1654 3422 -
1666 3409 1720 3434 pro
1735 3403 1847 3433 peccato
1866 3403 1922 3424 tum
1941 3397 2011 3422 addit
2029 3398 2110 3426 tertia,
2130 3399 2186 3421 tum
2205 3397 2302 3422 addunt
2321 3396 2387 3422 EsC.

1483 3436 1511 3470 λ)
1530 3437 1608 3462 actio.
1622 3452 1641 3456 -
1658 3441 1734 3463 actus
1753 3435 1889 3461 editiones.
1900 3447 1920 3453 -
1937 3433 1988 3458 Pro
2007 3435 2035 3458 ut
2050 3435 2128 3464 puta,
2147 3434 2240 3463 utpote
2258 3431 2285 3458 Ρ.

1485 3472 1513 3506 μ)
1533 3472 1689 3505 satisfactio.
1702 3485 1722 3490 —
1739 3469 1852 3496 hominis
1870 3475 1926 3494 esse
1945 3468 2043 3493 addunt
2062 3468 2084 3492 Η
2104 3472 2130 3492 et
2148 3466 2281 3492 editiones.

2532 433 2541 441 ⁸
2554 432 2628 453 Serm.
2642 431 2703 459 XXI,
2712 432 2741 454 ul.

2529 457 2618 506 {13:25⁸
2619 462 2702 507 'scitii‘
2706 458 2743 510 1¹2?

2530 1069 2541 1079 ⁸
2555 1069 2612 1097 Cap.
2627 1075 2676 1097 xm,
2695 1076 2741 1092 xiv.

2528 1432 2546 1479 2¹
2554 1431 2630 1454 Sei-m.
2639 1431 2679 1454 eit.
2689 1437 2743 1460 cap.

2631 1495 2639 1510 Ι.
