2872 3970
95 330 105 340 ⁸
121 329 156 350 Cf.
172 331 214 349 art.
231 327 252 348 6.

97 538 106 547 ·
121 536 176 564 Cap.
194 542 228 562 ni,
243 542 272 557 lv,

96 854 106 865 ⁸
132 854 214 876 Coum.
244 853 306 879 vin,

96 886 145 902 can.
162 887 182 901 V.

94 1430 103 1438 ⁸
118 1429 141 1449 S.
158 1428 304 1449 Bonavent.1

93 1455 166 1480 Seni„
178 1455 230 1476 dist.
242 1461 295 1475 xxm

94 1487 131 1508 qn.
148 1487 163 1508 ι,
179 1485 220 1502 art.
239 1489 256 1503 1.

96 1741 304 1768 ·Par1.1.cap.xxv1‚

95 1769 171 1789 anath.
187 1774 219 1789 ιιι.

98 2741 182 2767 ‘lbid.‚
193 2741 268 2763 anath.
276 2748 304 2762 iv.

336 240 384 277 30

335 317 530 368 hypostasi
558 317 588 353 ²¹⁴.
632 316 750 362 Quod
793 314 949 363 quidem
992 319 1148 361 apparet
1189 321 1395 347 erroneum

334 370 534 420 tripliciter.
572 368 719 414 Primo,
749 380 795 404 ex
832 368 908 403 hoc
940 366 1045 414 quod
1081 375 1246 413 persona
1280 373 1396 410 supra

335 422 573 473 hypostasim
588 433 668 458 non
683 419 786 457 addit
805 419 876 455 nisi
897 417 1187 455 determinatam
1206 422 1394 459 naturam,

336 475 473 512 scilicet
492 473 736 518 rationalem;
758 471 973 509 secundum
993 469 1098 518 quod
1118 467 1275 505 Boetius
1295 466 1394 512 dicit,

335 528 374 565 in
402 528 497 564 libro
526 527 571 564 de
597 528 752 563 Duabus
779 525 935 561 Naturis
953 523 990 569 ²¹⁶,
1020 521 1127 570 quod
1149 532 1314 570 persona
1346 524 1396 555 est

335 581 526 617 rationalis
562 585 718 616 naturae
755 576 941 614 individua
977 575 1187 611 substantia.
1226 573 1274 609 Et
1308 571 1395 608 ideo

335 633 435 670 idem
467 640 521 669 est
540 631 741 668 attribuere
770 628 966 677 propriam
995 625 1232 676 hypostasim
1259 625 1395 660 huma-

335 697 407 722 nae
435 693 592 721 naturae
620 683 659 720 in
689 682 851 727 Christo,
881 688 917 717 et
944 679 1141 728 propriam
1175 688 1394 726 personam.

336 738 454 784 Quod
491 736 735 783 intelligentes
773 733 891 770 sancti
929 733 1076 776 Patres,
1112 738 1322 778 utrumque
1357 728 1396 765 in

337 789 508 827 Concilio
548 788 712 835 Quinto,
750 786 853 835 apud
893 782 1266 832 Constantinopolim
1302 783 1396 818 cele-

334 843 453 888 brato,
470 842 761 885 damnaverunt,
778 839 946 874 dicentes
960 837 994 873 *ε
1012 839 1052 873 Si
1066 838 1144 885 quis
1163 835 1398 871 introducere

334 901 486 932 conetur
513 896 549 930 in
578 893 755 941 mysterio
783 892 918 927 Christi
944 890 1035 926 duas
1061 889 1306 925 subsistentias
1332 899 1396 923 seu

333 948 424 984 duas
445 957 639 995 personas,
659 945 740 981 talis
768 944 966 980 anathema
992 943 1055 978 sit:
1083 953 1150 978 nec
1178 942 1276 977 enim
1301 940 1396 977 adie-

332 1001 488 1036 ctionem
515 1009 702 1047 personae
728 996 787 1034 vel
812 996 1062 1032 subsistentiae
1087 995 1242 1043 suscepit
1268 999 1396 1030 sancta

336 1053 508 1097 Trinitas,
538 1052 733 1087 incarnato
757 1061 832 1085 uno
864 1049 909 1085 de
934 1053 1063 1084 sancta
1096 1049 1131 1084 T
1129 1048 1286 1093 rinitate,
1315 1047 1396 1082 Deo

340 1105 469 1141 Verbo.
503 1118 521 1136 «
541 1101 790 1140 Subsistentia
807 1117 825 1136 »
858 1108 987 1138 autem
1007 1100 1110 1137 idem
1130 1107 1185 1136 est
1204 1099 1311 1148 quod
1338 1111 1397 1135 res

332 1156 556 1193 subsistens:
594 1155 701 1205 quod
743 1162 798 1191 est
839 1153 1041 1202 proprium
1083 1152 1317 1202 hypostasis,
1356 1159 1397 1188 ut

331 1217 434 1258 patet
461 1221 530 1258 per
558 1208 749 1254 Boetium,
770 1207 809 1243 in
829 1207 925 1243 libro
946 1206 991 1243 de
1009 1207 1166 1242 Duabus
1193 1206 1351 1242 Naturis
1364 1204 1395 1241 ³¹⁶.

387 1261 567 1299 Secundo
596 1261 697 1310 quia,
728 1260 758 1297 si
786 1260 896 1296 detur
924 1259 1031 1308 quod
1060 1270 1226 1307 persona
1254 1257 1396 1306 aliquid

332 1315 447 1352 addat
475 1326 590 1363 supra
618 1312 856 1363 hypostasim
876 1312 915 1349 in
936 1324 1014 1360 quo
1043 1311 1162 1360 possit
1188 1310 1270 1348 fieri
1290 1310 1395 1357 unio,

332 1368 408 1403 hoc
427 1367 521 1403 nihil
541 1374 596 1403 est
615 1366 718 1403 aliud
738 1377 856 1414 quam
876 1364 1088 1413 proprietas
1108 1364 1156 1400 ad
1176 1363 1397 1411 dignitatem

331 1420 542 1468 pertinens:
571 1419 787 1455 secundum
807 1417 913 1466 quod
933 1429 955 1453 a
974 1417 1209 1465 quibusdam
1223 1416 1243 1438 ’¹‘
1262 1416 1398 1452 dicitur

298 1471 303 1481 '
332 1473 438 1521 quod
466 1483 631 1520 persona
660 1478 714 1506 est
742 1471 948 1519 hypostasis
974 1470 1204 1518 proprietate
1231 1468 1397 1505 distincta

331 1525 382 1562 ad
407 1525 622 1573 dignitatem
652 1524 871 1572 pertinente.
910 1521 949 1558 Si
978 1533 1067 1568 ergo
1102 1521 1199 1557 facta
1231 1520 1276 1556 sit
1303 1520 1396 1556 unio

331 1577 370 1614 in
398 1589 563 1626 persona
592 1584 627 1613 et
655 1587 735 1612 non
763 1574 803 1611 in
830 1573 1037 1623 hypostasi,
1067 1585 1310 1621 consequens
1330 1572 1398 1609 erit

332 1630 437 1679 quod
456 1641 536 1666 non
556 1629 601 1665 sit
620 1629 715 1665 facta
734 1627 828 1664 unio
848 1626 920 1663 nisi
940 1626 1157 1663 secundum
1176 1625 1397 1673 dignitatem

332 1683 540 1731 quandam.
571 1683 619 1718 Et
638 1682 713 1717 hoc
733 1688 798 1726 est,
820 1679 1059 1728 approbante
1088 1679 1248 1728 Synodo
1269 1679 1397 1727 Ephe-

333 1735 415 1772 sina
433 1735 470 1782 ²¹²,
500 1735 727 1771 damnatum
756 1746 778 1770 a
808 1732 949 1782 Cyrillo
985 1732 1057 1768 sub
1093 1731 1152 1768 his
1180 1731 1324 1768 verbis:
1359 1733 1399 1768 Si

333 1789 412 1837 quis
439 1789 476 1824 in
506 1799 579 1824 uno
608 1788 750 1824 Christo
779 1786 904 1823 diuidit
930 1786 1175 1822 subsistentias
1197 1790 1282 1834 post
1309 1784 1396 1821 adu-

333 1842 538 1886 nationem,
574 1840 652 1877 sola
694 1839 871 1888 copulans
907 1850 969 1875 eas
1005 1839 1263 1874 coniunctione
1304 1849 1398 1886 quae

331 1893 532 1930 secundum
565 1893 779 1942 dignitatem
807 1892 866 1929 vel
897 1893 1151 1928 auctoritatem
1184 1896 1235 1927 est
1261 1891 1320 1927 vel
1345 1902 1397 1926 se-

333 1947 494 1983 cundum
517 1947 732 1995 potentiam,
754 1951 786 1981 et
808 1957 881 1981 non
911 1945 1034 1993 magis
1061 1955 1244 1980 concursu
1271 1955 1397 1980 secun·

334 2000 421 2036 dum
450 1999 712 2036 adunationem
741 1998 962 2043 naturalem,
992 1998 1190 2033 anathema
1217 1997 1271 2032 sit.

386 2052 535 2099 Tertio,
565 2051 656 2100 quia
690 2058 838 2087 tantum
874 2049 1088 2099 hypostasis
1125 2056 1179 2085 est
1207 2048 1268 2085 cui
1297 2048 1396 2085 attri-

334 2105 506 2141 buuntur
541 2104 782 2153 operationes
811 2111 846 2139 et
873 2102 1123 2152 proprietates
1158 2109 1332 2148 naturae,
1362 2109 1398 2138 et

334 2170 379 2194 ea
400 2157 512 2194 etiam
541 2169 640 2206 quae
668 2157 717 2193 ad
745 2163 903 2193 naturae
932 2155 1117 2192 rationem
1148 2155 1338 2203 pertinent
1358 2154 1398 2191 in

333 2218 529 2247 concreto:
567 2210 730 2246 dicimus
759 2209 862 2246 enim
891 2208 997 2257 quod
1025 2209 1084 2245 hic
1110 2209 1222 2245 homo
1251 2207 1397 2244 ratioci-

334 2271 455 2310 natur,
486 2271 521 2299 et
549 2271 604 2300 est
632 2261 791 2308 risibilis,
813 2269 849 2298 et
873 2269 927 2297 est
955 2261 1098 2297 animal
1126 2260 1319 2297 rationale.
1350 2261 1398 2297 Et

333 2317 406 2352 hac
434 2315 578 2352 ratione
606 2317 665 2352 hic
692 2317 803 2352 homo
823 2320 834 2335 ε
858 2314 995 2351 dicitur
1023 2326 1104 2351 esse
1133 2313 1394 2362 suppositum:

333 2369 423 2417 quia
458 2368 595 2405 scilicet
628 2369 846 2417 supponitur
882 2367 940 2403 his
976 2378 1076 2415 quae
1110 2366 1159 2403 ad
1194 2366 1395 2403 hominem

332 2421 536 2470 pertinent,
574 2433 711 2458 eorum
752 2419 1077 2469 praedicationem
1119 2418 1316 2468 recipiens.
1357 2419 1397 2456 Si

333 2486 421 2522 ergo
451 2474 496 2510 sit
524 2473 595 2510 alia
623 2473 838 2523 hypostasis
857 2472 896 2509 in
918 2471 1068 2509 Christo
1097 2480 1246 2520 praeter
1273 2473 1396 2521 hypo-

333 2527 462 2564 stasim
481 2526 609 2573 Verbi,
631 2534 812 2575 sequetur
839 2525 947 2574 quod
966 2525 1014 2561 de
1034 2524 1163 2573 aliquo
1183 2524 1257 2561 alio
1277 2537 1396 2574 quam

333 2580 380 2617 de
394 2579 523 2616 Verbo
543 2579 788 2616 verificentur
807 2590 852 2615 ea
867 2589 966 2626 quae
993 2585 1081 2614 sunt
1108 2577 1288 2624 hominis,
1303 2586 1397 2627 puta

334 2645 414 2669 esse
450 2640 585 2669 natum
620 2632 668 2668 de
696 2631 870 2679 Virgine,
899 2643 1075 2679 passum,
1105 2630 1333 2668 crucifixum
1362 2639 1398 2668 et

334 2687 538 2735 sepultum.
576 2685 624 2721 Et
652 2685 728 2721 hoc
762 2683 875 2720 etiam
908 2683 1136 2720 damnatum
1164 2691 1229 2730 est,
1259 2696 1397 2733 appro-

333 2739 445 2775 bante
467 2737 640 2775 Concilio
660 2737 858 2786 Ephesino
878 2736 908 2783 ²³⁶,
925 2736 997 2773 sub
1016 2735 1075 2772 his
1094 2736 1236 2773 verbis:
1258 2739 1299 2774 Si
1320 2739 1399 2787 quis

328 2793 498 2841 personis
526 2791 668 2828 duabus
694 2791 753 2828 vel
779 2791 1012 2827 subsistentiis
1039 2801 1101 2826 eas
1129 2802 1224 2838 quae
1249 2796 1333 2827 sunt
1360 2792 1397 2827 in

334 2844 568 2893 Evangelicis
587 2850 620 2880 et
639 2843 858 2893 Apostolicis
886 2844 1083 2892 Scripturis
1111 2843 1321 2892 impartitur
1338 2856 1399 2881 vo-

335 2909 411 2942 ces,
440 2903 502 2933 aut
530 2897 574 2933 de
604 2898 748 2934 Christo
776 2909 800 2933 a
828 2897 970 2933 Sanctis
997 2895 1126 2942 dictas,
1156 2901 1219 2932 aut
1246 2897 1294 2933 ab
1322 2898 1399 2946 ipso

336 2950 380 2986 de
406 2962 464 2993 se‚·
492 2955 525 2986 et
553 2950 730 2999 quasdam
766 2949 911 2999 quidem
945 2949 1043 2986 velut
1076 2949 1221 2985 homini
1246 2955 1401 2998 praeter

335 3003 426 3039 illud
443 3015 491 3039 ex
508 3004 589 3040 Deo
617 3004 777 3040 Verbum
804 3002 1010 3051 specialiter
1029 3002 1207 3038 intellecto
1227 3002 1398 3051 applicat,

1052 233 1314 281 QUAESTIO
1344 232 1392 274 II,
1426 231 1720 268 ARTICULUS
1748 231 1793 267 III

1450 309 1628 357 quasdam
1662 321 1769 354 vero,
1798 308 1895 345 velut
1925 309 2006 345 Deo
2042 309 2227 355 decibiles,
2256 309 2326 345 soli
2357 321 2406 346 ex
2432 311 2512 346 Deo

1449 362 1562 397 Patre
1597 363 1736 398 Verbo:
1763 362 1962 398 anathema
1989 363 2043 397 sit.

1504 413 1567 450 Sic
1586 412 1698 460 igitur
1715 420 1818 461 patet
1837 425 1918 450 esse
1938 413 2128 450 haeresim
2148 413 2196 450 ab
2217 413 2306 450 olim
2324 413 2336 439 ζ
2355 414 2513 451 damna—

1450 473 1528 502 tam
1548 465 1673 502 dicere
1693 466 1799 514 quod
1819 465 1859 502 in
1880 465 2031 503 Christo
2051 473 2139 503 sunt
2161 467 2261 504 duae
2289 467 2514 516 hypostases

1449 519 1511 554 vel
1531 518 1610 554 duo
1630 518 1829 567 supposita
1842 518 1873 565 ⁹⁸,
1894 518 1974 556 sive
2002 519 2110 568 quod
2138 519 2232 556 unio
2253 531 2333 556 non
2355 519 2400 556 sit
2418 519 2514 557 facta

1450 570 1489 606 in
1508 570 1705 619 hypostasi
1732 572 1793 607 vel
1821 571 2032 620 supposito.
2062 572 2174 609 Unde
2193 571 2232 608 in
2252 572 2389 609 eadem
2418 573 2514 622 Syn-

1451 623 1528 659 odo
1547 622 1568 644 ‘¹‘
1595 623 1745 670 legitur:
1776 625 1817 660 Si
1834 625 1912 673 quis
1936 637 2010 661 non
2035 626 2228 673 confitetur
2255 626 2366 662 carni
2389 637 2515 662 secun-

1449 675 1538 712 dum
1565 677 1831 713 subsistentiam
1860 677 2001 713 unitum
2030 689 2079 714 ex
2103 678 2184 714 Deo
2203 679 2316 714 Patre
2341 679 2514 724 Verbum,

1451 740 1638 777 unumque
1665 740 1741 765 esse
1772 730 1957 766 Christum
1988 742 2072 766 cum
2106 742 2174 767 sua
2202 742 2328 777 carne,
2358 730 2515 768 eundem

1448 781 1583 817 scilicet
1610 782 1733 818 Deum
1761 787 1795 818 et
1821 782 2022 828 hominem,
2051 784 2251 820 anathema
2278 784 2332 820 sit.

1503 834 1560 870 AD
1589 846 1725 871 PRIMUM
1754 846 1852 871 ERGO
1880 847 2062 872 DICENDUM
2089 836 2206 884 quod,
2228 835 2324 872 sicut
2343 835 2515 873 acciden-

1449 886 1532 923 talis
1551 885 1764 923 differentia
1782 887 1868 923 facit
1895 887 2064 934 alterum,
2085 887 2135 924 ita
2154 887 2366 925 differentia
2390 900 2516 925 essen—

1450 939 1545 976 tialis
1585 939 1671 976 facit
1712 940 1823 976 aliud.
1867 940 2114 977 Manifestum
2152 948 2206 977 est
2243 949 2372 978 autem
2409 941 2516 990 quod

1451 991 1623 1038 alteritas,
1645 1004 1744 1041 quae
1773 992 1951 1041 provenit
1976 1004 2023 1029 ex
2041 992 2255 1030 differentia
2282 993 2514 1041 accidentali,

1450 1052 1575 1094 potest
1594 1045 1642 1082 ad
1662 1045 1827 1082 eandem
1855 1045 2094 1095 hypostasim
2122 1047 2184 1082 vel
2212 1046 2458 1095 suppositum
2476 1046 2516 1083 in

1451 1098 1566 1134 rebus
1594 1098 1726 1134 creatis
1762 1098 1962 1147 pertinere,
1992 1110 2038 1135 eo
2067 1099 2175 1147 quod
2210 1099 2314 1136 idem
2350 1111 2516 1136 numero

1450 1158 1575 1199 potest
1602 1151 1761 1188 diversis
1789 1150 2047 1188 accidentibus
2076 1151 2249 1188 subesse:
2280 1163 2360 1188 non
2387 1159 2516 1189 autem

1451 1203 1634 1251 contingit
1670 1203 1709 1240 in
1745 1203 1859 1240 rebus
1896 1204 2029 1241 creatis
2066 1204 2173 1253 quod
2210 1204 2311 1241 idem
2351 1216 2516 1242 numero

1451 1257 1654 1294 subsistere
1688 1257 1807 1306 possit
1840 1256 1998 1294 diversis
2034 1257 2204 1294 essentiis
2231 1258 2293 1294 vel
2320 1258 2464 1295 naturis
2485 1263 2514 1294 η.

1450 1310 1562 1348 Unde
1591 1309 1687 1346 sicut
1718 1309 1825 1358 quod
1860 1309 1997 1346 dicitur
2032 1311 2195 1347 alterum
2223 1318 2259 1347 et
2286 1311 2448 1348 alterum
2476 1310 2516 1347 in

1450 1362 1648 1407 creaturis,
1685 1375 1765 1399 non
1801 1362 1986 1410 significat
2023 1362 2280 1400 diversitatem
2316 1363 2516 1412 suppositi,

1451 1416 1518 1452 sed
1539 1417 1663 1452 solum
1685 1415 1942 1452 diversitatem
1961 1415 2174 1452 formarum
2203 1415 2514 1461 accidentalium;

1452 1468 1501 1504 ita
1538 1468 1645 1516 quod
1683 1467 1856 1504 Christus
1893 1467 2030 1505 dicitur
2066 1468 2169 1505 aliud
2207 1476 2243 1505 et
2279 1468 2400 1515 aliud,
2436 1481 2516 1506 non

1451 1520 1632 1568 importat
1666 1520 1924 1557 diversitatem
1960 1521 2147 1569 suppositi
2180 1521 2260 1558 sive
2288 1521 2515 1571 hypostasis,

1452 1573 1519 1609 secl
1538 1572 1796 1609 diversitatem
1818 1580 2054 1609 naturarum.
2082 1573 2192 1610 Unde
2213 1573 2420 1621 Gregorius
2439 1575 2517 1611 Na-

1451 1625 1656 1662 zianzenus
1670 1625 1770 1672 dicit,
1782 1625 1821 1661 in
1836 1625 2008 1674 Epistola
2021 1625 2072 1662 ad
2088 1626 2344 1663 Chelidonium
2354 1626 2389 1663 ³¹⁸:
2405 1627 2521 1664 Aliud

1451 1684 1484 1714 et
1502 1678 1606 1715 aliud
1630 1684 1714 1715 sunt
1741 1691 1785 1715 ea
1813 1690 1863 1715 ex
1890 1679 2019 1727 quibus
2047 1679 2219 1716 Salvator
2237 1684 2299 1725 est,
2321 1692 2395 1716 non
2425 1680 2519 1717 alius

1450 1737 1573 1768 autem
1593 1737 1627 1767 et
1645 1731 1750 1768 alius.
1779 1731 1875 1767 Dico
1903 1743 1993 1768 vero
2016 1746 2034 1764 «
2052 1732 2157 1768 aliud
2182 1737 2215 1768 et
2234 1731 2338 1769 aliud
2353 1747 2371 1766 ›>
2394 1745 2415 1769 e
2433 1745 2518 1770 con-

1450 1785 1568 1820 trario
1589 1796 1700 1833 quam
1721 1785 1758 1820 in
1783 1785 1818 1820 T
1815 1785 1962 1821 rinitate
1988 1785 2106 1821 habet.
2135 1786 2197 1821 Ibi
2213 1786 2312 1821 enim
2336 1800 2354 1819 «
2372 1785 2466 1822 alius
2485 1791 2519 1822 et

1451 1837 1544 1873 alius
1562 1851 1580 1870 »
1603 1836 1768 1882 dicimus,
1790 1842 1827 1873 ut
1849 1849 1923 1874 non
1951 1838 2197 1874 subsistentias
2225 1838 2519 1886 confundamus:

1452 1902 1526 1926 non
1559 1904 1577 1922 «
1599 1889 1703 1926 aliud
1722 1905 1740 1923 »
1772 1895 1894 1926 autem
1926 1904 1944 1923 «
1967 1895 2000 1926 et
2027 1890 2131 1926 aliud
2150 1905 2183 1927 ›>.

1505 1943 1562 1978 AD
1591 1954 1779 1979 SECUNDUM
1807 1954 1989 1979 DICENDUM
2022 1943 2129 1991 quod
2162 1943 2377 1992 hypostasis
2406 1944 2517 1992 signi-

1451 1994 1540 2031 ficat
1568 1994 1819 2031 substantiam
1852 1994 2119 2044 particularem
2153 2008 2234 2032 non
2266 2008 2516 2046 quocumque

1451 2048 1590 2092 modo,
1620 2047 1687 2084 sed
1722 2055 1838 2096 prout
1866 2055 1920 2084 est
1947 2047 1988 2084 in
2016 2060 2088 2084 suo
2122 2050 2418 2097 complemento.
2451 2051 2516 2087 Se-

1452 2100 1624 2137 cundum
1644 2112 1738 2137 vero
1758 2101 1864 2149 quod
1882 2100 1986 2138 venit
2000 2100 2038 2137 in
2053 2100 2240 2138 unionem
2260 2101 2419 2139 alicuius
2438 2115 2516 2139 ma-

1450 2153 1505 2201 gis
1524 2153 1723 2202 completi,
1745 2165 1826 2190 non
1846 2153 1982 2190 dicitur
2000 2154 2232 2203 hypostasis:
2263 2154 2359 2191 sicut
2378 2167 2517 2192 manus

2636 419 2651 449 t:

2542 526 2551 536 ⁸
2565 525 2593 547 D.
2608 525 2660 553 706.

2541 631 2613 679 :¹Loc.
2621 631 2669 658 cit.,
2675 631 2756 654 anath.

2545 1630 2555 1639 ·
2573 1629 2592 1651 Ε
2610 1629 2648 1651 ist.
2667 1629 2697 1652 el
2716 1629 2761 1656 (ad

2546 1655 2595 1677 Che
2603 1655 2667 1678 idon.
2682 1655 2708 1683 Ι),
2726 1656 2757 1678 al.

2546 1682 2610 1704 Orat.
2626 1682 2653 1704 L.

1451 2214 1517 2243 aut
1543 2218 1623 2255 pes.
1654 2207 1702 2243 Et
1721 2205 1891 2243 similiter
1918 2207 2092 2243 humana
2119 2214 2255 2244 natura
2282 2207 2322 2244 in
2351 2207 2515 2255 Christo,
2546 2243 2549 2245 ,

1451 2259 1630 2307 quamvis
1665 2259 1710 2295 sit
1738 2259 1947 2296 substantia
1980 2259 2232 2308 particularis,
2262 2259 2353 2309 quia
2386 2268 2516 2298 tamen

1450 2312 1554 2348 venit
1573 2312 1612 2348 in
1634 2312 1821 2349 unionem
1846 2312 2048 2349 cuiusdam
2075 2312 2266 2361 completi,
2296 2313 2436 2350 scilicet
2462 2321 2516 2350 to-

1450 2364 1523 2402 tius
1544 2364 1683 2402 Christi
1710 2373 1826 2415 prout
1853 2373 1909 2402 est
1936 2366 2042 2402 Deus
2070 2373 2106 2402 et
2129 2366 2263 2407 homo,
2284 2377 2365 2402 non
2392 2373 2517 2415 potest

1450 2417 1523 2454 dici
1543 2418 1758 2467 hypostasis
1777 2419 1838 2455 vel
1860 2418 2121 2467 suppositum:
2151 2417 2218 2455 sed
2238 2417 2330 2455 illud
2349 2420 2516 2468 comple-

1450 2478 1534 2508 tum
1562 2471 1611 2507 ad
1644 2471 1751 2520 quod
1785 2470 1993 2517 concurrit,
2027 2470 2164 2508 dicitur
2191 2483 2273 2507 esse
2301 2471 2517 2521 hypostasis

1450 2525 1511 2561 vel
1539 2524 1794 2573 suppositum.

1503 2578 1560 2613 AD
1593 2589 1752 2614 TERTIUM
1786 2588 1968 2614 memnon
2003 2577 2110 2625 quod
2146 2576 2261 2613 etiam
2280 2575 2293 2598 θ
2327 2577 2366 2614 in
2402 2577 2517 2615 rebus

1451 2630 1584 2666 creatis
1603 2642 1663 2667 res
1682 2629 1810 2678 aliqua
1829 2629 2027 2677 singularis
2046 2641 2127 2666 non
2145 2629 2302 2679 ponitur
2320 2630 2360 2667 in
2378 2642 2516 2678 genere

1451 2684 1513 2720 vel
1547 2683 1672 2732 specie
1709 2682 1854 2719 ratione
1893 2681 1975 2719 eius
2012 2683 2119 2731 quod
2155 2682 2318 2732 pertinet
2351 2684 2401 2720 ad
2435 2683 2518 2721 eius

1452 2735 1817 2782 individuationem,
1847 2735 1915 2771 sed
1947 2735 2093 2772 ratione
2126 2743 2302 2783 naturae,
2332 2748 2432 2785 quae
2461 2749 2517 2774 se-

1453 2790 1627 2827 cundum
1646 2789 1812 2825 formam
1831 2788 2123 2825 determinatur:
2153 2801 2244 2826 cum
2264 2789 2516 2827 individuatio

1453 2843 1574 2890 magis
1602 2842 1648 2879 sit
1675 2841 1891 2878 secundum
1919 2841 2117 2878 materiam
2147 2841 2186 2878 in
2215 2842 2330 2879 rebus
2357 2854 2516 2892 compo-

1454 2896 1543 2933 sitis.
1575 2895 1637 2933 Sic
1665 2894 1776 2942 igitur
1803 2894 2014 2931 dicendum
2042 2902 2097 2931 est
2125 2894 2232 2944 quod
2261 2894 2434 2932 Christus
2461 2903 2517 2932 est

1454 2950 1493 2987 in
1513 2948 1637 2998 specie
1657 2949 1830 2994 humana
1849 2947 1994 2984 ratione
2014 2955 2171 2984 naturae
2191 2955 2420 2998 assumptae,
2435 2960 2515 2986 non

1454 3002 1600 3040 ratione
1628 3000 1746 3051 ipsius
1775 3000 2001 3050 hypostasis.

388 3117 409 3149 ε)
430 3117 635 3142 ratiocinatur...
653 3116 695 3141 hic
713 3117 799 3142 homo.
813 3131 832 3135 -
849 3117 892 3141 EF·
912 3122 938 3142 et
956 3117 1044 3147 tertia3
1065 3125 1118 3142 om.

388 3152 413 3186 ζ)
432 3153 465 3177 ab
484 3152 555 3177 olim.
567 3167 587 3171 —
604 3152 666 3177 olim
685 3152 718 3176 ab
738 3153 855 3178 Ecclesia
874 3153 902 3178 Ρ.

1505 3116 1532 3151 η)
1552 3117 1666 3142 naturis.
1683 3130 1703 3134 —
1722 3115 1776 3140 Sed
1795 3122 1863 3140 unus
1881 3119 1907 3140 et
1925 3115 1995 3140 idem
2018 3114 2139 3140 Otr-istus
2161 3114 2282 3139 subsistit
2300 3113 2326 3139 ἰη
2347 3113 2450 3139 duabus
2469 3120 2518 3139 na-

1453 3153 1521 3178 turis
1541 3153 1610 3178 addit
1628 3152 1710 3177 tertia.

1507 3187 1531 3222 θ)
1551 3190 1639 3214 etiam.
1652 3202 1671 3206 -
1689 3187 1750 3212 Om.
1769 3187 1814 3211 AE
1834 3191 1860 3211 et
1878 3186 1951 3211 tertia
1970 3190 2071 3219 praeter
2089 3185 2108 3211 1.

1010 3257 1346 3291 Commentaria
1369 3258 1620 3292 cardinalis
1643 3258 1842 3291 Caietam

342 3337 387 3397 IN
411 3328 503 3358 titulo
528 3328 649 3358 articuli
673 3329 754 3358 tertii
778 3329 843 3359 duo
866 3328 1052 3359 declaranda
1067 3335 1156 3359 sunt:
1182 3339 1265 3369 quae
1287 3336 1395 3360 tamen

369 3371 401 3400 in
424 3381 557 3411 corpore
581 3373 702 3402 articuli
725 3373 890 3403 habentur.
915 3373 1033 3409 Primo,
1051 3372 1230 3404 declarandi
1246 3380 1320 3404 sunt
1335 3380 1396 3404 ter-

339 3415 433 3450 mini,
458 3417 574 3446 scilicet
597 3417 793 3456 suppositum
818 3423 848 3447 et
870 3417 1072 3458 hypostasis;
1103 3417 1263 3453 secundo,
1293 3418 1397 3448 decla-

339 3458 434 3488 randa
458 3465 503 3488 est
525 3460 603 3490 ratio
628 3461 831 3500 quaestionis.
867 3461 1087 3501 Suppositum‚
1112 3466 1148 3491 ut
1170 3461 1203 3491 in
1226 3461 1327 3492 littera
1351 3461 1397 3492 di-

341 3502 436 3536 citur,
469 3512 504 3532 ea
527 3504 647 3534 ratione
670 3511 820 3535 vocatum
844 3511 890 3535 est
919 3506 994 3545 quia
1025 3505 1216 3545 supponitur
1242 3506 1396 3535 universis

341 3554 422 3584 quae
446 3547 477 3575 in
502 3547 609 3586 aliquo
634 3555 722 3584 sunt,
754 3549 817 3579 sive
841 3550 902 3579 sint
926 3549 1140 3579 substantialia
1162 3549 1227 3578 sive
1251 3548 1396 3579 acciden-

1451 3330 1533 3360 talia.
1565 3329 1766 3370 Supponitur
1788 3333 1896 3359 autern
1918 3336 1975 3368 per
1997 3327 2061 3357 hoc
2090 3325 2179 3366 quod
2202 3326 2331 3357 illorum
2354 3325 2516 3366 praedica-

1451 3375 1574 3405 tionem
1597 3374 1718 3414 recipit.
1752 3371 1846 3404 Unde
1868 3371 2072 3412 suppositum
2095 3369 2235 3400 hominis
2259 3375 2306 3400 est
2327 3369 2379 3400 hic
2401 3370 2514 3406 homo,

1452 3423 1529 3458 puta
1552 3417 1713 3448 Socrates:
1738 3417 1814 3457 quia
1829 3416 1880 3446 hic
1896 3415 1996 3446 homo
2021 3419 2068 3444 est
2083 3414 2122 3444 de
2139 3423 2206 3454 quo
2229 3413 2427 3454 praedicatur
2450 3420 2514 3444 tam

1452 3471 1519 3492 esse
1543 3461 1719 3497 hominem,
1745 3469 1843 3501 quam
1867 3468 1934 3489 esse
1957 3459 2075 3494 album,
2100 3463 2268 3498 quantum,
2292 3457 2405 3494 filium,
2428 3458 2515 3489 loca-

1452 3511 1531 3541 tum,
1549 3515 1654 3545 agens,
1672 3510 1731 3535 etc.
1756 3505 1797 3535 Et
1820 3503 1895 3543 quia
1917 3502 2120 3542 suppositum
2144 3508 2191 3533 est
2212 3511 2333 3533 nomen
2357 3501 2516 3533 secundae

1452 3549 1654 3585 intentionis,
1679 3549 1760 3579 sicut
1782 3557 1898 3588 genus,
1922 3546 1996 3577 ideo
2023 3546 2228 3587 suppositum
2257 3545 2413 3586 significat
2439 3556 2517 3587 pro-
