2872 3970
10 1884 14 1904 ὁ
69 1867 160 1891 Enarr.
168 1869 192 1890 in

93 1900 162 1917 LXXXI
164 1901 179 1916 x
186 1910 192 1919 ,

12 1958 13 1965 1
63 1921 193 1972 ἐἒέἒξῑ

12 1970 14 1991 ἶ
58 1984 65 1992 ⁴
57 1972 121 1996 bid.

63 2057 64 2060 Ἴ
89 2080 124 2102 ¹9.

101 2661 196 2688 ΟνῚΙιυ

66 2676 146 2716 etp.
157 2693 182 2709 n.

66 2869 198 2923 'aria

76 2926 144 2950 surg.
151 2921 200 2944 Sed

911 279 1173 325 QUAESTIO
1202 279 1336 326 LV111,

1367 279 1658 317 ARTIGULUS
1685 280 1715 316 11
2313 281 2387 330 537

881 409 1216 442 Commentaria
1238 409 1489 442 Cardinalis
1511 410 1711 443 Caietani

273 501 380 522 iturus
403 496 439 521 ut
466 495 567 522 sonat.
589 507 613 512 -
636 490 672 520 In
699 499 836 530 corpore
869 489 992 520 articuli
1019 489 1182 529 distinguit
1204 489 1272 519 Au-

213 502 342 566 Tctor
365 534 447 565 duos
470 543 581 565 sensus
601 534 752 574 quaesiti:
778 539 810 563 et
831 533 1004 573 respondet
1025 533 1120 563 unica
1141 533 1273 563 conclu-

212 579 313 614 sione,
329 578 465 610 scilicet:
493 578 638 618 Utroque
659 577 755 608 modo
781 577 909 608 Christo
932 577 1083 607 convenit
1098 576 1209 607 sedere
1231 577 1274 607 ad

212 622 379 654 dexteram
407 621 526 653 Patris⁴
559 621 730 652 Distinctio
761 627 807 651 est
837 621 983 661 explicite
1017 620 1056 651 de
1084 621 1118 661 ly
1145 620 1275 651 sedere:

213 665 303 706 quod
333 665 490 706 significat
509 665 560 696 vel
584 666 743 705 quietern3
774 665 826 695 vel
848 665 968 704 regiam
991 674 1047 695 seu
1077 664 1275 695 iudiciariam

213 709 408 750 dignitatem.
437 709 635 740 immiscetur
658 718 791 749 quoque
821 708 980 739 distinctio
1005 708 1044 738 de
1066 708 1099 748 ly
1122 708 1275 738 dextera:

213 753 304 794 quod
318 752 475 793 significat
488 753 539 783 vel
555 752 785 783 beatitudinem
800 753 915 788 Patris:
938 752 990 782 vel
1004 752 1203 782 iudiciariam
1218 762 1275 782 seu

213 797 332 837 regiam
354 802 555 837 potestatem.
590 797 839 836 Declaraturque
869 796 1050 827 conclusio:
1080 801 1112 826 et
1133 795 1276 826 firmatur

214 841 454 873 auctoritatibus
476 841 659 880 Augustini.

269 885 306 915 ΙΙ.
330 884 469 915 Advorte
483 894 543 925 pro
559 890 626 915 tota
641 885 701 916 hac
715 885 847 915 materia
865 884 941 915 duo.
965 885 1109 914 Primum
1125 888 1172 914 est
1187 883 1276 923 quod

214 934 280 959 tam
301 928 412 959 sedere
435 938 532 968 quam
555 929 689 959 dextera
712 929 857 964 sumitur,
879 938 948 959 non
970 929 1110 968 proprie,
1131 927 1186 957 sed
1209 937 1276 958 me-

213 972 391 1012 taphorice:
416 978 452 1003 ut
475 973 557 1003 clare
581 978 667 1016 patet
682 973 716 1003 iri
738 973 848 1003 littera.
874 972 907 1003 Si
930 978 1037 1002 tamen
1060 971 1099 1002 de
1115 972 1276 1021 positione

215 1016 333 1047 Christi
356 1017 547 1057 inquantum
570 1018 670 1047 homo
692 1022 870 1057 quaeratur,
895 1026 935 1046 an
958 1022 1018 1046 stet
1040 1016 1091 1046 vel
1114 1015 1222 1046 sedeat
1243 1016 1278 1045 in

215 1060 322 1090 caelo:
348 1060 520 1091 dicendum
544 1067 590 1091 est
613 1061 703 1101 quod
718 1066 787 1091 stat.
811 1061 852 1091 Et
874 1061 953 1090 ratio
974 1066 1030 1096 est,
1048 1060 1202 1110 quoniam
1218 1068 1277 1099 po-

214 1104 345 1134 sitiones
369 1106 512 1144 corporis
531 1104 700 1144 dupliciter
723 1105 841 1135 assumi
862 1110 1011 1145 possunt:
1035 1104 1086 1134 vel
1108 1105 1142 1134 in
1166 1103 1278 1134 ordine

215 1147 256 1178 ad
271 1147 376 1178 officia
398 1149 555 1184 humana;
578 1149 629 1179 vel
653 1149 686 1178 in
702 1148 814 1179 ordine
837 1147 876 1179 ad
899 1154 1054 1178 naturam.
1078 1148 1120 1178 Et
1137 1148 1211 1178 licet
1230 1157 1278 1178 se-

216 1191 360 1222 cundum
383 1191 488 1222 officia
511 1191 624 1222 diversi
648 1193 841 1223 conveniant
862 1193 987 1222 homini
1010 1193 1097 1227 situs,
1124 1192 1278 1231 quoniam

215 1237 386 1276 pugnantis
402 1242 449 1266 est
464 1241 555 1272 stare,
568 1237 736 1267 iudicantis
751 1236 870 1272 sedere,
884 1242 954 1272 etc„
972 1235 1150 1266 secundum
1171 1241 1279 1265 tamen

1328 496 1473 520 naturam
1490 500 1573 520 unus
1590 496 1636 520 est
1650 491 1801 520 naturalis
1818 491 1904 526 situs,
1918 491 2038 521 scilicet
2053 497 2149 520 stare:
2170 491 2277 521 sedere
2293 493 2389 527 enim,

1330 534 1455 570 cubare,
1473 540 1504 564 et
1525 534 1722 570 huiusmodi,
1740 534 1929 564 infirmitatis
1944 544 2002 564 seu
2025 535 2245 565 imbecillitatis
2261 541 2391 566 naturae

1330 584 1413 608 sunt.
1437 578 1541 614 Unde,
1559 588 1634 608 cum
1658 577 1803 608 Christus
1827 578 1866 608 ad
1889 579 1987 608 vitam
2006 579 2232 618 impassibilem
2255 589 2392 610 resurre-

1329 622 1418 657 xerit,
1435 622 1568 652 naturali
1584 622 1646 652 situ
1662 623 1810 662 propriae
1829 627 1960 652 naturae
1975 623 2008 652 in
2025 632 2081 652 sua
2097 622 2292 659 fortitudine,
2310 633 2392 663 quae

1331 671 1377 695 est
1399 670 1490 701 stare,
1506 667 1615 696 utitur.

1386 709 1436 739 ΙΙΙ.
1462 709 1646 739 Secundum
1671 715 1717 739 est
1741 710 1829 749 quod
1851 710 1961 740 sedere
1987 711 2203 750 metaphorice
2228 717 2392 751 sumptum

1330 754 1363 782 in
1387 754 1554 792 proposito
1578 754 1728 793 importat
1751 754 1801 784 vel
1825 754 1988 793 quiescere
2011 764 2067 784 seu
2090 755 2246 791 habitare;
2271 756 2321 785 vel
2345 765 2392 785 re-

1331 797 1416 836 giam
1439 806 1495 826 seu
1518 797 1725 833 iudiciariam,
1742 807 1809 827 non
1832 803 2033 837 potestatem,
2050 798 2105 828 sed
2129 798 2323 838 dignitatem.
2353 799 2393 829 Et

1331 841 1364 870 in
1387 841 1451 870 hoc
1474 840 1577 870 differt
1599 851 1618 870 a
1640 842 1729 871 tertia
1753 841 1983 880 significatione
2002 842 2154 872 dexterae
2176 843 2393 883 metaphorice

1331 890 1488 923 sumptae.
1511 884 1657 914 Dextera
1674 886 1759 915 enim
1775 886 1873 915 Patris
1890 886 2024 916 sumitur
2044 887 2137 916 tertio
2154 887 2253 917 modo
2270 897 2328 927 pro
2344 897 2393 917 re-

1331 929 1382 967 gia
1406 938 1462 958 seu
1478 928 1639 958 iudiciaria
1655 935 1827 968 potestate:
1853 930 1962 960 sedere
1983 936 2089 960 autem
2106 940 2163 970 pro
2181 930 2340 970 dignitate,
2358 936 2394 961 ut

1332 977 1418 1012 patet
1433 972 1466 1001 in
1482 973 1628 1011 sequenti
1644 973 1787 1003 atticulo.
1811 973 1879 1003 Nec
1896 974 1999 1003 obstat
2018 974 2106 1014 quod
2126 975 2158 1004 in
2178 975 2240 1004 hoc
2260 975 2392 1005 articulo

1333 1015 1447 1046 dicitur
1470 1015 1558 1055 quod
1581 1017 1679 1046 sessio
1696 1016 1835 1046 secunda
1852 1017 2082 1056 significatione
2099 1018 2252 1058 significat
2269 1020 2393 1059 regiam

1333 1060 1383 1090 vel
1399 1059 1602 1089 iudiciariam
1614 1065 1813 1100 potestatem.
1831 1061 2010 1091 Procedens
2027 1063 2111 1091 enim
2127 1063 2249 1092 Auctor
2261 1063 2394 1093 naturali

1333 1103 1496 1134 doctrinae
1516 1103 1627 1134 ordine
1651 1104 1690 1134 de
1713 1104 1854 1135 confusis
1875 1105 1914 1135 ad
1935 1105 2088 1141 distincta,
2106 1116 2181 1136 usus
2203 1112 2248 1136 est
2263 1108 2314 1136 hic
2332 1117 2394 1146 po-

1333 1147 1455 1178 testatis
1477 1149 1609 1177 nomine
1634 1154 1730 1187 prout
1753 1148 1921 1178 confundit
1944 1149 1975 1179 in
2000 1159 2032 1179 se
2063 1150 2273 1190 dignitatem:
2297 1151 2394 1190 expli-

1313 1227 1318 1232 .
1333 1197 1459 1221 caturus
1480 1192 1514 1221 in
1533 1193 1679 1230 sequenti
1695 1193 1828 1222 articulo
1845 1192 1990 1222 distincte
2007 1193 2190 1232 dignitatem
2210 1204 2353 1224 seorsum
2377 1206 2394 1225 a

1333 1240 1500 1275 potestate,
1525 1241 1555 1265 et
1578 1235 1665 1265 illam
1688 1236 1832 1271 sessioni,
1855 1237 1937 1266 hanc
1961 1237 2112 1267 dexterae
2135 1239 2348 1268 attributurus.

981 1389 1296 1431 ARTICULUS
1327 1389 1625 1431 SECUNDUS

305 1484 463 1516 UTRUM
486 1481 652 1516 SEDERE
674 1483 734 1514 AD
758 1482 1001 1514 DEXTERAM
1024 1482 1097 1514 DE1
1120 1482 1273 1531 PATRiS
1296 1481 1552 1512 CONVENtAT
1577 1482 1766 1514 CHRISTO
1791 1483 2030 1515 SECUNDUM
2053 1485 2176 1523 QUOD
2197 1486 2308 1517 DEUS

289 1564 319 1588 lll
340 1564 422 1593 Sem„
443 1563 501 1589 dist.
520 1571 579 1594 xxu,
599 1571 642 1596 qu.
661 1570 698 1592 111,
718 1567 764 1588 art.
785 1562 808 1594 3,
829 1562 878 1594 qu·¹
898 1569 927 1593 23
950 1561 1094 1593 Compend.
1115 1561 1212 1590 sseol„
1233 1568 1288 1593 cap.
1307 1567 1387 1590 ccxi-3
1406 1561 1450 1585 Ad
1468 1561 1544 1590 Heb„
1565 1569 1620 1595 cap.
1639 1570 1657 1592 1,
1677 1563 1734 1588 lect.
1753 1570 1780 1592 11,
1799 1571 1838 1594 vx;
1859 1571 1913 1596 cap.
1932 1572 1986 1595 vm,
2000 1565 2058 1591 lect.
2078 1573 2099 1596 1;
2119 1573 2175 1598 cap.
2192 1574 2215 1596 x,
2233 1566 2289 1591 lect.
2307 1574 2325 1591 1.

238 1683 241 1687 .
256 1679 259 1683 r
332 1668 388 1695 v,

239 1669 409 1762 fiissd(
429 1703 563 1740 sedere
581 1703 631 1740 ad
650 1703 846 1740 dexteram
860 1701 933 1739 Dei
951 1701 1070 1739 Patris
1089 1713 1170 1738 non
1188 1713 1279 1738 con-

235 1758 238 1764 ’
312 1792 343 1811 ⁷«
345 1740 395 1800 ’ἦ
412 1753 558 1795 veniat
587 1755 738 1793 Christo
774 1755 991 1792 secundum
1018 1755 1125 1803 quod
1159 1754 1278 1791 Deus.

274 1822 286 1845 ε
307 1820 362 1842 ε’
386 1801 417 1843 &-
433 1809 605 1846 Christus
647 1808 775 1855 enim,
819 1808 1035 1845 secundum
1077 1807 1183 1856 quod
1225 1815 1280 1844 est

219 1862 338 1909 Deus,
359 1869 414 1898 est
433 1862 586 1899 dextera
609 1861 728 1898 Patris
746 1861 777 1898 ²¹².
809 1861 886 1898 Sed
908 1872 989 1896 non
1007 1860 1159 1896 videtur
1176 1859 1280 1895 idem

218 1927 301 1955 esse
329 1914 482 1951 dextera
509 1914 681 1959 alicuius,
702 1921 738 1950 et
760 1913 821 1951 ille
850 1913 916 1961 qui
944 1912 1050 1948 sedet
1077 1912 1126 1948 ad
1153 1912 1280 1948 dexte-

219 1979 303 2005 ram
339 1967 431 2004 eius.
471 1968 572 2015 Ergo
607 1966 800 2011 Christus,
835 1965 1050 2002 secundum
1082 1964 1189 2013 quod
1227 1971 1282 2000 est

219 2021 337 2066 Deus,
367 2032 448 2058 non
475 2021 580 2059 sedet
607 2019 657 2056 ad
685 2020 880 2056 dexteram
909 2017 1039 2055 Patris.

268 2085 309 2117 :2-
338 2074 579 2118 PRAETEREA,
607 2071 730 2109 Marci
763 2073 828 2109 ult.
848 2071 868 2093 ’¹‘
895 2070 1032 2108 dicitur
1065 2070 1172 2119 quod
1203 2071 1281 2107 Do-

219 2128 341 2164 minus
372 2127 475 2163 Iesus
505 2131 711 2174 assumptus
739 2131 789 2162 est
816 2127 853 2162 in
882 2124 1045 2170 caelum,
1074 2129 1107 2160 et
1133 2124 1230 2160 sedet
1257 2135 1282 2160 a

220 2180 360 2217 dextris
389 2180 472 2216 Dei.
513 2177 685 2216 Christus
713 2185 843 2215 autem
871 2189 951 2214 non
979 2184 1035 2214 est
1061 2183 1282 2225 assumptus

219 2232 260 2270 in
287 2233 438 2270 caelum
474 2231 691 2268 secundum
727 2230 836 2279 quod
871 2231 989 2267 Deus.
1029 2230 1129 2278 Ergo
1167 2229 1281 2266 etiam

219 2297 347 2334 neque
366 2285 583 2322 secundum
601 2284 709 2332 quod
728 2284 846 2328 Deus,
867 2283 972 2320 sedet
990 2295 1013 2320 a
1031 2282 1170 2320 dextris
1196 2282 1280 2319 Dei.

276 2338 310 2375 3.
331 2339 562 2384 PRAETEREA,
585 2337 768 2383 Christus,
799 2336 1014 2373 secundum
1038 2336 1144 2385 quod
1163 2336 1280 2382 Deus,

220 2398 276 2429 est
309 2389 478 2440 aequalis
514 2389 616 2427 Patri
652 2397 688 2426 et
725 2389 881 2438 Spiritui
919 2389 1070 2427 Sancto.
1115 2388 1154 2426 Si
1192 2400 1282 2437 ergo

222 2443 409 2489 Christus,
429 2443 644 2480 secundum
673 2443 780 2491 quod
807 2443 926 2489 Deus,
947 2442 1052 2479 sedet
1080 2442 1129 2479 ad
1156 2442 1283 2479 dexte-

221 2509 305 2535 ram
332 2496 464 2541 Patris,
493 2495 575 2546 pari
603 2495 749 2533 ratione
777 2503 814 2532 et
842 2495 1003 2544 Spiritus
1032 2495 1194 2533 Sanctus
1227 2506 1283 2531 se-

221 2549 325 2588 debit
352 2549 402 2587 ad
428 2549 625 2587 dexteram
653 2548 771 2587 Patris
800 2556 836 2585 et
863 2548 964 2594 Filii,
994 2555 1031 2585 et
1058 2548 1138 2597 ipse
1173 2549 1285 2585 Pater

222 2603 272 2641 ad
299 2602 492 2640 dexteram
522 2601 606 2639 Filii
625 2606 654 2638 α.
683 2602 804 2648 Quod
831 2613 1027 2650 nusquam
1053 2600 1256 2638 invenitur.

276 2655 351 2693 SED
370 2667 515 2693 CONTRA
533 2667 599 2693 EST
618 2630 725 2703 qiiod
744 2655 1008 2692 Damascenus
1027 2654 1156 2701 dicit*,
1177 2654 1284 2704 quod

223 2708 416 2746 dexteram
441 2709 564 2745 Patris
591 2707 744 2745 dicimus
770 2708 935 2757 gloriam
963 2713 996 2744 et
1023 2708 1204 2744 honorem
1232 2708 1284 2745 di-

222 2762 393 2807 vinitatis,
413 2763 450 2798 in
479 2773 552 2810 qua
579 2761 654 2797 Dei
677 2761 795 2798 Filius
813 2762 944 2798 exstitit
962 2766 1047 2798 ante
1073 2761 1222 2798 saecula
1248 2767 1286 2798 ut

223 2815 325 2851 Deus
352 2819 386 2851 et
411 2815 517 2852 Patri
542 2813 868 2851 consubstantialis.

277 2868 501 2906 RESPONDEO
529 2879 711 2904 DlCENDUM
729 2866 849 2916 quod,
869 2865 966 2904 sicut
984 2879 1030 2904 ex
1047 2867 1248 2916 praedictis
1267 2867 1287 2889 ’¹‘

224 2926 338 2969 patet,
358 2919 516 2956 nomine
544 2920 719 2958 dexterae
737 2918 807 2956 tria
826 2919 979 2968 intelligi
997 2928 1175 2969 possunt:
1205 2932 1285 2957 uno

224 2973 358 3018 modo,
379 2972 595 3009 secundum
614 2973 913 3019 Damascenum,
927 2973 1052 3023 gloria
1071 2974 1287 3018 divinitatis,·

226 3025 300 3062 alio
328 3025 460 3072 modo,
484 3025 701 3062 secundum
720 3025 989 3074 Augustinum,
1018 3026 1199 3064 beatitudo
1218 3028 1287 3064 Pa-

225 3080 310 3121 tris,·
336 3077 444 3115 tertio
477 3077 609 3124 modo,
636 3078 855 3115 'secundum
887 3079 1068 3125 eundem,
1093 3079 1288 3116 iudiciaria

69 3136 186 3168 tar-000⁶-
220 3136 393 3181 potestas.
430 3132 547 3168 Sessio
581 3138 727 3178 autem,
756 3138 799 3168 ut
825 3130 971 3168 dictum
999 3138 1054 3168 est
1071 3131 1102 3178 ³⁸,
1132 3133 1194 3168 vel
1221 3133 1287 3168 ha-

226 3182 462 3229 bitationem,
482 3184 544 3220 vel
571 3183 714 3231 regiam
733 3184 795 3220 vel
813 3182 1050 3221 iudiciariam
1068 3183 1287 3232 dignitatem

227 3235 408 3284 designat.
445 3235 558 3273 Unde
583 3235 711 3273 sedere
742 3236 793 3274 ad
817 3236 1009 3274 dexteram
1037 3238 1159 3274 Patris
1195 3236 1288 3274 nihil

229 3289 332 3327 aliud
351 3296 406 3326 est
433 3300 553 3338 quam
572 3288 688 3326 simul
715 3300 805 3326 curn
834 3290 942 3327 Patre
962 3290 1103 3327 habere
1129 3290 1288 3338 gloriam

284 3420 312 3455 α)
330 3424 356 3446 et
376 3421 456 3453 ipse...
476 3421 547 3446 Filii.
565 3435 584 3439 —-
602 3420 663 3446 Om.
683 3421 752 3452 Hbc3
771 3424 797 3446 et
816 3422 935 3454 Spiritus
955 3422 1049 3447 Sancti
1066 3422 1162 3446 addunt
1181 3421 1231 3446 PE.

374 3587 484 3612 Sonitu:
502 3587 604 3612 Tnsson.
623 3587 655 3612 D.
668 3587 782 3613 Trione
800 3588 833 3613 T.
851 3588 916 3613 V111.

428 1663 451 1688 D
465 1662 654 1688 SECUNDUM
674 1661 726 1687 s1C
745 1661 978 1686 PROCEDrrUR.
994 1647 1155 1685 Videtur
1173 1648 1280 1697 quod
1335 1647 1554 1695 divinitatis,
1584 1657 1622 1686 et
1647 1650 1933 1696 beatitudinem,
1964 1660 2000 1689 et
2027 1652 2262 1690 iudiciariam
2291 1662 2396 1703 pote-

1336 1709 1491 1748 statem,
1521 1710 1557 1738 et
1583 1703 1660 1739 hoc
1696 1703 1982 1741 immutabiliter
2018 1714 2054 1742 et
2091 1706 2271 1754 regaliter.
2311 1708 2398 1745 Hoc

1336 1762 1467 1790 autem
1491 1756 1671 1792 convenit
1689 1756 1785 1793 Filio
1810 1758 2025 1794 secundum
2045 1759 2151 1807 quod
2171 1760 2288 1796 Deus.
2318 1761 2397 1797 Un-

1336 1807 1384 1843 de
1425 1807 1672 1844 manifestum
1710 1817 1765 1845 est
1801 1810 1908 1857 quod
1951 1810 2143 1857 Christus⁷
2182 1813 2398 1849 secundum

1337 1860 1445 1907 quod
1473 1861 1591 1905 Deus,
1612 1861 1717 1896 sedet
1736 1862 1784 1897 ad
1804 1862 2000 1899 dexteram
2028 1863 2165 1899 Patris:
2195 1864 2244 1900 ita
2267 1873 2398 1901 tamen

1337 1911 1445 1959 quod
1472 1913 1568 1948 haec
1602 1913 1834 1961 praepositio
1870 1915 1938 1960 ad,
1968 1927 2066 1963 quae
2101 1916 2295 1953 transitiva
2323 1926 2398 1964 est,

1337 1965 1460 2001 solam
1488 1964 1770 2002 distinctionem
1789 1969 2032 2015 personalem
2056 1968 2235 2017 importat
2263 1978 2298 2006 et
2326 1971 2399 2007 ori-

1337 2017 1432 2064 ginis
1460 2017 1655 2065 ordinem,
1685 2031 1765 2055 non
1794 2027 1924 2057 autem
1956 2021 2118 2068 gradum
2154 2030 2310 2059 naturae
2338 2026 2400 2060 vel

1338 2070 1546 2118 dignitatis,
1576 2071 1642 2119 qui
1671 2073 1798 2108 nullus
1826 2081 1881 2109 est
1905 2073 1944 2109 in
1973 2074 2110 2110 divinis
2138 2075 2329 2123 personis,
2359 2084 2401 2113 ut

1337 2123 1377 2160 in
1402 2123 1535 2170 Prima
1563 2125 1671 2160 Parte
1691 2124 1711 2146 ’¹‘
1739 2125 1914 2162 habitum
1943 2134 2007 2162 est.

1390 2177 1448 2213 AD
1477 2189 1611 2214 PRIMUM
1640 2189 1740 2214 ERGO
1765 2190 1946 2216 D1CENDUM
1974 2180 2081 2228 quod
2114 2180 2231 2217 Filius
2264 2181 2401 2218 dicitur

1337 2229 1491 2266 dextera
1506 2229 1625 2266 Patris
1645 2231 1897 2279 appropriate,
1913 2244 1983 2280 per
2001 2233 2163 2269 modum
2185 2245 2264 2282 quo
2285 2234 2399 2271 etiam

1338 2281 1475 2319 dicitur
1492 2282 1512 2304 '¹‘
1539 2285 1653 2319 vzrtus
1681 2284 1810 2320 Patris.
1842 2285 1917 2321 Sed
1947 2285 2099 2322 dextera
2125 2286 2244 2323 Patris
2266 2299 2399 2324 secun-

1339 2336 1435 2372 dum
1462 2342 1537 2372 tres
1565 2335 1858 2383 significationes
1891 2338 2102 2386 praedictas
2121 2339 2141 2360 ’¹‘
2167 2347 2222 2376 est
2256 2340 2437 2389 aliquid·

1339 2400 1549 2425 commune
1577 2389 1697 2426 tribus
1725 2390 1909 2439 personiS.

1392 2443 1450 2479 AD
1478 2454 1668 2479 SECUNDUM
1695 2455 1876 2480 DicENDUM
1905 2444 2012 2492 quod
2045 2444 2234 2492 Christus,
2265 2457 2399 2483 secun-

1340 2495 1436 2532 dum
1465 2495 1571 2544 quod
1591 2496 1724 2542 homo,
1745 2503 1964 2545 assumptus
1993 2505 2048 2533 est
2066 2498 2114 2533 ad
2134 2497 2310 2535 divinum
2330 2500 2399 2536 ho-

1340 2560 1488 2595 norem,
1510 2548 1576 2596 qui
1600 2548 1640 2584 in
1658 2548 1850 2597 praedicta
1877 2549 2045 2586 sessione
2065 2550 2292 2598 designatur.
2323 2552 2399 2589 Sed

1339 2609 1469 2638 tamen
1506 2601 1566 2638 ille
1594 2602 1721 2638 honor
1747 2602 1900 2639 divinus
1935 2603 2114 2639 convenit
2143 2604 2314 2649 Christo,
2344 2604 2399 2641 in-

1340 2661 1531 2703 quantum
1559 2662 1614 2691 est
1642 2655 1759 2700 Deus,
1790 2667 1869 2691 non
1888 2667 1958 2704 per
1984 2655 2153 2705 aliquam
2172 2657 2399 2706 assumptio-

1341 2720 1443 2752 nem,
1474 2707 1540 2744 sed
1568 2719 1637 2756 per
1665 2715 1858 2745 aeternam
1888 2708 2084 2756 originem.

1395 2761 1451 2797 AD
1479 2772 1639 2797 TERT1UM
1666 2773 1848 2798 D1CENDUM
1877 2761 1984 2809 quod
2003 2763 2107 2798 nullo
2135 2762 2255 2798 modo
2277 2770 2401 2811 potest

1341 2813 1416 2851 dici
1454 2813 1559 2862 quod
1597 2814 1708 2849 Pater
1744 2814 1872 2850 sedeat
1909 2814 1956 2850 ad
1989 2814 2183 2850 dexteram
2220 2814 2303 2851 Filii
2339 2817 2401 2852 vel

1343 2866 1504 2915 Spiritus
1533 2865 1678 2902 Sancti:
1717 2865 1807 2914 quia
1835 2865 1952 2902 Filius
1980 2874 2017 2902 et
2045 2866 2206 2915 Spiritus
2239 2868 2400 2905 Sanctus

1342 2920 1498 2956 trahunt
1535 2917 1720 2965 originem
1753 2930 1775 2954 a
1807 2919 1937 2964 Patre,
1967 2926 2003 2955 et
2038 2931 2118 2955 non
2150 2931 2171 2955 e
2199 2931 2398 2958 converso.

1344 2973 1420 3009 Sed
1450 2971 1610 3020 Spiritus
1639 2971 1800 3007 Sanctus
1827 2971 1980 3020 proprie
2017 2979 2141 3021 potest
2167 2972 2241 3008 dici
2269 2973 2400 3010 sedere

1343 3025 1391 3062 ad
1420 3025 1614 3062 dexteram
1650 3023 1769 3059 Patris
1796 3025 1858 3059 vel
1885 3023 1969 3060 Filii
1997 3025 2211 3061 seeundum
2244 3037 2401 3062 sensum

1343 3076 1579 3136 praedictum
1600 3075 1636 3112 *ε
1666 3075 1751 3112 licet
1788 3077 2001 3113 secundum
2038 3077 2235 3126 quandam
2263 3090 2438 3127 appro-

1343 3129 1572 3179 priationem
1591 3127 1816 3165 attribuatur
1843 3128 1951 3173 Filio,
1971 3129 2034 3166 cui
2053 3130 2320 3192 appropriatur
2340 3143 2400 3168 ae-

1343 3182 1515 3232 qualitas,
1536 3181 1632 3218 sicut
1646 3180 1880 3228 Augustinus
1899 3168 1986 3218 dicit
1999 3182 2019 3204 ‘¹‘
2037 3183 2143 3231 quod
2165 3185 2202 3219 in
2222 3185 2334 3221 Patre
2352 3191 2402 3222 est

1343 3238 1473 3280 unitas,
1503 3236 1539 3270 in
1569 3234 1663 3270 Filio
1692 3234 1904 3282 aequalitaS,
1931 3236 1968 3271 in
1997 3237 2132 3285 Spiritu
2159 3237 2292 3274 Sancto
2321 3241 2401 3275 uni·
2427 3251 2449 3266 v·

1342 3289 1423 3325 tatis
1450 3287 1749 3336 aequalitatisque
1776 3289 1972 3324 connexio.

2226 3584 2259 3609 68

2428 2135 2436 2144 ⁸
2455 2134 2502 2161 Qu.
2521 2140 2577 2160 χιιι,
2597 2138 2640 2155 art.

2426 2167 2446 2188 3⁷
2461 2168 2484 2187 4·

2427 2299 2456 2320 Ἰ
2469 2299 2502 2320 ad
2512 2299 2575 2326 Cor„
2587 2305 2638 2325 cap.

2426 2332 2442 2351 ι,
2458 2332 2517 2348 vers,
2531 2332 2566 2352 24.

2451 2353 2475 2373 In
2491 2358 2598 2380 corpore.

2452 3091 2510 3113 Ibid-

2431 3191 2564 3213 ⁴,DeDocer
2572 3192 2629 3213 Chri
2630 3203 2641 3207 -

2427 3218 2498 3239 si.tan
2509 3219 2548 3240 lib
2560 3219 2578 3245 l,
2589 3225 2639 3246 cap.
