2872 3970
214 570 225 580 ⁸
242 570 291 591 Art.
312 567 423 596 praeced..

214 602 262 623 arg.
276 594 324 617 Sed
332 596 420 616 contra.

216 894 227 904 ¹⁵
238 893 303 914 Vcrs.
320 892 354 914 ¹6.

211 1259 221 1269 ⁸
236 1258 300 1280 Vera.
317 1265 324 1279 ι
330 1264 337 1279 ι
342 1273 347 1279 .

210 1367 219 1375 ’
228 1365 322 1391 Ps.x1.v‚
333 1370 390 1386 vera.
399 1370 418 1391 5.

209 1523 260 1544 Ῥ5.
267 1528 327 1549 xvm,
334 1522 417 1544 vers 6.

210 1623 221 1633 ¹
234 1622 299 1644 νει-5.
310 1628 344 1651 3ι,
358 1628 390 1651 32.

218 2779 227 2788 ·
241 2777 306 2799 Vers.
321 2783 354 2800 ει.

218 2892 227 2901 ·
242 2891 267 2912 D⁴
283 2897 332 2918 370.

221 2940 229 2950 ·
244 2938 310 2960 νει-5.
326 2945 360 2961 ιο.

455 291 530 327 290

452 356 510 393 ior
541 355 683 405 puritas
715 355 843 392 fuisset
877 356 1014 392 Beatae
1042 353 1203 401 Virginis
1241 353 1270 389 si
1305 363 1507 401 nunquam

451 409 579 446 fuisset
599 414 615 430 ‘²
638 407 833 457 inquinata
852 406 1026 454 contagio
1046 405 1235 453 originalis
1253 405 1408 454 peccati.
1438 406 1506 441 Er-

451 473 498 509 go
527 462 603 498 hoc
630 461 664 498 ei
692 460 913 510 praestitum
940 459 1009 496 fuit
1036 459 1153 507 quod,
1191 465 1398 506 antequam
1427 457 1506 509 ani-

452 522 619 551 maretur
646 525 734 550 caro
763 513 854 558 eius,
884 511 1189 549 sanctificaretur.

506 567 540 603 3.
570 567 799 611 PRAETEREA,
820 565 916 602 sicut
943 563 1087 600 dictum
1108 570 1162 599 est
1180 563 1210 609 ³¹²,
1240 574 1320 599 non
1341 561 1506 598 celebra-

451 627 512 656 tur
542 619 677 656 festum
715 617 784 654 nisi
818 618 866 654 de
894 617 1021 665 aliquo
1057 623 1198 652 sancto.
1236 615 1311 652 Sed
1347 614 1506 662 quidam

451 671 640 709 celebrant
675 671 812 708 festum
850 668 1119 717 Conceptionis
1157 669 1294 704 Beatae
1331 666 1504 714 Virginis.

451 725 552 772 Ergo
580 724 731 760 videtur
758 721 892 771 quod
883 734 922 758 m
950 721 1032 770 ipsa
1060 733 1128 757 sua
1147 719 1398 778 conceptione
1425 719 1505 756 fue-

451 777 496 813 rit
516 784 653 813 sancta.
683 777 731 812 Et
758 775 807 812 ita
826 774 976 811 videtur
995 774 1101 822 quod
1121 781 1206 810 ante
1230 769 1506 809 animationem

450 829 560 866 fuerit
587 827 825 865 sanctificata.

503 894 538 928 4.
568 882 803 923 PRAETEREA,
833 879 1040 927 Apostolus
1069 877 1170 923 dicit,
1204 879 1314 914 Rom.
1334 889 1368 913 xl
1387 876 1426 913 *ε
1467 878 1508 914 Si

450 934 563 971 radix
579 939 717 978 sancta,
738 938 771 968 et
789 933 896 968 rami.
927 930 1050 968 Radix
1076 938 1202 967 autem
1223 929 1393 966 filiorum
1418 937 1506 966 sunt

448 993 622 1034 parentes
651 996 797 1021 eorum.
828 983 955 1020 Potuit
983 995 1071 1030 ergo
1092 984 1208 1019 Beata
1226 982 1342 1030 Virgo
1371 981 1505 1019 sancti-

448 1038 552 1075 ficari
593 1037 707 1074 etiam
748 1037 787 1073 in
829 1036 905 1073 suis
946 1035 1186 1085 parentibus,
1231 1043 1318 1072 ante
1359 1035 1504 1072 anima-

447 1090 601 1127 tionem.

501 1144 573 1180 SED
603 1154 745 1179 CONTRA
773 1154 838 1179 EST
866 1141 973 1190 quod
1001 1153 1046 1178 ea
1074 1153 1173 1190 quae
1201 1141 1354 1178 fuerunt
1381 1140 1420 1177 in
1439 1153 1504 1177 ve·

447 1196 514 1233 teri
549 1196 814 1241 Testamento,
844 1202 931 1231 sunt
968 1194 1090 1241 figura
1127 1193 1249 1230 Novi:
1288 1193 1504 1230 secundum

446 1249 537 1286 illud
566 1250 580 1285 I
612 1249 697 1285 Cor.
717 1260 741 1284 x
759 1248 795 1284 ³²:
836 1249 972 1284 Omnia
1007 1249 1044 1283 in
1071 1248 1208 1296 figura
1243 1248 1505 1296 contingebant

447 1302 526 1338 illis.
557 1303 630 1338 Per
655 1300 992 1337 sanctificationem
1019 1307 1149 1336 autem
1176 1299 1425 1346 tabernaculi,
1455 1299 1503 1336 de

447 1367 523 1403 qua
551 1353 686 1391 dicitur
712 1353 750 1390 in
779 1354 931 1390 Psalmo
950 1352 988 1398 '⁴¹‘,
1018 1354 1266 1401 Sanctificavit
1288 1354 1503 1390 tabernacu-

446 1408 522 1444 lum
549 1419 655 1444 suum
683 1407 900 1452 Altissimus,
927 1405 1078 1442 videtur
1105 1405 1308 1453 significari
1339 1405 1503 1443 sanctifi-

447 1459 542 1497 catio
566 1459 698 1496 Matris
718 1458 799 1505 Dei,
821 1471 919 1507 quae
947 1458 1236 1496 tabernaculum
1257 1458 1329 1495 Dei
1355 1458 1502 1506 dicitur,

446 1513 659 1549 secundum
687 1511 779 1549 illud
808 1511 948 1548 Psalmi
967 1511 997 1558 ³⁸,
1026 1513 1072 1548 In
1101 1511 1178 1548 sole
1190 1513 1314 1561 posuit
1332 1513 1503 1549 taberna-

446 1566 567 1602 culum
586 1577 704 1601 suum.
725 1565 782 1601 De
802 1564 1047 1601 tabernaculo
1068 1571 1198 1601 autem
1217 1563 1364 1610 dicitur,
1379 1565 1502 1602 Exod.

445 1619 509 1655 ult.
521 1618 557 1654 ²¹²:
578 1619 776 1667 Postquam
796 1623 927 1654 cuncta
936 1618 1104 1666 perfecta
1118 1623 1213 1663 sunt,
1230 1619 1372 1667 operuit
1391 1620 1504 1655 nubes

444 1671 721 1708 tabernaculum
754 1672 790 1708 T
787 1671 979 1716 estimonii,
999 1676 1032 1707 et
1049 1670 1174 1720 gloria
1194 1671 1351 1707 Domini
1377 1671 1503 1720 imple-

444 1726 492 1762 vit
521 1724 618 1760 illud.
656 1724 756 1771 Ergo
786 1731 822 1760 et
849 1724 965 1760 Beata
992 1723 1108 1771 Virgo
1137 1735 1217 1760 non
1245 1723 1313 1760 suit
1341 1724 1503 1761 sanctifi*

445 1785 526 1813 cata
562 1776 632 1813 nisi
668 1784 875 1825 postquam
912 1783 1049 1813 cuncta
1086 1775 1167 1812 eius
1205 1776 1370 1825 perfecta
1404 1785 1502 1825 sunt,

445 1829 581 1866 scilicet
609 1842 750 1878 corpus
779 1837 814 1866 et
842 1828 981 1866 anima.

497 1884 720 1919 RESPONDEO
748 1894 930 1919 DICENDUM
954 1882 1060 1930 quod
1090 1881 1336 1919 sanctificatio
1366 1883 1504 1919 Beatae

444 1935 606 1983 Virginis
634 1947 713 1972 non
737 1942 865 1984 ,potest
893 1934 1046 1982 intelligi
1074 1942 1160 1971 ante
1190 1934 1270 1971 eius
1306 1934 1505 1972 animatio-

445 2000 545 2035 nem,
575 1987 717 2037 duplici
745 1988 902 2025 ratione.
933 1987 1063 2024 Primo
1093 1987 1264 2036 quidem,
1294 1987 1386 2047 quia
1421 2001 1505 2025 san-

446 2041 619 2078 ctificatio
649 2042 696 2078 de
725 2053 803 2090 qua
831 2039 1044 2089 loquimur,
1074 2053 1154 2077 non
1183 2048 1238 2077 est
1265 2040 1338 2077 nisi
1370 2053 1505 2078 emun-

446 2094 547 2131 datio
576 2107 597 2130 a
616 2102 772 2143 peccato
793 2093 984 2141 originali:
1015 2093 1189 2130 sanctitas
1219 2093 1322 2130 enim
1351 2101 1405 2130 est
1418 2107 1506 2144 per-

437 2148 541 2195 fecta
560 2147 751 2193 munditia,
772 2155 814 2183 ut
833 2146 1042 2196 Dionysius
1070 2146 1169 2192 dicit,
1189 2158 1235 2183 xn
1254 2158 1336 2196 cap.
1358 2147 1403 2183 de
1420 2148 1504 2185 Div.

447 2201 560 2237 Nom.
605 2201 727 2259 Culpa
762 2207 891 2236 autem
920 2211 1001 2236 non
1037 2207 1162 2248 potest
1199 2199 1401 2237 emundari
1435 2199 1507 2237 nisi

447 2265 516 2302 per
542 2252 718 2300 gratiam:
754 2252 864 2289 cuius
901 2252 1116 2289 subiectum
1145 2260 1200 2289 est
1228 2253 1308 2289 sola
1336 2261 1508 2290 creatura

449 2305 649 2342 rationalis.
680 2307 727 2342 Et
746 2305 832 2343 ideo
861 2313 947 2342 ante
968 2305 1201 2342 infusionem
1225 2305 1376 2342 animae
1396 2305 1507 2343 ratio-

449 2358 542 2395 nalis
571 2359 686 2395 Beata
713 2358 828 2407 Virgo
858 2358 1089 2395 sanctificata
1108 2357 1123 2388 β
1150 2371 1230 2395 non
1258 2358 1337 2396 fuit.

503 2411 682 2448 Secundo
711 2411 811 2460 quia,
833 2424 924 2448 cum
943 2412 1024 2448 sola
1052 2419 1224 2449 creatura
1242 2411 1434 2449 rationalis
1463 2411 1509 2449 sit

450 2464 662 2514 susceptiva
682 2466 827 2513 culpae,
849 2472 935 2501 ante
964 2464 1196 2501 infusionem
1216 2464 1367 2502 animae
1396 2465 1508 2502 ratio-

450 2517 542 2554 nalis
570 2519 695 2566 proles
733 2525 916 2566 concepta
953 2530 1033 2554 non
1062 2525 1117 2554 est
1153 2519 1289 2567 culpae
1327 2518 1506 2555 obnoxia.

450 2571 497 2606 Et
516 2569 578 2617 sic,
595 2582 844 2619 quocumque
864 2570 983 2607 modo
999 2578 1085 2607 ante
1105 2570 1381 2608 animationem
1392 2572 1508 2608 Beata

449 2622 564 2670 Virgo
602 2622 832 2660 sanctificata
868 2623 1013 2670 fuisset,
1052 2635 1256 2672 nunquam
1292 2623 1509 2661 incurrisset

450 2676 642 2712 maculam
670 2675 859 2723 originalis
887 2677 1039 2725 culpae:
1077 2684 1113 2712 et
1140 2676 1190 2713 ita
1217 2689 1297 2713 non
1329 2677 1508 2725 indiguis-

452 2736 506 2765 set
525 2728 786 2777 redemptione
815 2736 850 2765 et
870 2730 988 2765 salute
1016 2741 1115 2777 quae
1135 2737 1190 2766 est
1212 2742 1281 2778 per
1301 2730 1507 2778 Christum,

452 2781 499 2817 de
527 2793 605 2829 quo
634 2781 770 2818 dicitur
797 2782 931 2818 Matth.
953 2794 962 2818 1
981 2781 1015 2818 *z
1045 2784 1131 2831 Ipse
1147 2783 1291 2820 salvum
1301 2784 1421 2831 faciet
1442 2796 1509 2834 po-

447 2834 577 2882 pulum
605 2846 711 2870 suum
740 2847 763 2871 a
786 2836 946 2883 peccatis
973 2847 1113 2871 eorum.
1148 2836 1234 2872 Hoc
1262 2844 1392 2873 autern
1411 2842 1426 2865 Υ
1455 2845 1510 2874 est

453 2885 725 2923 inconveniens
744 2887 781 2934 ²³⁶,
811 2887 916 2936 quod
947 2887 1119 2924 Christus
1147 2900 1228 2925 non
1264 2889 1309 2925 sit
1337 2890 1509 2927 Salvator

454 2940 618 2975 omnium
646 2941 856 2986 hominum,
885 2948 927 2977 ut
954 2940 1091 2977 dicitur
1115 2942 1188 2978 IT
1185 2943 1246 2978 im.
1273 2954 1307 2979 1v
1325 2941 1355 2978 ³¹⁶.
1399 2943 1510 2980 Unde

455 2991 677 3040 relinquitur
695 2993 801 3041 quod
821 2992 1065 3030 sanctificatio
1086 2994 1224 3031 Beatae
1243 2994 1406 3042 Virginis
1433 2996 1510 3032 fue-

456 3043 499 3080 rit
526 3052 611 3093 post
639 3045 719 3081 eius
747 3045 1031 3083 animationem.

508 3098 563 3133 AD
592 3109 725 3134 PRlMUM
745 3110 842 3134 ERGO
871 3110 1050 3135 mcENDoM
1070 3100 1176 3147 quod
1201 3100 1394 3137 Dominus
1423 3100 1512 3138 dicit

457 3156 540 3185 ante
574 3149 841 3186 formationem
876 3150 915 3187 in
950 3159 1058 3188 utero
1087 3152 1288 3189 Ieremiam
1307 3151 1319 3175 δ
1349 3155 1509 3200 novisse,

458 3200 586 3238 notitia
614 3201 751 3238 scilicet
778 3203 1145 3250 praedestinationis:
1176 3206 1242 3242 sed
1266 3208 1512 3254 sanctificasse

512 3313 536 3345 α)
550 3314 656 3347 suisset.
674 3314 803 3347 —suisset
823 3314 847 3338 in
866 3315 957 3339 anima
976 3316 1004 3344 F
1022 3317 1112 3342 anima
1131 3317 1186 3343 eius
1197 3319 1297 3351 suisset
1316 3319 1397 3345 tertia.

511 3347 536 3382 β)
555 3349 728 3381 sanctificata.
747 3363 766 3367 -
784 3349 975 3390 sanctificanda
995 3350 1042 3376 Ibc.

510 3383 536 3415 γ)
554 3387 651 3409 autem.
669 3398 687 3402 -
705 3383 806 3413 ’renim
825 3385 904 3409 enim.

453 3453 478 3484 fi
511 3417 535 3449 ὂ)
556 3419 731 3479 Ieremssamff
747 3419 883 3444 Iereme'am
898 3426 926 3444 se
938 3419 967 3450 E,
981 3427 1008 3445 se
1024 3420 1160 3446 Ieremiam
1177 3424 1256 3449 tertia.
1269 3431 1326 3450 —se
1341 3431 1400 3458 post
1414 3426 1512 3451 sancti-

479 3460 549 3477 cassc
567 3462 609 3478 om

513 3487 535 3516 ι)
555 3488 667 3514 haber-‚ee
685 3503 704 3507 -
722 3489 834 3514 habebat
852 3491 931 3515 tertia.

512 3522 538 3554 ζ)
557 3524 674 3555 spiritus
692 3538 709 3542 —
728 3525 798 3549 vitae
816 3525 883 3549 addit
901 3525 982 3550 tertia.

514 3558 540 3591 ⁷,)
560 3558 677 3583 intravit.
696 3574 714 3578 —-
733 3560 846 3584 incurrit
865 3561 945 3585 tertia.

1120 275 1382 323 QUAESTIO
1412 275 1567 321 XXVII,
1598 274 1890 312 ARTICULUS
1918 275 1949 312 II

1560 364 1599 388 se
1625 351 1714 388 dicit
1731 351 1751 373 '²‘
1780 364 1889 398 eum,
1918 364 1999 389 non
2027 360 2113 388 ante
2140 351 2429 399 formationem,
2458 351 2526 389 sed
2553 364 2620 390 an·
2649 364 2659 375 ·

1560 409 1706 453 tequam
1734 406 1851 441 exiret
1878 405 1924 441 de
1948 411 2085 451 ventre,
2115 412 2183 441 etc.

1614 457 1733 503 Quod
1753 464 1882 494 autem
1902 457 1991 494 dicit
2009 457 2248 503 Ambrosius,
2269 457 2378 506 quod
2395 456 2529 495 Ioanni
2548 457 2620 495 Ba-

1560 508 1692 557 ptistae
1730 510 1908 546 nondum
1944 509 2064 546 inerat
2098 509 2250 558 spiritus
2287 509 2386 547 vitae
2423 522 2514 547 cum
2541 509 2620 547 iam

1560 561 1718 598 haberet
1736 567 1748 582 ⁸
1775 561 1957 611 Spiritum
1985 561 2136 610 gratiae,
2156 574 2235 600 non
2260 570 2316 600 est
2333 562 2618 611 intelligendum

1560 614 1775 651 secundum
1803 615 1910 663 quod
1936 616 2084 664 spiritus
2110 617 2206 652 vitae
2238 614 2376 652 dicitur
2408 615 2538 653 anima
2563 615 2619 652 vi-

1559 665 1737 703 vificans:
1777 667 1843 703 sed
1876 667 2091 704 secundum
2129 668 2236 717 quod
2272 668 2456 717 spiritus<
2484 666 2621 706 dicitur

1560 731 1625 755 aer
1652 719 1815 756 exterius
1850 719 2066 768 respiratus.
2095 741 2122 748 -
2148 721 2219 758 Vel
2245 729 2370 770 potest
2404 720 2478 758 dici
2512 720 2623 770 quod,

1559 772 1737 808 nondum
1770 772 1889 809 inerat
1927 772 1960 809 ei
1998 772 2150 822 spiritus
2186 773 2304 821 vitae,
2342 773 2438 811 idest
2473 774 2618 820 anima,

1560 832 1749 872 quantum
1787 825 1836 862 ad
1872 825 2088 863 manifestas
2125 834 2161 863 et
2188 828 2396 876 completas
2433 826 2619 876 operatio-

1559 889 1628 914 nes
1656 889 1786 926 1ps1us.

1611 931 1669 967 An
1685 941 1874 968 SECUNDUM
1892 943 2074 969 meaNDUM
2089 931 2207 980 quod,
2224 931 2255 969 si
2269 944 2471 981 nunquam
2490 933 2620 971 anima

1559 983 1698 1019 Beatae
1717 982 1880 1031 Virginis
1898 983 2028 1020 fuisset
2055 983 2230 1033 contagio
2259 982 2448 1033 originalis
2475 985 2629 1035 peccati

1559 1035 1768 1084 inquinata·
1789 1037 1865 1073 hoe
1889 1037 2088 1084 derogaret
2115 1036 2284 1097 dignitati
2311 1037 2461 1085 Christi,
2484 1049 2630 1076 secun&

1559 1089 1655 1125 dum
1675 1101 1794 1137 quam
1822 1096 1878 1125 est
1905 1089 2130 1127 universalis
2150 1090 2328 1128 omnium
2356 1091 2541 1128 Salvator.
2571 1089 2621 1130 Et

1559 1140 1647 1178 ideo
1676 1141 1748 1178 sub
1778 1141 1940 1189 Christo,
1971 1142 2037 1191 qui
2065 1143 2202 1180 salvari
2229 1155 2309 1181 non
2337 1143 2525 1192 indiguit,
2537 1151 2628 1189 tanny

1559 1206 1678 1242 quam
1706 1194 1931 1232 universalis
1967 1196 2160 1242 Salvator,
2189 1196 2358 1234 maxima
2384 1196 2454 1234 fuit
2480 1198 2625 1235 Beatae·

1558 1246 1721 1306 Virginis
1749 1247 1903 1296 puritas,
1933 1248 2037 1285 Nam
2058 1225 2230 1286 Christus
2250 1251 2355 1287 nullo
2383 1250 2504 1287 modo
2529 1261 2626 1288 con

1558 1299 1667 1337 traxit
1695 1299 1874 1348 originale
1910 1309 2129 1350 peccatum,
2159 1302 2227 1340 sed
2253 1301 2293 1339 in
2320 1302 2403 1352 ipsa
2437 1301 2496 1340 sui
2527 1303 2626 1341 con&

1559 1352 1733 1402 ceptione
1760 1353 1829 1390 fuit
1856 1361 2026 1391 sanctus:
2063 1355 2279 1392 secundum
2317 1355 2408 1393 illud
2426 1356 2530 1393 Luc.
2551 1355 2616 1393 ῐ*;
2646 1359 2659 1372 “

1565 1405 1675 1448 Quod
1700 1418 1750 1443 ex
1766 1412 1801 1443 te
1819 1413 1991 1444 nascetur
2006 1413 2174 1445 sanctum
2192 1410 2384 1446 vocabitur
2401 1409 2517 1446 Filius
2533 1409 2616 1447 Dei.

1560 1459 1636 1496 Sed
1656 1460 1773 1496 Beata
1791 1459 1907 1507 Virgo
1936 1460 2121 1498 contraxit
2139 1460 2298 1510 quidem
2326 1461 2507 1510 originale
2530 1473 2618 1512 pec·

1558 1519 1687 1548 catum
1706 1511 1743 1559 ²¹⁶,
1773 1513 1840 1549 sed
1868 1512 1917 1549 ab
1945 1525 1993 1550 eo
2020 1513 2089 1550 fuit
2115 1514 2302 1551 mundata
2336 1522 2545 1563 antequam
2567 1521 2657 1551 ex·

1557 1572 1667 1601 utero
1695 1572 1915 1602 nasceretur
1933 1565 1963 1602 ²¹².
1994 1567 2042 1603 Et
2068 1566 2144 1604 hoc
2172 1566 2406 1615 significatur
2423 1568 2494 1604 Iob
2512 1576 2551 1604 m
2565 1566 2627 1615 ⁰⁸¹,

1558 1617 1625 1654 ubi
1654 1618 1702 1655 de
1730 1626 1842 1655 nocte
1871 1618 2060 1667 originalis
2087 1619 2232 1669 peccati
2259 1619 2406 1667 dicitur,
2426 1621 2621 1670 Exspectat

1558 1671 1690 1717 lucem,
1706 1670 1802 1708 idest
1822 1671 2030 1719 Christum,
2045 1678 2079 1710 et
2098 1685 2172 1710 non
2192 1673 2312 1710 videat
2330 1672 2436 1722 (quia
2459 1672 2551 1710 nihil
2566 1674 2620 1710 in-

1559 1725 1750 1773 quinatum
1777 1726 1926 1762 intravit
1940 1730 1958 1752 ⁷¹
1978 1727 2015 1762 in
2041 1725 2158 1772 illam,
2176 1734 2219 1763 ut
2244 1725 2382 1763 dicitur
2400 1727 2486 1776 Sap.
2501 1736 2549 1764 vn
2561 1725 2622 1774 *):‘
2648 1757 2659 1768 .

1559 1789 1627 1813 nec
1655 1782 1777 1814 ortum
1803 1779 1989 1827 surgentis·
2016 1791 2190 1825 aurorae,
2219 1778 2316 1816 idest
2343 1779 2481 1816 Beatae
2499 1776 2620 1827 Virgi-

1559 1829 1637 1876 nis,
1668 1842 1767 1878 quae
1804 1829 1843 1866 in
1881 1843 1952 1868 suo
1982 1839 2068 1868 ortu
2096 1844 2119 1868 a
2145 1839 2303 1881 peccato
2345 1830 2517 1880 originali
2551 1830 2622 1870 fuit

1558 1894 1754 1919 1mmun1s.

1612 1936 1669 1972 AD
1683 1947 1842 1973 TER-num
1861 1948 2042 1974 DICENDUM
2062 1938 2180 1986 quod,
2196 1936 2280 1974 licet
2299 1938 2478 1975 Romana
2491 1938 2620 1975 Eccle-

1559 1987 1614 2024 sia
1642 1988 1948 2037 Conceptionem
1976 1990 2115 2027 Beatae
2141 1989 2305 2038 Virginis
2332 2002 2413 2027 non
2441 1989 2619 2038 celebret,

1558 2042 1692 2077 tolerat
1718 2049 1848 2078 tamen
1868 2042 2189 2080 consuetudinem
2208 2043 2424 2092 aliquarum
2448 2042 2620 2080 ecclesia-

1560 2106 1648 2130 rum
1676 2094 1769 2131 illud
1797 2095 1933 2132 festum
1964 2095 2250 2132 celebrantium.
2281 2097 2391 2134 Unde
2419 2095 2502 2133 talis
2525 2097 2620 2134 cele-

1559 2146 1675 2183 britas
1702 2159 1784 2184 non
1803 2155 1858 2185 est
1884 2148 2047 2185 totaliter
2065 2147 2077 2170 θ
2106 2149 2359 2198 reprobanda.
2389 2149 2473 2186 Nec
2491 2156 2621 2187 tamen

1560 2211 1629 2248 per
1643 2200 1719 2237 hoc
1732 2200 1872 2237 festum
1888 2201 2161 2250 Conceptionis
2175 2201 2428 2239 celebratum‘
2442 2201 2577 2240 datur
2567 2213 2621 2239 m-

1560 2252 1672 2300 telligi
1691 2253 1827 2302 quod
1818 2266 1857 2290 tn
1877 2266 1947 2291 sua
1965 2254 2216 2304 conceptione
2241 2253 2353 2291 fuerit
2371 2262 2517 2292 sancta.
2532 2253 2621 2306 Sedj

1561 2305 1652 2354 quia
1681 2318 1760 2355 quo
1788 2314 1963 2356 tempore
1992 2307 2224 2345 sanctificata
2247 2307 2359 2345 fuerit
2380 2307 2621 2356 ignoratur,
2592 2313 2610 2331 ²

1561 2359 1773 2396 celebratur
1814 2359 1954 2397 festum
1998 2359 2305 2398 sanctificationis
2348 2359 2450 2420 eiust,
2492 2359 2626 2411 potius

1562 2424 1678 2461 quam
1714 2412 1993 2462 conceptionis,
2029 2413 2068 2450 in
2103 2413 2164 2450 die
2201 2412 2463 2463 conceptionis
2489 2413 2620 2464 ipsius.

1614 2466 1671 2502 Ao
1701 2477 1872 2508 QUARTUM
1900 2478 2081 2504 DmENDUM
2109 2466 2216 2516 quod
2243 2467 2386 2516 duplex
2413 2473 2470 2503 est
2486 2467 2622 2514 senefia

1561 2517 1701 2555 ficatio.
1731 2519 1817 2556 Una
1845 2518 2003 2568 quidem
2034 2518 2151 2556 totius
2178 2527 2355 2556 naturae:
2390 2519 2623 2569 inquantum

1562 2570 1701 2608 scilicet
1718 2578 1798 2608 tota
1816 2579 1952 2609 natura
1979 2573 2152 2613 humana
2171 2572 2219 2610 ab
2239 2571 2348 2610 omni
2375 2572 2639 2623 corruptione.

1562 2625 1696 2673 culpae
1717 2632 1753 2661 et
1770 2636 1920 2674 poenae
1949 2625 2139 2663 liberatur.
2169 2626 2217 2662 Et
2235 2626 2332 2662 haec
2355 2625 2423 2662 erit
2441 2625 2481 2663 in
2499 2637 2628 2664 resur*

1562 2677 1741 2714 rectione.
1770 2700 1796 2704 —
1824 2678 1908 2715 Alia
1935 2690 2028 2715 vero
2058 2686 2113 2715 est
2130 2676 2144 2700 λ
2173 2678 2420 2716 sanctificatio
2440 2689 2623 2728 persona-

1562 2730 1617 2767 lis.
1649 2731 1760 2777 Quae
1788 2743 1869 2768 non
1896 2731 2027 2768 transit
2054 2731 2093 2768 in
2121 2732 2271 2780 prolem
2299 2731 2497 2769 carnaliter
2522 2731 2623 2781 geni·

1562 2791 1658 2821 tam:
1689 2783 1780 2833 quia
1806 2783 1889 2821 talis
1908 2784 2156 2822 sanctificatio
2176 2796 2256 2822 non
2269 2784 2435 2834 respicit
2453 2796 2622 2831 carnem,

1563 2837 1631 2874 sed
1658 2845 1841 2874 mentem.
1871 2838 1919 2874 Et
1938 2837 2037 2882 ideo,
2058 2837 2127 2874 etsi
2141 2843 2159 2867 μ
2179 2845 2355 2887 parentes
2383 2838 2522 2875 Beatae
2539 2837 2623 2876 Vir-

1562 2889 1658 2938 ginis
1676 2890 1830 2927 fuerunt
1857 2890 2032 2927 mundati
2059 2903 2082 2928 a
2100 2898 2257 2940 peccato
2286 2890 2468 2939 originali,
2487 2890 2642 2929 nihilo·⁴
2698 2878 2700 2880 K

1563 2942 1692 2980 minus
1711 2943 1828 2980 Beata
1846 2943 1962 2991 Virgo
1989 2943 2174 2981 contraxit
2200 2951 2402 2993 peccatum
2430 2943 2622 2992 originale,

1563 3008 1651 3032 cum
1681 2995 1792 3033 fuerit
1820 3004 2005 3046 concepta
2039 2997 2254 3033 secundum
2292 2996 2414 3034 carnis
2441 2996 2623 3047 concupi-

1564 3048 1747 3086 scentiam
1775 3057 1811 3086 et
1829 3055 1842 3071 V
1870 3061 1916 3086 ex
1943 3049 2218 3087 commixtione
2247 3049 2363 3087 maris
2382 3049 2621 3099 etseminae:

1564 3100 1654 3138 dicit
1673 3101 1777 3138 enim
1797 3102 2045 3150 Augustinus,
2066 3102 2105 3140 in
2125 3102 2220 3140 libro
2241 3103 2286 3139 de
2303 3103 2453 3152 Nuptiis
2474 3108 2508 3139 et
2529 3103 2624 3140 Con-

1564 3156 1788 3203 cupiscentia
1806 3155 1837 3202 ³⁸,
1859 3167 2007 3192 omnem
2036 3168 2131 3205 quae
2156 3156 2202 3193 de
2228 3157 2422 3193 concubitu
2449 3158 2623 3204 nascitur,

1565 3219 1719 3244 carnem
1747 3219 1823 3244 esse
1844 3210 1999 3258 peccati.

1619 3319 1644 3355 θ)
1664 3322 1792 3347 totaliter.
1810 3335 1830 3341 -·
1851 3322 2049 3348 rationabiliter
2071 3323 2151 3348 codex
2175 3322 2222 3348 301
2245 3331 2267 3349 a.
2286 3323 2389 3349 Antonii
2413 3323 2526 3354 Patavi53
2549 3322 2581 3350 cf.
2598 3322 2625 3349 ln

1567 3356 1727 3382 Praefatione
1745 3357 1761 3390 ς
1782 3357 1824 3382 De
1841 3357 1962 3383 codicum
1981 3358 2148 3384 variantibus
2166 3358 2264 3384 tacitis.

1619 3390 1637 3424 ι)
1650 3391 1751 3425 festum
1779 3392 1963 3424 Conceptfonts
1989 3393 2158 3420 celebratum.
2179 3408 2199 3413 -
2221 3393 2294 3427 quod
2312 3394 2416 3428 festum
2443 3392 2625 3426 Conceptionis

1564 3426 1714 3452 celebratur
1731 3427 1750 3451 F
1771 3433 1795 3452 et
1813 3428 1894 3454 tertia.

1578 3496 1599 3521 E
1618 3461 1643 3495 κ)
1664 3462 1847 3494 ignoratur-.—
1859 3469 1924 3496 ergo
1943 3463 2102 3496 ignoranter
2120 3464 2214 3498 ACpE,
2229 3464 2387 3498 ignoranter
2405 3464 2445 3489 vel
2464 3464 2626 3498 {gunt-antur

1564 3503 1576 3520 8
1602 3515 1607 3521 .

1618 3529 1647 3565 λ)
1666 3534 1712 3558 est.
1730 3546 1749 3550 -
1767 3532 1787 3557 F
1805 3537 1831 3558 et
1849 3533 1936 3563 tei-tiu
1954 3540 2007 3559 om.

1621 3567 1649 3599 μ)
1668 3566 1726 3592 etsi.
1743 3580 1763 3586 -
1780 3567 1804 3592 si
1822 3567 1841 3592 F
1861 3574 1886 3593 et
1905 3569 1985 3594 tertia.

1620 3600 1644 3634 ν)
1663 3605 1695 3626 et.
1714 3615 1733 3620 -
1751 3602 1811 3627 Om.
1831 3602 1851 3627 E
1871 3607 1896 3627 et
1914 3603 1994 3628 tertia.
