2872 3970
267 651 334 672 'Lib.
342 650 359 675 l
367 655 416 681 cap
423 655 475 675 x1x3

265 677 302 699 De
314 676 402 698 partib.
420 665 475 696 Ani-

266 702 475 756 mateze.

364 805 379 834 t

263 914 273 925 ⁸
284 913 330 940 Qu.
339 917 395 938 xcn,
406 915 446 933 art.
454 917 476 940 3,

265 940 294 961 ad
308 945 329 961 2.

283 3341 291 3350 ⁸
307 3341 377 3363 Num.
390 3348 468 3369 praece
457 3342 491 3363 e.d

285 3466 293 3475 ⁸
302 3463 354 3485 Luc.
363 3470 460 3491 capuae
463 3470 486 3485 rs

284 3497 316 3519 ³¹·

501 302 574 340 328

501 395 697 434 reparare,
726 383 871 420 nullam
907 379 1194 440 corruptionem
1230 386 1295 415 aut
1330 374 1558 414 deminutio-

502 448 592 473 nem
629 434 825 484 integritati
862 433 992 471 matris
1020 432 1101 470 eius
1137 431 1272 468 inferre
1309 428 1482 466 debuit.
1459 432 1471 449 ⁸
1512 427 1560 464 Et

502 489 589 526 ideo
618 500 698 525 non
716 486 848 525 debuit
867 498 1008 535 corpus
1037 483 1174 522 Christi
1192 482 1348 520 formari
1375 481 1424 518 de
1445 491 1559 517 carne

502 543 563 578 vel
591 540 741 578 ossibus
768 539 942 587 Virginis,
964 538 1031 575 sed
1058 538 1106 574 de
1135 535 1337 583 sanguine,
1367 533 1434 583 qui
1466 543 1559 569 non-

502 594 599 631 dum
627 601 682 630 est
716 601 803 630 actu
835 603 942 641 pars,
972 590 1038 627 sed
1071 596 1125 626 est
1151 587 1320 637 potentia
1347 594 1489 631 totum,
1518 592 1561 621 ut

503 646 639 684 dicitur
675 645 715 683 in
741 645 839 682 libro
872 644 917 681 de
946 644 1118 680 Generat.
1147 640 1312 678 Animal.
1331 639 1352 661 *
1388 639 1436 676 Et
1471 637 1560 674 ideo

453 707 475 729 ¹³
504 698 640 736 dicitur
658 709 812 735 oernern
842 697 890 734 de
908 695 1061 743 Virgine
1090 692 1315 742 sumpsisse,
1344 703 1426 728 non
1452 689 1562 739 quod

503 750 662 788 materia
691 748 868 799 corporis
895 747 1006 786 fuerit
1038 754 1124 784 actu
1152 757 1256 793 caro,
1296 744 1363 782 sed
1391 742 1560 792 sanguis,

504 803 602 853 quit
628 811 683 840 est
709 801 878 852 potentia
905 812 1006 838 caro.

556 857 614 892 Αι)
642 866 830 892 SECUNDUM
856 864 1037 890 memnon
1074 851 1201 901 quod,
1230 850 1327 902 sicut
1360 849 1402 886 in
1433 847 1563 886 Prima

504 910 613 946 Parte
632 907 652 929 ’¹‘
679 907 822 944 dictum
859 913 934 952 est,
963 905 1110 950 Adam,
1140 902 1230 952 quia
1257 895 1448 939 institutus
1484 908 1564 938 erat

504 969 546 998 ut
572 959 804 1019 principium
836 958 1047 1007 quoddam
1069 958 1264 993 humanae
1292 963 1467 1001 naturae,
1496 955 1563 991 ha-

504 1012 643 1050 bebat'
635 1025 675 1049 m
694 1023 765 1048 suo
785 1022 947 1070 corpore
966 1004 1110 1068 aliquid
1129 1008 1252 1046 camis
1279 1015 1316 1045 et
1340 1007 1437 1045 ossis
1455 1008 1563 1067 quod

504 1077 582 1102 non
602 1064 812 1114 pertinebat
831 1064 879 1101 ad
898 1062 1147 1111 integritatem
1170 1060 1441 1110 personalem
1431 1060 1562 1110 1Ρ5ἱιι5,

504 1118 571 1155 sed
591 1119 718 1154 solum
737 1116 967 1166 inquantum
981 1122 1059 1152 erat
1078 1122 1235 1151 naturae
1250 1114 1445 1151 humanae
1463 1113 1564 1163 prin-

504 1170 660 1220 cipium.
690 1170 738 1207 Et
757 1169 804 1207 de
823 1169 886 1206 tali
905 1169 1067 1206 formata
1086 1175 1141 1204 est
1159 1166 1308 1214 mulier,
1329 1166 1474 1216 absque
1493 1165 1565 1203 viri

505 1223 744 1260 detrimento.
776 1222 852 1260 Sed
880 1221 975 1258 nihil
1002 1222 1074 1258 tale
1101 1219 1170 1257 fuit
1197 1219 1237 1256 in
1264 1231 1426 1268 corpore
1445 1218 1564 1268 Virgi-

505 1276 583 1322 nis,
613 1287 660 1312 ex
687 1287 766 1324 quo
795 1287 936 1324 corpus
965 1272 1103 1311 Christi
1130 1280 1259 1322 posset
1294 1271 1450 1310 formari
1484 1271 1565 1309 sine

505 1305 751 1378 cori-uptione
780 1326 941 1364 materni
968 1325 1151 1375 corporis.

558 1382 616 1418 Ao
643 1393 800 1418 TERTIUM
819 1391 1000 1417 mceunum
1020 1378 1127 1428 quod
1146 1390 1279 1415 semen
1298 1377 1462 1415 feminae
1486 1390 1565 1415 non

507 1442 562 1470 est
588 1433 821 1481 generationi
848 1440 1003 1482 aptum,
1038 1431 1104 1468 sed
1133 1438 1187 1468 est
1214 1430 1399 1480 quiddam
1428 1430 1566 1480 imper-

506 1486 645 1523 fectum
676 1485 714 1522 in
742 1497 880 1534 genere
899 1483 1067 1531 seminis,
1088 1484 1195 1533 quod
1223 1495 1303 1520 non
1327 1482 1452 1532 potuit
1478 1495 1566 1533 pro-

507 1538 596 1576 duci
624 1539 672 1575 ad
700 1539 910 1587 perfectum
935 1536 1090 1574 seminis
1117 1537 1458 1585 complementum,
1478 1548 1566 1586 pro-

507 1600 590 1640 pter
626 1590 952 1640 imperfectionem
979 1589 1126 1626 virtutis
1160 1589 1358 1626 femineae.
1397 1590 1445 1626 Et
1478 1589 1567 1626 ideo

507 1646 579 1681 tale
607 1656 740 1682 semen
767 1656 847 1680 non
875 1651 930 1680 est
957 1642 1115 1680 materia
1143 1654 1243 1691 quae
1270 1642 1319 1679 de
1347 1641 1566 1679 necessitate

508 1697 722 1746 requiratur
739 1697 788 1733 ad
808 1703 1039 1745 conceptum
1053 1695 1089 1732 *t
1120 1695 1216 1732 sicut
1235 1694 1495 1744 Philosophus
1514 1695 1566 1732 di-

1178 297 1441 345 QUAESTIO
1469 293 1613 336 XXXI,
1642 293 1934 332 ARTICULUS
1961 294 1997 331 V

1612 373 1671 420 cit,
1691 373 1731 411 in
1749 373 1846 411 libro
1865 374 1911 411 de
1932 374 2104 411 Generat.
2118 372 2282 410 Animal.
2301 372 2323 394 ⁴¹
2349 372 2398 409 Et
2415 371 2504 409 ideo
2521 371 2563 409 in
2581 374 2684 419 consi
2698 384 2709 397 ·
2725 391 2731 401 ν
2752 397 2765 418 ;

1613 426 1789 475 ceptione
1817 425 1956 464 Christi
1983 437 2065 463 non
2091 425 2178 462 fuit:
2206 423 2431 474 praesertim
2457 423 2568 474 quia,
2577 423 2683 462 11εοί
2717 423 2719 428 '

1614 478 1659 515 sit
1685 478 1952 528 imperfectum
1985 478 2026 515 in
2052 489 2190 526 genere
2217 476 2388 524 seminis,
2417 484 2566 522 tamen
2581 479 2685 515 omi

1614 531 1784 580 quadam
1803 530 2112 580 concupiscentia
2139 529 2352 577 resolvitur,
2371 528 2471 566 sicut
2484 535 2523 571 ⁸1
2540 536 2687 568 semen}

1614 583 1750 630 maris3
1789 583 1828 620 in
1855 583 1920 620 illo
1946 591 2075 621 autem
2111 589 2302 632 conceptu
2328 580 2500 630 virginali
2528 583 2683 622 concuti
2709 593 2712 596 Ξ
2761 567 2782 682 ᾖ

1614 635 1798 685 piscentia
1825 637 1955 674 locum
1982 636 2125 673 habere
2145 646 2226 672 non
2253 633 2388 684 potuit.
2415 634 2466 671 Et
2482 633 2593 672 idem
2598 634 2685 672 Daci

1616 700 1818 726 mascenus
1846 688 1935 726 dicit
1951 687 1972 710 *
1999 688 2107 737 quod
2134 699 2276 737 corpus
2301 685 2443 724 Christi
2468 698 2553 724 non
2570 685 2743 744 κνὶἱέιῖη

1616 742 1750 779 naliter
1775 748 2007 790 conceptum
2034 748 2100 778 est.
2639 755 2685 775 ··.

1669 793 1832 842 Sanguis
1859 801 1990 831 autem
2018 800 2250 840 menstruus,
2277 803 2399 842 quem
2425 771 2590 830 semime
2606 762 2687 842 pen

1617 846 1785 895 singulos
1813 858 1966 884 menses
1985 845 2172 891 emittunt,
2192 844 2450 894 impuritatem
2479 841 2686 894 quandin

1617 901 1830 937 naturalem
1866 899 1982 936 habet
2017 897 2292 947 corruptionis:
2328 897 2426 935 sicut
2460 904 2498 934 et
2532 902 2678 935 ceterae

1618 952 1909 1002 superfluitates,
1929 950 2071 1001 quibus
2090 958 2227 988 natura
2243 961 2325 987 non
2352 949 2504 998 indiget,
2523 950 2607 988 sed
2605 958 2699 989 en

1618 1005 1778 1055 expellit.
1818 1005 1876 1042 Ex
1903 1004 1966 1042 tali
1992 1011 2123 1041 autem
2160 1010 2363 1040 menstruo
2391 1002 2687 1052 corruptivam
2718 999 2765 1104 js}

1618 1059 1804 1105 habente,
1832 1057 1941 1107 quod
1977 1063 2114 1094 namra
2149 1055 2344 1106 repudiat,
2375 1067 2459 1094 non
2492 1055 2725 1095 fonnauff.

1619 1119 1827 1160 conceptus
1840 1110 1878 1147 *ι
1908 1110 1975 1147 sed
1994 1110 2070 1147 hoc
2088 1116 2144 1147 est
2161 1115 2460 1158 purgamentum
2479 1107 2743 1158 quoddam

1619 1164 1717 1202 illius
1744 1163 1831 1213 puri
1859 1162 2052 1211 sanguinis
2080 1161 2148 1211 qui
2181 1161 2388 1210 digestione
2420 1161 2591 1221 quadam
2624 1167 2681 1200 est

1618 1224 1867 1267 praeparatus
1894 1216 1944 1255 ad
1972 1222 2217 1275 conceptum,
2236 1213 2347 1264 quasi
2373 1213 2508 1264 purior
2535 1220 2584 1262 et
2587 1225 2680 1264 per·

1619 1270 1750 1308 fectior
1777 1269 1850 1307 alio
1879 1268 2075 1317 sanguine.
2112 1267 2238 1327 Habet
2264 1275 2394 1305 tamen
2421 1255 2681 1326 impuritatem

1634 1322 1762 1331 ι...

1620 1384 1810 1427 quantum
1838 1387 1884 1412 ex
1911 1374 1994 1424 ipsa
2012 1372 2287 1411 commixtione
2309 1372 2426 1410 maris
2453 1379 2490 1410 et
2515 1360 2683 1415 feminae

1619 1429 1702 1468 talis
1730 1427 1883 1478 sanguis
1911 1427 1960 1465 ad
1979 1429 2111 1464 locum
2137 1425 2373 1486 generationi
2391 1426 2627 1474 congruum?

1619 1481 1790 1520 trahitur.
1815 1481 1893 1519 Sed
1911 1479 2016 1518 hoc
2007 1491 2047 1517 ιιι
2065 1477 2317 1529 conceptione
2337 1477 2476 1517 Christi
2493 1481 2586 1526 non

1620 1535 1710 1586 quia
1738 1533 1960 1584 operatione
1997 1531 2158 1582 Spiritus
2187 1531 2316 1570 Sancti
2352 1530 2434 1569 talis
2462 1529 2616 1580 sanguis
2631 1524 2727 1569 tif-³

1619 1596 1729 1626 utero
1756 1586 1919 1635 Virginis
1951 1586 2142 1623 adunatus
2171 1592 2226 1622 est
2253 1592 2289 1622 et
2315 1584 2502 1622 formatus
2528 1582 2570 1622 in
2595 1594 2684 1647 pro-

1619 1643 1706 1679 lem.
1745 1641 1793 1678 Et
1820 1640 1908 1676 ideo
1936 1638 2074 1676 dicitur
2110 1650 2252 1688 corpus
2281 1636 2421 1675 Christi
2453 1649 2503 1675 ex
2529 1636 2684 1679 castissi-

1618 1696 1688 1732 mis
1707 1699 1740 1732 et
1753 1694 1960 1744 purissimis
1977 1692 2222 1742 sanguinibus
2245 1691 2410 1741 Virginis
2423 1691 2637 1739 formatum
2649 1686 2683 1727 ¹⁸¹.

561 1826 583 1861 ε)
601 1827 700 1852 debuit.
716 1841 736 1846 —
754 1830 783 1851 ut
801 1833 884 1858 supra
904 1826 1003 1851 dictum
1022 1829 1062 1850 est
1081 1825 1150 1850 addit
1168 1825 1250 1850 tertia.

1677 1824 1703 1859 ζ)
1722 1825 1776 1857 qui.
1793 1838 1812 1843 -
1830 1824 1916 1849 Tertia
1934 1828 2035 1856 praeter
2053 1823 2091 1854 G;
2111 1822 2190 1856 quod.

1182 1921 1516 1954 Commenta-ia
1539 1920 1790 1954 Cardinalis
1812 1920 2013 1953 Caietam

571 2027 677 2048 iwws
707 2017 773 2047 duo
803 2017 910 2056 ponit:
942 2016 975 2057 ly
1003 2025 1046 2046 ex
1066 2015 1248 2056 sanguine3
1273 2019 1305 2045 et
1327 2015 1360 2056 ly
1378 2015 1566 2056 purissimo.
1594 2013 1597 2052 Ι
1623 2020 1716 2055 ptura
1730 2020 1806 2051 erat,
1822 2015 1906 2045 maIe
1922 2014 2054 2054 allegata
2069 2013 2179 2045 fuisset
2195 2022 2289 2045 causa
2304 2014 2511 2054 quaestioni&
2488 1993 2621 2091 ’ἵζ’-ι
2615 2017 2618 2020 ’
2633 2006 2645 2021 ”
2658 2005 2669 2021 '³

512 2029 612 2093 TEt
634 2062 761 2101 sanguis
784 2060 915 2101 quidem
938 2061 1069 2110 ponitur
1091 2059 1131 2090 ad
1153 2058 1362 2090 differentiam
1385 2060 1569 2095 5111111555-

511 2107 562 2142 sis,
585 2106 683 2141 nervi,
708 2111 738 2135 et
760 2103 945 2135 huiusmodi
967 2104 1114 2144 partium.
1137 2103 1260 2134 Puritas
1276 2109 1384 2134 autem
1399 2103 1571 2153 apponitur

511 2150 551 2180 ad
574 2148 803 2180 excludendam
827 2147 1054 2179 admixtionem
1077 2147 1252 2184 seminum,
1282 2156 1365 2187 quae
1387 2146 1512 2178 videtur
1536 2147 1571 2177 in

511 2194 646 2224 aliomm
669 2193 839 2223 hominum
862 2191 1053 2222 formatione
1076 2200 1274 2222 concurrere.

566 2237 602 2268 In
621 2246 755 2278 corpore
779 2236 900 2267 articuli
922 2236 1017 2266 unica
1033 2241 1079 2266 est
1094 2235 1277 2266 conclusio:
1302 2235 1431 2276 Corpus
1450 2234 1571 2265 Christi

501 2282 576 2324 fuit
593 2286 777 2322 conceptum
799 2290 842 2311 ex
850 2279 1027 2320 purissimo
1042 2280 1204 2321 sanguine
1217 2279 1340 2310 Beatae
1360 2279 1512 2321 Virginis,
1529 2278 1571 2309 ad

511 2326 699 2366 ampliorem
722 2325 931 2367 digestionem
947 2324 1105 2364 perducto
1128 2333 1191 2364 per
1211 2323 1361 2354 virtutem
1384 2323 1453 2354 eius
1474 2333 1571 2365 gene-

511 2370 659 2401 rativam.
680 2369 844 2400 Probatur.
865 2368 1035 2399 Generatio
1052 2367 1169 2399 Christi
1184 2368 1294 2398 habuit
1309 2368 1485 2398 naturalem
1500 2377 1571 2398 mo-

511 2414 588 2445 dum
610 2413 821 2454 generationis
845 2411 952 2453 quoad
974 2413 1037 2443 hoc
1061 2411 1150 2452 quod
1173 2422 1211 2442 ex
1239 2411 1357 2443 femina
1380 2417 1443 2442 est:
1473 2417 1504 2443 et
1519 2421 1571 2442 su-

510 2458 742 2498 pernaturalem
766 2456 873 2497 quoad
895 2457 959 2487 hoc
986 2456 1075 2496 quod
1097 2461 1142 2487 est
1165 2466 1203 2486 ex
1218 2456 1349 2496 virgine.
1373 2456 1458 2496 Ergo
1477 2456 1572 2486 habet

510 2503 674 2532 materiam
697 2511 734 2532 ex
749 2507 848 2531 matre
871 2500 1008 2531 similem
1023 2501 1107 2531 aliis:
1131 2500 1325 2541 principium
1341 2510 1416 2531 vero
1433 2501 1571 2531 activum

511 2546 679 2576 diversum.
703 2546 789 2585 Ergo
812 2545 906 2575 habet
928 2554 987 2585 pro
1007 2545 1138 2575 materia
1161 2545 1348 2585 sanguinem
1363 2546 1480 2581 matris,
1503 2554 1571 2575 non

512 2599 769 2630 quemcumque,
799 2589 856 2620 sed
881 2588 1072 2629 perductum
1097 2589 1232 2619 naturali
1257 2589 1365 2619 matris
1387 2589 1503 2619 virtute
1531 2588 1572 2619 ad

510 2635 574 2665 hoc
597 2634 686 2675 quod
709 2634 839 2664 materia
861 2634 900 2664 sit
922 2638 996 2673 apta
1019 2633 1202 2673 conceptui.

566 2677 766 2709 Antecedens
790 2682 875 2718 patet
891 2686 929 2708 ex
945 2678 1130 2707 auctoritate
1145 2677 1307 2708 Ambrosii
1321 2677 1355 2707 in
1371 2676 1573 2718 praecedenti

512 2722 655 2752 articulo.
679 2740 702 2744 -
724 2722 828 2752 Prima
851 2721 1080 2761 consequentia
1102 2722 1264 2761 probatur.
1289 2721 1374 2759 Quia
1393 2720 1432 2752 ad
1446 2727 1572 2752 natura-

513 2767 575 2797 lem
587 2765 722 2796 modum
737 2765 949 2806 generationis
964 2770 1084 2805 spectat
1099 2765 1306 2796 conformitas
1320 2766 1479 2802 materiae,
1492 2766 1574 2796 sicut

514 2809 720 2840 conformitas
742 2810 865 2840 matris:
891 2810 966 2850 quia
988 2810 1170 2840 naturaliter
1184 2815 1285 2840 mater
1299 2810 1465 2840 materiam
1479 2810 1574 2840 mini-

514 2860 596 2884 strat.
621 2854 670 2884 Ad
694 2854 965 2894 supernaturalem
987 2863 1064 2884 vero
1087 2853 1223 2884 modum
1246 2859 1367 2894 spectat
1387 2853 1574 2885 difformitas

514 2898 660 2938 principii
683 2899 791 2929 activi:
824 2898 899 2939 quia
928 2897 1047 2928 femina
1076 2907 1115 2928 ex
1138 2899 1206 2928 viro
1230 2898 1415 2939 concipiens
1438 2907 1505 2929 non
1528 2904 1575 2929 est

514 2942 619 2982 virgo;
643 2943 836 2982 principium
852 2947 959 2972 autem
975 2942 1113 2972 activum
1132 2942 1313 2973 naturaliter
1329 2942 1368 2973 ad
1382 2943 1487 2973 virum
1503 2952 1575 2983 spe-

489 3014 491 3016 .
515 2991 585 3016 ctat.
598 3004 620 3008 —
632 2985 778 3016 Secunda
793 2996 868 3016 vero
888 2986 1117 3026 consequentia
1132 2987 1284 3026 probatur
1300 2987 1485 3017 auctoritate
1500 2986 1574 3017 Phi-

514 3029 650 3070 losophi,
671 3039 878 3061 communem
901 3031 1064 3060 materiam
1086 3031 1258 3061 mulierum
1276 3031 1425 3071 ponentis
1448 3031 1575 3072 sangui-

516 3082 589 3103 nem
610 3074 717 3104 talem.

570 3117 606 3147 11.
631 3118 704 3148 Hoc
726 3118 760 3148 in
784 3118 857 3148 loco
882 3117 1008 3148 adverte
1031 3127 1154 3149 novum
1170 3128 1310 3149 errorem
1333 3117 1445 3149 diebus
1460 3119 1576 3150 nostris

517 3167 672 3198 exortum,
696 3161 855 3192 dicentem
879 3161 1040 3192 Christum
1064 3168 1258 3203 conceptum
1274 3173 1312 3193 ex
1328 3163 1481 3203 sanguine
1496 3163 1576 3194 Bea-

518 3210 566 3234 tae
597 3205 733 3245 Virginis
760 3205 948 3244 purissimo,
978 3215 1045 3236 non
1077 3215 1302 3246 quocumque,
1331 3207 1385 3238 sed
1415 3207 1449 3238 in
1476 3206 1576 3238 corde

519 3248 679 3283 existente.
697 3249 739 3278 ita
759 3247 847 3288 quod
867 3258 904 3278 ex
920 3249 1018 3279 tribus
1034 3250 1129 3289 guttis
1146 3251 1306 3290 sanguinis
1322 3251 1404 3281 circa
1425 3260 1481 3282 cor
1495 3251 1576 3282 Bea-

518 3297 568 3321 tae
590 3291 727 3331 Virginis
750 3297 924 3331 conceptus
947 3298 994 3322 est
1017 3292 1170 3323 Christus.
1200 3294 1372 3335 Repugnat
1394 3299 1502 3325 autem
1522 3295 1576 3326 hic

520 3344 605 3365 error
629 3341 660 3365 et
681 3335 770 3366 dictis
785 3335 854 3371 hic;
881 3341 911 3365 et
933 3335 1093 3366 Ambrosii
1124 3337 1319 3377 supradictae
1342 3339 1359 3355 ⁴*
1382 3339 1576 3375 auctoritati,

520 3378 698 3409 Secundum
712 3378 928 3410 conditionem
951 3384 1088 3409 naturae
1110 3381 1142 3410 in
1164 3386 1254 3412 utero
1269 3382 1417 3423 femineo
1431 3383 1577 3424 fiss‘ts'et

521 3431 625 3452 sacrae
647 3423 835 3462 Scripturae,
860 3432 896 3452 ex
911 3431 991 3452 voce
1007 3423 1122 3462 Angeli
1145 3423 1276 3455 dicenti:
1301 3425 1394 3461 Ecce,
1418 3426 1577 3468 concipies

523 3464 554 3494 in
580 3470 670 3495 utero
687 3467 719 3501 ⁴,
743 3475 809 3496 non
833 3466 866 3495 in
890 3465 995 3496 corde.
1023 3466 1063 3495 Et
1091 3467 1178 3506 quod
1201 3470 1328 3508 proprie
1352 3469 1391 3500 de
1414 3475 1505 3500 utero
1529 3470 1575 3501 lo-

523 3514 652 3547 quatur,
684 3519 720 3539 ex
744 3509 858 3540 Beatae
882 3509 1017 3549 Virginis
1040 3510 1141 3539 verbis
1168 3511 1315 3548 habetur,
1347 3521 1428 3553 quae
1456 3514 1576 3553 optime

524 3551 673 3581 intellexit
696 3553 789 3582 verba
807 3553 931 3592 Angeli,
949 3558 988 3588 et,
1005 3553 1210 3592 respondens,
1227 3554 1319 3585 dixit:
1340 3555 1508 3592 Quomodo
1514 3557 1578 3598 fiet

287 3589 343 3611 ¹²³¹
347 3590 378 3615 d
394 3595 450 3611 ΜΓ
461 3595 495 3617 ³⁴·
524 3594 626 3624 istud:
649 3596 799 3635 quoniam
817 3597 919 3626 virum
937 3605 1000 3626 non
1018 3597 1204 3637 cognosco?
1218 3599 1235 3614 ⁴·
1253 3599 1309 3628 Si·
1302 3608 1333 3628 m
1351 3599 1446 3630 corde
1461 3609 1576 3631 conce-

1624 2059 1729 2090 m'rum
1756 2068 1821 2089 non
1845 2066 2028 2100 cognosco:
2058 2059 2229 2099 conceptio
2260 2059 2347 2089 enim
2371 2058 2406 2090 in
2430 2048 2627 2138 cot-w

1625 2112 1663 2133 ex
1685 2103 1807 2134 semine
1829 2103 1897 2133 viri.
1932 2103 1982 2133 De
2003 2102 2104 2134 modo
2128 2111 2204 2143 ergo
2233 2102 2437 2143 concipiendi
2458 2065 2627 2147 ing-123

1625 2147 1780 2187 quaesivit
1802 2147 1835 2178 in
1858 2156 1926 2187 quo
1950 2156 1988 2177 ex
2007 2147 2128 2178 semine
2151 2146 2280 2187 concipi
2295 2146 2510 2182 consuevit.—

1624 2191 1721 2221 Beata
1742 2190 1842 2231 Virgo
1864 2191 1899 2221 in
1919 2190 2094 2231 Evangelio
2118 2189 2232 2222 dicitur
2244 2198 2445 2233 praegnans,
2469 2145 2615 2236 affl

1618 2234 1708 2276 perit
1718 2235 1841 2276 filium,
1865 2240 1897 2266 et
1913 2234 2002 2275 quod
2021 2240 2068 2266 est
2082 2235 2223 2265 mater-⁴.
2248 2234 2341 2273 Quae
2357 2235 2467 2266 omnia
2481 2230 2577 2267 faba

1624 2279 1708 2310 Nam
1730 2279 1850 2310 habens
1873 2278 2028 2310 infantem
2049 2279 2084 2310 in
2108 2278 2206 2310 corde
2227 2287 2295 2310 non
2318 2285 2366 2310 551
2387 2280 2694 2321 praep-5521&

2667 2171 2692 2203 5,

1624 2333 1685 2354 1155
1707 2324 1734 2354 si
1756 2324 1886 2355 haberet
1907 2322 2063 2354 infantem
2085 2324 2119 2354 in
2133 2323 2301 2355 stomacho
2324 2324 2428 2355 autin
2441 2310 2689 2376 νεαηᾱιίοὴω-
2728 2316 2771 2364 ’,ὲ

1625 2368 1725 2398 rebri:
1752 2377 1930 2408 praegnans
1953 2368 2039 2398 enim
2061 2367 2131 2399 sola
2150 2367 2205 2398 illa
2224 2366 2344 2399 dicimi-
2372 2376 2456 2409 quae
2475 2367 2517 2400 in
2533 2367 2610 2413 lupo
2625 2376 2693 2413 W

1624 2412 1718 2443 turali
1739 2411 1894 2443 infantem
1918 2417 2112 2453 conceptum
2134 2411 2239 2443 habet.
2260 2410 2413 2443 Similiter
2434 2417 2620 2450 necmnter

1625 2461 1714 2497 pater
1740 2455 1803 2487 dici
1825 2461 1946 2497 potest.
1977 2457 2060 2487 sicut
2085 2465 2146 2487 nec
2172 2454 2277 2487 Adam
2304 2455 2367 2486 fuit
2392 2461 2494 2497 pater
2507 2455 2565 2488 *tuit
2517 2417 2692 2491 1⁸23&AE

1626 2500 1745 2536 Hevae,
1769 2500 1843 2531 licet
1865 2510 1904 2531 ex
1927 2500 1994 2531 eius
2016 2505 2106 2540 parte
2127 2509 2192 2531 una
2214 2498 2310 2531 fuerit
2330 2499 2468 2532 formata
2484 2495 2603 2533 Heu.
2624 2496 2670 2519 ΞἾῖ

1680 2545 1782 2575 Tollit
1805 2554 1881 2585 ergo
1903 2545 2068 2575 veritatem
2097 2544 2304 2575 matern'mtis
2333 2544 2450 2576 Beata'e
2471 2544 2511 2576 Υ·

1626 2594 1738 2629 spectu
1768 2588 1886 2620 Christi
1915 2598 2002 2620 error
2025 2589 2093 2620 iste.
2109 2587 2220 2620 Unde
2243 2594 2275 2619 et
2295 2589 2403 2620 statim
2432 2588 2642 2630 damatus

1626 2634 1760 2670 Romae,
1776 2642 1829 2664 me
1850 2638 2018 2684 praesente
2031 2633 2058 2663 ³.

1682 2677 1794 2708 111.1n
1816 2677 2025 2718 responsione
2047 2675 2088 2708 ad
2109 2677 2254 2713 tertium,
2285 2675 2412 2708 adverte
2437 2653 2642 2720 diligenter-²³
2651 2655 2653 2659 Ἰ
2680 2654 2692 2677 Α*

1627 2722 1815 2762 argumenti,
1835 2726 1871 2752 ut
1893 2730 1931 2751 ex
1946 2721 2060 2751 notitia
2073 2719 2152 2751 nodi
2167 2700 2322 2762 intelligas
2341 2721 2549 2754 solutionem.
2568 2715 2725 2757 obii&

1628 2766 1694 2796 duo
1718 2766 1847 2796 tertium
1869 2770 2112 2806 argumentum.
2143 2765 2279 2802 scihcet‚
2302 2774 2413 2797 semen
2436 2771 2469 2797 51
2489 2759 2737 2808 Μ

1618 2807 1696 2841 ‘esse
1719 2819 1757 2840 ex
1781 2809 1898 2850 quibus
1920 2809 2056 2840 aliorum
2071 2809 2246 2840 hominum
2267 2818 2405 2850 corpora
2420 2803 2608 2847 formi-
2617 2814 2711 2846 un-

1629 2863 1726 2895 quam
1756 2863 1795 2884 ex
1820 2854 1951 2884 materia
1982 2853 2120 2893 (constat
2143 2854 2230 2884 enim
2259 2859 2434 2895 utrmque
2458 2854 2599 2896 opponi
2599 2845 2753 2908 mss>

1628 2897 1807 2939 sanguini„
1836 2907 1873 2928 ac
1895 2902 2065 2938 propterea
2089 2897 2205 2929 Christi
2229 2907 2346 2939 corpus
2369 2908 2407 2929 ex
2428 2898 2563 2934 eisdem
2572 2895 2753 2959 om}

1627 2948 1708 2979 tum,
1731 2942 1758 2972 si
1781 2940 1925 2973 eiusdem
1948 2946 1994 2972 est
2017 2941 2134 2982 speciei
2156 2941 2336 2973 nobiscum.

1683 2985 1870 3027 Respondet
1891 2986 2015 3016 Auctor
2037 2985 2219 3026 singillatim
2242 2985 2283 3017 ad
2302 2986 2436 3028 singula.
2457 2985 2501 3019 Et
2515 2986 2562 3022 de
2569 2971 2744 3021 85911116
2734 3031 2746 3037 ψ

1630 3029 1762 3071 quidem
1791 3030 1932 3060 mulieris
1967 3035 2106 3070 quatuor
2135 3029 2227 3061 dicit:
2257 3031 2415 3082 primum,
2438 3030 2538 3072 quod
2553 3025 2634 3069 11οῇ

1630 3079 1741 3115 aptum
1759 3074 1972 3114 generationi:
1996 3074 2185 3110 secundum,
2209 3074 2300 3115 quod
2320 3075 2417 3106 estin

1630 3117 1854 3169 imperfectum
1877 3117 1970 3158 quid;
1994 3119 2133 3155 tertium,
2158 3117 2247 3159 quod
2270 3128 2337 3150 non
2361 3124 2408 3150 est
2429 3118 2730 3163 mnndum

1630 3163 1709 3194 saria
1731 3162 1772 3193 ad
1794 3168 2005 3204 conceptum;
2028 3167 2189 3204 quartum,
2209 3162 2300 3204 quod
2319 3172 2398 3195 cum
2417 3158 2692 3205 quadamm-

1630 3206 1783 3248 piscentia
1806 3206 1982 3238 resolvitur.
2006 3204 2048 3238 Et
2069 3205 2164 3238 infert
2186 3206 2309 3241 Auctor
2331 3206 2459 3239 tertium
2479 3215 2518 3239 ex
2540 3195 2747 3266 &lom

1630 3250 1783 3287 secundm
1808 3248 2000 3282 confirmans
2023 3249 2103 3282 illud
2125 3250 2312 3282 auctoritate
2334 3250 2522 3283 Aristotelis.

1684 3295 1720 3325 In
1744 3294 1872 3346 speciali
1902 3300 2009 3326 autem
2040 3294 2116 3326 dicit
2142 3303 2259 3336 corpus
2283 3292 2403 3326 Christi
2430 3302 2502 3326 non

1631 3389 1789 3424 quartum.
1813 3383 1854 3414 Et
1877 3382 2045 3414 confirmat
2067 3382 2147 3414 iliud
2169 3383 2356 3415 auctoritate
2375 3383 2599 3416 omui.-

2719 2171 2765 2197 ὶῇ

2714 2547 2716 2550 ,
2735 2524 2770 2553 2⁷¹1
2830 2539 2836 2551 ι

2498 2545 2625 2587 ψ
2633 2550 2692 2583 *¹³
2741 2564 2766 2606 ‘i‘
2831 2592 2839 2620 ᾖ

1630 3339 1684 3370 tali
1707 3339 1852 3370 materia:
1884 3345 1954 3370 tum
1981 3345 2112 3379 propter
2134 3339 2267 3371 tertium
2293 3338 2432 3376 dietum,
2455 3284 2735 3380 nsaw
2820 3335 2823 3356 Γ

1685 3427 1792 3458 Habes
1814 3427 1890 3458 hinc
1911 3427 2088 3458 Auctorem
2111 3426 2236 3459 firmare
2259 3428 2448 3460 sententiam
2464 3424 2692 3469 dicentium&
2736 3437 2760 3458 ι
2811 3442 2815 3456 ;

1631 3470 1719 3511 quod
1743 3480 1851 3501 semen
1875 3470 2015 3502 mulieris
2036 3476 2177 3507 vocatur,
2202 3480 2269 3502 esse
2285 3480 2358 3502 vere
2373 3471 2407 3502 in
2422 3471 2550 3502 seminis
2564 3479 2689 3512 genere,

1631 3515 1703 3545 licet
1726 3520 1762 3545 ut
1785 3514 2007 3555 imperfectum
2031 3514 2118 3555 quid.
2142 3514 2291 3555 Ineptum
2311 3520 2419 3546 autem
2442 3525 2510 3546 esse
2532 3514 2572 3546 ad
2594 3522 2690 3555 gene-

1630 3559 1787 3589 rationem
1809 3558 1949 3598 intellige
1978 3563 2015 3589 ut
2036 3566 2156 3594 semen,
2175 3558 2265 3599 quod
2291 3559 2324 3589 in
2346 3567 2462 3599 genere
2482 3567 2598 3591 causac
2623 3556 2689 3589 effi-

1632 3602 1741 3632 cientis
1757 3601 1853 3632 locari
1873 3602 1957 3632 nosti
1980 3602 2013 3632 in
2029 3601 2058 3632 V
2073 3602 2253 3642 Metaplgrs.
2270 3602 2287 3619 ⁴
2310 3601 2351 3632 Et
2372 3608 2540 3644 propterea
2559 3610 2627 3634 non
2641 3602 2689 3633 in-
2714 3606 2743 3630 ¹¹
2802 3578 2829 3606 '⁷¹
