2872 3970
179 1915 210 1936 ¹7·

929 277 1191 323 QUAESTIO
1221 276 1342 324 XXV,
1372 277 1663 315 ARTICULUS
1691 279 1720 314 II

230 360 330 395 ibum,
352 359 425 391 satis
447 364 555 389 tamen
577 359 754 389 insinuatur
776 366 851 388 cum
874 356 988 386 dicitur
1010 356 1099 396 quod
1123 361 1222 386 totum
1241 356 1297 386 ho-

230 407 381 435 ⁸tom-atur
402 402 435 433 in
453 402 611 443 partibus,
636 407 667 432 et
690 400 780 441 quod
796 410 860 442 per
872 401 957 430 hunc
972 400 1101 430 modum
1123 401 1218 430 homo
1241 401 1298 430 ho—

231 451 380 483 ¹moratur
402 446 438 477 in
458 446 624 481 exteriori,
649 451 684 476 ut
706 450 800 480 veste,
823 444 967 485 imagine
985 448 1043 474 aut
1057 444 1181 474 nuntio.
1206 443 1298 474 Clare

230 496 348 523 autem
378 490 517 531 aperitur
538 489 669 520 inferius
696 489 775 519 haec
802 488 973 523 sententia,
998 497 1072 518 cum
1096 497 1163 518 non
1193 487 1298 518 solum

241 532 354 566 dicitur
369 533 458 573 quod
473 534 578 573 imago
595 538 650 563 aut
665 542 741 563 crux
757 531 916 563 adoranda
932 537 978 561 est
993 532 1019 567 ⁵,
1044 531 1100 562 sed
1115 531 1299 571 exprimitur

355 954 398 984 ψ,
424 956 426 958 v
448 945 471 970 n
486 944 675 970 SECUNDUM
689 944 741 969 s1c
757 944 991 970 paocnnrrun.
1012 931 1173 969 Videtur
1191 932 1297 980 quod

368 976 423 1031 ἷὲῒῆ
449 984 667 1021 humanitas
697 985 836 1021 Christi
854 997 935 1021 non
955 985 1000 1021 sit
1019 985 1214 1021 adoranda
1233 985 1297 1021 ad-

318 1055 376 1085 v,
386 1024 621 1078 'roratione
650 1037 788 1074 latriae.
819 1037 922 1084 Quia
950 1049 1066 1086 super
1084 1037 1176 1074 illud
1196 1038 1297 1073 Psal—

247 1103 255 1112 ¹
295 1067 389 1122 &³³¹5
406 1084 503 1127 kmi
515 1089 547 1136 ³¹³,
566 1091 732 1127 Adorate
749 1091 948 1127 scabellum
962 1090 1100 1139 pedum
1116 1091 1193 1126 eius
1211 1102 1297 1139 quo-

240 1145 341 1181 niam
367 1149 535 1180 sanctum
564 1149 625 1188 est,
655 1142 743 1179 dicit
772 1143 907 1180 Glossa
926 1143 962 1179 *2
996 1145 1095 1180 Caro
1124 1155 1147 1179 a
1179 1144 1297 1180 Verbo

237 1197 311 1234 Dei
325 1201 512 1244 assumpta
530 1197 610 1232 sine
628 1196 811 1244 impietate
829 1196 1009 1233 adoratur
1027 1209 1050 1232 a
1070 1197 1194 1232 nobis:
1213 1197 1298 1244 quia

238 1261 346 1286 nemo
372 1248 609 1298 spiritualiter
626 1260 778 1285 carnem
798 1250 874 1285 eius
892 1249 1091 1285 manducat
1111 1249 1181 1284 nisi
1192 1249 1298 1296 prius

237 1301 384 1343 adoret:
418 1313 492 1338 non
521 1301 584 1338 illa
612 1301 694 1338 dico
722 1301 939 1338 adoratione
967 1313 1061 1350 quae
1088 1301 1197 1337 latria
1229 1306 1297 1346 est,

231 1366 332 1404 ‚quae
357 1354 427 1391 soli
456 1355 627 1391 Creatori
652 1354 812 1391 debetur.
843 1354 943 1391 Caro
972 1361 1101 1390 autern
1130 1361 1184 1390 est
1210 1365 1298 1402 pars

232 1405 494 1445 humanitatis.
524 1406 626 1454 Ergo
654 1406 874 1444 humanitas
894 1406 1033 1444 Christi
1060 1418 1140 1443 non
1161 1414 1214 1443 est
1233 1406 1298 1443 ad-

237 1459 384 1497 oranda
411 1458 634 1497 adoratione
661 1459 801 1496 latriae.

291 1523 326 1549 2.
355 1513 587 1557 PRAETEREA‚
617 1513 740 1549 cultus
759 1512 887 1550 latriae
908 1512 1001 1550 nulli
1020 1520 1213 1549 creaturae
1233 1512 1297 1549 de-

194 1564 199 1597 .‘
236 1563 364 1602 betur:
403 1577 450 1602 ex
477 1565 553 1603 hoc
581 1564 685 1602 enim
718 1565 972 1614 reprobantur
998 1564 1153 1613 gentiles
1191 1565 1297 1614 quod

232 1617 427 1665 ,coluerunt
440 1624 474 1654 et
485 1619 690 1655 servierunt
703 1625 909 1665 creaturae,
924 1626 966 1655 ut
980 1618 1116 1655 dicitur
1128 1617 1295 1655 Rom.1*.

237 1669 315 1709 Sed
337 1670 556 1708 humanitas
577 1670 716 1708 Christi
736 1679 790 1708 est
809 1679 992 1708 creatura.
1022 1672 1123 1719 Ergo
1143 1683 1222 1708 non
1243 1679 1298 1707 est

231 1722 433 1771 ,adoranda
459 1723 683 1762 adoratione
712 1724 852 1762 latriae.

291 1775 325 1812 3.
355 1777 585 1824 PRAETEREA,
614 1777 786 1814 adoratio
809 1777 935 1814 latriae
964 1777 1124 1814 debetur
1145 1778 1229 1813 Deo
1257 1777 1297 1813 in

235 1829 536 1878 recognitionem
563 1829 722 1867 maximi
749 1830 931 1868 dominii:
961 1830 1177 1867 secundum
1205 1829 1297 1866 illud

231 1882 344 1929 Deut.
364 1894 398 1921 vi
417 1881 456 1919 *ε
486 1883 691 1920 Dominum
711 1884 834 1920 Deum
853 1890 955 1920 tuum
975 1883 1159 1929 adorabis,
1189 1889 1222 1919 et
1246 1882 1300 1919 illi

204 1979 211 1984 ι
234 1935 306 1974 soli
319 1937 466 1973 servies.
497 1936 574 1974 Sed
594 1936 780 1983 Christus,
801 1937 1017 1973 secundum
1036 1936 1143 1984 quod
1162 1936 1296 1982 homo,

212 2035 214 2037 ‚
236 1995 292 2027 est
317 1988 447 2025 minor
473 1989 595 2026 Patre.
639 1990 740 2037 Ergo
769 1989 987 2027 humanitas
1016 1989 1098 2025 eius
1130 2001 1210 2027 non
1243 1996 1298 2025 est

233 2041 459 2086 ‚adoratione
487 2042 615 2080 latriae
644 2042 851 2080 adoranda.

267 2129 269 2133 .
290 2095 364 2133 SED
388 2106 533 2132 CONTRA
561 2107 626 2132 EST
645 2096 753 2144 quod
779 2096 1044 2132 Damascenus
1069 2093 1169 2140 dicit,
1189 2094 1229 2131 in
1248 2095 1298 2131 IV

195 2165 213 2179 υ
234 2146 332 2186 libro
351 2147 388 2184 *τ
423 2148 616 2186 Adoratur
642 2154 765 2185 autem
793 2160 883 2185 caro
915 2149 1066 2193 Christi,
1103 2149 1297 2184 incarnato

235 2200 319 2239 Deo
345 2202 476 2247 Verbo,
505 2214 580 2238 non
597 2206 754 2250 propter
770 2203 940 2250 seipsam,
968 2200 1034 2237 sed
1044 2205 1201 2249 propter
1220 2201 1297 2236 uni-

235 2259 313 2301 tum
349 2256 384 2291 ei
415 2254 616 2291 secundum
655 2256 882 2304 hypostasim
924 2255 1084 2291 Verbum
1120 2254 1203 2289 Dei.
1251 2253 1299 2289 Et

237 2319 353 2357 super
380 2307 472 2344 illud
500 2307 641 2344 Psalmi
667 2308 704 2355 ²¹²,
746 2307 911 2344 Adorate
936 2307 1135 2343 scabellum
1158 2305 1297 2355 pedum

237 2361 332 2408 eius,
367 2359 456 2398 dicit
483 2360 620 2397 Glossa
642 2359 678 2398 *ε
722 2361 796 2403 Qui
821 2359 953 2397 adorat
980 2371 1114 2408 corpus
1145 2359 1296 2405 Christi,

237 2427 312 2452 non
339 2419 480 2451 terram
509 2415 685 2460 intuetur,
720 2413 785 2450 sed
810 2413 913 2450 illum
940 2414 1059 2462 potius
1093 2413 1195 2448 cuius
1221 2423 1298 2448 sca-

236 2467 372 2505 bellum
399 2473 461 2512 est,
490 2467 527 2505 in
551 2469 654 2504 cuius
672 2468 814 2504 honore
831 2466 1030 2502 scabellum
1049 2465 1191 2502 adorat.
1222 2464 1298 2501 Sed

238 2519 411 2563 Verbum
439 2519 677 2558 incarnatum
706 2520 887 2557 adoratur
914 2517 1135 2556 adoratione
1159 2516 1297 2555 latriae.

238 2573 340 2621 Ergo
369 2573 484 2610 etiam
510 2585 651 2623 corpus
679 2573 771 2620 eius,
802 2572 881 2610 sive
910 2571 991 2608 eius
1015 2571 1244 2608 humanitas.

291 2627 515 2665 Responnzo
551 2639 732 2665 menmium
769 2626 894 2675 quod,
931 2624 1026 2661 sicut
1059 2636 1175 2673 supra
1192 2623 1212 2645 '¹‘
1245 2623 1298 2660 di-

237 2686 343 2717 ctum
371 2688 437 2727 est,
466 2680 593 2717 honor
620 2678 851 2718 adorationis
879 2678 1040 2715 debetur
1059 2682 1076 2698 ‘²
1104 2676 1299 2726 hypostasi

239 2732 472 2771 subsistenti:
505 2741 636 2770 tamen
664 2732 759 2770 ratio
787 2730 946 2769 honoris
973 2737 1098 2780 potest
1125 2742 1206 2766 esse
1235 2729 1298 2766 ali-

239 2785 333 2835 quid
369 2799 450 2826 non
486 2786 714 2832 subsistens,
752 2792 908 2834 propter
944 2783 1050 2832 quod
1088 2783 1300 2819 honoratur

237 2850 403 2888 persona
430 2839 492 2876 cui
520 2839 613 2876 illud
640 2838 747 2876 inest.
777 2836 961 2874 Adoratio
982 2835 1094 2884 igitur
1121 2834 1298 2872 humani-

238 2891 322 2929 tatis
342 2891 481 2930 Christi
505 2891 704 2941 dupliciter
722 2898 846 2940 potest
864 2888 1026 2936 intelligi.
1057 2889 1144 2926 Uno
1164 2888 1297 2935 modo,

260 3008 264 3009 ⁷
293 3013 320 3047 α)
340 3014 458 3040 debetur.
475 3029 495 3033 -
508 3013 621 3046 proprie
639 3013 750 3038 debetur
766 3012 848 3037 tertia.

292 3049 307 3082 β
336 3050 413 3076 sicut.
430 3063 450 3068 -
467 3050 487 3074 F
507 3055 532 3074 et
550 3049 638 3078 tertia;
656 3048 764 3073 scilicet.

239 3049 318 3154 ioco&
336 3085 512 3110 diuinitatem.
530 3098 549 3103 -
565 3084 652 3108 Tertia
673 3088 774 3115 praeter
792 3082 814 3112 1;
834 3082 992 3115 dignitatem
1015 3079 1059 3114 (ita
1078 3080 1098 3105 F
1117 3081 1193 3105 etiam
1217 3080 1297 3105 altero

290 3155 316 3190 ὃ)
331 3158 423 3188 posset
441 3154 603 3187 contingere.
620 3167 640 3172 -
657 3153 825 3185 contingeret
846 3151 980 3177 editiones.

2332 289 2406 326 277

1351 357 1557 391 terminative‚
1579 356 1714 387 dicendo
1731 362 1856 387 motum
1871 358 1904 387 in
1920 358 2089 397 imaginem
2106 363 2136 388 et
2151 367 2319 397 personam
2338 368 2406 389 esse

1352 409 1454 430 unum
1469 401 1502 430 *t
1527 401 1552 430 si
1575 401 1661 431 enim
1683 406 1790 431 motus
1814 407 1860 431 est
1875 402 1908 431 in
1923 402 2103 441 imaginem,
2119 402 2225 441 imago
2241 403 2309 442 ipsa
2324 411 2407 432 non-

1351 443 1457 474 nullus
1473 444 1626 474 terminus
1641 450 1688 475 est
1702 450 1819 474 motus.
1844 445 1899 474 Est
1915 454 1989 484 ergo
2005 446 2106 484 prima
2121 446 2230 484 opinio
2247 446 2406 482 Auctoris,

1352 486 1482 518 inferius
1505 487 1710 518 discutienda.
1739 488 1833 518 Nunc
1856 493 1962 518 autem
1985 489 2155 528 praelibata
2177 489 2254 520 haec
2277 490 2347 525 sint,
2371 495 2407 520 ut

1352 531 1431 561 scias
1454 530 1596 561 dubitare
1621 537 1651 562 et
1674 531 1859 562 discernere.

230 645 297 739 11,Ῑῖ
328 724 329 727 ,
1002 679 1317 722 ARTICULUS
1348 680 1645 722 SECUNDUS

569 773 726 804 UTRUM
750 772 1008 804 HUMANITAs
1032 772 1204 803 CHRISTI
1228 772 1293 803 SIT
1317 772 1559 803 ADORANDA
1581 772 1867 803 ADORATtoNE
1890 773 2078 804 LATRtAE

468 852 542 882 infra,
561 859 605 885 qu.
625 859 694 880 Lvm.
714 857 760 877 art.
782 851 805 881 3,
826 853 857 877 ad
878 859 907 883 13
927 852 958 876 111
978 852 1061 881 Sent.‚
1081 852 1140 877 dist.
1159 859 1191 882 ix,
1211 859 1255 884 qu.
1276 858 1299 882 1,
1319 857 1365 878 art.
1386 859 1409 882 2,
1429 851 1478 884 qu·
1499 858 1527 883 1;
1546 852 1596 885 qu*
1614 859 1639 884 4.
1659 853 1690 877 ad
1711 859 1740 882 ι;
1758 852 1802 877 Ad
1822 853 1924 882 Galat„
1945 861 1998 886 cap.
2017 861 2050 883 iv,
2069 855 2126 879 lect.
2144 862 2177 880 ιν.

1350 939 1392 967 ut
1419 931 1465 967 sit
1492 930 1573 967 eius
1602 930 1730 968 sicuti
1758 932 1811 968 rei
1847 933 2036 970 adoratae.
2080 934 2127 970 Et
2161 933 2213 970 sic
2247 934 2406 972 adorare

1350 995 1505 1020 carnem
1526 983 1664 1020 Christi
1691 984 1784 1021 nihil
1804 992 1859 1021 est
1877 985 1978 1022 aliud
1998 998 2116 1034 quam
2136 987 2294 1023 adorare
2314 988 2405 1024 Ver-

1351 1037 1446 1072 bum
1474 1036 1545 1072 Dei
1564 1036 1819 1074 incarnatum:
1850 1038 1945 1074 sicut
1966 1039 2125 1075 adorare
2144 1047 2289 1076 vestem
2309 1039 2405 1087 regis

1350 1088 1443 1125 nihil
1471 1096 1526 1124 est
1545 1088 1647 1125 aliud
1675 1102 1794 1138 quam
1813 1090 1971 1127 adorare
1992 1103 2119 1139 regem
2138 1092 2326 1129 vestitum.
2358 1093 2407 1129 Et

1351 1141 1566 1178 secundum
1594 1143 1683 1186 hoc,
1714 1143 1883 1181 adoratio
1912 1143 2155 1180 humanitatis
2186 1145 2322 1181 Christi
2350 1152 2406 1181 est

1351 1193 1522 1231 adoratio
1551 1194 1688 1230 latriae.

1404 1246 1488 1283 Alio
1508 1246 1628 1282 modo
1655 1254 1779 1295 potest
1798 1247 1948 1295 intelligi
1968 1248 2137 1285 adoratio
2162 1249 2406 1286 humanitatis

1352 1299 1491 1336 Christi
1519 1311 1618 1347 quae
1645 1299 1688 1335 fit
1716 1300 1860 1337 ratione
1888 1300 2132 1337 humanitatis
2158 1302 2293 1339 Christi
2322 1314 2406 1350 per-

1350 1353 1466 1389 fectae
1502 1351 1610 1388 omni
1637 1364 1797 1389 munere
1824 1353 2039 1401 gratiarum.
2081 1356 2129 1392 Et
2156 1355 2208 1392 sic
2235 1355 2405 1393 adoratio

1351 1403 1595 1443 humanitatis
1625 1405 1763 1442 Christi
1790 1418 1870 1443 non
1899 1415 1953 1443 est
1981 1408 2150 1446 adoratio
2179 1407 2318 1452 latriae,
2339 1409 2405 1445 sed

1351 1457 1521 1495 adoratio
1550 1456 1686 1494 duliae.
1723 1460 1775 1496 Ita
1803 1459 1940 1497 scilicet
1968 1462 2073 1509 quod
2101 1473 2179 1497 una
2207 1468 2242 1497 et
2270 1461 2405 1498 eadem

1349 1522 1514 1560 persona
1544 1509 1681 1548 Christi
1708 1513 1887 1550 adoretur
1914 1513 2134 1551 adoratione
2162 1512 2290 1551 latriae
2317 1525 2405 1562 pro-

1349 1572 1433 1614 pter
1452 1574 1562 1601 suam
1581 1562 1817 1603 divinitatem
1832 1571 1857 1614 Ὺ,
1879 1573 1914 1601 et
1933 1566 2154 1604 adoratione
2174 1566 2298 1604 duliae
2318 1578 2405 1615 pro-

1349 1625 1433 1667 pter
1459 1616 1731 1666 perfectionem
1758 1617 2014 1656 humanitatis.

1403 1672 1486 1708 Nec
1505 1671 1580 1707 hoc
1599 1678 1654 1706 est
1672 1670 1956 1709 inconveniens
1987 1673 2089 1720 Quia
2113 1673 2182 1722 ipsi
2202 1672 2285 1708 Deo
2306 1671 2404 1708 Patri

1349 1724 1510 1761 debetur
1536 1723 1663 1759 honor
1680 1724 1808 1762 latriae
1835 1733 1990 1774 propter
2007 1725 2253 1770 divinitatem,
2282 1732 2318 1760 et
2336 1725 2405 1760 ho-

1348 1789 1421 1813 nor
1449 1775 1574 1813 duliae
1601 1785 1758 1825 propter
1786 1778 2003 1815 dominium
2031 1791 2109 1826 quo
2132 1785 2320 1814 creaturas
2338 1788 2405 1824 gu-

1349 1830 1491 1866 bernat.
1522 1829 1632 1865 Unde
1661 1841 1777 1878 super
1798 1830 1890 1867 illud
1909 1831 2049 1868 Psalmi
2067 1830 2097 1876 ²¹⁶,
2126 1831 2287 1867 Domine
2305 1830 2406 1866 Deus

1352 1895 1454 1920 meus
1472 1885 1509 1919 in
1524 1887 1558 1918 te
1574 1884 1731 1930 speravi,
1753 1883 1840 1920 dicit
1859 1883 2040 1920 Glossa*:
2061 1884 2223 1920 Domine
2241 1883 2406 1918 omnium

1344 1948 1416 1985 per
1437 1936 1660 1985 potentiam.-
1694 1938 1755 1973 cui
1787 1938 1936 1974 debetur
1963 1937 2073 1974 dulia.
2114 1937 2215 1972 Deus
2242 1936 2406 1971 omnium

1346 1995 1418 2039 per'
1444 1990 1690 2026 creationem:
1717 1991 1779 2026 cui
1804 1990 1953 2026 debetur
1980 1990 2100 2026 latria.

1404 2043 1461 2079 AD
1491 2054 1624 2079 PRIMUM
1653 2054 1749 2079 ERGO
1777 2055 1958 2080 DICENDUM
1984 2042 2091 2090 quod
2108 2042 2231 2088 glossa
2249 2039 2310 2077 illa
2328 2052 2408 2076 non

1351 2103 1406 2132 est
1434 2095 1486 2131 sic
1513 2095 1752 2142 intelligenda
1780 2095 1889 2143 quasi
1917 2106 2091 2131 seorsum
2119 2093 2298 2130 adoretur
2318 2104 2406 2129 caro

1353 2147 1491 2184 Christi
1519 2148 1567 2184 ab
1595 2148 1678 2185 eius
1706 2147 1918 2184 divinitate:
1949 2149 2023 2184 hoc
2048 2146 2151 2183 enim
2170 2153 2298 2195 posset
2317 2157 2407 2182 con-

1351 2201 1493 2248 tingere
1512 2198 1525 2222 ⁶
1554 2202 1680 2237 solum
1707 2201 1783 2237 hoc
1810 2201 1951 2245 modo,
1989 2199 2019 2236 si
2052 2207 2148 2235 esset
2183 2198 2254 2234 alia
2285 2199 2406 2247 hypo-

1351 2253 1456 2290 stasis
1484 2253 1556 2290 Dei
1584 2261 1620 2290 et
1647 2252 1825 2290 hominis
1856 2253 1932 2290 Sed
1960 2251 2061 2301 quia,
2090 2259 2132 2287 ut
2160 2250 2247 2287 dicit
2266 2251 2406 2287 Dama-

1351 2318 1488 2343 scenus
1506 2306 1542 2353 ²⁸,
1571 2308 1604 2343 si
1629 2306 1768 2343 dividas
1786 2311 1798 2326 ⁸
1825 2306 2012 2342 subtilibus
2040 2304 2283 2352 intelligentiis
2310 2303 2409 2352 quod

1350 2360 1493 2397 videtur
1520 2361 1567 2396 ab
1595 2372 1638 2396 eo
1667 2359 1765 2408 quod
1786 2358 2009 2407 intelligitur,
2032 2355 2270 2393 inadorabilis
2296 2361 2346 2391 est
2368 2361 2406 2392 ut

1351 2418 1538 2457 creatura,
1568 2411 1704 2448 scilicet
1731 2410 1952 2448 adoratione
1980 2408 2117 2446 latriae.
2160 2408 2207 2444 Et
2234 2415 2326 2443 tunc
2353 2407 2406 2443 sic

1352 2465 1557 2502 intellectae
1586 2472 1628 2501 ut
1655 2471 1847 2513 separatae
1867 2475 1889 2500 a
1907 2462 1979 2499 Dei
1997 2461 2136 2507 Verbo,
2158 2460 2317 2496 debetur
2335 2459 2404 2495 sibi

1352 2517 1522 2555 adoratio
1559 2517 1701 2554 duliae:
1738 2528 1817 2553 non
1853 2515 2152 2562 cuiuscumque,
2185 2520 2277 2561 puta
2305 2523 2403 2560 quae

1351 2569 1608 2607 communiter
1627 2569 1826 2606 exhibetur
1844 2567 1923 2605 aliis
1937 2566 2130 2609 creaturis;
2151 2565 2217 2601 sed
2237 2564 2404 2613 quadam

1352 2622 1604 2660 excellentiori
1624 2622 1646 2669 ζ,
1676 2634 1794 2671 quam
1822 2616 2079 2670 hyperduliam
2107 2625 2255 2655 vocant.

1405 2677 1453 2712 Et
1486 2688 1555 2724 per
1582 2676 1658 2713 hoc
1692 2675 1804 2711 etiam
1833 2681 1934 2722 patet
1970 2671 2167 2721 responsio
2195 2670 2243 2706 ad
2271 2680 2404 2705 secun-

1351 2729 1447 2766 dum
1476 2735 1511 2764 et
1537 2727 1701 2764 tertium.
1742 2726 1844 2773 Quia
1878 2724 2047 2763 adoratio
2075 2723 2201 2760 latriae
2236 2733 2313 2758 non
2342 2733 2404 2757 ex·

1351 2782 1503 2818 hibetur
1521 2779 1747 2817 humanitati
1767 2778 1904 2815 Christi
1932 2777 2076 2814 ratione
2095 2775 2153 2811 sui
2171 2774 2307 2823 ipsius:
2337 2773 2404 2810 sed

1352 2833 1497 2871 ratione
1529 2832 1732 2869 divinitatis
1768 2831 1830 2868 cui
1865 2830 2011 2875 unitur,
2045 2827 2257 2864 secundum
2285 2838 2404 2875 quam

1353 2886 1526 2924 Christus
1553 2897 1633 2923 non
1661 2892 1716 2921 est
1742 2883 1870 2920 minor
1896 2883 2016 2918 Patre.

1405 3008 1427 3040 ε)
1446 3008 1559 3033 dividas.
1576 3020 1596 3025 —-
1615 3007 1670 3037 ΡΕ;
1689 3006 1786 3038 diligas
1806 3004 1848 3033 GI,
1869 3004 1972 3036 dirigas
1991 3003 2028 3032 bc,
2047 3002 2152 3027 dividas
2176 3005 2204 3027 ut
2223 3002 2357 3034 intelligas
2375 3002 2403 3031 F.

1351 3044 1483 3076 intelligas
1502 3042 1587 3067 ceteri.

1404 3079 1428 3111 ζ)
1447 3078 1562 3110 quadam
1591 3075 1781 3101 excellentiori.
1805 3089 1824 3093 -
1850 3073 1980 3106 quaedam
2005 3072 2178 3097 excellentior
2205 3072 2240 3102 E,
2265 3071 2403 3096 cuiusdam

1352 3112 1547 3139 excellentioris
1565 3111 1593 3136 P.

912 3228 1243 3261 Commentario.
1265 3226 1514 3259 Oardjnalis
1537 3224 1735 3257 Caietam

243 3322 406 3384 Tmmns
436 3312 548 3342 clarus.
571 3329 594 3333 —
623 3310 658 3340 In
682 3318 816 3349 corpore
843 3308 966 3338 articuli
996 3316 1070 3337 cum
1094 3306 1295 3336 distinctione
1320 3308 1323 3334 1

299 3355 509 3396 respondetur
531 3354 654 3385 duabus
677 3353 946 3383 conclusionibus.

293 3399 399 3430 Prima
420 3405 480 3430 est:
504 3398 702 3429 Humanitas
727 3396 855 3431 Christi,
880 3401 916 3425 ut
930 3404 981 3425 res
1000 3394 1147 3429 adorata,
1171 3398 1218 3424 est
1240 3393 1296 3423 ad-

1404 3303 1550 3335 Secunda
1573 3309 1635 3333 est:
1666 3302 1864 3333 Humanitas
1889 3301 2024 3336 Christi,
2057 3305 2091 3330 ut
2118 3300 2202 3330 ratio
2225 3298 2403 3334 adorandi,

1349 3358 1412 3378 non
1430 3353 1476 3378 est
1498 3346 1667 3378 adoranda
1691 3346 1882 3377 adoratione
1898 3345 2022 3380 latriae,
2039 3343 2094 3374 sed
2108 3343 2225 3374 duliae.
2249 3343 2322 3372 Hoc
2338 3347 2402 3372 est:

1348 3393 1491 3422 Persona
1517 3391 1636 3421 Christi
1658 3389 1851 3421 honoranda
1870 3394 1916 3420 est
1938 3389 2027 3419 dulia
2051 3388 2177 3418 ratione
2198 3386 2406 3416 humanitatis

241 3443 367 3474 oranda
389 3443 582 3474 adoratione
606 3442 731 3472 latriae.
756 3441 919 3470 Probatur.
943 3439 1028 3476 Quia
1051 3439 1152 3478 ipsam
1175 3438 1220 3467 sic
1243 3436 1297 3467 ad-
1344 3436 1462 3476 plenae
1490 3435 1638 3476 gratiae,
1661 3440 1719 3465 etc.
1755 3434 1938 3464 Declaratur
1967 3433 2030 3462 hoc
2060 3441 2125 3461 non
2157 3440 2224 3461 esse
2253 3431 2405 3460 inconve-

242 3487 325 3517 orari
350 3487 431 3517 nihil
453 3486 539 3517 aliud
569 3491 615 3517 est
645 3494 743 3526 quam
765 3484 907 3514 Verbum
936 3483 1134 3512 incarnatum
1165 3481 1296 3511 adorari.

242 3529 396 3561 Probatur
417 3531 480 3561 hoc
502 3541 520 3561 a
542 3530 650 3560 simili:
675 3530 755 3559 sicut
778 3528 906 3558 adorare
928 3531 1048 3557 vestem
1071 3526 1151 3565 regis
1175 3530 1221 3556 est
1244 3524 1297 3555 ad-

244 3581 334 3604 orare
356 3583 464 3614 regem
486 3575 645 3604 vestitum.

1350 3481 1450 3515 niem,
1476 3489 1514 3510 ex
1536 3488 1672 3519 persona
1694 3479 1802 3513 Patris,
1827 3487 1909 3517 quae
1932 3477 2019 3507 latria
2042 3481 2073 3505 et
2095 3475 2180 3505 dulia
2202 3473 2359 3504 adoratur.

1406 3524 1442 3553 II.
1467 3522 1604 3553 Adverte
1626 3523 1678 3552 hic
1699 3522 1775 3553 duo.
1798 3522 1940 3551 Primum
1956 3526 2002 3550 est
2025 3518 2114 3559 quod
2136 3518 2257 3548 adorari
2279 3522 2315 3547 ut
2337 3527 2405 3547 rem

1352 3567 1523 3603 adoratam,
1548 3567 1704 3606 contingit
1726 3565 1908 3606 dupliciter:
1933 3564 1983 3594 vel
2006 3573 2061 3604 per
2084 3572 2134 3598 se,
2157 3562 2208 3592 vel
2230 3571 2287 3602 per
2309 3560 2404 3591 aliud.

2437 407 2446 417 ⁴
2456 407 2510 428 ‘Art
2525 413 2547 435 3.

2434 1837 2442 1846 ⁸
2453 1836 2490 1857 Ps.
2505 1842 2545 1863 vn,
2560 1841 2617 1858 vers.
2631 1843 2641 1858 ι

2435 1863 2472 1888 (al.
2489 1866 2522 1885 at.

2435 1890 2443 1899 ⁸
2459 1889 2540 1910 Lomb.

2529 2207 2543 2231 δ

2434 2307 2443 2318 ·
2453 2307 2509 2328 Loc.
2520 2307 2557 2328 cit.
2566 2313 2644 2334 supra.

2531 2343 2542 2359 ε
