2872 3970
264 1225 422 1247 'Commeat
449 1225 474 1246 in

263 1251 474 1300 Μα.11111111.11,116ἀ

504 302 580 350 396

503 381 620 418 Filius
657 380 729 417 Dei
756 380 796 416 in
823 379 1035 438 baptismo,
1065 378 1162 416 sicut
1192 378 1352 427 quidam
1386 377 1564 414 haeretici

503 441 744 483 putaverunt,
766 432 832 469 sed
852 443 875 469 a
892 431 1080 482 principio
1106 442 1197 468 suae
1217 429 1478 479 conceptionis
1495 429 1565 466 suit

504 485 621 522 Filius
649 485 731 522 Dei.
760 485 883 534 Magis
917 496 1007 532 ergo
1035 483 1075 520 in
1102 483 1294 520 nativitate
1329 481 1460 519 debuit
1486 493 1564 518 vox

503 538 623 575 Patris
641 537 839 587 protestari
859 536 997 574 Christi
1016 535 1264 581 divinitatem,
1285 546 1404 584 quam
1422 534 1462 571 in
1481 533 1565 571 eius

504 590 706 640 baptismo.

558 643 631 680 SED
651 654 795 680 CONTRA
814 653 879 679 EST
904 642 1011 691 quod
1031 640 1166 678 dicitur
1190 640 1324 677 Matth.
1345 651 1377 676 ιιι
1395 639 1432 661 '¹‘-
1425 641 1562 686 .Ecce,

503 707 580 734 vox
607 695 652 732 de
669 696 779 732 caelis
797 695 940 732 dicens:
957 695 1035 730 Hic
1058 699 1108 730 est
1135 693 1251 730 Filius
1273 704 1375 729 meus
1402 692 1562 738 dilectus,

504 750 541 786 in
571 760 642 798 quo
670 749 762 784 mihi
786 747 1003 796 complacui.

556 802 780 838 strounsso
799 811 980 836 mesanum
1000 798 1118 857 quod,
1139 797 1235 835 sieut
1253 809 1370 846 supra
1383 797 1404 819 '⁸‘
1418 797 1563 834 dictum

504 861 568 900 est,
590 853 628 890 in
656 851 846 901 baptismo
867 851 1017 896 Christi,
1038 850 1104 900 qui
1132 850 1200 887 fuit
1223 851 1419 909 exemplar
1446 849 1566 887 nostri

503 905 690 955 baptismi,
712 903 963 941 demonstrari
982 880 1113 940 debuit
1137 903 1244 952 quod
1271 902 1310 939 in
1339 910 1470 940 nostro
1498 902 1563 940 ba-

502 958 642 1007 ptismo
677 956 882 1006 perficitur.
919 955 1138 1006 Baptismus
1166 962 1296 992 autem
1330 966 1410 1004 quo
1442 955 1562 1005 bapti-

502 1018 635 1048 zantur
661 1009 805 1056 fideles,
826 1016 1070 1046 consecratur
1097 1008 1136 1045 in
1163 1007 1406 1045 invocatione
1434 1015 1471 1045 et
1489 1008 1564 1045 vir-

501 1070 579 1100 tute
595 1061 806 1099 Trinitatis:
828 1061 1043 1099 secundum
1062 1061 1156 1098 illud
1174 1060 1308 1098 Matth.
1324 1062 1389 1098 ult.
1404 1060 1443 1098 *ε
1462 1062 1562 1098 Eun-

500 1122 563 1162 tes,
584 1116 708 1152 docete
725 1126 853 1152 omnes
870 1120 1009 1165 gentes,
1029 1115 1250 1164 baptizantes
1268 1125 1330 1151 eos
1347 1115 1385 1151 in
1413 1115 1564 1151 nomine

501 1170 621 1205 Patris
649 1173 682 1204 et
708 1168 796 1205 Filii
821 1173 854 1204 et
882 1169 1035 1217 Spiritus
1069 1168 1204 1204 Sancti.
1240 1167 1290 1204 Et
1316 1166 1405 1204 ideo
1434 1168 1471 1203 in
1500 1168 1561 1204 ba-

495 1222 632 1271 ptismo
664 1221 808 1267 Christi,
829 1227 871 1257 ut
898 1219 1161 1269 Hieronymus
1189 1218 1322 1266 dicit*,
1342 1221 1562 1281 mysterium

468 1274 692 1312 Trinitatis
719 1274 1015 1310 demonstratur.-
1040 1273 1225 1310 Dominus
1251 1273 1329 1322 ipse
1355 1274 1393 1309 in
1426 1278 1563 1310 natura

500 1328 665 1364 humana
693 1327 915 1376 baptizatum·
951 1327 1106 1375 Spiritus
1133 1326 1288 1363 Sanctus
1313 1325 1497 1362 descendit
1523 1326 1562 1362 in

500 1380 624 1417 habitu
661 1379 875 1422 columbae,·
915 1380 1036 1416 Patris
1072 1390 1150 1416 vox
1184 1379 1430 1415 testimonium
1465 1378 1563 1416 Filio

494 1433 719 1482 perhibentis
746 1431 904 1468 auditur.
934 1431 982 1468 Et
1009 1430 1096 1468 ideo
1117 1430 1350 1467 conveniens
1375 1430 1445 1468 fuit
1461 1438 1505 1468 ut
1522 1430 1560 1467 in

500 1484 563 1522 illo
591 1484 782 1533 baptismo
810 1484 922 1521 Pater
949 1483 1203 1520 declararetur
1230 1483 1270 1520 in
1297 1495 1405 1520 voce.

553 1538 609 1574 An
639 1549 772 1574 PRIMUM
801 1548 898 1574 ERGO
927 1548 1108 1573 υιεΕΝουΜ
1134 1536 1243 1585 quod
1274 1535 1406 1573 missio
1433 1534 1562 1573 visibi-

500 1589 544 1627 lis
572 1589 676 1627 addit
703 1588 846 1638 aliquid
874 1601 990 1638 super
1018 1588 1309 1638 apparitionem,
1329 1588 1468 1626 scilicet
1495 1600 1562 1626 au—

501 1642 711 1680 ctoritatem
746 1642 937 1679 mittentis.
981 1643 1029 1679 Et
1063 1641 1151 1678 ideo
1179 1641 1298 1678 Filius
1330 1649 1367 1679 et
1401 1641 1562 1691 Spiritus

502 1696 674 1741 Sanctus,
703 1695 769 1744 qui
798 1702 886 1732 sunt
913 1695 962 1732 ab
990 1694 1085 1742 alio,
1112 1694 1293 1732 dicuntur
1323 1706 1403 1732 non
1434 1695 1562 1732 solum

361 1751 375 1785 β
501 1760 697 1797 apparere,
718 1747 784 1784 sed
813 1747 927 1784 etiam
954 1747 1149 1784 visibiliter
1175 1747 1272 1784 mitti
1291 1746 1317 1784 β.
1356 1748 1468 1784 Pater
1494 1759 1561 1785 au-

500 1809 590 1846 tem,
611 1800 678 1850 qui
706 1812 786 1837 non
814 1807 869 1837 est
896 1801 944 1837 ab
973 1800 1065 1843 alio,
1093 1812 1277 1849 apparere
1305 1799 1465 1849 quidem
1492 1812 1560 1850 po-

501 1861 581 1898 test,
603 1853 796 1890 visibiliter
823 1860 953 1890 autem
980 1852 1076 1889 mitti
1104 1865 1184 1890 non
1211 1860 1346 1902 potest.

554 1907 612 1942 An
638 1917 826 1943 SECUNDUM
845 1917 1025 1943 monimum
1045 1905 1152 1954 quod
1172 1906 1284 1942 Pater
1302 1917 1381 1942 non
1401 1905 1562 1942 demon-

267 806 277 816 ·
289 805 339 826 Art.
355 811 373 832 5.

265 1069 275 1079 ''
289 1067 355 1089 Vers.
372 1074 405 1095 ¹9·

264 1284 313 1305 c.ap
324 1284 359 1305 ιι
370 1283 427 1300 vers.

266 1311 297 1332 ¹7·

503 1966 639 1995 stratur
658 1958 696 1995 in
715 1970 811 1995 voce
831 1957 902 1994 nisi
917 1957 1013 1995 sicut
1032 1966 1166 1995 auctor
1185 1957 1303 2004 vocis,
1318 1959 1380 1994 vel
1399 1959 1561 2008 loquens

502 2023 572 2060 per
598 2023 748 2048 vocem.
778 2011 826 2047 Et
853 2010 944 2060 quia
971 2010 1172 2060 proprium
1201 2018 1256 2047 est
1284 2010 1384 2047 Patri
1417 2011 1560 2060 produ-

502 2074 587 2101 cere
601 2064 785 2110 Verbum,
801 2063 909 2112 quod
928 2071 983 2100 est
1002 2063 1126 2100 dicere
1146 2065 1207 2100 vel
1226 2063 1343 2112 loqui,
1363 2063 1451 2101 ideo
1471 2075 1561 2101 con-

501 2116 785 2153 venientissime
813 2117 924 2153 Pater
949 2128 1020 2165 per
1046 2128 1185 2153 vocem
1206 2115 1466 2153 manifestatus
1494 2124 1560 2161 est,

501 2182 601 2218 quae
620 2169 804 2217 significat
822 2169 998 2205 verbum.
1028 2169 1140 2206 Unde
1159 2175 1195 2205 et
1214 2169 1295 2218 ipsa
1313 2181 1390 2206 vox
1409 2182 1432 2206 a
1451 2170 1561 2206 Patre

501 2222 638 2259 emissa
657 2221 879 2258 filiationem
894 2221 1010 2258 Verbi
1029 2229 1268 2271 protestatur.
1298 2222 1347 2259 Et
1365 2221 1461 2258 sicut
1479 2234 1560 2271 spe-

501 2275 575 2311 cies
603 2274 816 2321 columbae,
837 2274 876 2311 in
904 2287 981 2324 qua
1006 2274 1288 2311 demonstratus
1316 2282 1372 2311 est
1400 2274 1561 2324 Spiritus

501 2328 674 2373 Sanctus,
695 2339 774 2364 non
793 2334 848 2364 est
873 2335 1008 2364 natura
1028 2327 1189 2376 Spiritus
1209 2326 1358 2374 Sancti;
1385 2339 1458 2365 nec
1477 2339 1560 2377 spe-

500 2380 574 2417 cies
594 2379 772 2427 hominis,
793 2380 831 2417 in
860 2393 938 2429 qua
956 2380 1239 2417 demonstratus
1259 2387 1314 2417 est
1331 2379 1412 2430 ipse
1431 2379 1560 2428 Filius,

553 2509 578 2544 β)
599 2519 650 2536 ηοη
668 2511 780 2536 solum...
800 2511 878 2537 mitti.
897 2525 916 2530 —-
934 2511 1005 2537 mitti
1027 2510 1177 2546 (visibiliter
1196 2513 1291 2537 addunt
1310 2511 1446 2547 editiones)
1464 2516 1490 2538 et
1509 2520 1562 2538 non

499 2547 582 2571 solum
602 2554 733 2578 apparere
752 2547 775 2571 H
795 2551 820 2571 et
838 2547 972 2572 editiones.

551 2582 578 2614 γ)
598 2588 645 2606 nec
668 2582 791 2614 species...
815 2585 862 2608 est.
885 2597 905 2602 -
929 2583 973 2612 [³13
999 2585 1026 2607 et
1048 2583 1118 2607 sicut
1142 2583 1266 2614 species...
1290 2590 1344 2608 non
1369 2586 1410 2608 est
1432 2583 1490 2615 GH,
1516 2590 1563 2608 nec

498 2618 623 2649 species...
643 2625 694 2642 non
714 2621 753 2642 est
771 2618 856 2643 ceteri.

552 2651 576 2686 ὃ)
597 2653 623 2676 in
642 2653 771 2678 columba.
789 2667 809 2671 -
828 2653 870 2678 DF
889 2658 915 2678 et
934 2653 1020 2684 tertia;
1039 2654 1168 2679 columba.

1172 2731 1505 2765 Commentaria
1528 2732 1780 2766 Cardinalis
1803 2732 2003 2766 Caietam

559 2830 664 2850 ιιυιυς
688 2821 799 2856 clarus,
824 2826 912 2851 ortus
936 2822 1031 2851 etiam
1052 2831 1090 2851 ex
1106 2821 1291 2861 Evangelio.
1318 2839 1341 2844 —
1366 2821 1401 2851 In
1425 2830 1560 2861 corpore

502 2831 622 2894 Tuna
651 2865 833 2895 conclusio:
870 2866 1071 2896 Conveniens
1092 2865 1167 2907 fuit
1197 2871 1234 2895 ut
1260 2866 1292 2895 in
1317 2865 1374 2896 illo
1404 2865 1559 2906 baptismo

498 2908 595 2938 Pater
613 2907 837 2939 declararetur
852 2909 883 2939 in
902 2919 987 2940 voce.
1012 2909 1176 2940 Probatur.
1202 2909 1236 2939 In
1260 2910 1419 2950 baptismo
1444 2909 1560 2940 Christi

499 2950 706 2982 demonstrari
739 2953 848 2983 debuit
878 2953 966 2993 quod
994 2954 1027 2983 in
1055 2959 1166 2984 nostro
1197 2954 1357 2993 baptismo
1387 2953 1558 2994 perficitur.

500 2995 583 3035 Ergo
617 2997 649 3026 in
681 2997 839 3036 baptismo
869 2997 987 3028 Christi
1019 2998 1206 3038 mysterium
1230 2997 1393 3028 Trinitatis
1425 2997 1560 3028 demon-

499 3040 585 3069 strari
609 3039 726 3070 debuit.
752 3041 836 3080 Ergo
865 3042 1060 3072 conveniens
1088 3041 1147 3072 fuit
1170 3047 1206 3072 ut
1228 3042 1320 3072 Pater
1350 3041 1560 3072 declararetur

499 3092 531 3112 ιιι
554 3093 644 3113 voce.

1138 298 1400 347 QUAESTIO
1429 298 1609 346 XXXIX,
1637 296 1929 336 ARTICUL'US
1956 298 2039 337 Vm

1618 384 1673 414 est
1698 381 1714 406 ἵ
1741 377 1824 427 ipsa
1857 385 1995 419 natura
2028 377 2111 415 Filii
2139 378 2231 416 Dei:
2266 376 2318 416 m
2349 378 2501 417 edamaess
2598 389 2677 419 uox

1617 440 1698 466 non
1715 430 1878 480 pertinet
1899 430 1949 468 ad
1967 437 2145 468 naturam
2163 430 2282 468 Verbi
2299 432 2369 469 vet
2379 431 2507 470 Patris
2530 431 2731 483 omnent}
2716 438 2764 450 ·’

1617 481 1675 518 tis.
1703 482 1816 520 Unde
1834 483 1939 520 loen.
1958 493 1983 520 v
2000 482 2025 507 '⁸'
2039 483 2234 521 Dominus
2261 482 2373 520 dicitz-
2382 483 2740 534 Queuoednb'·

1618 536 1705 581 eius,
1726 534 1822 572 idest
1849 534 1979 582 Pati-Is,
1999 546 2164 586 unquam
2191 536 2352 583 audisne,
2365 543 2506 587 neque
2514 537 2701 587 spec-tenti

1618 588 1695 624 eius
1720 587 1866 625 vidistis.
1895 587 1969 624 Per
1987 588 2106 638 quod,
2126 587 2223 626 sicut
2247 588 2558 638 Chrysostomus
2574 587 2731 644 ΜΨ

1616 650 1728 689 super
1744 639 1888 678 Ioum*
1890 669 1899 687 ,
1908 641 2094 690 paullatim
2106 651 2168 679 eos
2181 643 2219 678 in
2228 641 2524 703 philosophicum
2531 639 2739 708 &5ng

1617 692 1804 739 inducens,
1824 693 1978 730 ostendit
2003 694 2182 743 quoniam
2198 704 2316 744 neque
2331 705 2411 732 vox
2431 695 2532 732 drea

1618 750 1668 782 est
1693 756 1811 795 neque
1835 747 1984 795 spectes,
2009 746 2075 783 sed
2089 747 2261 796 superior·
2285 752 2320 783 et
2325 748 2473 799 figuris
2496 750 2563 784 est
2574 746 2676 786 efflo-

1618 797 1731 847 qualis
1757 798 1899 835 talibus.
1928 798 1977 835 Et
2003 797 2099 835 sicut
2131 798 2386 846 cotumbmn,
2399 806 2440 837 et
2458 798 2579 837 eiam
2593 798 2694 839 Me

1617 860 1776 887 matiam
1794 857 1972 888 naturam
1999 862 2023 888 a
2051 850 2202 888 Cim-isto
2226 857 2481 902 assumptam,
2488 856 2595 890 totth

1617 902 1713 940 nitas
1741 910 1900 963 operata
1931 910 1998 947 est,
2012 903 2078 940 413
2102 903 2216 941 etiam
2251 903 2535 943 formationem
2546 914 2600 942 vo

1617 955 1685 994 sed
1711 962 1842 993 tamen
1869 955 1911 993 in
1926 966 2024 993 voce
2047 956 2261 1000 declaremr
2286 957 2391 994 sotus
2416 957 2538 994 Pavet*
2552 963 2597 995 ut

1617 1015 1751 1057 quens,
1771 1007 1870 1045 sicut
1894 1015 2073 1046 naturum
2100 1009 2314 1046 humanam
2341 1010 2451 1047 solus
2472 1008 2597 1050 Bitiam

1616 1060 1790 1110 sumpsit,
1810 1067 1847 1098 et
1865 1060 1964 1098 sieut
1978 1060 2018 1098 in
2036 1061 2222 1099 columba
2236 1059 2250 1084 ⁸
2277 1062 2395 1099 solus
2394 1061 2600 1113 Spini'ms.

1616 1121 1698 1150 etus
1718 1113 2002 1151 demonstratus
2018 1121 2092 1160 est;
2109 1121 2153 1151 ut
2169 1121 2273 1164 patet
2289 1125 2360 1164 per
2417 1132 2453 1159 .;
2470 1129 2499 1147 ³<
2522 1113 2531 1123 ’
2564 1118 2570 1122 “
2588 1119 2597 1159 ζ

1616 1166 1657 1203 in
1682 1165 1779 1203 libro
1806 1166 1853 1204 de
1878 1166 1972 1204 Fide
1997 1166 2049 1207 ad
2071 1166 2288 1204 Petrum*.
2512 1172 2595 1215 *73¹³

1668 1220 1727 1256 An
1744 1230 1903 1257 Tem-mu
1921 1230 2103 1257 mcENDUM
2117 1220 2224 1269 quod
2240 1218 2422 1267 divinitas
2439 1184 2548 1258 Chri

1616 1271 1748 1309 debuit
1767 1271 1950 1309 omnibus
1977 1271 2017 1309 in
2035 1271 2118 1310 eius
2136 1271 2329 1310 nativitate
2347 1272 2525 1318 mamiie·

1615 1324 1737 1373 magis
1757 1323 1965 1362 occultari
1955 1336 1997 1362 m
2012 1324 2223 1362 defectibus
2240 1324 2416 1363 infantilis
2435 1289 2597 1373 aetatu!
2682 1324 2717 1363 '55⁴2

1616 1377 1773 1427 quando
1802 1377 1880 1414 iam
1913 1377 2089 1428 pervenit
2114 1378 2165 1416 ad
2195 1378 2402 1428 perfectam
2434 1368 2683 1430 aemffl&

1615 1441 1694 1479 qua
1721 1430 1922 1479 oportebat
1948 1442 2041 1468 eum
2059 1431 2202 1468 docere
2227 1438 2264 1468 et
2290 1430 2475 1469 miracula
2499 1424 2625 1471 ωε

1616 1482 1795 1520 homines
1813 1483 1862 1520 ad
1890 1495 1931 1521 se
1949 1491 2183 1531 convertere,
2202 1491 2296 1521 tunc
2313 1482 2533 1523 testimonio
2564 1523 2567 1525 ,
2589 1482 2594 1488 ‘

1616 1543 1696 1573 erat
1722 1535 1804 1573 eius
1831 1535 2008 1574 divinitas
2040 1536 2244 1574 indicanda
2261 1541 2293 1583 ¹⁹,
2322 1545 2366 1574 ut
2392 1536 2476 1574 eius
2512 1555 2521 1567 ·

1616 1588 1831 1626 credibilior
1856 1588 1976 1626 fieret.
2014 1589 2128 1627 Unde
2155 1597 2192 1626 et
2219 1589 2300 1651 ipse
2326 1588 2451 1638 dicit,
2459 1586 2584 1670 10615

1621 1642 1697 1684 Qui
1721 1642 1819 1679 misit
1844 1654 1905 1679 me
1929 1643 2055 1689 Pater,
2073 1644 2151 1692 ipse
2174 1643 2420 1680 testimonium
2474 1652 2475 1655 ’

1615 1706 1686 1732 me.
1723 1695 1772 1732 Et
1807 1695 1884 1732 hoc
1909 1694 2116 1744 praecipue
2144 1695 2187 1732 in
2211 1695 2426 1745 baptisma,
2445 1688 2573 1770 pdsif

1615 1746 1794 1784 homines
1813 1754 2064 1785 renascuntur
2082 1747 2122 1785 in
2139 1747 2240 1786 filios
2257 1748 2331 1786 Dei
2359 1746 2546 1798 adop?

1615 1799 1719 1837 enim
1739 1799 1751 1826 t
1774 1800 1846 1838 Dei
1865 1800 2036 1851 adoptivi
2058 1800 2306 1839 instituuntur
2323 1801 2372 1839 ad
2391 1798 2531 1839 sirnili

1615 1852 1699 1890 Filii
1726 1853 1917 1901 naturalis,
1937 1854 2155 1892 secundum
2171 1853 2265 1892 illud
2291 1855 2403 1898 Rom.
2422 1853 2570 1903 νιιιῆηι

1610 1907 1829 1955 praescivit,
1858 1907 1937 1943 hos
1960 1912 1995 1944 et
2023 1906 2311 1956 praedestinavit
2345 1904 2589 1964 contium
2678 1955 2703 1958 y,

1617 1959 1792 2008 imaginis
1827 1959 1916 1996 Filii
1954 1960 2022 1996 sui.
2063 1959 2176 1996 Unde
2212 1958 2380 1996 Hilarius
2420 1958 2531 2004 dicit,
2542 1957 2726 2011 *ΞΜ

1615 2012 1750 2048 Matth.
1770 2010 1801 2057 *,
1822 2011 1929 2060 quod
1957 2022 2074 2061 super
2099 2013 2224 2050 Iesum
2253 2011 2487 2062 baptizatum
2516 2011 2678 2050 ssesoefi-

1617 2063 1671 2100 dit
1699 2063 1861 2113 Spiritus
1890 2065 2064 2111 Sanctus,
2084 2072 2120 2102 et
2146 2077 2224 2102 vox
2249 2065 2370 2102 Patris
2393 2064 2525 2117 audita
2543 2072 2639 2114 est
2661 2084 2679 2095 ·
2654 2093 2714 2122 *J-

1617 2115 1745 2163 cenfis,
1778 2131 1798 2151 ⁴<
1819 2116 1894 2154 Hic
1912 2125 1968 2154 est
1981 2116 2100 2154 Filius
2126 2129 2239 2155 meus
2257 2117 2416 2156 dilectus
2437 2132 2486 2165 »‚
2492 2116 2547 2174 Ἀ
2550 2128 2610 2165 fl
2622 2131 2637 2146 ’ν
2654 2107 2707 2167 ξζ·

1617 2181 1712 2218 quae
1747 2172 2104 2207 consummabantur
2128 2175 2148 2198 '³
2175 2172 2213 2207 in
2252 2171 2552 2217 christae-051·
2590 2195 2595 2199 ›-

1616 2233 1709 2268 mus,
1723 2228 1810 2272 post
1836 2234 1957 2272 aquae
1982 2223 2194 2270 lavacrum,
2221 2228 2255 2260 et
2281 2223 2327 2260 de
2353 2222 2586 2271 caelestini>

1615 2276 1710 2312 tibus
1736 2275 1912 2312 Sanctum
1940 2277 1977 2313 in
2006 2287 2074 2313 nos
2101 2277 2278 2326 Spiritum
2305 2277 2470 2324 avolare,
2484 2266 2537 2340 ’ξᾴ

1616 2339 1688 2365 nae
1713 2329 1813 2365 vocis
1839 2328 2036 2378 adoptione
2062 2329 2138 2366 Dei
2149 2329 2269 2377 filios
2273 2329 2377 2380 fieri.
2457 2333 2475 2338 ”

1670 2510 1693 2546 ε)
1713 2513 1866 2538 indicanda.
1883 2513 2120 2547 —manisestanda
2137 2512 2210 2538 tertia
2227 2518 2330 2561 praeter
2347 2513 2366 2540 1.

1670 2547 1696 2581 ζ)
1714 2548 1793 2574 enim.
1811 2551 1937 2574 -autem
1955 2553 2058 2574 omnes.
2552 2553 2562 2581 ξ
2583 2556 2585 2558 ·
2687 2551 2696 2568 'v

1668 2583 1696 2617 η)
1714 2584 1978 2609 consummabantur.
1999 2597 2020 2603 ·-
2043 2583 2271 2610 &rimabantur
2295 2584 2369 2616 BEF,
2393 2591 2424 2610 co
2456 2591 2458 2593 ·
2511 2599 2513 2602 .
2571 2589 2573 2593 ⁴
2634 2611 2638 2615 ,
2683 2583 2686 2588 “

1614 2620 1838 2644 consumebantur
1863 2619 1895 2646 H.
1921 2619 1971 2645 Pr'o
1991 2617 2126 2652 partibus,
2146 2619 2236 2652 portis
2260 2619 2291 2645 Ρ.
2313 2620 2365 2646 Pro
2388 2621 2451 2647 avo!
2509 2618 2642 2653 ΞΜ·
2686 2631 2687 2638 ¹

1615 2655 1736 2680 involare
1755 2655 1792 2681 ΡΙ,
2625 2662 2630 2668 “
2664 2665 2666 2667 ’

1612 2866 1682 2906 plar
1704 2867 1813 2896 nostri.
1837 2884 1859 2889 -
1881 2866 1987 2897 Prima
2009 2867 2240 2907 consequentia
2268 2867 2431 2908 probatur.
2461 2865 2549 2906 Quia

1613 2910 1789 2950 baptismus
1811 2916 2016 2942 consecratur
2037 2911 2071 2942 in
2093 2911 2299 2942 invocatione
2318 2916 2350 2942 et
2363 2911 2480 2943 virtute
2501 2909 2593 2943 T...»

1614 2954 1725 2984 Matth.
1750 2954 1808 2985 ult.
1830 2973 1854 2977 -
1877 2954 2024 2986 Secunda
2046 2964 2123 2986 vero
2147 2955 2377 2996 consequentia
2398 2954 2562 2996 probatur.

1614 3007 1753 3038 persona
1785 2998 1858 3029 Filii
1892 2999 2088 3039 baptizatur,
2126 2998 2263 3039 Spiritus
2292 2999 2429 3031 Sanctus
2456 2999 2491 3030 in
2530 3013 2558 3024 -·
2575 3012 2591 3024 =·

1615 3041 1794 3073 descendit:
1824 3043 1961 3073 restabat
1988 3052 2064 3084 ergo
2088 3052 2225 3083 persona
2247 3042 2347 3074 Patris
2369 3040 2625 3075 manifestanda*

1615 3087 1787 3127 apponitur
1810 3087 1862 3117 hic
1885 3087 2054 3118 auctoritas
2077 3087 2278 3128 Hieronymi.
