2872 3970
217 657 228 668 ·
241 654 308 676 Vere.
326 659 360 680 ¹4-

238 2687 249 2697 ·
263 2685 297 2707 11⁸
311 2685 364 2709 11⁸⁰.
380 2691 416 2712 qu.
433 2691 448 2709 ι,

239 2716 318 2763 ἱῑὲᾗέῑ.
327 2711 450 2766 sima?

241 2902 251 2913 ⁸
265 2902 332 2924 Ven-
346 2908 366 2928 ²,
380 2908 400 2930 3.

246 3270 256 3278 ⁸
267 3269 304 3290 Ρη.
313 3274 358 3294 nix,
368 3274 426 3290 veru.
433 3275 455 3294 ⁴-

248 3426 258 3437 ⁸
272 3426 356 3451 Art-4,
368 3425 397 3446 nd
412 3431 430 3453 3.

453 303 527 339 262

457 381 606 418 claritas
620 380 695 416 Dei
712 379 894 415 illuminat
913 377 1027 423 illam,
1044 373 1207 412 scilicet(
1226 372 1417 410 civitatem
1437 381 1521 407 san-

458 441 621 478 ctorum,
642 438 675 469 et
703 432 855 468 lucerna
884 431 960 466 eius
988 434 1039 465 est
1065 429 1209 477 Agnus.
1413 475 1420 482 Ι

511 487 568 522 An
597 496 787 522 SECUNDUM
823 494 1005 520 mci-:rmum
1042 480 1167 530 quod,
1201 478 1287 515 licet
1322 487 1450 526 passm
1487 482 1524 511 et

458 550 563 576 mors
599 537 739 575 Christi
767 537 815 574 de
843 543 968 573 cetero
997 546 1077 571 non
1105 532 1151 569 sit
1178 530 1367 574 iteranda,
1393 537 1524 587 tamen

458 591 579 629 virtus
598 590 696 628 illius
711 589 857 627 hostiae
873 594 891 616 η
905 593 1106 637 permanet
1124 585 1164 622 in
1183 591 1398 621 aeternum:
1420 593 1523 630 qula,

458 652 502 682 ut
520 643 658 682 dicitur
675 644 774 680 Heh.
795 655 819 679 x
837 641 868 687 ²¹²,
889 653 965 678 una
987 639 1171 677 oblatione
1198 636 1468 674 consummavit
1487 635 1524 670 in

459 704 652 735 aeternum
686 697 943 743 sanctificatos.
972 715 998 720 —
1026 693 1100 729 Per
1134 690 1238 739 quod
1281 688 1394 726 etiam
1424 693 1527 737 patet

460 749 659 800 responsio
688 749 737 786 ad
764 747 918 785 tertium
937 744 961 783 ⁰.

512 873 526 902 ζ
558 873 641 900 illam,
660 871 767 897 scilicet.
786 883 806 888 -
823 869 856 900 Ρ;
878 869 950 894 illam
970 873 1054 892 cetera
1073 867 1155 898 tertia,
1173 867 1274 892 scilicet
1293 866 1366 891 illam
1386 863 1473 890 ceteri.

512 917 527 940 η
561 907 670 932 hostiae.
688 921 708 925 —
725 906 804 931 semel
823 905 929 929 oblatae
946 903 1045 928 addunt
1064 903 1084 927 E
1105 907 1130 927 et
1148 903 1230 928 tertia.

510 941 535 977 θ)
555 943 608 968 Per
625 942 723 974 quod...
737 940 855 966 tertium.
867 954 887 959 —
899 939 961 964 Om.
974 938 1008 963 Gl
1028 937 1072 972 (cf.
1087 938 1114 972 ι),
1128 945 1208 971 supra
1227 941 1286 962 ante
1300 936 1363 970 quia
1378 939 1408 962 ut
1426 937 1526 964 dicitur

458 983 559 1012 ponunt
578 978 712 1002 editiones.

1143 293 1407 343 QUAESTIO
1437 292 1556 338 XXII,
1585 289 1879 328 ARTICULUS
1905 289 1956 326 VI

1628 367 1761 406 Unitas
1789 375 1920 405 autern
1957 367 2074 404 huius
2102 365 2304 404 oblationis
2338 365 2574 415 figurabatur
2600 364 2640 402 in

1577 422 1658 470 lege
1686 433 1756 470 per
1782 421 1858 458 hoc
1886 420 1993 470 quod
2021 421 2141 457 semel
2168 419 2208 456 in
2236 431 2339 456 anno
2363 419 2490 468 legalis
2516 418 2641 468 ponti-

1577 474 1636 511 fex
1665 486 1758 511 cum
1786 473 1949 511 solemni
1976 473 2170 510 oblatione
2193 471 2387 520 sanguinis
2414 471 2576 510 intrabat
2602 470 2642 508 in

1579 534 1719 572 sancta,
1739 533 1782 563 ut
1809 525 1947 563 dicitur
1973 527 2087 564 Levit.
2107 537 2166 563 xw
2190 525 2221 562 *.
2261 524 2339 562 Sed
2370 523 2573 562 deficiebat
2597 520 2643 561 fi·
2669 530 2680 543 ·

1579 591 1674 628 gura
1701 591 1724 616 a
1749 578 1906 616 veritate
1926 578 1966 616 in
1993 579 2081 625 hoc,
2102 578 2209 627 quod
2237 577 2299 615 illa
2318 577 2442 615 hostia
2469 587 2550 614 non
2577 577 2644 614 ha-

1579 632 1694 670 bebat
1722 631 1996 681 sempiternam
2029 631 2232 678 virtutem,
2262 637 2298 668 et
2330 629 2417 668 ideo
2445 629 2644 668 annuatim

1580 685 1664 722 illae
1692 684 1839 722 hostiae
1867 683 2142 722 reiterabantur
2160 689 2180 721 ².

1632 860 1651 894 ι)
1671 860 1880 886 reiterabantur.
1892 874 1912 879 —
1923 859 1968 886 Ad
1981 859 2090 886 tertium
2105 858 2247 885 dicendum
2261 858 2332 892 quod
2344 857 2414 884 addit
2425 858 2436 884 1
2448 862 2474 884 et
2485 858 2551 883 duas
2565 856 2647 884 lineas

1578 895 1650 922 albae
1670 895 1801 929 relinquit.

1136 1053 1472 1086 Commentariis
1493 1054 1750 1088 Oardinalis
1771 1055 1974 1088 Caietani

519 1147 626 1168 nunus
651 1137 752 1167 clarus
783 1139 839 1165 est.
858 1153 882 1158 -
913 1134 949 1164 In
976 1143 1111 1174 corpore
1141 1134 1236 1164 unica
1264 1139 1310 1164 est
1340 1134 1525 1165 conclusio:

461 1149 743 1212 TSacerdotium
769 1179 889 1209 Christi
916 1183 963 1209 est
991 1182 1159 1208 aeternum
1188 1177 1297 1219 quoad
1323 1187 1526 1209 consumma-

461 1227 590 1257 tionem.
614 1225 822 1255 Declarantur
841 1223 947 1263 primo
971 1222 1108 1258 termini,
1126 1221 1351 1262 distinguendo
1369 1223 1403 1253 in
1427 1233 1529 1254 sacer-

460 1270 544 1301 dotis
560 1269 667 1300 officio
684 1268 766 1299 duo:
792 1267 912 1298 scilicet
934 1266 1142 1302 oblationem,
1156 1271 1187 1297 et
1203 1267 1527 1299 consummationem.

515 1315 671 1344 Probatur
694 1311 820 1343 deinde.
848 1311 934 1350 Quia
957 1311 1194 1342 consummatio
1218 1310 1386 1342 sacerdotii
1410 1311 1528 1343 Christi

461 1359 605 1390 consistit
627 1359 660 1388 in
676 1357 769 1387 bonis
788 1356 932 1386 aeternis
948 1373 972 1377 —-
985 1355 1143 1385 Probatur
1158 1355 1345 1386 auctoritate
1360 1356 1527 1397 Apostoli:

464 1404 612 1434 Christus
629 1401 783 1443 pontifex
797 1401 996 1442 futurorum
1019 1399 1189 1430 bonorum.

518 1446 800 1485 Manifestaturque
825 1444 957 1475 demum
975 1444 1044 1484 ipsa
1059 1444 1226 1474 conclusio
1251 1453 1289 1474 ex
1304 1443 1406 1484 figura
1420 1444 1529 1485 legalis

463 1491 643 1522 sacerdotis.
674 1490 720 1520 Ita
742 1488 832 1530 quod
862 1489 1010 1519 introitus
1036 1487 1198 1528 pontificis
1221 1488 1345 1528 legalis,
1375 1489 1475 1519 semel
1497 1490 1530 1520 in

463 1546 560 1572 anno,
584 1536 617 1565 in
641 1539 748 1565 sancta
771 1538 972 1568 sanctorum,
1002 1541 1077 1563 cum
1107 1533 1262 1572 sanguine
1288 1533 1530 1564 immolatorum

1581 1141 1683 1172 extra,
1707 1141 1754 1166 est
1776 1134 1878 1176 figura
1901 1135 2188 1166 consummationis
2218 1133 2386 1166 sacerdotii
2408 1133 2543 1166 Christi:
2574 1135 2650 1176 quia

1575 1180 1731 1222 pontifex
1754 1180 1787 1210 in
1810 1185 1923 1210 sancta
1946 1184 2134 1211 sanctorum
2157 1178 2315 1220 significat
2338 1178 2503 1210 Christum
2524 1183 2648 1217 tomm,

1580 1225 1644 1254 hoc
1668 1229 1716 1255 est
1738 1225 1772 1254 in
1795 1233 1828 1255 se
1852 1229 1883 1255 et
1905 1224 2067 1261 membris,
2091 1224 2262 1255 intrantem
2285 1223 2319 1254 in
2342 1223 2468 1254 caelum
2490 1228 2650 1263 secretum

1582 1273 1786 1300 aeternorum
1810 1269 1991 1305 bonorum;
2023 1268 2100 1308 quia
2127 1277 2199 1299 cum
2221 1267 2383 1310 sanguine
2409 1267 2650 1301 immolatorum

1580 1317 1674 1343 extra
1698 1311 1854 1353 significat
1873 1312 2010 1344 modum
2033 1321 2100 1353 quo
2124 1311 2270 1343 Christus
2284 1317 2372 1342 totus
2388 1311 2495 1342 caelos
2509 1312 2649 1351 iamavit,

1582 1357 1703 1388 scilicet
1725 1366 1783 1397 per
1805 1357 1995 1397 sanguinem
2019 1366 2135 1393 suum,
2159 1365 2259 1397 quem
2282 1355 2394 1387 effudit
2417 1361 2503 1387 extra
2525 1355 2650 1393 caelos,

1582 1400 1782 1432 immolando
1799 1402 1941 1442 seipsum
1960 1402 1995 1432 in
2015 1406 2114 1438 terra;
2139 1401 2214 1441 quia
2229 1401 2327 1432 semel
2349 1401 2382 1431 in
2403 1410 2502 1437 anno,
2517 1400 2583 1441 hoc
2604 1405 2652 1432 eet

1582 1446 1708 1486 integro
1731 1455 1828 1476 cursu
1851 1445 1937 1482 solis,
1961 1444 2118 1486 significat
2140 1445 2295 1476 unitatem
2318 1443 2463 1476 sacrificii
2482 1444 2600 1477 Christi
2616 1444 2651 1476 in

1583 1489 1726 1530 perfecto
1751 1499 1847 1520 cursu
1862 1489 1949 1520 Solis
1964 1489 2112 1520 Iustitiae
2127 1490 2154 1526 *,
2170 1490 2234 1520 hoc
2257 1494 2304 1520 est
2319 1489 2354 1520 in
2374 1494 2550 1527 aeternum,
2566 1493 2603 1521 ut
2617 1489 2652 1521 in
2677 1482 2689 1494 ⁸

1583 1534 1794 1574 responsione
1818 1533 1858 1564 ad
1881 1534 2008 1564 tertium
2034 1533 2149 1564 dicitur
2163 1534 2190 1564 *.

1278 1676 1597 1735 ARTICULUS
1628 1677 1837 1721 SEXTUS

693 1780 850 1812 UTRUM
874 1777 1189 1809 SACERDOTIUM
1213 1776 1386 1808 CHRISTI
1410 1778 1570 1809 FUERIT
1594 1778 1836 1812 SECUNDUM
1859 1780 2059 1811 ORDINEM
2083 1779 2427 1812 MELCHISEDECH

823 1857 898 1888 Infra,
918 1864 962 1889 qu.
980 1863 1030 1887 in,
1050 1861 1097 1880 art.
1118 1855 1140 1885 3,
1160 1855 1192 1880 ad
1213 1855 1244 1887 3;
1264 1855 1299 1880 1v
1318 1855 1401 1885 Sent„
1420 1857 1478 1882 dist.
1498 1865 1553 1889 vin,
1573 1865 1617 1890 qu.
1636 1865 1654 1888 ι,
1673 1863 1719 1883 ert.
1740 1865 1764 1890 2,
1784 1859 1833 1891 qu·
1853 1858 1883 1890 3;
1901 1859 1946 1884 Ad
1964 1859 2045 1890 Heb.‚
2065 1867 2121 1892 cap.
2139 1866 2185 1890 vu,
2204 1859 2262 1885 lect.
2280 1866 2299 1885 1.

601 1968 633 1984 s
682 1954 702 1978 ι)
731 1950 873 1977 SEXTUM
901 1949 952 1974 sm
981 1948 1216 1973 PROCEDITUR.
1237 1936 1399 1974 Videtur
1426 1936 1533 1986 quod

502 1990 547 2030 ,Ψ
590 1985 658 2032 ’Ἇῖ
682 1991 938 2031 sacerdotium
967 1988 1107 2027 Christi
1139 2001 1219 2026 non
1253 1990 1364 2027 suerit
1399 2002 1534 2027 secun—

490 2041 510 2060 *
547 2067 604 2091 γ»
620 2035 778 2093 ‘fidum
806 2044 982 2082 ordinem
1018 2042 1315 2079 Melchisedech.
1361 2043 1535 2081 Christus

529 2080 627 2140 «ξ’ἒὲῇ)
641 2096 787 2141 &enim
807 2106 861 2135 est
878 2098 964 2134 fons
982 2096 1097 2132 totius
1117 2095 1328 2142 sacerdotii,
1349 2103 1535 2145 tanquam

471 2154 689 2206 principalis
717 2151 920 2191 sacerdos„
950 2149 1026 2186 Sed
1054 2148 1146 2186 illud
1176 2149 1371 2197 quod'est
1397 2149 1536 2198 princi-

472 2211 569 2260 pale,
599 2219 679 2244 non
707 2205 879 2254 sequitur
906 2202 1084 2240 ordinem
1119 2201 1284 2238 aliorum
1303 2207 1339 2248 ²,
1369 2203 1435 2239 sed
1465 2203 1537 2240 alia

473 2269 689 2312 sequuntur
716 2258 894 2296 ordinem
930 2255 1061 2304 ipsius.
1105 2255 1206 2302 Ergo
1245 2255 1420 2292 Christus
1456 2267 1537 2293 non

474 2317 587 2353 debet
615 2313 689 2351 dici
717 2311 894 2349 sacerdos
922 2308 1139 2345 secundum
1167 2307 1345 2345 ordinem
1379 2309 1538 2346 Melchi-

474 2369 626 2406 sedech.

528 2434 562 2458 2.
589 2422 820 2461 PRAETEREA,
842 2414 1098 2454 sacerdotium
1116 2413 1254 2451 veteris
1273 2414 1364 2462 legis
1382 2415 1538 2464 propin-

474 2475 589 2525 quius
616 2473 685 2510 fuit
713 2469 924 2508 sacerdotio
962 2466 1100 2505 Christi
1128 2479 1247 2516 quam
1283 2468 1539 2506 sacerdotium

475 2527 581 2578 quod
608 2526 677 2563 fuit
704 2532 791 2562 ante
820 2525 954 2571 legem.
986 2521 1062 2558 Sed
1089 2528 1326 2557 sacramenta
1353 2529 1457 2558 tanto
1477 2535 1539 2559 ex-

474 2580 642 2631 pressius
670 2577 933 2626 significabant
965 2574 1181 2620 Christum,
1212 2581 1357 2622 quanto
1385 2576 1540 2625 propin-

475 2634 612 2683 quiora
638 2633 793 2669 fuerunt
821 2628 992 2666 Christo:
1023 2635 1065 2663 ut
1092 2634 1194 2676 patet
1220 2639 1266 2664 ex
1294 2627 1353 2664 his
1382 2641 1481 2677 quae
1501 2628 1541 2665 in

477 2686 656 2725 Secunda
690 2686 800 2721 Parte
825 2682 844 2704 ’¹‘
872 2681 972 2718 dicta
1000 2687 1098 2717 sunt.
1142 2681 1244 2728 Ergo
1282 2682 1541 2719 sacerdotium

478 2739 617 2778 Christi
645 2737 764 2785 magis
784 2736 897 2772 debet
925 2733 1166 2771 denominari
1186 2734 1403 2771 secundum
1422 2747 1541 2772 sacer-

477 2793 626 2830 dotium
646 2792 762 2838 legale
783 2800 902 2838 quam
931 2787 1148 2823 secundum
1173 2787 1430 2825 sacerdotium
1449 2790 1542 2826 Mel-

478 2845 694 2889 chisedech,
715 2842 821 2892 quod
849 2840 918 2877 fuit
945 2847 1031 2877 ante
1059 2841 1194 2887 legem.

534 2899 567 2935 3.
597 2899 828 2939 PRAETEREA,
848 2895 947 2931 Heb.
967 2905 1013 2930 vn
1031 2892 1052 2914 ²⁸
1070 2892 1227 2929 dicitur:
1264 2894 1374 2936 Quod
1397 2900 1448 2931 est
1472 2907 1544 2932 rex

474 2954 602 3002 pacis;
636 2952 715 2987 sine
741 2954 871 2998 patre,
898 2948 977 2983 sine
1011 2951 1151 2992 matre,
1180 2947 1260 2982 sine
1294 2948 1543 2998 genealogia;

481 3016 598 3054 neque
625 3004 766 3040 initium
795 3001 938 3038 dierum
972 3011 1089 3048 neque
1105 3000 1229 3047 finem
1261 3001 1358 3037 vitae
1383 3002 1544 3039 habens:

481 3069 580 3106 quae
615 3055 774 3105 quidem
808 3051 1044 3091 conveniunt
1079 3051 1147 3088 soli
1182 3051 1278 3088 Filio
1313 3053 1397 3090 Dei.
1441 3055 1542 3103 Ergo

482 3122 560 3146 non
589 3109 701 3146 debet
728 3107 802 3144 dici
831 3106 1004 3144 Christus
1032 3104 1210 3142 sacerdos
1238 3107 1455 3144 secundum
1483 3120 1543 3145 or-

483 3163 614 3199 dinem
633 3159 928 3202 Melchisedech,
944 3166 1130 3206 tanquam
1149 3157 1351 3196 cuiusdam
1371 3160 1541 3198 alterius:

484 3215 549 3251 sed
579 3213 794 3250 secundum
822 3211 999 3247 ordinem
1027 3209 1086 3246 sui
1114 3210 1244 3259 ipsius.

538 3267 611 3303 SED
640 3276 783 3302 CONTRA
802 3275 867 3300 as’r
887 3262 992 3311 quod
1012 3262 1149 3299 dicitur
1176 3262 1214 3299 in
1241 3265 1395 3303 Psalmo
1414 3266 1453 3304 *ε
1487 3269 1544 3305 Tu

484 3331 521 3355 es
547 3318 719 3356 sacerdos
747 3318 784 3353 in
813 3321 1004 3353 aeternum
1029 3315 1229 3352 secundum
1253 3318 1422 3356 ordinem
1445 3321 1544 3358 Mel-

484 3372 682 3408 chisedech.

538 3425 760 3461 Respounsso
779 3431 959 3458 monimum
979 3419 1097 3467 quod,
1117 3418 1212 3456 sicut
1231 3433 1347 3470 supra
1360 3423 1380 3445 ‘¹‘
1399 3425 1543 3463 dictum

488 3483 553 3516 est,
574 3477 689 3523 legale
709 3472 964 3511 sacerdotium
983 3470 1051 3507 suit
1076 3470 1199 3518 figura
1217 3475 1414 3513 sacerdotii
1436 3478 1544 3515 Chri-

543 3604 570 3637 α)
591 3605 714 3630 aliorum.
733 3619 751 3623 -
769 3605 880 3630 alterius
899 3605 1035 3630 editiones.

1587 1938 1644 1985 sti,
1665 1951 1746 1976 non
1774 1939 1934 1988 quidem
1962 1939 2072 1988 quasi
2100 1940 2322 1989 adaequans
2349 1938 2560 1987 veritatem,
2586 1940 2656 1978 sed

1587 1993 1756 2029 multum
1784 1992 1832 2029 ab
1861 2004 1906 2029 ea
1933 1992 2137 2030 deficiens:
2167 2000 2252 2030 tum
2278 1991 2370 2042 quia
2397 1993 2655 2031 sacerdotium

1587 2047 1705 2094 legale
1733 2058 1815 2082 non
1842 2045 2058 2083 mundabat
2090 2053 2266 2095 peccata;
2301 2052 2386 2082 tum
2414 2045 2530 2084 etiam
2562 2046 2656 2096 quia

1589 2111 1669 2135 non
1707 2107 1786 2135 erat
1823 2106 2044 2145 aeternum,
2075 2098 2171 2135 sicut
2208 2098 2465 2136 sacerdotium
2502 2099 2654 2138 Christi.

1589 2153 1675 2200 Ipsa
1702 2159 1833 2188 autem
1868 2151 2088 2188 excellentia
2115 2151 2315 2188 sacerdotii
2353 2151 2495 2189 Christi
2521 2153 2570 2190 ad
2597 2165 2656 2191 sa-

1590 2204 1805 2241 cerdotium
1839 2204 2057 2241 Leviticum
2084 2204 2154 2241 fuit
2186 2203 2350 2252 figurata
2376 2204 2416 2241 in
2444 2205 2657 2245 sacerdotio

1590 2257 1889 2303 Melchisedech,
1905 2257 1972 2306 qui
1991 2257 2040 2294 ab
2055 2257 2254 2294 Abraham
2268 2257 2437 2295 decimas
2451 2258 2616 2310 sumpsit
2623 2258 2657 2307 ⁴,
2683 2263 2695 2276 ⁸

1591 2311 1631 2348 in
1651 2310 1761 2348 cuius
1780 2310 1922 2347 lumbis
1949 2310 2162 2348 decimatus
2189 2318 2244 2348 est
2262 2310 2559 2360 quodammodo
2571 2312 2658 2363 ipse

1592 2364 1770 2401 sacerdos
1799 2363 1925 2412 legalis
1943 2363 1974 2400 *.
2018 2364 2067 2401 Et
2102 2363 2191 2400 ideo
2224 2363 2482 2402 sacerdotium
2510 2365 2658 2404 'Chnsfi
2683 2372 2696 2385 ⁸

1593 2417 1731 2454 dicitur
1749 2429 1831 2454 esse
1849 2417 2052 2454 secundum
2078 2417 2246 2454 ordinem
2263 2417 2550 2465 Melchisedech,
2565 2422 2657 2468 prn-

1593 2478 1676 2520 pter
1703 2470 1966 2507 excellentiam
1992 2469 2074 2507 veri
2101 2469 2302 2507 sacerdotii
2329 2469 2379 2507 ad
2413 2469 2658 2518 figuralem-

1594 2524 1810 2561 cerdotium
1837 2523 1939 2572 legis.
2561 2540 2564 2541 ⁷

1647 2578 1704 2614 An
1733 2589 1868 2614 ptumum
1897 2588 1995 2614 ERGO
2023 2588 2205 2622 monimum
2237 2576 2344 2625 quod
2373 2576 2549 2615 Christus
2578 2589 2660 2617 nun

1595 2629 1732 2667 dicitur
1775 2642 1857 2667 esse
1901 2629 2118 2666 secundum
2154 2629 2332 2666 ordinem
2375 2622 2681 2670 Melchisedech.
2727 2654 2759 2668 22,
2838 2635 2840 2638 ’

1595 2683 1705 2733 quasi
1732 2682 2008 2732 principalioris
2036 2682 2262 2720 sacerdotis:
2291 2683 2359 2720 sed
2385 2683 2496 2732 quasi
2521 2683 2660 2734 praefi—

1595 2736 1764 2785 gurantis
1792 2735 2054 2773 excellentiam
2074 2735 2275 2773 sacerdotii
2304 2735 2444 2774 Christi
2461 2737 2511 2775 ad
2537 2749 2660 2776 sacer-

1596 2789 1747 2827 dotium
1775 2788 2004 2826 Leviticum.

1649 2844 1707 2879 An
1726 2854 1916 2880 SECUNDUM
1935 2854 2115 2880 met-:unum
2135 2843 2243 2892 quod
2261 2842 2301 2879 in
2320 2842 2532 2881 sacerdotio
2551 2842 2661 2882 Chri-

1597 2895 1642 2933 sti
1669 2895 1749 2932 duo
1777 2903 1940 2945 possunt
1966 2895 2220 2933 considerari:
2249 2895 2390 2933 scilicet
2407 2895 2492 2946 ipsa
2517 2895 2661 2935 oblatio

1598 2948 1750 2994 Christi,
1771 2956 1807 2985 et
1834 2948 2070 2998 participatio
2099 2948 2192 2986 eius.
2223 2949 2426 2996 Quantum
2453 2956 2585 2988 autem
2610 2949 2662 2987 ad

1597 3002 1722 3052 ipsam
1750 3001 1997 3047 oblationem,
2025 3002 2240 3051 expressius
2267 3001 2456 3051 figurabat
2488 3002 2662 3040 sacerdo-

1597 3055 1695 3092 tium
1733 3054 1872 3092 Christi
1909 3054 2167 3092 sacerdotium
2203 3056 2322 3104 legale
2358 3066 2429 3105 per
2466 3054 2662 3104 sanguinis

1598 3107 1842 3153 effusionem,
1863 3120 1983 3157 quam
2011 3107 2268 3145 sacerdotium
2294 3107 2592 3155 Melchisedech,
2620 3108 2662 3146 in

1598 3174 1678 3211 quo
1707 3160 1860 3209 sanguis
1887 3173 1968 3198 non
1987 3161 2270 3198 effundebatur.
2300 3161 2378 3199 Sed
2404 3168 2598 3213 quantum,
2612 3161 2663 3199 ad

1598 3214 1928 3264 participationem
1955 3214 2072 3252 huius
2091 3213 2266 3252 sacrificii
2292 3221 2331 3251 et
2357 3213 2439 3251 eius
2467 3213 2661 3261 effectum,

1598 3267 1639 3305 in
1667 3279 1746 3317 quo
1765 3267 1971 3316 praecipue
1999 3267 2205 3305 attenditur
2221 3266 2441 3305 excellentia
2462 3266 2663 3305 sacerdotii

1601 3320 1740 3358 Christi
1767 3321 1817 3358 ad
1845 3320 2101 3358 sacerdotium
2129 3321 2258 3369 legale,
2279 3319 2494 3369 expressius
2524 3319 2662 3370 praefi·
2689 3335 2700 3347 ·
2722 3338 2731 3352 e

1598 3374 1806 3422 gurabatur
1832 3385 1902 3423 per
1920 3373 2177 3411 sacerdotium
2203 3372 2501 3419 Melchisedech,
2521 3372 2590 3423 qui
2608 3373 2662 3411 of·

1598 3427 1741 3464 ferebat
1767 3438 1910 3476 panem
1938 3434 1974 3463 et
2006 3425 2143 3464 vinum
2161 3425 2194 3473 ²¹⁸,
2213 3425 2474 3475 significantia,
2499 3434 2542 3464 ut
2574 3425 2665 3464 dicit
2695 3453 2704 3457 .,
2729 3437 2773 3485 >⁸
2826 3423 2839 3440 -”

1599 3479 1836 3528 Augustinus
1854 3479 1885 3526 ⁸¹⁸,
1901 3479 2191 3517 ecclesiasticam
2213 3478 2412 3526 unitatem,
2433 3491 2554 3529 quam
2572 3491 2663 3517 con-

2689 3500 2716 3517 u.
