2872 3970
190 1260 200 1270 ”
215 1259 271 1286 Cap.
285 1264 348 1280 xxxi.

428 285 502 332 548

428 375 477 399 xv
494 361 532 398 *ε
566 360 754 398 Gaudium
781 364 833 395 est
851 363 866 387 ἵ
894 358 1040 408 angelis
1066 358 1141 394 Dei
1165 369 1278 407 super
1311 366 1385 392 uno
1408 366 1496 404 pec·

429 420 555 452 catore
583 413 851 471 poenitentiam
885 416 1032 461 agente.
1079 410 1128 447 Et
1163 409 1278 446 etiarn
1306 414 1497 457 quantum

430 468 479 505 ad
507 477 654 517 poenas
682 463 933 502 accidentales
961 464 1220 508 daemonum,
1251 460 1394 510 quibus
1421 467 1496 497 tor-

430 525 598 569 quentur
615 518 680 555 vel
706 516 780 576 hic,
804 517 867 554 vel
891 512 1173 554 recluduntur⁸
1201 513 1241 551 in
1260 513 1420 550 inferno.
1450 513 1498 550 Et

430 574 507 610 hoc
534 571 650 609 etiam
669 569 831 619 pertinet
850 569 900 606 ad
919 567 1122 606 hominem
1143 566 1352 604 Christum.
1385 565 1498 603 Unde

429 624 551 662 Marci
576 636 585 661 1
607 623 628 646 ’¹'
647 622 794 660 dicitur
820 621 927 672 quod
955 621 1126 658 daemon
1158 618 1360 656 clamavit:
1401 617 1501 660 Quid

430 679 537 715 nobis
551 682 584 714 et
597 677 671 722 tibi,
686 677 772 712 Iesu
787 673 1016 722 Nazarene?
1042 673 1207 710 Venisti‘
1221 671 1384 722 perdere
1402 669 1500 708 nos?

484 729 630 776 Tertio,
651 735 841 778 quantum
869 726 919 764 ad
946 725 1166 775 praemium
1186 724 1384 762 essentiale
1411 723 1498 760 bea-

430 791 558 822 torum
581 780 593 807 t
622 781 860 830 angelorum,
881 779 989 829 quod
1017 786 1073 815 est
1099 776 1297 815 beatitudo
1325 784 1496 814 aeterna:

431 843 468 873 et
502 842 693 884 quantum
728 833 777 870 ad
804 843 975 881 poenam
1010 829 1251 868 essentialem
1285 831 1498 876 malorum,

431 900 531 938 quae
561 894 616 924 est
643 885 840 923 damnatio
869 891 1034 922 aeterna.
1066 883 1144 921 Sed
1171 884 1248 920 hoc
1274 882 1418 919 facturn
1445 889 1500 918 est

430 953 501 991 per
520 939 718 977 Christum
737 937 968 987 inquantum
988 944 1043 974 est
1057 936 1232 974 Verbum
1251 935 1336 983 Dei,
1355 947 1378 972 a
1396 934 1499 985 prin·

431 992 533 1043 cipio
562 991 711 1029 mundi.

485 1047 542 1083 An
572 1057 707 1082 patmum
735 1055 834 1081 ERGO
853 1054 1036 1080 memnon
1062 1041 1171 1092 quod
1198 1041 1293 1080 ratio
1322 1040 1384 1078 illa
1410 1052 1499 1090 pro-

431 1097 531 1136 cedit
557 1098 606 1136 de
644 1095 786 1135 iudicio
821 1103 1014 1146 quantum
1041 1095 1090 1133 ad
1118 1093 1338 1145 praemium
1373 1105 1499 1132 essen-

430 1151 518 1188 tiale
547 1159 583 1188 et
610 1161 781 1200 poenam
808 1148 1072 1199 principalem.

485 1205 542 1241 An
562 1214 751 1241 SECUNDUM
774 1214 957 1240 DICENDUM
983 1201 1104 1251 quod,
1125 1201 1222 1238 sicut
1249 1199 1340 1238 dicit
1367 1201 1499 1248 Augu-

431 1256 564 1304 stinus,
594 1256 634 1294 in
663 1255 760 1294 libro
788 1255 834 1292 de
859 1257 956 1293 Vera
983 1255 1108 1305 Relig.
1127 1254 1160 1302 *,
1189 1253 1275 1291 licet
1300 1253 1500 1303 spiritualis

483 1387 511 1457 ἔξ
524 1391 571 1448 vec-31?
573 1402 626 1453 lit-c,
632 1391 685 1448 evrx
691 1387 875 1448 rgbluduntur.
885 1436 904 1441 -
913 1422 1002 1447 Tertia
1013 1426 1116 1455 praeter
1125 1422 1149 1446 G
1156 1428 1164 1452 ;
1178 1425 1207 1447 ut
1219 1421 1262 1447 hic
1274 1422 1316 1447 ve!
1327 1421 1503 1447 recluduntur

431 1459 530 1489 ABCD,
550 1463 580 1484 ut
604 1459 647 1484 hic
666 1459 707 1484 vel
730 1458 906 1484 recIudantur
925 1458 965 1483 ed.
983 1465 1009 1487 a,
1029 1458 1071 1483 ve!
1093 1457 1135 1482 hic
1160 1457 1335 1482 includuntur
1353 1457 1383 1488 F,
1403 1460 1433 1482 ut
1450 1455 1503 1490 (vel

431 1494 485 1528 pG)
504 1494 546 1520 hic
571 1495 612 1519 vel
636 1494 803 1519 reducuntur
821 1493 895 1526 pEG,
916 1497 945 1518 ut
963 1493 1006 1518 hic
1031 1493 1072 1518 vel
1095 1491 1262 1518 recffiiuntur
1280 1493 1324 1522 sE.
1343 1492 1385 1517 vel
1402 1491 1444 1517 ht'c
1462 1491 1506 1516 wel

430 1537 490 1555 cum
511 1530 688 1555 recluduntur
707 1529 754 1555 sG.

1135 277 1399 326 QUAESTIO
1428 277 1533 322 LIX,
1562 275 1856 314 ARTICULUS
1884 276 1934 313 VI

1550 354 1684 392 iudicet
1709 355 1850 400 omnia,
1877 361 2009 391 tamen
2035 353 2227 392 iudicatur
2253 353 2302 391 ab
2334 352 2435 403 ipsa
2442 353 2612 392 veritate

1551 407 1600 444 Et
1626 407 1727 452 ideo,
1747 406 1832 444 licet
1859 406 1995 455 angeli,
2015 418 2062 444 ex
2081 417 2138 443 eo
2154 406 2271 456 quod
2282 413 2371 443 sum
2385 405 2613 467 ερὶιταιιιὶςε,

1550 459 1733 506 iudicent,
1753 458 1972 497 iudicantur
1988 466 2119 497 tamen
2147 470 2171 496 a
2198 458 2364 515 Christo,
2383 458 2615 517 inquantum

1551 519 1607 549 est
1633 510 1793 550 Veritas.

1604 566 1662 602 An
1689 575 1850 602 Tannum
1876 576 2059 602 memnon
2086 564 2193 614 quod
2214 563 2392 606 Christus
2410 544 2535 606 habet
2548 543 2616 605 iu.-

1551 617 1698 655 dicium
1716 629 1797 654 non
1816 617 1944 654 solum
1962 628 2080 677 super
2098 618 2264 666 angelos,
2279 617 2348 655 sed
2363 617 2483 654 etiam
2497 625 2618 667 super

1551 669 1923 708 administrationem
1959 669 2075 707 totius
2106 677 2313 707 creaturae.
2354 669 2395 708 Si
2422 669 2546 718 enim,
2561 676 2617 715 *ut

1552 722 1790 772 Augustinus
1817 721 1918 770 dicit,
1939 721 1979 759 in
2006 723 2052 760 111
2071 722 2118 760 de
2138 723 2243 760 Trin.
2262 722 2295 771 *,
2314 721 2493 760 inferiora
2519 720 2617 773 quo,-
2648 718 2660 729 ⁹

1552 776 1645 814 dam
1673 775 1808 814 ordine
1827 782 2012 824 reguntur
2030 787 2054 812 a
2071 775 2156 813 Deo
2175 787 2246 826 per
2272 775 2483 827 superiora,
2503 775 2617 826 opor*

1551 836 1604 866 tet
1621 828 1748 866 dicere
1764 828 1872 878 quod
1891 827 2026 866 omnia
2038 835 2218 876 regantur
2235 840 2306 878 per
2323 827 2495 867 animam
2509 827 2617 867 Chri·

1551 881 1610 930 sti,
1639 893 1740 931 quae
1768 889 1824 918 est
1851 893 1970 930 super
1995 893 2157 919 omnem
2185 888 2411 918 creaturam.
2439 880 2555 918 Unde
2580 887 2619 918 et

1553 935 1762 984 Apostolus
1781 933 1881 981 dicit,
1901 935 2000 972 Heb.
2021 945 2043 971 ιι
2060 933 2101 971 *ε
2130 935 2221 972 Non
2250 936 2351 971 enim
2375 933 2520 984 angelis
2537 934 2618 972 sub-
2645 941 2655 952 ·

1552 990 1633 1025 iecit
1650 989 1753 1024 Deus
1771 988 1900 1024 orbem
1918 992 2042 1024 terrae
2049 987 2240 1036 ficturum,
2260 985 2399 1024 scilicet
2416 984 2619 1030 subiectum
2639 1002 2643 1008 ·

1552 1042 1588 1078 ei
1616 1055 1635 1075 «
1657 1040 1702 1078 de
1730 1052 1802 1090 quo
1830 1039 2018 1090 loquimur
2038 1055 2074 1085 »,
2103 1039 2192 1078 idest
2223 1039 2406 1077 Christo*

1605 1094 1692 1131 Nec
1719 1104 1842 1130 TAMEN
1861 1104 2028 1131 paemen
2055 1104 2130 1131 noc
2155 1104 2268 1131 Anum
2287 1103 2498 1131 εοιιετιτυη
2516 1090 2620 1135 Dssus

1553 1158 1665 1184 supra
1699 1157 1859 1183 TERRAM.
1903 1146 2002 1193 Qum
2033 1157 2125 1183 uuus
2152 1157 2199 1183 ET
2218 1157 2313 1183 mam
2346 1157 2413 1182 Εετ
2442 1145 2560 1183 Deus
2564 1155 2621 1187 n·

1553 1210 1660 1237 nomo
1689 1199 1861 1236 Dominus
1887 1199 1990 1236 Iesus
2018 1198 2211 1236 Cnmsws.
2240 1198 2301 1235 DE
2321 1209 2422 1236 cums
2447 1204 2621 1249 memmi-J

1552 1262 1673 1290 'rioms
1702 1263 1881 1289 urs-remo
1909 1263 1956 1288 An
1983 1260 2163 1289 PRAESENS
2189 1262 2296 1289 DICTA
2322 1250 2614 1311 &ramur-,4⁴22

1608 1383 1631 1417 ε)
1655 1384 1765 1410 Venisti.
1781 1397 1801 1403 -—
1821 1384 1877 1409 Cur
1894 1383 1991 1410 venisti
2009 1383 2056 1414 Hc,
2080 1382 2181 1409 Vem'sti
2197 1386 2262 1409 ante
2279 1386 2350 1416 temp
2352 1390 2384 1408 κο
2399 1382 2428 1409 1².
2556 1392 2557 1395 ¹

1608 1419 1634 1454 ζ)
1654 1420 1802 1446 beatorum,
1818 1433 1838 1438 ——
1856 1420 1985 1445 bonomia
2010 1419 2052 1444 Da
2070 1424 2097 1444 ee
2112 1419 2196 1444 καί..
2211 1432 2233 1438 -
2250 1418 2302 1444 Pro
2325 1419 2466 1449 malorum,
2491 1418 2623 1445 ndom-

1556 1455 1715 1489 angelorum
1733 1456 1751 1487 1,
1769 1455 1928 1489 angelorum
1947 1455 2079 1480 malorum
2099 1455 2127 1480 P.

1110 1607 1448 1641 Commentaria
1471 1605 1724 1639 Cardinalis
1745 1606 1948 1639 Caietam

492 1700 600 1720 rrimus
624 1690 736 1720 clarus.
753 1707 775 1711 —
795 1689 831 1719 In
855 1698 992 1728 corpore
1015 1687 1081 1718 duo
1106 1687 1197 1718 fiunt.
1225 1687 1350 1723 Primo,
1370 1695 1503 1727 respon-

434 1702 584 1765 Tdetur
608 1734 752 1774 quaesito
777 1743 842 1764 una
865 1733 1093 1763 conclusione.
1118 1732 1238 1774 Angeli
1264 1731 1399 1762 subsunt
1420 1731 1504 1762 iudi-

431 1779 555 1810 ciariae
579 1778 734 1820 potestati
759 1777 894 1814 Christi,
918 1777 1014 1833 etiam
1039 1776 1229 1818 inquantum
1253 1781 1300 1806 est
1325 1776 1431 1806 homo.
1463 1775 1504 1806 Et

431 1823 585 1863 probatur
607 1822 780 1862 tripliciter.

488 1865 656 1902 Secunde,
688 1865 864 1896 declaratur
897 1865 1006 1904 quoad
1038 1864 1117 1905 quid
1150 1864 1254 1904 angeli
1287 1863 1423 1894 subsunt
1459 1863 1503 1894 sic

434 1911 574 1942 Christo.
598 1910 640 1940 Et
654 1909 691 1940 fit
707 1909 868 1940 distinctio
884 1909 1095 1939 trimembris:
1119 1907 1240 1938 scilicet
1254 1906 1294 1938 de
1310 1907 1502 1943 ministerio;

433 1955 485 1986 vel
499 1955 644 1995 praemio
668 1958 723 1984 aut
738 1962 845 1993 poena
868 1951 1074 1989 accidentali3
1098 1951 1150 1982 vel
1165 1952 1310 1992 praemio
1327 1957 1381 1982 aut
1396 1960 1503 1991 poena

435 1998 602 2030 essentiali.
626 2015 648 2020 —
671 1998 712 2028 Et
736 1997 846 2028 omnia
869 1997 952 2027 clara
975 2001 1050 2027 sunt
1072 1997 1107 2026 in
1129 1996 1241 2026 littera.

490 2042 580 2073 11.1n
595 2042 805 2082 responsione
822 2040 862 2071 ad
878 2041 1018 2077 tertium,
1035 2039 1162 2070 adverte
1179 2039 1280 2080 quod,
1297 2049 1372 2069 cum
1389 2038 1503 2069 dicitur

434 2086 596 2128 inferiora
621 2086 694 2127 regi
709 2095 774 2126 per
794 2085 976 2125 superiora,
999 2094 1068 2115 non
1090 2083 1275 2124 intelligitur
1299 2083 1339 2113 de
1361 2082 1504 2113 inferiori

435 2137 467 2162 et
489 2130 646 2171 superiori
670 2138 881 2170 quocumque
903 2127 1022 2165 mod03
1046 2137 1107 2159 nec
1132 2127 1172 2158 de
1191 2127 1335 2158 inferiori
1357 2132 1389 2157 et
1409 2135 1503 2167 supe-

434 2176 510 2206 riori
526 2174 635 2215 quoad
651 2173 891 2204 beatitudinem.
915 2172 1082 2213 Alioquin,
1098 2177 1286 2212 sequeretur
1305 2170 1395 2212 quod
1410 2170 1504 2202 multi

435 2219 539 2259 angeli
562 2223 746 2259 regerentur
769 2228 826 2258 per
849 2217 969 2247 multos
993 2222 1119 2247 sanctos
1142 2217 1307 2252 homines,
1332 2225 1415 2256 quos
1439 2215 1503 2246 ele-

433 2269 525 2294 vatos
557 2262 716 2293 credimus
746 2271 842 2302 supra
873 2261 993 2292 multos
1025 2261 1166 2301 angelos.
1199 2260 1242 2291 Et
1269 2265 1504 2300 consequenter

434 2307 527 2339 multi
559 2307 659 2337 sancti
692 2307 841 2337 homines
874 2310 1102 2336 concurrerent
1128 2304 1168 2335 ad
1196 2303 1503 2335 administran'onem

435 2350 549 2382 mundi
571 2351 668 2381 huius
697 2350 871 2381 inferioris:
897 2350 1053 2391 quoniam
1083 2349 1313 2380 administratio
1337 2349 1416 2379 haec
1443 2348 1503 2378 mi-

435 2396 530 2427 nimis
553 2395 677 2426 videtur
700 2394 818 2426 credita
841 2394 970 2435 angelis
996 2393 1210 2434 Consequens
1226 2395 1334 2424 autetn'
1356 2393 1421 2424 hoc
1437 2401 1504 2423 cre-

1558 1685 1664 1717 dimus
1679 1695 1747 1717 esse
1763 1685 1888 1717 falsum.
1908 1685 2074 1724 Quoniam
2089 1686 2188 1716 sancti
2204 1686 2362 1722 homines,
2375 1691 2625 1726 quantumcum-

1559 1740 1623 1771 que
1646 1731 1802 1761 beatiores
1825 1731 1887 1761 sint
1914 1730 2050 1770 angelis,
2074 1739 2142 1761 non
2165 1735 2273 1761 tamen
2295 1735 2448 1770 praesunt
2477 1739 2494 1760 r

1557 1775 1727 1806 universali
1743 1774 1912 1815 spiritualis
1936 1779 1992 1805 aut
2014 1774 2188 1815 corporalis
2207 1779 2379 1811 creaturae,
2395 1773 2452 1805 sed
2473 1773 2539 1828 hoc
2552 1783 2575 1817 9
2609 1790 2625 1798 -

1559 1819 1647 1850 cium
1668 1824 1863 1850 reservatum
1893 1824 1941 1850 est
1968 1818 2106 1859 angelis,
2131 1818 2248 1859 quibus
2270 1817 2419 1859 congruit
2441 1826 2498 1857 οι,
2533 1850 2625 1906 &n

1557 1862 1652 1894 Unde
1675 1862 1919 1903 intelligendum
1941 1867 1990 1894 est
2011 1862 2161 1893 inferiora
2187 1863 2254 1903 regi
2281 1870 2341 1903 per
2362 1860 2471 1903 superi

1557 1906 1738 1938 secundum
1760 1906 1851 1947 qui'd,
1865 1906 1922 1938 sed
1937 1907 2122 1947 simpliciter
2145 1911 2177 1938 et
2199 1906 2355 1937 absolute.
2383 1904 2435 1938 Et
2440 1909 2490 1948 '123>
2605 1939 2608 1942 ,

1558 1951 1634 1991 quia
1665 1950 1810 1982 Christus
1836 1951 1938 1981 homo
1962 1955 2009 1981 est
2037 1950 2223 1991 simpliciter
2245 1955 2277 1981 et
2303 1950 2450 1982 absolute
2476 1904 2624 1992 effi

1558 1995 1687 2035 angelis,
1708 1995 1784 2035 quia
1802 1999 1850 2025 est
1871 1999 1968 2035 caput
1990 1994 2090 2025 totius
2112 1994 2274 2026 Ecclesiae
2289 1993 2549 2038 triumphantia,
2542 1993 2624 2043 Q

1557 2049 1629 2069 mae
1659 2044 1768 2069 autem
1797 2039 1966 2069 beatorum
1995 2038 2167 2069 hominum
2197 2047 2293 2078 supra
2323 2037 2444 2069 multos

1558 2088 1632 2113 sunt
1655 2082 1776 2123 angelis
1798 2082 1979 2122 superiores
2002 2082 2110 2113 solum
2125 2081 2304 2112 secundum
2327 2081 2416 2133 quid,
2433 2073 2569 2117 scilic&⁷
2570 2061 2624 2123 6}-

1558 2126 1702 2157 cundum
1724 2125 1974 2157 beatitudinem:
1998 2125 2073 2157 ideo
2098 2134 2137 2156 ex
2159 2125 2243 2157 dicta
2265 2127 2404 2157 maxima
2418 2125 2449 2158 A

1557 2177 1590 2202 et
1607 2171 1788 2212 Dionysii*
1812 2170 1935 2222 optime
1957 2169 2162 2202 concluditur
2179 2169 2270 2211 quod
2288 2169 2436 2202 Christus
2458 2170 2507 2202 est
2527 2166 2625 2212 sup!
2651 2171 2662 2182 ⁸

1557 2215 1830 2246 administratione
1849 2215 1948 2246 totius
1971 2220 2147 2252 creaturae;
2164 2220 2205 2251 et,
2222 2223 2298 2246 cum
2313 2215 2389 2252 hoc,
2402 2215 2539 2250 animae
2546 2214 2625 2253 ba·
2676 2214 2683 2221 '

1557 2265 1666 2290 torum
1695 2260 1868 2290 hominum
1896 2268 1966 2290 non
1987 2264 2140 2300 praesunt
2168 2258 2340 2290 universali
2361 2258 2508 2300 regimini
2534 2267 2624 2306 cra-

1556 2309 1710 2334 turarum.

1612 2348 1660 2379 Er
1689 2357 1772 2378 nme
1801 2357 1981 2379 summm
2003 2358 2046 2378 nr:
2074 2357 2248 2379 nmmum
2277 2357 2375 2379 mm
2405 2356 2497 2379 umus
2509 2333 2623 2384 abiu

1558 2402 1641 2423 amr.
1664 2402 1705 2423 nu
1728 2402 1879 2423 msrnnro
1902 2401 2071 2424 INCARNATI
2092 2391 2194 2423 Virmn
2216 2401 2400 2423 mermi-r.
