2872 3970
104 2066 113 2075 ⁸
129 2066 198 2086 Num.
214 2070 248 2086 ιιι.

117 3254 126 3263 ·
136 3253 326 3279 Qu.x¹.V1.art.x,

117 3279 249 3300 Comment.
263 3285 326 3300 num.

343 219 367 255 8
689 200 691 202 Ι
867 255 871 259 ,
1090 215 1353 261 QUAESTIO
1382 215 1414 261 1,
1445 214 1737 252 ARTICULUS
1765 216 1779 252 Ι

342 297 506 328 Probatur.
531 297 714 336 Unicuique
735 296 781 326 rei
797 296 991 326 conveniens
1008 300 1055 325 est
1070 293 1228 335 quidquid
1252 294 1407 332 competit

341 341 387 371 illi
402 340 581 371 secundum
596 341 753 370 rationem
769 349 844 370 suae
860 345 1000 370 naturae.
1021 339 1106 378 Ergo
1123 339 1194 368 Deo
1211 338 1405 368 conveniens

343 391 389 415 est
413 384 571 425 quidquid
594 385 730 424 pertinet
753 383 792 414 ad
809 384 964 414 rationem
981 383 1067 413 boni.
1092 382 1178 422 Ergo
1195 381 1266 411 Deo
1288 391 1405 411 conve-

342 430 432 459 niens
457 435 503 459 est
526 437 654 459 summo
678 427 778 458 modo
803 437 835 458 se
860 427 1099 457 communicare
1124 430 1294 456 creaturae.
1319 425 1405 464 Ergo

342 473 537 503 conveniens
561 472 621 502 fuit
644 472 750 502 Deum
773 472 939 501 incarnari.

397 516 598 547 Antecedens
621 515 840 546 manifestatur
863 525 901 546 ex
924 516 987 545 hoc
1012 513 1102 554 quod
1123 513 1305 544 ratiocinari
1328 522 1406 543 con—

342 562 428 591 venit
452 562 575 591 homini
598 561 673 600 quia
696 559 873 590 secundum
897 559 1053 589 rationem
1077 568 1152 588 suae
1168 557 1328 588 rationalis
1350 566 1406 586 na-

342 610 431 635 turae
455 605 619 646 competit.
636 621 658 627 —
673 604 777 634 Prima
793 613 869 634 vero
890 602 1121 642 consequentia
1136 602 1306 642 probatur:
1331 600 1406 641 quia

341 649 410 689 ipsa
432 655 543 679 natura
560 649 619 678 Dei
636 654 681 678 est
701 648 834 678 essentia
850 647 1008 683 bonitatis,
1030 651 1064 676 ut
1085 645 1258 686 Dionysius
1282 644 1367 675 dicit.
1383 662 1406 666 -

341 692 490 723 Secunda
515 698 621 722 autem
645 691 875 731 consequentia
898 691 1066 730 probatur:
1093 689 1167 729 quia
1187 689 1225 719 ad
1249 689 1405 718 rationem

341 738 459 767 summi
476 737 553 766 boni
568 741 689 775 spectat
705 744 833 765 summo
857 734 956 764 modo
974 743 1006 764 se
1028 733 1267 764 communicare
1283 738 1406 762 creatu-

342 790 405 811 rae.
425 780 526 818 Quod
540 781 707 820 probatur:
725 780 800 819 quia
816 778 856 809 ad
871 779 1028 808 rationem
1044 778 1122 808 boni
1133 782 1255 817 spectat
1270 786 1303 806 se
1316 786 1405 806 corn-

340 826 506 856 municare
534 825 611 854 aliis.
636 841 656 847 -
679 823 787 854 Tertia
810 823 950 862 denique
981 822 1212 862 consequentia
1234 821 1404 860 probatur:

342 869 417 909 quia
440 869 503 898 hoc
528 867 617 908 quod
641 873 687 897 est
710 876 874 896 summum
898 867 1032 900 bonum,
1053 875 1110 896 seu
1134 865 1250 900 Deum,
1276 874 1406 894 summo

341 912 441 943 modo
458 922 491 942 se
508 911 747 942 communicare
765 916 935 946 creaturae,
956 910 1094 940 maxime
1110 908 1146 939 fit
1164 918 1221 949 per
1237 909 1299 938 hoe
1317 907 1407 949 quod

341 962 493 987 naturam
510 960 651 987 creatam
667 955 714 985 sic
728 954 788 985 sibi
811 954 982 995 coniungit
1001 958 1037 984 ut
1058 963 1099 984 ex
1115 953 1226 989 Verbo,
1243 952 1353 982 anima
1377 957 1408 982 et

341 1010 440 1032 carne
464 1010 528 1030 una
542 1000 610 1041 fiat
626 1008 787 1039 persona,
812 1004 848 1028 ut
870 998 1071 1038 Augustinus
1094 997 1179 1028 dicit.

396 1044 458 1074 Hic
482 1050 528 1074 est
550 1044 665 1083 planus
688 1052 858 1083 processus
880 1043 1011 1072 litterae.

396 1088 449 1118 IV.
474 1088 509 1118 In
533 1087 742 1118 antecedente
765 1087 860 1117 huius
882 1096 1051 1127 processus
1074 1087 1138 1116 hoc
1161 1086 1268 1116 solum
1291 1091 1406 1116 notan—

340 1133 419 1164 dum
443 1133 591 1168 occurrit,
609 1131 708 1172 quod,
732 1137 864 1171 propter
887 1131 936 1161 sui
961 1130 1144 1166 claritatem,
1168 1130 1201 1160 in
1217 1130 1319 1160 littera
1339 1139 1406 1160 ma-

340 1177 506 1208 nifestatur
522 1177 554 1206 in
571 1186 635 1206 una
651 1175 718 1206 sola
741 1181 863 1211 natura,
881 1184 956 1205 cum
980 1174 1136 1214 potuisset
1156 1174 1319 1205 inductive
1339 1175 1406 1204 ma-

340 1221 481 1252 nifestari
503 1221 536 1251 in
553 1220 720 1251 omnibus:
746 1224 792 1249 sat
816 1219 901 1249 enim
918 1218 978 1249 fuit
1000 1219 1166 1249 inchoasse
1185 1218 1406 1248 inductionem

340 1267 374 1296 in
398 1275 431 1297 re
454 1271 520 1295 tam
543 1264 720 1295 manifesta.

397 1310 431 1341 In
447 1311 551 1350 primo
569 1313 797 1348 consequente,
815 1307 943 1343 scilicet,
956 1307 1028 1338 Deo
1044 1307 1236 1338 conveniens
1254 1312 1301 1338 est
1315 1306 1406 1347 quid-

340 1355 417 1395 quid
426 1354 568 1394 pertinet
583 1353 626 1384 ad
642 1353 801 1382 rationem
817 1352 901 1388 boni,
925 1357 1091 1382 memento
1108 1351 1301 1391 distinguere
1317 1350 1406 1391 quod

341 1399 427 1429 aliud
451 1403 498 1428 est
522 1398 611 1437 loqui
636 1397 674 1427 de
698 1397 820 1427 ratione
844 1396 940 1426 boni:
966 1401 997 1426 et
1020 1395 1105 1426 aliud
1130 1395 1169 1426 de
1193 1396 1315 1426 ratione
1338 1395 1407 1425 talis

339 1443 428 1478 boni,
453 1448 530 1482 puta
553 1441 696 1481 angelici,
722 1440 873 1476 caelestis,
897 1439 1039 1475 humani,
1064 1439 1195 1475 leonini,
1221 1444 1252 1469 et
1270 1439 1406 1469 aliorum

340 1486 526 1527 specialium
542 1486 714 1515 bonorum.
740 1484 841 1514 Multa
856 1493 997 1524 namque
1014 1488 1087 1513 sunt
1104 1493 1186 1523 quae
1208 1489 1352 1523 spectant
1368 1482 1407 1513 ad

340 1531 496 1561 rationem
528 1530 597 1559 talis
621 1529 697 1559 boni
722 1538 805 1569 quae
828 1537 895 1558 non
919 1533 1063 1568 spectant
1087 1527 1126 1557 ad
1149 1527 1307 1557 rationem
1329 1527 1407 1557 boni

340 1575 501 1605 absolute:
527 1575 637 1604 latrare
661 1573 819 1613 siquidem
844 1572 883 1602 ad
906 1573 1083 1602 bonitatem
1107 1572 1203 1607 canis,
1227 1571 1407 1601 ratiocinari

341 1619 380 1650 ad
404 1620 580 1649 bonitatem
604 1618 760 1653 hominis,
784 1617 907 1655 moveri
931 1616 971 1646 ad
993 1616 1169 1646 bonitatem
1194 1615 1283 1651 caeli,
1308 1621 1339 1645 et
1362 1616 1408 1645 sic

341 1664 380 1694 de
407 1664 474 1693 aliis
501 1661 637 1702 propriis
666 1662 758 1691 bonis
786 1667 1019 1695 creaturarum,
1044 1666 1203 1700 spectant;
1238 1666 1269 1689 et
1298 1666 1406 1690 tamen

340 1707 418 1738 nihil
442 1708 560 1738 horum
584 1711 705 1746 spectat
729 1705 768 1735 ad
784 1706 940 1735 rationem
964 1705 1041 1734 boni
1057 1704 1251 1744 simpliciter.
1276 1703 1317 1733 Et
1332 1713 1407 1743 pro-

341 1758 450 1792 pterea
471 1751 550 1781 nihil
574 1751 691 1780 horum
715 1750 866 1780 convenit
890 1749 972 1779 Deo.
1003 1747 1066 1779 Sed
1089 1747 1247 1788 quidquid
1271 1748 1407 1787 pertinet

341 1796 382 1826 ad
404 1796 560 1826 rationem
577 1795 664 1829 boni,
689 1804 757 1824 non
780 1793 904 1823 limitati
924 1793 963 1823 ad
986 1793 1068 1822 hanc
1084 1793 1134 1822 vel
1158 1792 1244 1822 illam
1260 1798 1406 1822 naturam

342 1846 496 1875 creatam,
522 1838 577 1869 sed
600 1839 745 1868 absolute
774 1837 980 1871 considerati,
1004 1842 1110 1866 totum
1141 1837 1337 1866 conveniens
1361 1841 1407 1866 est

342 1885 511 1914 attribuere
535 1883 623 1912 Deo:
649 1882 724 1922 quia
746 1887 859 1912 natura
882 1881 942 1911 Dei
966 1886 1012 1911 est
1036 1881 1103 1921 ipsa
1126 1881 1262 1911 bonitas.

397 1929 435 1958 V.
461 1927 555 1958 Circa
584 1926 743 1957 secundae
768 1925 1033 1966 consequentiae,
1058 1925 1195 1960 scilicet,
1218 1924 1312 1966 Ergo
1335 1924 1406 1954 Deo

342 1972 534 2003 conveniens
564 1976 611 2001 est
632 1980 755 2001 summo
779 1970 874 2000 modo
902 1979 936 2000 se
958 1969 1197 1999 communicare
1219 1973 1407 2004 creaturae,

342 2017 582 2057 probationem,
608 2015 741 2050 scilicet,
765 2014 841 2054 quia
865 2013 907 2044 ad
931 2014 1089 2044 rationem
1112 2013 1188 2043 boni
1209 2013 1352 2052 pertinet
1374 2017 1410 2042 ut

342 2071 376 2092 se
399 2061 473 2090 aliis
496 2060 715 2094 communicet,
741 2064 800 2088 etc.
817 2059 844 2094 ἦ
869 2058 1003 2088 dubium
1027 2058 1132 2097 primo
1157 2057 1308 2092 occurrit,
1334 2057 1409 2096 quia

344 2105 583 2136 communicare
607 2113 639 2133 se
656 2103 722 2133 aliis
738 2103 859 2132 nullam
883 2101 1114 2142 perfectionem
1138 2102 1305 2140 importat:
1331 2101 1409 2131 alio-

344 2150 423 2189 quin
446 2149 517 2178 Deo
542 2148 580 2177 ab
605 2153 744 2182 aeterno,
762 2146 839 2177 dum
856 2156 889 2176 se
905 2156 972 2176 non
994 2145 1244 2175 communicavit
1260 2145 1337 2181 aliis,
1355 2145 1409 2176 de-

343 2193 455 2224 fuisset
470 2193 576 2232 aliqua
592 2191 756 2232 perfectio,
774 2190 863 2231 quod
887 2195 933 2220 est
948 2189 1156 2230 impossibile.
1180 2189 1280 2228 Quod
1301 2196 1409 2220 autem

342 2237 465 2268 nullam
494 2236 725 2277 perfectionem
756 2235 921 2275 importat,
946 2244 1013 2264 non
1041 2239 1164 2274 spectat
1189 2234 1229 2264 ad
1252 2235 1409 2265 rationem

343 2282 432 2317 boni,
457 2282 510 2311 cui
533 2280 610 2310 nihil
634 2285 758 2319 praeter
780 2285 834 2309 aut
858 2284 943 2309 extra
966 2279 1044 2309 boni
1067 2278 1268 2308 latitudinem
1292 2288 1410 2309 conve-

343 2326 411 2356 nire
428 2325 473 2355 fas
490 2330 545 2355 est.
571 2324 646 2354 Non
662 2329 747 2354 recte
763 2323 858 2363 igitur
874 2323 1044 2353 assumitur
1060 2322 1150 2363 quod
1170 2324 1410 2354 communicare

344 2380 378 2400 se
402 2370 468 2399 aliis
492 2369 629 2408 pertinet
653 2367 692 2398 ad
715 2368 872 2398 rationem
896 2367 983 2397 boni.

400 2413 494 2444 Circa
517 2412 661 2443 eiusdem
684 2412 833 2452 sequelae
864 2412 1090 2452 probationem
1117 2410 1252 2441 eandem
1276 2410 1411 2442 dubium

344 2457 487 2488 secundo
512 2457 660 2492 occurrit,
678 2457 753 2496 quia
773 2455 918 2486 inefficax
941 2455 1116 2485 invenitur:
1142 2455 1296 2494 quoniam
1312 2461 1412 2486 trans-

343 2502 408 2532 itur
431 2511 468 2532 ex
483 2501 619 2531 naturali
646 2500 832 2531 conditione
853 2500 931 2530 boni
947 2499 986 2529 ad
1001 2499 1215 2529 voluntariam
1239 2500 1317 2530 boni
1333 2510 1411 2530 con-

345 2546 512 2576 ditionem.
547 2545 647 2582 Quod
670 2554 737 2575 non
760 2545 855 2574 licere
885 2549 972 2584 patet
996 2553 1033 2574 ex
1057 2553 1096 2574 eo
1121 2542 1212 2583 quod
1234 2544 1412 2574 voluntaria

345 2590 442 2620 libere
467 2600 484 2619 a
507 2590 595 2619 bono
620 2588 817 2629 procedunt:
849 2597 917 2618 non
940 2588 1026 2618 enirn
1055 2587 1236 2618 inferuntur
1260 2597 1297 2618 ex
1320 2594 1412 2619 natu-

346 2634 474 2669 ralibus,
498 2639 611 2673 utpote
635 2633 820 2663 necessariis
841 2638 871 2662 et
887 2632 1014 2662 alterius
1031 2632 1161 2662 ordinis.
1185 2632 1261 2662 Non
1282 2642 1357 2672 ergo
1375 2643 1413 2662 ex

347 2687 554 2718 quacumque
570 2677 630 2707 Dei
645 2677 780 2707 naturali
797 2676 982 2706 conditione
998 2682 1104 2716 potest
1121 2675 1289 2706 efficaciter
1304 2676 1413 2707 inferri

347 2722 479 2762 aliquod
495 2731 578 2762 opus
594 2722 694 2761 ipsius
709 2721 856 2756 liberum,
873 2726 908 2750 ut
924 2726 1020 2760 patet.
1031 2738 1052 2743 -
1069 2719 1289 2750 Manifestatur
1305 2726 1412 2751 autem

347 2767 434 2796 hunc
458 2775 597 2796 errorem
621 2766 654 2795 in
677 2766 740 2795 hoc
764 2774 860 2805 passu
883 2765 1089 2795 intervenire:
1115 2765 1191 2804 quia
1213 2774 1251 2794 ex
1268 2770 1414 2804 spectan-

347 2811 432 2840 tibus
455 2810 494 2840 ad
518 2810 674 2839 rationem
698 2810 776 2839 boni
799 2808 934 2838 infertur
951 2818 1115 2839 summum
1139 2809 1273 2844 bonum,
1298 2818 1334 2839 ac
1356 2818 1414 2848 per

348 2855 411 2884 hoc
428 2855 544 2889 Deum,
562 2854 801 2884 communicare
817 2854 960 2893 seipsum
980 2859 1151 2883 creaturae.
1177 2852 1312 2883 Constat
1328 2853 1413 2882 enim

350 2897 439 2938 quod
463 2898 651 2938 pertinentia
674 2897 714 2928 ad
737 2898 893 2927 rationem
917 2898 995 2928 boni
1022 2898 1219 2927 conveniunt
1242 2897 1302 2937 ipsi
1324 2897 1413 2927 bono

351 2947 382 2972 et
405 2942 474 2972 Deo
499 2942 696 2972 naturaliter:
733 2948 764 2972 et
788 2941 877 2982 quod
901 2942 1140 2972 communicare
1171 2941 1312 2981 seipsum
1336 2950 1414 2971 con-

349 2986 436 3016 venit
459 2986 540 3022 Deo,
565 2995 693 3016 summo
717 2986 816 3021 bono,
841 2985 948 3016 libere.
973 2986 1048 3016 Non
1065 2991 1149 3016 recte
1170 2986 1265 3025 igitur
1285 2994 1414 3026 proces-

351 3039 422 3060 sum
447 3036 494 3060 est
516 3031 549 3060 in
572 3030 683 3060 littera.

407 3074 459 3104 VI.
484 3074 534 3103 Ad
558 3074 698 3113 primum
722 3073 856 3103 dubium
881 3073 994 3104 dicitur
1018 3073 1117 3114 quod,
1134 3074 1208 3104 licet
1223 3079 1332 3113 posset
1352 3073 1414 3103 dis—

352 3118 454 3158 tingui
485 3118 722 3148 communicare
750 3127 784 3147 se
814 3117 906 3151 aliis,
932 3117 1111 3148 secundum
1141 3118 1231 3158 quod
1263 3119 1415 3158 importat

353 3163 523 3197 actionem,
549 3170 631 3201 quae
649 3166 695 3191 est
710 3160 864 3200 perfectio
890 3162 1010 3200 agentis
1026 3162 1058 3191 in
1075 3167 1158 3198 actu,
1183 3171 1266 3202 quae
1289 3162 1323 3192 in
1343 3162 1414 3192 Deo

354 3211 400 3236 est
420 3215 477 3236 sua
500 3205 683 3239 substantia,
709 3210 739 3234 et
759 3203 937 3234 secundum
953 3205 1042 3244 quod
1065 3207 1216 3245 importat
1238 3206 1414 3236 illationem

354 3249 485 3280 effectus
509 3249 549 3279 ad
572 3254 667 3284 extra,
685 3254 720 3278 ut
744 3249 776 3278 in
795 3248 903 3278 Primo
921 3249 1017 3278 Libro
1034 3250 1050 3265 *
1074 3251 1190 3289 patuit:
1210 3251 1283 3290 quia
1307 3255 1414 3280 tamen

354 3303 421 3324 non
445 3299 572 3333 oportet
602 3293 634 3322 in
658 3293 825 3332 proposito
857 3292 895 3322 ad
918 3292 996 3322 haec
1020 3302 1197 3329 recurrere,
1222 3295 1300 3324 scito
1326 3294 1415 3334 quod

356 3337 469 3367 falsum
492 3337 676 3376 simpliciter
700 3342 746 3366 est
762 3335 851 3375 quod
875 3337 1112 3366 communicare
1133 3347 1166 3367 se
1183 3338 1249 3367 aliis
1272 3348 1339 3368 non
1356 3339 1415 3368 im-
1441 3345 1443 3352 ’

355 3386 459 3421 portat
488 3380 728 3420 perfectionem.
768 3380 808 3410 Et
835 3380 981 3419 probatio
1006 3380 1072 3410 eius
1102 3390 1169 3411 non
1193 3382 1288 3416 valet,
1314 3392 1351 3412 ex
1375 3392 1414 3412 eo

357 3424 445 3465 quod
468 3434 535 3454 non
559 3425 650 3464 ponit
673 3423 902 3464 perfectionem
925 3424 958 3453 in
976 3425 1243 3459 communicante,
1267 3425 1414 3460 inferens,

356 3469 449 3509 Ergo
467 3478 530 3498 non
553 3468 704 3508 importat
720 3467 973 3508 perfectionem:
996 3472 1055 3497 stat
1078 3468 1163 3497 enim
1185 3468 1273 3507 quod
1296 3469 1416 3508 impor-

358 3518 402 3542 tet
432 3512 678 3551 perfectionem,
703 3518 733 3541 et
757 3521 823 3541 non
854 3512 886 3541 in
916 3511 1193 3546 communicante,
1217 3511 1273 3542 sed
1302 3512 1334 3542 in
1358 3511 1417 3542 illis

359 3557 474 3596 quibus
499 3556 762 3586 communicatur.
788 3555 827 3585 Et
844 3565 915 3585 vere
932 3556 975 3585 sic
1001 3561 1062 3585 est:
1088 3564 1161 3585 nam
1185 3555 1307 3585 bonum
1329 3564 1417 3585 com-

1460 294 1623 324 municare
1647 294 1788 334 seipsum
1804 294 1880 330 aliis,
1898 293 1972 324 dato
1989 293 2079 334 quod
2101 293 2223 324 nullam
2240 293 2334 325 addat
2356 293 2526 335 perfectio·

1432 365 1434 374 ,
1460 346 1535 367 nem
1559 337 1647 368 bono
1672 338 1923 368 communicanti
1947 338 2098 378 seipsum,
2123 338 2300 370 necessario
2324 343 2432 372 tamen
2454 348 2525 378 per-

1460 380 1634 411 fectionem
1655 381 1749 422 ponit
1772 381 1804 412 in
1825 381 1884 412 illis
1908 382 1974 412 aliis
1991 381 2108 422 quibus
2131 382 2272 422 seipsum
2297 383 2524 422 communicat.

1460 425 1501 455 Et
1524 424 1563 455 ad
1585 431 1731 456 naturam
1755 425 1832 456 boni
1856 430 1977 466 spectat
2007 426 2246 456 communicare
2277 425 2417 466 seipsum
2448 426 2524 461 aliis,

1459 477 1526 499 non
1550 474 1587 499 ut
1609 470 1716 510 ipsum
1740 470 1984 500 communicans
2006 470 2047 500 sit
2068 470 2194 505 melius,
2218 469 2273 500 sed
2296 475 2333 500 ut
2351 470 2410 500 alia
2433 470 2526 500 boni-

1459 512 1596 543 ficentur
1615 523 1673 554 per
1688 514 1805 554 ipsum.
1829 514 1871 544 Et
1886 520 2055 554 propterea
2075 514 2154 544 ratio
2170 514 2292 545 litterae
2307 523 2419 545 verum
2439 523 2526 547 assu-

1459 557 1527 592 mit,
1552 564 1584 587 et
1606 558 1728 598 optime
1750 558 1899 598 procedit
1921 557 1961 588 ad
1983 558 2155 588 intentum.
2420 572 2422 574 >
2472 580 2474 582 -

1514 601 1565 631 Ad
1589 601 1770 632 secundum
1799 601 1934 633 dubium
1964 601 2078 632 dicitur
2102 601 2208 642 quod,
2233 611 2307 632 cum
2336 601 2527 633 bonum'sit

1459 654 1562 675 unum
1579 645 1881 681 transcendentium,
1899 651 1930 676 et
1946 644 2197 686 comprehendat
2212 646 2271 676 sub
2288 656 2320 676 se
2336 655 2404 684 non
2420 646 2526 676 solum

1459 689 1583 719 bonum
1608 689 1787 720 secundum
1811 698 1878 720 esse
1902 695 2043 725 naturae,
2067 689 2123 720 sed
2147 690 2242 720 etiam
2269 690 2387 720 bonam
2411 690 2527 720 volun-

1459 739 1573 769 tatem;
1599 743 1636 764 ac
1659 743 1716 774 per
1738 734 1817 769 hoc,
1841 734 1999 764 abstrahat
2021 734 2060 764 ab
2084 740 2223 774 utroque
2247 733 2371 764 essendi
2393 738 2425 764 et
2451 742 2526 765 cau-

1459 777 1548 808 sandi
1571 777 1690 814 modo,
1714 778 1833 808 scilicet
1865 787 1922 817 per
1943 777 2080 809 modum
2109 785 2240 809 naturae
2261 778 2313 809 vel
2336 778 2525 809 voluntatis:

1460 831 1662 862 consequens
1679 828 1726 852 est
1742 822 1831 862 quod
1847 822 1880 852 id
1896 822 1986 862 quod
2009 823 2166 863 pertinere
2183 822 2296 854 dicitur
2314 822 2354 853 ad
2369 823 2527 854 rationem

1460 867 1551 902 boni„
1568 876 1636 897 non
1659 867 1766 896 minus
1791 876 1889 906 quam
1911 867 2018 907 ipsum
2042 867 2165 898 bonum
2191 872 2222 897 et
2244 866 2327 897 illius
2349 867 2440 903 ratio,
2457 866 2527 897 abs-

1458 910 1559 941 trahat
1583 921 1600 940 a
1623 909 1723 940 modo
1754 916 1885 940 naturae
1909 910 1959 940 vel
1990 910 2148 940 libertatis.
2184 909 2232 940 Ac
2261 920 2317 951 per
2338 911 2412 946 hoc,
2437 919 2526 940 com-

1459 955 1623 985 municare
1647 955 1788 995 seipsum
1811 954 1969 994 pertinere
1993 954 2032 985 ad
2059 955 2138 984 boni
2164 955 2321 985 rationem
2349 954 2528 994 intelligen-

1459 999 1537 1030 dum
1561 1005 1609 1030 est
1631 1008 1698 1029 non
1723 997 1929 1029 determinate
1952 1006 2010 1039 per
2028 998 2165 1029 modum
2187 1002 2318 1029 naturae
2342 1002 2401 1028 aut
2419 997 2526 1034 libere,

1459 1043 1514 1074 sed
1539 1044 1754 1074 communiter
1777 1049 1808 1073 et
1830 1042 2082 1079 indeterminate,
2105 1048 2143 1073 ut
2164 1042 2197 1073 in
2221 1051 2424 1082 unoquoque
2446 1041 2528 1072 veri-

1459 1088 1573 1119 ficetur
1595 1086 1775 1118 secundum
1798 1087 1881 1117 illius
1910 1086 2057 1117 modum.
2094 1086 2187 1118 Unde
2219 1092 2250 1116 et
2271 1086 2306 1116 in
2328 1085 2430 1116 littera
2459 1095 2528 1116 non

1460 1132 1664 1163 concluditur
1679 1132 1792 1172 aliquis
1811 1130 1971 1162 dictorum
1993 1130 2169 1162 modorum
2193 1128 2454 1161 communicandi
2476 1139 2527 1160 se:

1459 1176 1515 1207 sed
1527 1176 1671 1207 absolute
1685 1175 1774 1216 quod
1791 1176 2030 1206 communicare
2046 1175 2186 1216 seipsum
2203 1180 2362 1205 creaturae
2375 1183 2527 1214 supremo

1459 1220 1570 1257 modo,
1595 1221 1660 1251 sive
1677 1221 1740 1251 hoc
1756 1219 1810 1250 fiat
1826 1220 2008 1250 naturaliter
2024 1220 2088 1250 sive
2106 1218 2203 1250 libere
2223 1228 2290 1249 non
2307 1216 2526 1259 exprimendo,

1459 1270 1580 1306 spectat
1603 1264 1642 1295 ad
1658 1273 1823 1295 summum
1840 1265 1980 1300 bonum;
2006 1273 2042 1294 ea
2058 1263 2181 1294 ratione
2198 1263 2282 1303 quia,
2300 1263 2325 1293 si
2342 1263 2431 1293 bono
2449 1271 2527 1293 con-

1459 1310 1546 1340 venit
1570 1309 1810 1339 communicare
1833 1317 1881 1344 se,
1907 1317 2108 1348 consequens
2133 1313 2179 1338 est
2201 1306 2292 1348 quod
2314 1308 2414 1347 magis
2437 1307 2526 1337 bono

1460 1354 1612 1385 convenit
1634 1354 1734 1393 magis
1758 1353 1997 1383 communicare
2017 1362 2061 1388 se,
2086 1358 2117 1382 et
2140 1357 2375 1391 consequenter
2398 1360 2527 1381 summo

1459 1399 1549 1429 bono
1570 1398 1722 1428 convenit
1739 1406 1865 1427 summe
1889 1397 2128 1427 communicare
2151 1405 2195 1426 se.
2219 1395 2313 1426 Unde
2335 1401 2422 1436 patet
2438 1394 2529 1436 quod

1459 1451 1527 1472 non
1558 1441 1691 1472 infertur
1722 1441 1938 1471 voluntarium
1962 1451 2000 1470 ex
2023 1439 2175 1470 naturali:
2212 1439 2266 1470 sed
2291 1449 2464 1470 commune
2489 1449 2528 1470 ex

1461 1486 1639 1516 communi.

1526 1529 1594 1560 VII.
1628 1529 1662 1559 In
1686 1529 1777 1559 tertia
1801 1529 2031 1569 consequentia
2046 1529 2080 1564 *,
2104 1533 2288 1563 memento,
2313 1527 2435 1568 primo,
2464 1526 2528 1557 for-

1460 1574 1583 1604 maliter
1605 1574 1780 1613 intelligere
1795 1573 1967 1603 terminos:
1993 1571 2219 1612 distinguendo
2238 1571 2278 1602 de
2297 1577 2455 1607 creatura;
2478 1571 2530 1601 vel

1460 1618 1500 1649 de
1516 1623 1659 1648 creatura
1675 1617 1738 1653 tali,
1763 1622 1841 1657 puta
1856 1617 1999 1653 homine,
2019 1616 2146 1656 angelo,
2162 1616 2213 1646 vel
2237 1615 2337 1651 caelo,
2362 1621 2421 1646 etc.
2445 1615 2529 1646 Nam

1459 1672 1526 1693 non
1552 1668 1598 1693 est
1621 1663 1674 1692 hic
1702 1671 1807 1692 sermo
1832 1661 1871 1691 de
1895 1667 2036 1691 creatura
2059 1661 2129 1696 tali,
2154 1659 2208 1690 sed
2239 1660 2278 1690 de
2310 1665 2452 1690 creatura
2475 1659 2529 1690 ab-

1459 1707 1575 1742 solute,
1593 1715 1667 1736 cum
1685 1706 1855 1736 assumitur
1876 1705 1965 1745 quod
1982 1714 2110 1735 summo
2128 1705 2216 1735 bono
2234 1704 2385 1734 convenit
2400 1712 2529 1734 summo

1460 1750 1561 1781 modo
1586 1760 1619 1780 se
1643 1750 1882 1780 communicare
1906 1755 2077 1779 creaturae.

1516 1794 1645 1830 Notate,
1657 1793 1812 1829 secundo,
1823 1793 1929 1829 verba,
1941 1798 1972 1823 et
1987 1793 2115 1834 signate
2130 1792 2286 1834 mysteria
2301 1793 2328 1822 ⁹.
2345 1792 2393 1823 Ex
2404 1801 2529 1822 summo

1461 1838 1556 1869 modo
1573 1838 1812 1869 communicare
1826 1847 1861 1868 se
1875 1842 2046 1868 creaturae
2060 1837 2194 1867 infertur
2209 1836 2436 1867 incarnationis
2451 1845 2530 1867 cone

1460 1883 1630 1913 venientia.
1648 1882 1765 1912 Tribus
1780 1891 1921 1922 namque
1937 1881 2052 1917 modis,
2066 1881 2138 1921 plus
2151 1890 2249 1921 quam
2260 1889 2377 1920 genere
2389 1879 2529 1916 diversis,

1462 1927 1560 1963 Deus,
1579 1927 1635 1967 qui
1652 1932 1698 1956 est
1714 1927 1821 1966 ipsum
1837 1935 2001 1956 summum
2018 1926 2152 1960 bonum,
2169 1924 2302 1964 intelligi
2318 1929 2425 1964 potest
2440 1933 2530 1955 com-

1462 1972 1625 2001 municare
1641 1971 1782 2010 seipsum
1799 1975 1969 2000 creaturae.
1994 1969 2114 2005 Primo,
2132 1969 2223 2009 quasi
2237 1969 2421 1999 naturaliter
2441 1977 2531 1998 eom-

1462 2015 1657 2046 municando
1675 2015 1825 2055 seipsum.
1842 2014 1883 2044 Et
1899 2014 1944 2044 sic
1960 2013 2211 2044 communicavit
2227 2013 2368 2052 seipsum
2379 2013 2538 2045 universo.

1462 2059 1600 2090 creando
1625 2065 1656 2089 et
1679 2057 1899 2089 conservando
1923 2058 2020 2088 libere
2043 2058 2238 2088 universum.
2255 2074 2276 2079 ·-
2300 2056 2457 2092 secundo,
2478 2066 2532 2087 su-

1461 2103 1702 2145 pernaturaliter
1725 2101 1998 2133 communicando
2029 2102 2180 2142 seipsum.
2217 2101 2258 2131 Et
2281 2101 2325 2131 sic
2349 2101 2532 2131 communi-

1462 2148 1544 2179 cavit
1575 2148 1717 2188 seipsum
1747 2147 1897 2177 universo
1922 2145 2076 2176 elevando
2102 2155 2215 2176 omnes
2242 2145 2472 2175 intellectuales
2500 2150 2532 2176 et

1461 2192 1630 2223 rationales
1646 2191 1835 2222 substantias
1857 2191 1891 2221 in
1914 2190 2113 2221 consortium
2129 2189 2258 2220 divinae
2281 2194 2419 2220 naturae
2433 2189 2450 2205 ¹*
2473 2197 2532 2229 per

1462 2237 1610 2277 gratiam:
1637 2236 1728 2266 cuius
1744 2245 1812 2265 non
1827 2235 1935 2265 solum
1959 2243 2092 2274 capaces
2114 2234 2250 2274 gratuita
2273 2233 2467 2273 benignitate
2485 2230 2532 2264 ef-

1464 2280 1548 2317 fecit,
1572 2279 1628 2310 sed
1650 2280 1746 2310 etiam
1766 2279 1930 2310 actualiter
1945 2279 2116 2319 participes
2138 2278 2178 2308 ab
2197 2278 2301 2313 initio,
2321 2277 2407 2308 utin
2421 2277 2530 2308 Primo

1463 2326 1561 2356 Libro
1578 2326 1594 2342 ³*
1617 2324 1742 2354 Auctor
1764 2333 1803 2353 ex
1825 2323 1998 2363 Augustini
2021 2322 2208 2354 auctoritate
2231 2321 2371 2352 deduxit.

1519 2370 1576 2399 Est
1599 2374 1707 2398 autem
1729 2368 1811 2398 inter
1833 2367 1894 2397 hos
1917 2366 2000 2398 duos
2022 2366 2140 2397 modos
2162 2371 2249 2396 tanta
2272 2365 2418 2396 distantia
2440 2364 2532 2406 quod

1463 2414 1550 2444 iuxta
1566 2413 1706 2453 primum
1722 2411 1862 2444 modum,
1882 2410 2066 2441 distributae
2085 2415 2160 2441 sunt
2174 2410 2444 2451 participationes,
2459 2410 2532 2441 imi-

1463 2458 1600 2488 tationes
1623 2462 1719 2496 atque
1742 2454 1964 2486 similitudines
1979 2455 2040 2485 Dei
2064 2454 2108 2485 sic
2128 2459 2165 2485 ut
2187 2454 2457 2484 constituerentur
2471 2454 2533 2485 illis

1464 2501 1657 2532 substantiae
1679 2509 1797 2536 rerum,
1814 2509 1894 2539 quas
1916 2504 2044 2529 naturas
2060 2499 2183 2529 entium
2199 2498 2344 2535 dicimus,
2369 2507 2445 2529 curn
2466 2498 2532 2529 suis

1465 2545 1705 2576 conditionibus
1720 2543 1932 2574 naturalibus:
1958 2543 2046 2574 Deus
2069 2548 2177 2573 autem
2199 2543 2267 2582 ipse
2283 2548 2369 2573 extra
2391 2547 2423 2573 et
2437 2552 2534 2584 supra

1465 2595 1571 2620 totum
1587 2589 1773 2619 universum
1788 2588 1822 2618 in
1838 2587 1897 2617 sibi
1912 2587 1972 2617 soli
1987 2587 2117 2627 propria
2137 2587 2399 2617 excellentissima
2420 2592 2534 2622 natura

1465 2638 1608 2664 remanet
1631 2633 1728 2668 solus,
1752 2632 1786 2662 in
1809 2631 1859 2661 sui
1881 2631 1981 2671 ipsius
2004 2630 2155 2661 fruitione
2178 2632 2299 2662 beatus.
2323 2648 2345 2653 -
2373 2631 2463 2662 quta
2483 2641 2534 2663 se—

1467 2677 1611 2708 cundum
1635 2682 1743 2706 autem
1766 2675 1902 2706 modum
1931 2681 2062 2706 naturae
2085 2685 2166 2717 suae¹
2184 2676 2315 2716 propria
2330 2675 2419 2706 Deus
2443 2684 2533 2707 com-

1466 2721 1642 2752 municavit
1665 2725 1842 2750 creaturae:
1874 2719 1994 2750 scilicet
2016 2719 2123 2750 videre
2145 2719 2262 2755 Deum,
2286 2719 2349 2750 frui
2372 2719 2444 2750 Deo
2462 2719 2532 2751 viso

1467 2775 1524 2806 per
1540 2765 1719 2799 essentiam,
1737 2773 1804 2794 esse
1824 2769 2007 2794 consortem
2027 2763 2152 2794 divinae
2172 2769 2304 2794 naturae
2324 2773 2382 2804 per
2400 2763 2532 2803 gratiam

1467 2809 1647 2840 inchoative
1682 2813 1712 2838 et
1735 2817 1793 2848 per
1821 2807 1956 2847 gloriam
1979 2813 2212 2838 consummate.
2247 2807 2340 2845 Quae
2366 2807 2443 2848 quia
2463 2815 2532 2838 non

1467 2858 1604 2894 possunt
1626 2853 1671 2882 sic
1688 2852 1920 2882 communicari
1935 2857 1971 2881 ut
1986 2852 2141 2882 naturalia
2163 2857 2219 2882 aut
2237 2851 2455 2882 connaturalia
2471 2851 2533 2882 sint

1468 2903 1643 2932 creaturae,
1668 2896 1741 2926 ideo
1771 2895 2051 2936 supernaturaliter
2080 2905 2117 2926 ac
2144 2906 2183 2926 ex
2206 2894 2531 2936 superabundantiae

1467 2942 1565 2982 gratia
1594 2941 1682 2971 Deus
1706 2939 1797 2980 quod
1818 2940 1877 2970 sibi
1900 2940 1960 2970 soli
1984 2950 2022 2970 ex
2045 2940 2180 2970 naturali
2207 2939 2319 2970 ordine
2340 2944 2532 2970 remanserat

1467 2985 1651 3026 proprium,
1676 2993 1851 3015 commune
1879 2983 1954 3014 fecit
1977 2989 2148 3020 creaturae,
2167 2989 2204 3015 ut
2227 2987 2434 3023 conregnaret
2456 2991 2531 3013 cum

1467 3030 1522 3060 illo
1547 3030 1638 3059 beata
1660 3029 1693 3058 in
1716 3028 1800 3058 illius
1823 3037 1957 3068 quoque
1980 3028 2103 3058 visione
2126 3037 2162 3058 ac
2185 3027 2346 3058 fruitione.
2374 3026 2420 3057 Ita
2442 3025 2532 3066 quod

1468 3074 1529 3104 Dei
1553 3073 1752 3107 communio,
1771 3082 1853 3112 quae
1875 3072 2080 3112 impossibilis
2095 3077 2142 3102 est
2164 3070 2298 3102 naturali
2318 3069 2432 3106 ordini,
2453 3079 2532 3101 con-

1469 3127 1556 3149 cessa
1580 3122 1626 3147 est
1649 3116 1828 3147 secundum
1851 3116 2125 3156 supernaturalem
2147 3114 2294 3146 ordinem
2315 3114 2443 3154 gratiae.

1524 3161 1607 3191 Tam
1631 3160 1913 3191 excellentissimus
1928 3165 2036 3191 autem
2052 3164 2099 3190 est
2113 3167 2205 3189 amor
2219 3158 2345 3189 Surnmi
2359 3157 2444 3188 Boni
2458 3167 2532 3198 erga

1469 3211 1645 3236 creaturam
1667 3210 1702 3235 ut
1718 3214 1785 3234 non
1809 3209 1855 3234 sat
1878 3203 1972 3234 fuerit
1987 3203 2032 3234 illi
2048 3202 2286 3234 communicare
2304 3210 2338 3232 se
2353 3200 2531 3232 secundum

1469 3250 1645 3280 naturalem
1661 3248 1808 3279 ordinem
1832 3253 2002 3283 creaturae,
2026 3245 2164 3277 creando
2180 3246 2382 3282 universum;
2405 3254 2466 3276 nee
2486 3251 2532 3276 et-

1469 3295 1533 3324 iam
1553 3299 1599 3324 sat
1623 3293 1717 3323 fuerit
1740 3291 1844 3323 eidem
1866 3291 2104 3322 communicare
2120 3299 2154 3320 se
2170 3295 2330 3320 creaturae
2353 3288 2531 3320 secundum

1470 3338 1616 3368 ordinem
1645 3337 1778 3377 gratiae,
1803 3334 1957 3366 elevando
1987 3335 2088 3374 ipsam
2117 3333 2157 3364 ad
2184 3333 2383 3364 consortium
2406 3332 2530 3364 divinae

1470 3387 1616 3412 naturae:
1647 3380 1702 3411 sed
1731 3379 1771 3410 ad
1797 3379 1830 3410 id
1857 3387 1960 3409 unum
1983 3377 2072 3418 quod
2100 3377 2261 3418 reliquum
2284 3382 2366 3413 erat,
2390 3382 2422 3407 et
2443 3377 2530 3408 inex-

1471 3424 1655 3464 cogitabile,
1680 3423 1813 3455 elevavit
1842 3427 2033 3458 creaturam,
2064 3420 2103 3452 ad
2132 3420 2389 3462 personalitatem
2412 3421 2532 3452 scilicet

1471 3468 1627 3504 divinam,
1652 3467 1742 3508 quod
1765 3466 1804 3497 ad
1827 3466 1955 3497 tertium
1978 3470 2009 3496 et
2030 3474 2217 3505 supremum
2233 3463 2369 3495 modum
2384 3473 2531 3495 commu—

1471 3511 1597 3542 nicandi
1621 3521 1653 3542 se
1670 3516 1799 3552 spectat.
1823 3508 2009 3541 Secundum
2031 3508 2190 3548 siquidem
2213 3508 2299 3538 hunc
2315 3509 2444 3539 tertium
2460 3518 2530 3539 mo-

1472 3555 1549 3585 durn
1581 3556 1799 3586 communicat
1821 3563 1854 3584 se
1877 3553 1965 3583 Deus
1995 3558 2172 3588 creaturae,
2197 3561 2264 3582 non
2293 3552 2462 3583 tribuendo
2485 3552 2531 3583 illi

2554 1534 2566 1546 ⁸
2579 1533 2650 1556 Num.
2665 1539 2700 1556 m.

2557 2193 2568 2205 ⁸
2581 2191 2603 2215 11
2617 2192 2666 2214 Pet.
2685 2197 2736 2221 up.
2752 2197 2770 2220 x,

2557 2225 2618 2242 vm.
2631 2226 2656 2246 4.

2556 2328 2567 2339 ·
2575 2327 2623 2356 Qu.
2631 2324 2688 2355 uu,
2698 2330 2740 2350 ιη.
2749 2332 2770 2356 ³-
