<?xml version="1.0" encoding="UTF-8"?>
<!DOCTYPE html PUBLIC "-//W3C//DTD XHTML 1.0 Transitional//EN"
    "http://www.w3.org/TR/xhtml1/DTD/xhtml1-transitional.dtd">
<html xmlns="http://www.w3.org/1999/xhtml" xml:lang="en" lang="en">
 <head>
  <title>
</title>
<meta http-equiv="Content-Type" content="text/html;charset=utf-8" />
  <meta name='ocr-system' content='tesseract 3.04.00' />
  <meta name='ocr-capabilities' content='ocr_page ocr_carea ocr_par ocr_line ocrx_word'/>
</head>
<body>
  <div class='ocr_page' id='page_1' title='image "./operaomniaiussui11thom_0118.png"; bbox 0 0 2872 3970; ppageno 0'>
   <div class='ocr_carea' id='block_1_1' title="bbox 395 255 444 291">
    <p class='ocr_par' dir='ltr' id='par_1_1' title="bbox 395 255 444 291">
     <span class='ocr_line' id='line_1_1' title="bbox 395 255 444 291; baseline -0.02 0"><span class='ocrx_word' id='word_1_1' title='bbox 395 255 444 291; x_wconf 87' lang='lat'>62</span> 
     </span>
    </p>
   </div>
   <div class='ocr_carea' id='block_1_2' title="bbox 155 328 1461 1584">
    <p class='ocr_par' dir='ltr' id='par_1_2' title="bbox 156 328 1461 496">
     <span class='ocr_line' id='line_1_2' title="bbox 395 328 1460 378; baseline -0.006 -9"><span class='ocrx_word' id='word_1_2' title='bbox 395 339 602 378; x_wconf 88' lang='lat' dir='ltr'>carnatam,</span> <span class='ocrx_word' id='word_1_3' title='bbox 623 331 673 367; x_wconf 91' lang='lat' dir='ltr'>ita</span> <span class='ocrx_word' id='word_1_4' title='bbox 693 338 728 367; x_wconf 92' lang='lat' dir='ltr'>et</span> <span class='ocrx_word' id='word_1_5' title='bbox 747 338 942 367; x_wconf 86' lang='lat' dir='ltr'>naturam:</span> <span class='ocrx_word' id='word_1_6' title='bbox 963 335 1037 366; x_wconf 89' lang='lat' dir='ltr'>tota</span> <span class='ocrx_word' id='word_1_7' title='bbox 1057 328 1161 365; x_wconf 91' lang='lat' dir='ltr'>enim</span> <span class='ocrx_word' id='word_1_8' title='bbox 1180 328 1305 365; x_wconf 82' lang='lat' dir='ltr'>divina</span> <span class='ocrx_word' id='word_1_9' title='bbox 1325 332 1460 364; x_wconf 87' lang='lat' dir='ltr'>natura</span> 
     </span>
     <span class='ocr_line' id='line_1_3' title="bbox 395 378 1461 432; baseline -0.007 -11"><span class='ocrx_word' id='word_1_10' title='bbox 395 387 432 421; x_wconf 88' lang='lat' dir='ltr'>in</span> <span class='ocrx_word' id='word_1_11' title='bbox 462 397 538 421; x_wconf 90' lang='lat' dir='ltr'>una</span> <span class='ocrx_word' id='word_1_12' title='bbox 564 395 718 420; x_wconf 90' lang='lat' dir='ltr'>suarum</span> <span class='ocrx_word' id='word_1_13' title='bbox 738 385 977 432; x_wconf 79' lang='lat' dir='ltr'><em>hypostasum</em></span> <span class='ocrx_word' id='word_1_14' title='bbox 1006 383 1201 418; x_wconf 88' lang='lat' dir='ltr'>incarnata</span> <span class='ocrx_word' id='word_1_15' title='bbox 1229 385 1291 425; x_wconf 90' lang='lat' dir='ltr'>est,</span> <span class='ocrx_word' id='word_1_16' title='bbox 1311 386 1354 415; x_wconf 90' lang='lat' dir='ltr'>ut</span> <span class='ocrx_word' id='word_1_17' title='bbox 1372 378 1461 415; x_wconf 91' lang='lat' dir='ltr'>dicit</span> 
     </span>
     <span class='ocr_line' id='line_1_4' title="bbox 156 433 1459 496; baseline -0.007 -21"><span class='ocrx_word' id='word_1_18' title='bbox 156 442 366 496; x_wconf 48' lang='lat' dir='ltr'>&#39;&#39;iffenfissgryp</span> <span class='ocrx_word' id='word_1_19' title='bbox 395 438 670 482; x_wconf 87' lang='lat' dir='ltr'>Damascenus‚</span> <span class='ocrx_word' id='word_1_20' title='bbox 691 435 730 472; x_wconf 92' lang='lat' dir='ltr'>in</span> <span class='ocrx_word' id='word_1_21' title='bbox 759 436 804 471; x_wconf 91' lang='lat' dir='ltr'>III</span> <span class='ocrx_word' id='word_1_22' title='bbox 833 435 928 471; x_wconf 89' lang='lat' dir='ltr'>libro</span> <span class='ocrx_word' id='word_1_23' title='bbox 947 434 978 470; x_wconf 70' lang='lat'>³¹².</span> <span class='ocrx_word' id='word_1_24' title='bbox 1018 433 1094 470; x_wconf 87' lang='lat' dir='ltr'>Sed</span> <span class='ocrx_word' id='word_1_25' title='bbox 1122 439 1257 469; x_wconf 90' lang='lat' dir='ltr'>natura</span> <span class='ocrx_word' id='word_1_26' title='bbox 1285 442 1459 468; x_wconf 90' lang='lat' dir='ltr'>commu-</span> 
     </span>
    </p>

    <p class='ocr_par' dir='ltr' id='par_1_3' title="bbox 191 483 1343 537">
     <span class='ocr_line' id='line_1_5' title="bbox 191 483 1343 537; baseline -0.006 -10"><span class='ocrx_word' id='word_1_27' title='bbox 191 486 196 491; x_wconf 79' lang='grc'><em>’</em></span> <span class='ocrx_word' id='word_1_28' title='bbox 245 485 250 495; x_wconf 73' lang='grc'><em>’</em></span> <span class='ocrx_word' id='word_1_29' title='bbox 315 485 319 490; x_wconf 78' lang='lat'>&#39;</span> <span class='ocrx_word' id='word_1_30' title='bbox 360 485 366 490; x_wconf 82' lang='lat'>&#39;</span> <span class='ocrx_word' id='word_1_31' title='bbox 395 489 453 526; x_wconf 92' lang='lat' dir='ltr'>nis</span> <span class='ocrx_word' id='word_1_32' title='bbox 482 497 536 526; x_wconf 89' lang='lat' dir='ltr'>est</span> <span class='ocrx_word' id='word_1_33' title='bbox 563 488 683 525; x_wconf 87' lang='lat' dir='ltr'>tribus</span> <span class='ocrx_word' id='word_1_34' title='bbox 710 487 895 537; x_wconf 88' lang='lat' dir='ltr'>personis.</span> <span class='ocrx_word' id='word_1_35' title='bbox 926 487 1028 534; x_wconf 83' lang='lat' dir='ltr'>Ergo</span> <span class='ocrx_word' id='word_1_36' title='bbox 1057 493 1092 522; x_wconf 92' lang='lat' dir='ltr'>et</span> <span class='ocrx_word' id='word_1_37' title='bbox 1120 483 1343 532; x_wconf 84' lang='lat' dir='ltr'>assumptio.</span> 
     </span>
    </p>

    <p class='ocr_par' dir='ltr' id='par_1_4' title="bbox 393 534 1460 851">
     <span class='ocr_line' id='line_1_6' title="bbox 450 534 1459 587; baseline -0.008 -8"><span class='ocrx_word' id='word_1_38' title='bbox 450 541 484 578; x_wconf 86' lang='lat'>3.</span> <span class='ocrx_word' id='word_1_39' title='bbox 514 542 747 587; x_wconf 63' lang='lat' dir='ltr'>Pmeranm,</span> <span class='ocrx_word' id='word_1_40' title='bbox 768 539 864 576; x_wconf 86' lang='lat' dir='ltr'>sicut</span> <span class='ocrx_word' id='word_1_41' title='bbox 883 540 1056 575; x_wconf 89' lang='lat' dir='ltr'>humana</span> <span class='ocrx_word' id='word_1_42' title='bbox 1083 545 1220 574; x_wconf 87' lang='lat' dir='ltr'>natura</span> <span class='ocrx_word' id='word_1_43' title='bbox 1238 536 1278 572; x_wconf 90' lang='lat' dir='ltr'>in</span> <span class='ocrx_word' id='word_1_44' title='bbox 1307 534 1459 573; x_wconf 90' lang='lat' dir='ltr'>Christo</span> 
     </span>
     <span class='ocr_line' id='line_1_7' title="bbox 395 588 1460 642; baseline -0.007 -11"><span class='ocrx_word' id='word_1_45' title='bbox 395 601 592 642; x_wconf 87' lang='lat' dir='ltr'>assumpta</span> <span class='ocrx_word' id='word_1_46' title='bbox 620 601 675 630; x_wconf 92' lang='lat' dir='ltr'>est</span> <span class='ocrx_word' id='word_1_47' title='bbox 701 605 724 630; x_wconf 90' lang='lat' dir='ltr'>a</span> <span class='ocrx_word' id='word_1_48' title='bbox 751 593 856 638; x_wconf 87' lang='lat' dir='ltr'>Deo,</span> <span class='ocrx_word' id='word_1_49' title='bbox 887 591 937 628; x_wconf 89' lang='lat' dir='ltr'>ita</span> <span class='ocrx_word' id='word_1_50' title='bbox 971 589 1086 627; x_wconf 88' lang='lat' dir='ltr'>etiam</span> <span class='ocrx_word' id='word_1_51' title='bbox 1114 597 1149 626; x_wconf 92' lang='lat' dir='ltr'>et</span> <span class='ocrx_word' id='word_1_52' title='bbox 1177 588 1356 626; x_wconf 87' lang='lat' dir='ltr'>homines</span> <span class='ocrx_word' id='word_1_53' title='bbox 1391 599 1460 636; x_wconf 91' lang='lat' dir='ltr'>per</span> 
     </span>
     <span class='ocr_line' id='line_1_8' title="bbox 394 639 1459 694; baseline -0.008 -10"><span class='ocrx_word' id='word_1_54' title='bbox 394 646 553 694; x_wconf 86' lang='lat' dir='ltr'>gratiam</span> <span class='ocrx_word' id='word_1_55' title='bbox 591 652 841 682; x_wconf 91' lang='lat' dir='ltr'>assumuntur</span> <span class='ocrx_word' id='word_1_56' title='bbox 876 643 924 680; x_wconf 93' lang='lat' dir='ltr'>ab</span> <span class='ocrx_word' id='word_1_57' title='bbox 962 643 1066 691; x_wconf 81' lang='lat' dir='ltr'>ipso:</span> <span class='ocrx_word' id='word_1_58' title='bbox 1112 641 1329 678; x_wconf 91' lang='lat' dir='ltr'>secundum</span> <span class='ocrx_word' id='word_1_59' title='bbox 1366 639 1459 676; x_wconf 91' lang='lat' dir='ltr'>illud</span> 
     </span>
     <span class='ocr_line' id='line_1_9' title="bbox 393 694 1459 744; baseline -0.008 -8"><span class='ocrx_word' id='word_1_60' title='bbox 393 700 505 736; x_wconf 87' lang='lat' dir='ltr'>Rom.</span> <span class='ocrx_word' id='word_1_61' title='bbox 526 711 585 735; x_wconf 80' lang='lat' dir='ltr'>xxv</span> <span class='ocrx_word' id='word_1_62' title='bbox 603 698 642 734; x_wconf 72' lang='grc' dir='ltr'>*ε</span> <span class='ocrx_word' id='word_1_63' title='bbox 671 699 773 734; x_wconf 88' lang='lat' dir='ltr'>Deus</span> <span class='ocrx_word' id='word_1_64' title='bbox 801 697 904 733; x_wconf 86' lang='lat' dir='ltr'>illum</span> <span class='ocrx_word' id='word_1_65' title='bbox 933 695 1136 744; x_wconf 80' lang='lat' dir='ltr'><em>assumpsit.</em></span> <span class='ocrx_word' id='word_1_66' title='bbox 1177 694 1253 731; x_wconf 89' lang='lat' dir='ltr'>Sed</span> <span class='ocrx_word' id='word_1_67' title='bbox 1281 694 1377 729; x_wconf 91' lang='lat' dir='ltr'>haec</span> <span class='ocrx_word' id='word_1_68' title='bbox 1405 705 1459 729; x_wconf 85' lang='lat' dir='ltr'>as-</span> 
     </span>
     <span class='ocr_line' id='line_1_10' title="bbox 395 746 1459 800; baseline -0.007 -12"><span class='ocrx_word' id='word_1_69' title='bbox 395 750 564 800; x_wconf 90' lang='lat' dir='ltr'>sumptio</span> <span class='ocrx_word' id='word_1_70' title='bbox 601 748 861 787; x_wconf 89' lang='lat' dir='ltr'>communiter</span> <span class='ocrx_word' id='word_1_71' title='bbox 887 747 1050 797; x_wconf 80' lang='lat' dir='ltr'>pertinet</span> <span class='ocrx_word' id='word_1_72' title='bbox 1086 746 1135 783; x_wconf 91' lang='lat' dir='ltr'>ad</span> <span class='ocrx_word' id='word_1_73' title='bbox 1163 757 1301 783; x_wconf 88' lang='lat' dir='ltr'>omnes</span> <span class='ocrx_word' id='word_1_74' title='bbox 1328 757 1459 794; x_wconf 89' lang='lat' dir='ltr'>perso-</span> 
     </span>
     <span class='ocr_line' id='line_1_11' title="bbox 394 801 836 851; baseline -0.007 -10"><span class='ocrx_word' id='word_1_75' title='bbox 394 816 475 841; x_wconf 90' lang='lat' dir='ltr'>nas.</span> <span class='ocrx_word' id='word_1_76' title='bbox 505 804 607 851; x_wconf 87' lang='lat' dir='ltr'>Ergo</span> <span class='ocrx_word' id='word_1_77' title='bbox 637 810 672 839; x_wconf 93' lang='lat' dir='ltr'>et</span> <span class='ocrx_word' id='word_1_78' title='bbox 699 801 836 851; x_wconf 87' lang='lat' dir='ltr'>prima.</span> 
     </span>
    </p>

    <p class='ocr_par' dir='ltr' id='par_1_5' title="bbox 155 850 1458 954">
     <span class='ocr_line' id='line_1_12' title="bbox 449 850 1457 902; baseline -0.007 -9"><span class='ocrx_word' id='word_1_79' title='bbox 449 857 522 893; x_wconf 77' lang='lat' dir='ltr'>SED</span> <span class='ocrx_word' id='word_1_80' title='bbox 549 867 691 892; x_wconf 77' lang='lat' dir='ltr'>CONTRA</span> <span class='ocrx_word' id='word_1_81' title='bbox 712 866 777 890; x_wconf 86' lang='lat' dir='ltr'>EST</span> <span class='ocrx_word' id='word_1_82' title='bbox 797 852 903 902; x_wconf 93' lang='lat' dir='ltr'>quod</span> <span class='ocrx_word' id='word_1_83' title='bbox 923 851 1145 901; x_wconf 84' lang='lat' dir='ltr'>DionysiuS‚</span> <span class='ocrx_word' id='word_1_84' title='bbox 1165 863 1186 887; x_wconf 88' lang='lat'>11</span> <span class='ocrx_word' id='word_1_85' title='bbox 1206 863 1289 899; x_wconf 89' lang='lat' dir='ltr'>cap.</span> <span class='ocrx_word' id='word_1_86' title='bbox 1309 850 1355 887; x_wconf 87' lang='lat' dir='ltr'>de</span> <span class='ocrx_word' id='word_1_87' title='bbox 1371 851 1457 888; x_wconf 75' lang='lat' dir='ltr'>Diu.</span> 
     </span>
     <span class='ocr_line' id='line_1_13' title="bbox 155 902 1458 954; baseline -0.006 -7"><span class='ocrx_word' id='word_1_88' title='bbox 155 918 366 944; x_wconf 68' lang='lat' dir='ltr'>‘S-Th-1ect·=‚=¹¹-</span> <span class='ocrx_word' id='word_1_89' title='bbox 393 909 509 945; x_wconf 90' lang='lat' dir='ltr'>Nom.</span> <span class='ocrx_word' id='word_1_90' title='bbox 530 908 567 954; x_wconf 67' lang='lat'>³¹²,</span> <span class='ocrx_word' id='word_1_91' title='bbox 594 905 864 944; x_wconf 85' lang='lat' dir='ltr'>incarnationis</span> <span class='ocrx_word' id='word_1_92' title='bbox 892 904 1119 954; x_wconf 86' lang='lat' dir='ltr'>mysterium</span> <span class='ocrx_word' id='word_1_93' title='bbox 1153 903 1243 940; x_wconf 92' lang='lat' dir='ltr'>dicit</span> <span class='ocrx_word' id='word_1_94' title='bbox 1270 902 1458 952; x_wconf 90' lang='lat' dir='ltr'>pertinere</span> 
     </span>
    </p>

    <p class='ocr_par' dir='ltr' id='par_1_6' title="bbox 250 955 1459 1102">
     <span class='ocr_line' id='line_1_14' title="bbox 393 955 1459 1008; baseline -0.007 -10"><span class='ocrx_word' id='word_1_95' title='bbox 393 961 442 998; x_wconf 87' lang='lat' dir='ltr'>ad</span> <span class='ocrx_word' id='word_1_96' title='bbox 479 960 674 997; x_wconf 84' lang='lat' dir='ltr'>discretam</span> <span class='ocrx_word' id='word_1_97' title='bbox 708 958 956 1008; x_wconf 82' lang='lat' dir='ltr'>theologiam:</span> <span class='ocrx_word' id='word_1_98' title='bbox 990 957 1206 994; x_wconf 91' lang='lat' dir='ltr'>secundum</span> <span class='ocrx_word' id='word_1_99' title='bbox 1241 967 1362 1004; x_wconf 91' lang='lat' dir='ltr'>quam</span> <span class='ocrx_word' id='word_1_100' title='bbox 1390 955 1459 992; x_wconf 90' lang='lat' dir='ltr'>sci-</span> 
     </span>
     <span class='ocr_line' id='line_1_15' title="bbox 250 1007 1458 1061; baseline -0.005 -11"><span class='ocrx_word' id='word_1_101' title='bbox 250 1020 265 1035; x_wconf 75' lang='lat'>0‘</span> <span class='ocrx_word' id='word_1_102' title='bbox 392 1013 477 1050; x_wconf 85' lang='lat' dir='ltr'>licet</span> <span class='ocrx_word' id='word_1_103' title='bbox 505 1011 648 1061; x_wconf 89' lang='lat' dir='ltr'>aliquid</span> <span class='ocrx_word' id='word_1_104' title='bbox 682 1011 902 1048; x_wconf 88' lang='lat' dir='ltr'>distinctum</span> <span class='ocrx_word' id='word_1_105' title='bbox 923 1015 938 1031; x_wconf 77' lang='lat'><em>²</em></span> <span class='ocrx_word' id='word_1_106' title='bbox 967 1009 1105 1046; x_wconf 89' lang='lat' dir='ltr'>dicitur</span> <span class='ocrx_word' id='word_1_107' title='bbox 1131 1009 1179 1046; x_wconf 90' lang='lat' dir='ltr'>de</span> <span class='ocrx_word' id='word_1_108' title='bbox 1207 1007 1347 1045; x_wconf 89' lang='lat' dir='ltr'>divinis</span> <span class='ocrx_word' id='word_1_109' title='bbox 1374 1019 1458 1057; x_wconf 91' lang='lat' dir='ltr'>per-</span> 
     </span>
     <span class='ocr_line' id='line_1_16' title="bbox 393 1065 889 1102; baseline -0.012 0"><span class='ocrx_word' id='word_1_110' title='bbox 393 1065 509 1102; x_wconf 91' lang='lat' dir='ltr'>sonis.</span> <span class='ocrx_word' id='word_1_111' title='bbox 886 1076 889 1081; x_wconf 56' lang='lat'><em>⁴</em></span> 
     </span>
    </p>

    <p class='ocr_par' dir='ltr' id='par_1_7' title="bbox 391 1112 1459 1584">
     <span class='ocr_line' id='line_1_17' title="bbox 445 1112 1457 1164; baseline -0.005 -10"><span class='ocrx_word' id='word_1_112' title='bbox 445 1118 670 1155; x_wconf 79' lang='lat' dir='ltr'>RESPONDEO</span> <span class='ocrx_word' id='word_1_113' title='bbox 698 1128 879 1154; x_wconf 80' lang='lat' dir='ltr'>mCENDUM</span> <span class='ocrx_word' id='word_1_114' title='bbox 908 1115 1027 1164; x_wconf 87' lang='lat' dir='ltr'>quod,</span> <span class='ocrx_word' id='word_1_115' title='bbox 1054 1114 1151 1151; x_wconf 88' lang='lat' dir='ltr'>sicut</span> <span class='ocrx_word' id='word_1_116' title='bbox 1177 1113 1324 1151; x_wconf 84' lang='lat' dir='ltr'>dictum</span> <span class='ocrx_word' id='word_1_117' title='bbox 1353 1121 1408 1151; x_wconf 90' lang='lat' dir='ltr'>est</span> <span class='ocrx_word' id='word_1_118' title='bbox 1425 1112 1457 1161; x_wconf 61' lang='lat'>⁹³,</span> 
     </span>
     <span class='ocr_line' id='line_1_18' title="bbox 392 1167 1459 1219; baseline -0.005 -12"><span class='ocrx_word' id='word_1_119' title='bbox 392 1170 604 1219; x_wconf 88' lang='lat' dir='ltr'>assumptio</span> <span class='ocrx_word' id='word_1_120' title='bbox 624 1170 704 1206; x_wconf 91' lang='lat' dir='ltr'>duo</span> <span class='ocrx_word' id='word_1_121' title='bbox 724 1169 924 1218; x_wconf 83' lang='lat' dir='ltr'>importat:</span> <span class='ocrx_word' id='word_1_122' title='bbox 955 1167 1093 1204; x_wconf 87' lang='lat' dir='ltr'>scilicet</span> <span class='ocrx_word' id='word_1_123' title='bbox 1111 1174 1241 1203; x_wconf 90' lang='lat' dir='ltr'>actum</span> <span class='ocrx_word' id='word_1_124' title='bbox 1262 1178 1459 1203; x_wconf 89' lang='lat' dir='ltr'>assumen-</span> 
     </span>
     <span class='ocr_line' id='line_1_19' title="bbox 391 1220 1459 1270; baseline -0.004 -11"><span class='ocrx_word' id='word_1_125' title='bbox 391 1222 449 1269; x_wconf 85' lang='lat' dir='ltr'>tis,</span> <span class='ocrx_word' id='word_1_126' title='bbox 470 1230 506 1259; x_wconf 92' lang='lat' dir='ltr'>et</span> <span class='ocrx_word' id='word_1_127' title='bbox 533 1222 743 1259; x_wconf 90' lang='lat' dir='ltr'>terminum</span> <span class='ocrx_word' id='word_1_128' title='bbox 771 1220 1056 1270; x_wconf 88' lang='lat' dir='ltr'>assumptionis.</span> <span class='ocrx_word' id='word_1_129' title='bbox 1093 1221 1210 1256; x_wconf 92' lang='lat' dir='ltr'>Actus</span> <span class='ocrx_word' id='word_1_130' title='bbox 1245 1226 1375 1256; x_wconf 85' lang='lat' dir='ltr'>autern</span> <span class='ocrx_word' id='word_1_131' title='bbox 1404 1231 1459 1255; x_wconf 90' lang='lat' dir='ltr'>as-</span> 
     </span>
     <span class='ocr_line' id='line_1_20' title="bbox 392 1272 1457 1324; baseline -0.004 -12"><span class='ocrx_word' id='word_1_132' title='bbox 392 1275 577 1312; x_wconf 85' lang='lat' dir='ltr'>sumentis</span> <span class='ocrx_word' id='word_1_133' title='bbox 605 1273 777 1324; x_wconf 87' lang='lat' dir='ltr'>procedit</span> <span class='ocrx_word' id='word_1_134' title='bbox 805 1286 851 1310; x_wconf 87' lang='lat' dir='ltr'>ex</span> <span class='ocrx_word' id='word_1_135' title='bbox 879 1273 1010 1310; x_wconf 87' lang='lat' dir='ltr'>divina</span> <span class='ocrx_word' id='word_1_136' title='bbox 1036 1272 1195 1318; x_wconf 90' lang='lat' dir='ltr'>virtute,</span> <span class='ocrx_word' id='word_1_137' title='bbox 1226 1283 1326 1321; x_wconf 91' lang='lat' dir='ltr'>quae</span> <span class='ocrx_word' id='word_1_138' title='bbox 1354 1283 1457 1308; x_wconf 92' lang='lat' dir='ltr'>com-</span> 
     </span>
     <span class='ocr_line' id='line_1_21' title="bbox 391 1323 1458 1376; baseline -0.005 -11"><span class='ocrx_word' id='word_1_139' title='bbox 391 1328 521 1365; x_wconf 89' lang='lat' dir='ltr'>munis</span> <span class='ocrx_word' id='word_1_140' title='bbox 550 1336 605 1365; x_wconf 88' lang='lat' dir='ltr'>est</span> <span class='ocrx_word' id='word_1_141' title='bbox 631 1327 751 1364; x_wconf 92' lang='lat' dir='ltr'>tribus</span> <span class='ocrx_word' id='word_1_142' title='bbox 779 1325 972 1376; x_wconf 90' lang='lat' dir='ltr'>personis:</span> <span class='ocrx_word' id='word_1_143' title='bbox 1003 1325 1071 1362; x_wconf 91' lang='lat' dir='ltr'>sed</span> <span class='ocrx_word' id='word_1_144' title='bbox 1098 1323 1284 1361; x_wconf 89' lang='lat' dir='ltr'>terminus</span> <span class='ocrx_word' id='word_1_145' title='bbox 1313 1336 1458 1361; x_wconf 89' lang='lat' dir='ltr'>assum-</span> 
     </span>
     <span class='ocr_line' id='line_1_22' title="bbox 392 1377 1456 1430; baseline -0.004 -13"><span class='ocrx_word' id='word_1_146' title='bbox 392 1381 532 1430; x_wconf 91' lang='lat' dir='ltr'>ptionis</span> <span class='ocrx_word' id='word_1_147' title='bbox 561 1388 616 1417; x_wconf 91' lang='lat' dir='ltr'>est</span> <span class='ocrx_word' id='word_1_148' title='bbox 643 1391 828 1428; x_wconf 88' lang='lat' dir='ltr'>persona,</span> <span class='ocrx_word' id='word_1_149' title='bbox 858 1378 954 1415; x_wconf 91' lang='lat' dir='ltr'>sicut</span> <span class='ocrx_word' id='word_1_150' title='bbox 981 1377 1126 1415; x_wconf 89' lang='lat' dir='ltr'>dictum</span> <span class='ocrx_word' id='word_1_151' title='bbox 1154 1385 1210 1413; x_wconf 90' lang='lat' dir='ltr'>est</span> <span class='ocrx_word' id='word_1_152' title='bbox 1227 1377 1258 1413; x_wconf 66' lang='lat'>²⁸⁶.</span> <span class='ocrx_word' id='word_1_153' title='bbox 1293 1378 1342 1414; x_wconf 91' lang='lat' dir='ltr'>Et</span> <span class='ocrx_word' id='word_1_154' title='bbox 1368 1377 1456 1414; x_wconf 92' lang='lat' dir='ltr'>ideo</span> 
     </span>
     <span class='ocr_line' id='line_1_23' title="bbox 392 1429 1457 1482; baseline -0.005 -12"><span class='ocrx_word' id='word_1_155' title='bbox 392 1434 430 1470; x_wconf 89' lang='lat' dir='ltr'>id</span> <span class='ocrx_word' id='word_1_156' title='bbox 459 1433 565 1482; x_wconf 90' lang='lat' dir='ltr'>quod</span> <span class='ocrx_word' id='word_1_157' title='bbox 594 1440 649 1470; x_wconf 92' lang='lat' dir='ltr'>est</span> <span class='ocrx_word' id='word_1_158' title='bbox 677 1431 834 1468; x_wconf 88' lang='lat' dir='ltr'>actionis</span> <span class='ocrx_word' id='word_1_159' title='bbox 866 1431 905 1467; x_wconf 92' lang='lat' dir='ltr'>in</span> <span class='ocrx_word' id='word_1_160' title='bbox 933 1429 1216 1478; x_wconf 87' lang='lat' dir='ltr'>assumptione,</span> <span class='ocrx_word' id='word_1_161' title='bbox 1245 1441 1457 1466; x_wconf 89' lang='lat' dir='ltr'>commune</span> 
     </span>
     <span class='ocr_line' id='line_1_24' title="bbox 393 1481 1457 1534; baseline -0.005 -12"><span class='ocrx_word' id='word_1_162' title='bbox 393 1493 447 1522; x_wconf 92' lang='lat' dir='ltr'>est</span> <span class='ocrx_word' id='word_1_163' title='bbox 474 1485 594 1522; x_wconf 91' lang='lat' dir='ltr'>tribus</span> <span class='ocrx_word' id='word_1_164' title='bbox 622 1484 816 1534; x_wconf 88' lang='lat' dir='ltr'>personis:</span> <span class='ocrx_word' id='word_1_165' title='bbox 847 1483 913 1520; x_wconf 89' lang='lat' dir='ltr'>sed</span> <span class='ocrx_word' id='word_1_166' title='bbox 934 1483 973 1519; x_wconf 92' lang='lat' dir='ltr'>id</span> <span class='ocrx_word' id='word_1_167' title='bbox 1002 1483 1109 1532; x_wconf 93' lang='lat' dir='ltr'>quod</span> <span class='ocrx_word' id='word_1_168' title='bbox 1135 1481 1297 1531; x_wconf 88' lang='lat' dir='ltr'>pertinet</span> <span class='ocrx_word' id='word_1_169' title='bbox 1325 1482 1373 1518; x_wconf 86' lang='lat' dir='ltr'>ad</span> <span class='ocrx_word' id='word_1_170' title='bbox 1402 1493 1457 1518; x_wconf 91' lang='lat' dir='ltr'>ra-</span> 
     </span>
     <span class='ocr_line' id='line_1_25' title="bbox 391 1534 1457 1584; baseline -0.005 -9"><span class='ocrx_word' id='word_1_171' title='bbox 391 1538 537 1575; x_wconf 89' lang='lat' dir='ltr'>tionem</span> <span class='ocrx_word' id='word_1_172' title='bbox 565 1537 729 1584; x_wconf 85' lang='lat' dir='ltr'>termini,</span> <span class='ocrx_word' id='word_1_173' title='bbox 750 1535 931 1574; x_wconf 90' lang='lat' dir='ltr'>convenit</span> <span class='ocrx_word' id='word_1_174' title='bbox 958 1535 1008 1572; x_wconf 87' lang='lat' dir='ltr'>ita</span> <span class='ocrx_word' id='word_1_175' title='bbox 1036 1534 1104 1571; x_wconf 91' lang='lat' dir='ltr'>uni</span> <span class='ocrx_word' id='word_1_176' title='bbox 1132 1545 1321 1583; x_wconf 83' lang='lat' dir='ltr'>personae</span> <span class='ocrx_word' id='word_1_177' title='bbox 1350 1534 1457 1583; x_wconf 93' lang='lat' dir='ltr'>quod</span> 
     </span>
    </p>
   </div>
   <div class='ocr_carea' id='block_1_3' title="bbox 155 705 280 733">
    <p class='ocr_par' dir='ltr' id='par_1_8' title="bbox 155 705 280 733">
     <span class='ocr_line' id='line_1_26' title="bbox 155 705 280 733; baseline -0.008 -7"><span class='ocrx_word' id='word_1_178' title='bbox 155 706 164 715; x_wconf 87' lang='grc'><em>·</em></span> <span class='ocrx_word' id='word_1_179' title='bbox 179 705 244 726; x_wconf 84' lang='lat' dir='ltr'>Vers.</span> <span class='ocrx_word' id='word_1_180' title='bbox 260 711 280 733; x_wconf 83' lang='lat'>3.</span> 
     </span>
    </p>
   </div>
   <div class='ocr_carea' id='block_1_4' title="bbox 151 1124 296 1149">
    <p class='ocr_par' dir='ltr' id='par_1_9' title="bbox 151 1124 296 1149">
     <span class='ocr_line' id='line_1_27' title="bbox 151 1124 296 1149; baseline 0 -5"><span class='ocrx_word' id='word_1_181' title='bbox 151 1124 161 1134; x_wconf 70' lang='lat'>⁶</span> <span class='ocrx_word' id='word_1_182' title='bbox 174 1124 224 1144; x_wconf 84' lang='lat' dir='ltr'>Art.</span> <span class='ocrx_word' id='word_1_183' title='bbox 243 1130 260 1149; x_wconf 81' lang='grc' dir='ltr'>ι,</span> <span class='ocrx_word' id='word_1_184' title='bbox 276 1129 296 1144; x_wconf 83' lang='lat'>2.</span> 
     </span>
    </p>
   </div>
   <div class='ocr_carea' id='block_1_5' title="bbox 151 1388 261 1409">
    <p class='ocr_par' dir='ltr' id='par_1_10' title="bbox 151 1388 261 1409">
     <span class='ocr_line' id='line_1_28' title="bbox 151 1388 261 1409; baseline -0.018 0"><span class='ocrx_word' id='word_1_185' title='bbox 151 1389 160 1397; x_wconf 72' lang='lat'>&#39;⁵</span> <span class='ocrx_word' id='word_1_186' title='bbox 174 1388 224 1409; x_wconf 78' lang='lat' dir='ltr'>Arx.</span> <span class='ocrx_word' id='word_1_187' title='bbox 241 1393 261 1408; x_wconf 86' lang='lat'>2.</span> 
     </span>
    </p>
   </div>
   <div class='ocr_carea' id='block_1_6' title="bbox 445 1667 905 1703">
    <p class='ocr_par' dir='ltr' id='par_1_11' title="bbox 445 1667 905 1703">
     <span class='ocr_line' id='line_1_29' title="bbox 445 1667 905 1703; baseline 0 -11"><span class='ocrx_word' id='word_1_188' title='bbox 445 1668 473 1703; x_wconf 84' lang='grc' dir='ltr'>α)</span> <span class='ocrx_word' id='word_1_189' title='bbox 492 1668 657 1693; x_wconf 75' lang='lat' dir='ltr'>distinctum.</span> <span class='ocrx_word' id='word_1_190' title='bbox 670 1682 689 1686; x_wconf 92' lang='lat'>-</span> <span class='ocrx_word' id='word_1_191' title='bbox 708 1667 855 1692; x_wconf 77' lang='lat' dir='ltr'>distinctim</span> <span class='ocrx_word' id='word_1_192' title='bbox 877 1667 905 1692; x_wconf 85' lang='lat' dir='ltr'>P.</span> 
     </span>
    </p>
   </div>
   <div class='ocr_carea' id='block_1_7' title="bbox 1112 247 1857 296">
    <p class='ocr_par' dir='ltr' id='par_1_12' title="bbox 1112 247 1857 296">
     <span class='ocr_line' id='line_1_30' title="bbox 1112 247 1857 296; baseline -0.003 -10"><span class='ocrx_word' id='word_1_193' title='bbox 1112 248 1375 296; x_wconf 89' lang='lat' dir='ltr'>QUAESTIO</span> <span class='ocrx_word' id='word_1_194' title='bbox 1405 249 1470 295; x_wconf 89' lang='lat'>111,</span> <span class='ocrx_word' id='word_1_195' title='bbox 1504 247 1796 284; x_wconf 91' lang='lat' dir='ltr'>ARTICULUS</span> <span class='ocrx_word' id='word_1_196' title='bbox 1823 248 1857 284; x_wconf 93' lang='lat' dir='ltr'>V</span> 
     </span>
    </p>
   </div>
   <div class='ocr_carea' id='block_1_8' title="bbox 1512 325 2578 1258">
    <p class='ocr_par' dir='ltr' id='par_1_13' title="bbox 1513 325 2575 428">
     <span class='ocr_line' id='line_1_31' title="bbox 1514 325 2575 376; baseline 0.005 -14"><span class='ocrx_word' id='word_1_197' title='bbox 1514 337 1594 362; x_wconf 91' lang='lat' dir='ltr'>non</span> <span class='ocrx_word' id='word_1_198' title='bbox 1622 325 1694 363; x_wconf 90' lang='lat' dir='ltr'>alii.</span> <span class='ocrx_word' id='word_1_199' title='bbox 1733 327 1830 363; x_wconf 91' lang='lat' dir='ltr'>Tres</span> <span class='ocrx_word' id='word_1_200' title='bbox 1859 326 1976 363; x_wconf 54' lang='lat' dir='ltr'>enim*</span> <span class='ocrx_word' id='word_1_201' title='bbox 1999 339 2187 376; x_wconf 85' lang='lat' dir='ltr'>personae</span> <span class='ocrx_word' id='word_1_202' title='bbox 2223 327 2392 366; x_wconf 82' lang='lat' dir='ltr'>fecerunt</span> <span class='ocrx_word' id='word_1_203' title='bbox 2427 337 2471 367; x_wconf 89' lang='lat' dir='ltr'>ut</span> <span class='ocrx_word' id='word_1_204' title='bbox 2505 330 2575 367; x_wconf 92' lang='lat' dir='ltr'>hu-</span> 
     </span>
     <span class='ocr_line' id='line_1_32' title="bbox 1513 378 2427 428; baseline 0.003 -14"><span class='ocrx_word' id='word_1_205' title='bbox 1513 390 1630 415; x_wconf 86' lang='lat' dir='ltr'>mana</span> <span class='ocrx_word' id='word_1_206' title='bbox 1657 386 1794 415; x_wconf 85' lang='lat' dir='ltr'>natura</span> <span class='ocrx_word' id='word_1_207' title='bbox 1821 378 1994 416; x_wconf 88' lang='lat' dir='ltr'>uniretur</span> <span class='ocrx_word' id='word_1_208' title='bbox 2020 379 2089 416; x_wconf 92' lang='lat' dir='ltr'>uni</span> <span class='ocrx_word' id='word_1_209' title='bbox 2116 391 2305 428; x_wconf 84' lang='lat' dir='ltr'>personae</span> <span class='ocrx_word' id='word_1_210' title='bbox 2332 380 2427 418; x_wconf 86' lang='lat' dir='ltr'>Filii.</span> 
     </span>
    </p>

    <p class='ocr_par' dir='ltr' id='par_1_14' title="bbox 1513 432 2575 637">
     <span class='ocr_line' id='line_1_33' title="bbox 1566 432 2575 486; baseline 0.005 -19"><span class='ocrx_word' id='word_1_211' title='bbox 1566 432 1624 467; x_wconf 80' lang='lat' dir='ltr'>Ao</span> <span class='ocrx_word' id='word_1_212' title='bbox 1653 442 1788 468; x_wconf 79' lang='lat' dir='ltr'>PRIMUM</span> <span class='ocrx_word' id='word_1_213' title='bbox 1815 442 1914 468; x_wconf 78' lang='lat' dir='ltr'>ERGO</span> <span class='ocrx_word' id='word_1_214' title='bbox 1941 443 2123 469; x_wconf 74' lang='lat' dir='ltr'><strong>DICENDUM</strong></span> <span class='ocrx_word' id='word_1_215' title='bbox 2152 432 2259 482; x_wconf 91' lang='lat' dir='ltr'>quod</span> <span class='ocrx_word' id='word_1_216' title='bbox 2278 432 2373 470; x_wconf 88' lang='lat' dir='ltr'>ratio</span> <span class='ocrx_word' id='word_1_217' title='bbox 2401 433 2462 470; x_wconf 86' lang='lat' dir='ltr'>illa</span> <span class='ocrx_word' id='word_1_218' title='bbox 2489 444 2575 486; x_wconf 87' lang='lat' dir='ltr'>pro-</span> 
     </span>
     <span class='ocr_line' id='line_1_34' title="bbox 1514 482 2575 534; baseline 0.005 -15"><span class='ocrx_word' id='word_1_219' title='bbox 1514 482 1612 520; x_wconf 90' lang='lat' dir='ltr'>cedit</span> <span class='ocrx_word' id='word_1_220' title='bbox 1631 494 1677 519; x_wconf 87' lang='lat' dir='ltr'>ex</span> <span class='ocrx_word' id='word_1_221' title='bbox 1704 490 1811 532; x_wconf 88' lang='lat' dir='ltr'>parte</span> <span class='ocrx_word' id='word_1_222' title='bbox 1830 483 2071 533; x_wconf 88' lang='lat' dir='ltr'>operationis.</span> <span class='ocrx_word' id='word_1_223' title='bbox 2102 484 2150 521; x_wconf 92' lang='lat' dir='ltr'>Et</span> <span class='ocrx_word' id='word_1_224' title='bbox 2178 492 2400 534; x_wconf 90' lang='lat' dir='ltr'>sequeretur</span> <span class='ocrx_word' id='word_1_225' title='bbox 2424 487 2575 533; x_wconf 85' lang='lat' dir='ltr'>conclu-</span> 
     </span>
     <span class='ocr_line' id='line_1_35' title="bbox 1513 534 2575 594; baseline 0.004 -22"><span class='ocrx_word' id='word_1_226' title='bbox 1513 535 1570 572; x_wconf 89' lang='lat' dir='ltr'>sio</span> <span class='ocrx_word' id='word_1_227' title='bbox 1590 535 1621 594; x_wconf 74' lang='lat' dir='ltr'>si</span> <span class='ocrx_word' id='word_1_228' title='bbox 1640 537 1763 572; x_wconf 90' lang='lat' dir='ltr'>solam</span> <span class='ocrx_word' id='word_1_229' title='bbox 1781 534 1884 573; x_wconf 84' lang='lat' dir='ltr'>illam</span> <span class='ocrx_word' id='word_1_230' title='bbox 1903 536 2167 585; x_wconf 85' lang='lat' dir='ltr'>operationem</span> <span class='ocrx_word' id='word_1_231' title='bbox 2190 536 2412 586; x_wconf 86' lang='lat' dir='ltr'>importaret</span> <span class='ocrx_word' id='word_1_232' title='bbox 2430 538 2575 588; x_wconf 85' lang='lat' dir='ltr'>absque</span> 
     </span>
     <span class='ocr_line' id='line_1_36' title="bbox 1513 587 2073 637; baseline 0.002 -12"><span class='ocrx_word' id='word_1_233' title='bbox 1513 595 1691 633; x_wconf 78' lang='lat' dir='ltr'>termino,</span> <span class='ocrx_word' id='word_1_234' title='bbox 1719 587 1788 636; x_wconf 91' lang='lat' dir='ltr'>qui</span> <span class='ocrx_word' id='word_1_235' title='bbox 1815 596 1871 625; x_wconf 89' lang='lat' dir='ltr'>est</span> <span class='ocrx_word' id='word_1_236' title='bbox 1897 601 2073 637; x_wconf 89' lang='lat' dir='ltr'>persona.</span> 
     </span>
    </p>

    <p class='ocr_par' dir='ltr' id='par_1_15' title="bbox 1512 642 2577 1045">
     <span class='ocr_line' id='line_1_37' title="bbox 1566 642 2576 691; baseline 0.004 -15"><span class='ocrx_word' id='word_1_237' title='bbox 1566 642 1624 677; x_wconf 82' lang='lat' dir='ltr'>An</span> <span class='ocrx_word' id='word_1_238' title='bbox 1652 652 1842 677; x_wconf 78' lang='lat' dir='ltr'><strong>SECUNDUM</strong></span> <span class='ocrx_word' id='word_1_239' title='bbox 1868 652 2051 679; x_wconf 67' lang='lat' dir='ltr'>memnon</span> <span class='ocrx_word' id='word_1_240' title='bbox 2077 642 2184 691; x_wconf 90' lang='lat' dir='ltr'>quod</span> <span class='ocrx_word' id='word_1_241' title='bbox 2204 650 2340 679; x_wconf 89' lang='lat' dir='ltr'>natura</span> <span class='ocrx_word' id='word_1_242' title='bbox 2367 642 2508 680; x_wconf 89' lang='lat' dir='ltr'>dicitur</span> <span class='ocrx_word' id='word_1_243' title='bbox 2522 643 2576 681; x_wconf 91' lang='lat' dir='ltr'>in-</span> 
     </span>
     <span class='ocr_line' id='line_1_38' title="bbox 1513 692 2575 744; baseline 0.004 -15"><span class='ocrx_word' id='word_1_244' title='bbox 1513 700 1677 738; x_wconf 86' lang='lat' dir='ltr'>carnata,</span> <span class='ocrx_word' id='word_1_245' title='bbox 1702 692 1798 729; x_wconf 92' lang='lat' dir='ltr'>sicut</span> <span class='ocrx_word' id='word_1_246' title='bbox 1825 700 1861 730; x_wconf 92' lang='lat' dir='ltr'>et</span> <span class='ocrx_word' id='word_1_247' title='bbox 1889 705 2109 740; x_wconf 81' lang='lat' dir='ltr'>assumenS,</span> <span class='ocrx_word' id='word_1_248' title='bbox 2139 694 2284 732; x_wconf 86' lang='lat' dir='ltr'>ratione</span> <span class='ocrx_word' id='word_1_249' title='bbox 2311 706 2499 744; x_wconf 83' lang='lat' dir='ltr'>personae</span> <span class='ocrx_word' id='word_1_250' title='bbox 2527 697 2575 733; x_wconf 89' lang='lat' dir='ltr'>ad</span> 
     </span>
     <span class='ocr_line' id='line_1_39' title="bbox 1513 744 2576 795; baseline 0.005 -14"><span class='ocrx_word' id='word_1_251' title='bbox 1513 757 1633 795; x_wconf 90' lang='lat' dir='ltr'>quam</span> <span class='ocrx_word' id='word_1_252' title='bbox 1652 745 1851 782; x_wconf 86' lang='lat' dir='ltr'>terminata</span> <span class='ocrx_word' id='word_1_253' title='bbox 1869 753 1924 782; x_wconf 92' lang='lat' dir='ltr'>est</span> <span class='ocrx_word' id='word_1_254' title='bbox 1948 746 2054 792; x_wconf 92' lang='lat' dir='ltr'>unio,</span> <span class='ocrx_word' id='word_1_255' title='bbox 2075 745 2172 783; x_wconf 91' lang='lat' dir='ltr'>sicut</span> <span class='ocrx_word' id='word_1_256' title='bbox 2190 746 2336 784; x_wconf 88' lang='lat' dir='ltr'>dictum</span> <span class='ocrx_word' id='word_1_257' title='bbox 2356 754 2411 784; x_wconf 92' lang='lat' dir='ltr'>est</span> <span class='ocrx_word' id='word_1_258' title='bbox 2428 747 2465 786; x_wconf 76' lang='lat' dir='ltr'>*z</span> <span class='ocrx_word' id='word_1_259' title='bbox 2495 744 2576 787; x_wconf 88' lang='lat' dir='ltr'>non</span> 
     </span>
     <span class='ocr_line' id='line_1_40' title="bbox 1513 798 2576 849; baseline 0.004 -14"><span class='ocrx_word' id='word_1_260' title='bbox 1513 806 1642 835; x_wconf 87' lang='lat' dir='ltr'>autem</span> <span class='ocrx_word' id='word_1_261' title='bbox 1670 805 1786 847; x_wconf 92' lang='lat' dir='ltr'>prout</span> <span class='ocrx_word' id='word_1_262' title='bbox 1813 805 1868 836; x_wconf 92' lang='lat' dir='ltr'>est</span> <span class='ocrx_word' id='word_1_263' title='bbox 1895 798 2116 836; x_wconf 88' lang='lat' dir='ltr'>communis</span> <span class='ocrx_word' id='word_1_264' title='bbox 2142 799 2262 837; x_wconf 89' lang='lat' dir='ltr'>tribus</span> <span class='ocrx_word' id='word_1_265' title='bbox 2289 800 2474 849; x_wconf 86' lang='lat' dir='ltr'>personis.</span> <span class='ocrx_word' id='word_1_266' title='bbox 2511 799 2576 841; x_wconf 88' lang='lat' dir='ltr'>Di—</span> 
     </span>
     <span class='ocr_line' id='line_1_41' title="bbox 1513 850 2577 903; baseline 0.004 -16"><span class='ocrx_word' id='word_1_267' title='bbox 1513 850 1609 888; x_wconf 90' lang='lat' dir='ltr'>citur</span> <span class='ocrx_word' id='word_1_268' title='bbox 1623 858 1753 887; x_wconf 89' lang='lat' dir='ltr'>autem</span> <span class='ocrx_word' id='word_1_269' title='bbox 1771 856 1846 887; x_wconf 88' lang='lat' dir='ltr'>tota</span> <span class='ocrx_word' id='word_1_270' title='bbox 1865 857 2000 888; x_wconf 80' lang='lat' dir='ltr'>natura</span> <span class='ocrx_word' id='word_1_271' title='bbox 2018 852 2143 890; x_wconf 86' lang='lat' dir='ltr'>divina</span> <span class='ocrx_word' id='word_1_272' title='bbox 2162 853 2371 899; x_wconf 82' lang='lat' dir='ltr'>incarnata,</span> <span class='ocrx_word' id='word_1_273' title='bbox 2385 865 2466 891; x_wconf 92' lang='lat' dir='ltr'>non</span> <span class='ocrx_word' id='word_1_274' title='bbox 2485 854 2577 903; x_wconf 86' lang='lat' dir='ltr'>quia</span> 
     </span>
     <span class='ocr_line' id='line_1_42' title="bbox 1513 903 2575 955; baseline 0.005 -16"><span class='ocrx_word' id='word_1_275' title='bbox 1513 903 1559 940; x_wconf 91' lang='lat' dir='ltr'>sit</span> <span class='ocrx_word' id='word_1_276' title='bbox 1577 903 1771 940; x_wconf 87' lang='lat' dir='ltr'>incarnata</span> <span class='ocrx_word' id='word_1_277' title='bbox 1790 903 1829 939; x_wconf 92' lang='lat' dir='ltr'>in</span> <span class='ocrx_word' id='word_1_278' title='bbox 1849 903 2032 940; x_wconf 88' lang='lat' dir='ltr'>omnibus</span> <span class='ocrx_word' id='word_1_279' title='bbox 2054 904 2247 952; x_wconf 83' lang='lat' dir='ltr'>personis:</span> <span class='ocrx_word' id='word_1_280' title='bbox 2277 905 2344 942; x_wconf 88' lang='lat' dir='ltr'>sed</span> <span class='ocrx_word' id='word_1_281' title='bbox 2371 906 2464 955; x_wconf 87' lang='lat' dir='ltr'>quia</span> <span class='ocrx_word' id='word_1_282' title='bbox 2482 906 2575 944; x_wconf 87' lang='lat' dir='ltr'>nihil</span> 
     </span>
     <span class='ocr_line' id='line_1_43' title="bbox 1512 955 2576 1007; baseline 0.004 -15"><span class='ocrx_word' id='word_1_283' title='bbox 1512 956 1618 993; x_wconf 89' lang='lat' dir='ltr'>deest</span> <span class='ocrx_word' id='word_1_284' title='bbox 1645 955 1693 992; x_wconf 92' lang='lat' dir='ltr'>de</span> <span class='ocrx_word' id='word_1_285' title='bbox 1711 955 1941 1005; x_wconf 85' lang='lat' dir='ltr'>perfectione</span> <span class='ocrx_word' id='word_1_286' title='bbox 1969 955 2122 993; x_wconf 86' lang='lat' dir='ltr'>divinae</span> <span class='ocrx_word' id='word_1_287' title='bbox 2141 964 2301 994; x_wconf 52' lang='lat' dir='ltr'>naturae*</span> <span class='ocrx_word' id='word_1_288' title='bbox 2317 968 2504 1007; x_wconf 85' lang='lat' dir='ltr'>personae</span> <span class='ocrx_word' id='word_1_289' title='bbox 2523 959 2576 996; x_wconf 92' lang='lat' dir='ltr'>in-</span> 
     </span>
     <span class='ocr_line' id='line_1_44' title="bbox 1513 1011 2527 1045; baseline 0.003 0"><span class='ocrx_word' id='word_1_290' title='bbox 1513 1015 1701 1045; x_wconf 88' lang='lat' dir='ltr'>carnatae.</span> <span class='ocrx_word' id='word_1_291' title='bbox 2524 1011 2527 1015; x_wconf 81' lang='grc'><strong>’</strong></span> 
     </span>
    </p>

    <p class='ocr_par' dir='ltr' id='par_1_16' title="bbox 1512 1060 2578 1258">
     <span class='ocr_line' id='line_1_45' title="bbox 1565 1060 2578 1112; baseline 0.005 -15"><span class='ocrx_word' id='word_1_292' title='bbox 1565 1062 1622 1098; x_wconf 84' lang='grc' dir='ltr'>Αι)</span> <span class='ocrx_word' id='word_1_293' title='bbox 1650 1073 1810 1098; x_wconf 79' lang='lat' dir='ltr'>TERTmM</span> <span class='ocrx_word' id='word_1_294' title='bbox 1837 1072 2020 1098; x_wconf 70' lang='lat' dir='ltr'>mcermum</span> <span class='ocrx_word' id='word_1_295' title='bbox 2048 1060 2156 1110; x_wconf 93' lang='lat' dir='ltr'>quod</span> <span class='ocrx_word' id='word_1_296' title='bbox 2175 1062 2387 1111; x_wconf 87' lang='lat' dir='ltr'>assumptio</span> <span class='ocrx_word' id='word_1_297' title='bbox 2416 1075 2516 1112; x_wconf 86' lang='lat' dir='ltr'>quae</span> <span class='ocrx_word' id='word_1_298' title='bbox 2534 1062 2578 1110; x_wconf 83' lang='lat' dir='ltr'>fit</span> 
     </span>
     <span class='ocr_line' id='line_1_46' title="bbox 1512 1113 2578 1164; baseline 0.004 -14"><span class='ocrx_word' id='word_1_299' title='bbox 1512 1125 1582 1162; x_wconf 91' lang='lat' dir='ltr'>per</span> <span class='ocrx_word' id='word_1_300' title='bbox 1607 1113 1769 1161; x_wconf 81' lang='lat' dir='ltr'>gratiam</span> <span class='ocrx_word' id='word_1_301' title='bbox 1796 1113 2024 1162; x_wconf 90' lang='lat' dir='ltr'>adoptionis,</span> <span class='ocrx_word' id='word_1_302' title='bbox 2049 1114 2275 1152; x_wconf 87' lang='lat' dir='ltr'>terminatur</span> <span class='ocrx_word' id='word_1_303' title='bbox 2301 1115 2351 1152; x_wconf 86' lang='lat' dir='ltr'>ad</span> <span class='ocrx_word' id='word_1_304' title='bbox 2379 1116 2578 1164; x_wconf 80' lang='lat' dir='ltr'>quandam</span> 
     </span>
     <span class='ocr_line' id='line_1_47' title="bbox 1512 1165 2578 1215; baseline 0.003 -13"><span class='ocrx_word' id='word_1_305' title='bbox 1512 1166 1843 1215; x_wconf 88' lang='lat' dir='ltr'>participationem</span> <span class='ocrx_word' id='word_1_306' title='bbox 1871 1165 2024 1203; x_wconf 88' lang='lat' dir='ltr'>divinae</span> <span class='ocrx_word' id='word_1_307' title='bbox 2052 1174 2211 1204; x_wconf 87' lang='lat' dir='ltr'>naturae</span> <span class='ocrx_word' id='word_1_308' title='bbox 2245 1168 2462 1205; x_wconf 89' lang='lat' dir='ltr'>secundum</span> <span class='ocrx_word' id='word_1_309' title='bbox 2480 1168 2578 1205; x_wconf 82' lang='lat' dir='ltr'>assi-</span> 
     </span>
     <span class='ocr_line' id='line_1_48' title="bbox 1512 1217 2577 1258; baseline 0.003 -3"><span class='ocrx_word' id='word_1_310' title='bbox 1512 1217 1750 1256; x_wconf 89' lang='lat' dir='ltr'>milationem</span> <span class='ocrx_word' id='word_1_311' title='bbox 1778 1218 1827 1255; x_wconf 86' lang='lat' dir='ltr'>ad</span> <span class='ocrx_word' id='word_1_312' title='bbox 1852 1218 2063 1256; x_wconf 89' lang='lat' dir='ltr'>bonitatem</span> <span class='ocrx_word' id='word_1_313' title='bbox 2091 1219 2210 1256; x_wconf 88' lang='lat' dir='ltr'>illius:</span> <span class='ocrx_word' id='word_1_314' title='bbox 2240 1220 2454 1257; x_wconf 89' lang='lat' dir='ltr'>secundum</span> <span class='ocrx_word' id='word_1_315' title='bbox 2483 1221 2577 1258; x_wconf 91' lang='lat' dir='ltr'>illud</span> 
     </span>
    </p>
   </div>
   <div class='ocr_carea' id='block_1_9' title="bbox 1511 1271 2614 1320">
    <p class='ocr_par' dir='ltr' id='par_1_17' title="bbox 1511 1271 2614 1320">
     <span class='ocr_line' id='line_1_49' title="bbox 1511 1271 2614 1320; baseline 0.003 -12"><span class='ocrx_word' id='word_1_316' title='bbox 1511 1272 1540 1308; x_wconf 93' lang='lat'>11</span> <span class='ocrx_word' id='word_1_317' title='bbox 1570 1272 1647 1308; x_wconf 88' lang='lat' dir='ltr'>Pet.</span> <span class='ocrx_word' id='word_1_318' title='bbox 1669 1271 1736 1308; x_wconf 67' lang='lat'>1³⁸:</span> <span class='ocrx_word' id='word_1_319' title='bbox 1771 1272 1818 1309; x_wconf 90' lang='lat' dir='ltr'>Ut</span> <span class='ocrx_word' id='word_1_320' title='bbox 1845 1271 1992 1309; x_wconf 85' lang='lat' dir='ltr'>divinae</span> <span class='ocrx_word' id='word_1_321' title='bbox 2018 1277 2205 1310; x_wconf 86' lang='lat' dir='ltr'>consortes</span> <span class='ocrx_word' id='word_1_322' title='bbox 2233 1277 2400 1320; x_wconf 87' lang='lat' dir='ltr'>naturae,</span> <span class='ocrx_word' id='word_1_323' title='bbox 2430 1281 2498 1310; x_wconf 92' lang='lat' dir='ltr'>etc.</span> <span class='ocrx_word' id='word_1_324' title='bbox 2529 1273 2578 1311; x_wconf 92' lang='lat' dir='ltr'>Et</span> <span class='ocrx_word' id='word_1_325' title='bbox 2605 1284 2614 1294; x_wconf 85' lang='lat'><strong>·</strong></span> 
     </span>
    </p>
   </div>
   <div class='ocr_carea' id='block_1_10' title="bbox 1511 1323 2577 1427">
    <p class='ocr_par' dir='ltr' id='par_1_18' title="bbox 1511 1323 2577 1427">
     <span class='ocr_line' id='line_1_50' title="bbox 1511 1323 2577 1383; baseline 0.003 -23"><span class='ocrx_word' id='word_1_326' title='bbox 1511 1323 1599 1361; x_wconf 92' lang='lat' dir='ltr'>ideo</span> <span class='ocrx_word' id='word_1_327' title='bbox 1628 1323 1855 1383; x_wconf 83' lang='lat' dir='ltr'>huiusmodi</span> <span class='ocrx_word' id='word_1_328' title='bbox 1883 1323 2095 1373; x_wconf 87' lang='lat' dir='ltr'>assumptio</span> <span class='ocrx_word' id='word_1_329' title='bbox 2127 1325 2348 1362; x_wconf 88' lang='lat' dir='ltr'>communis</span> <span class='ocrx_word' id='word_1_330' title='bbox 2376 1333 2432 1363; x_wconf 88' lang='lat' dir='ltr'>est</span> <span class='ocrx_word' id='word_1_331' title='bbox 2457 1325 2577 1364; x_wconf 90' lang='lat' dir='ltr'>tribus</span> 
     </span>
     <span class='ocr_line' id='line_1_51' title="bbox 1511 1376 2574 1427; baseline 0.004 -14"><span class='ocrx_word' id='word_1_332' title='bbox 1511 1388 1686 1425; x_wconf 72' lang='lat' dir='ltr'>personis</span> <span class='ocrx_word' id='word_1_333' title='bbox 1706 1384 1742 1413; x_wconf 93' lang='lat' dir='ltr'>et</span> <span class='ocrx_word' id='word_1_334' title='bbox 1760 1389 1807 1414; x_wconf 87' lang='lat' dir='ltr'>ex</span> <span class='ocrx_word' id='word_1_335' title='bbox 1826 1384 1932 1425; x_wconf 91' lang='lat' dir='ltr'>parte</span> <span class='ocrx_word' id='word_1_336' title='bbox 1959 1376 2135 1426; x_wconf 90' lang='lat' dir='ltr'>principii</span> <span class='ocrx_word' id='word_1_337' title='bbox 2154 1385 2191 1414; x_wconf 89' lang='lat' dir='ltr'>et</span> <span class='ocrx_word' id='word_1_338' title='bbox 2209 1389 2255 1414; x_wconf 89' lang='lat' dir='ltr'>ex</span> <span class='ocrx_word' id='word_1_339' title='bbox 2282 1386 2388 1427; x_wconf 85' lang='lat' dir='ltr'>parte</span> <span class='ocrx_word' id='word_1_340' title='bbox 2411 1378 2574 1417; x_wconf 87' lang='lat' dir='ltr'>termini.</span> 
     </span>
    </p>
   </div>
   <div class='ocr_carea' id='block_1_11' title="bbox 1512 1429 2592 1478">
    <p class='ocr_par' dir='ltr' id='par_1_19' title="bbox 1512 1429 2592 1478">
     <span class='ocr_line' id='line_1_52' title="bbox 1512 1429 2592 1478; baseline 0.003 -13"><span class='ocrx_word' id='word_1_341' title='bbox 1512 1429 1588 1466; x_wconf 90' lang='lat' dir='ltr'>Sed</span> <span class='ocrx_word' id='word_1_342' title='bbox 1616 1429 1829 1478; x_wconf 86' lang='lat' dir='ltr'>assumptio</span> <span class='ocrx_word' id='word_1_343' title='bbox 1849 1441 1950 1478; x_wconf 88' lang='lat' dir='ltr'>quae</span> <span class='ocrx_word' id='word_1_344' title='bbox 1978 1437 2034 1466; x_wconf 92' lang='lat' dir='ltr'>est</span> <span class='ocrx_word' id='word_1_345' title='bbox 2059 1441 2130 1478; x_wconf 88' lang='lat' dir='ltr'>per</span> <span class='ocrx_word' id='word_1_346' title='bbox 2147 1429 2306 1478; x_wconf 88' lang='lat' dir='ltr'>gratiam</span> <span class='ocrx_word' id='word_1_347' title='bbox 2334 1430 2501 1477; x_wconf 87' lang='lat' dir='ltr'>unionis,</span> <span class='ocrx_word' id='word_1_348' title='bbox 2521 1439 2592 1475; x_wconf 47' lang='lat' dir='ltr'>estx</span> 
     </span>
    </p>
   </div>
   <div class='ocr_carea' id='block_1_12' title="bbox 1510 1481 2576 1580">
    <p class='ocr_par' dir='ltr' id='par_1_20' title="bbox 1510 1481 2576 1580">
     <span class='ocr_line' id='line_1_53' title="bbox 1511 1481 2576 1533; baseline 0.004 -15"><span class='ocrx_word' id='word_1_349' title='bbox 1511 1481 1732 1518; x_wconf 90' lang='lat' dir='ltr'>communis</span> <span class='ocrx_word' id='word_1_350' title='bbox 1752 1494 1798 1518; x_wconf 87' lang='lat' dir='ltr'>ex</span> <span class='ocrx_word' id='word_1_351' title='bbox 1816 1489 1923 1530; x_wconf 88' lang='lat' dir='ltr'>parte</span> <span class='ocrx_word' id='word_1_352' title='bbox 1941 1481 2130 1532; x_wconf 76' lang='lat' dir='ltr'>principii,</span> <span class='ocrx_word' id='word_1_353' title='bbox 2151 1494 2231 1519; x_wconf 93' lang='lat' dir='ltr'>non</span> <span class='ocrx_word' id='word_1_354' title='bbox 2255 1490 2383 1520; x_wconf 89' lang='lat' dir='ltr'>autern</span> <span class='ocrx_word' id='word_1_355' title='bbox 2405 1496 2451 1521; x_wconf 90' lang='lat' dir='ltr'>ex</span> <span class='ocrx_word' id='word_1_356' title='bbox 2469 1492 2576 1533; x_wconf 91' lang='lat' dir='ltr'>parte</span> 
     </span>
     <span class='ocr_line' id='line_1_54' title="bbox 1510 1533 2043 1580; baseline 0 -10"><span class='ocrx_word' id='word_1_357' title='bbox 1510 1533 1674 1580; x_wconf 88' lang='lat' dir='ltr'>termini,</span> <span class='ocrx_word' id='word_1_358' title='bbox 1695 1541 1738 1571; x_wconf 91' lang='lat' dir='ltr'>ut</span> <span class='ocrx_word' id='word_1_359' title='bbox 1765 1533 1911 1571; x_wconf 90' lang='lat' dir='ltr'>dictum</span> <span class='ocrx_word' id='word_1_360' title='bbox 1940 1541 1995 1571; x_wconf 90' lang='lat' dir='ltr'>est</span> <span class='ocrx_word' id='word_1_361' title='bbox 2013 1534 2043 1570; x_wconf 75' lang='lat'>¹⁸.</span> 
     </span>
    </p>
   </div>
   <div class='ocr_carea' id='block_1_13' title="bbox 1069 1744 1899 1778">
    <p class='ocr_par' dir='ltr' id='par_1_21' title="bbox 1069 1744 1899 1778">
     <span class='ocr_line' id='line_1_55' title="bbox 1069 1744 1899 1778; baseline -0.001 0"><span class='ocrx_word' id='word_1_362' title='bbox 1069 1745 1402 1778; x_wconf 76' lang='lat' dir='ltr'>Commentaria</span> <span class='ocrx_word' id='word_1_363' title='bbox 1425 1744 1677 1777; x_wconf 76' lang='lat' dir='ltr'>cardinalis</span> <span class='ocrx_word' id='word_1_364' title='bbox 1700 1744 1899 1777; x_wconf 76' lang='lat' dir='ltr'>Caietani</span> 
     </span>
    </p>
   </div>
   <div class='ocr_carea' id='block_1_14' title="bbox 375 1830 1486 2666">
    <p class='ocr_par' dir='ltr' id='par_1_22' title="bbox 393 1830 1486 1919">
     <span class='ocr_line' id='line_1_56' title="bbox 451 1830 1486 1874; baseline -0.003 -9"><span class='ocrx_word' id='word_1_365' title='bbox 451 1845 557 1865; x_wconf 69' lang='lat' dir='ltr'>nunus</span> <span class='ocrx_word' id='word_1_366' title='bbox 581 1833 805 1874; x_wconf 85' lang='lat' dir='ltr'>intelligendus</span> <span class='ocrx_word' id='word_1_367' title='bbox 836 1840 882 1864; x_wconf 94' lang='lat' dir='ltr'>est</span> <span class='ocrx_word' id='word_1_368' title='bbox 905 1839 941 1864; x_wconf 87' lang='lat' dir='ltr'>ut</span> <span class='ocrx_word' id='word_1_369' title='bbox 963 1839 1071 1864; x_wconf 83' lang='lat' dir='ltr'>sonat:</span> <span class='ocrx_word' id='word_1_370' title='bbox 1101 1833 1234 1869; x_wconf 89' lang='lat' dir='ltr'>scilicet,</span> <span class='ocrx_word' id='word_1_371' title='bbox 1258 1839 1295 1863; x_wconf 92' lang='lat' dir='ltr'>ut</span> <span class='ocrx_word' id='word_1_372' title='bbox 1325 1831 1363 1863; x_wconf 89' lang='lat' dir='ltr'>de</span> <span class='ocrx_word' id='word_1_373' title='bbox 1393 1842 1457 1863; x_wconf 84' lang='lat' dir='ltr'>una</span> <span class='ocrx_word' id='word_1_374' title='bbox 1483 1830 1486 1850; x_wconf 89' lang='lat'><em>¹</em></span> 
     </span>
     <span class='ocr_line' id='line_1_57' title="bbox 393 1846 1285 1919; baseline -0.001 -11"><span class='ocrx_word' id='word_1_375' title='bbox 393 1846 588 1919; x_wconf 85' lang='lat' dir='ltr'>Tpersona</span> <span class='ocrx_word' id='word_1_376' title='bbox 610 1878 791 1908; x_wconf 86' lang='lat' dir='ltr'>verificetur</span> <span class='ocrx_word' id='word_1_377' title='bbox 814 1887 983 1913; x_wconf 85' lang='lat' dir='ltr'>assumere,</span> <span class='ocrx_word' id='word_1_378' title='bbox 1009 1883 1040 1908; x_wconf 93' lang='lat' dir='ltr'>et</span> <span class='ocrx_word' id='word_1_379' title='bbox 1063 1877 1101 1907; x_wconf 93' lang='lat' dir='ltr'>de</span> <span class='ocrx_word' id='word_1_380' title='bbox 1125 1877 1185 1907; x_wconf 90' lang='lat' dir='ltr'>alia</span> <span class='ocrx_word' id='word_1_381' title='bbox 1208 1886 1285 1907; x_wconf 90' lang='lat' dir='ltr'>non.</span> 
     </span>
    </p>

    <p class='ocr_par' dir='ltr' id='par_1_23' title="bbox 375 1920 1459 2579">
     <span class='ocr_line' id='line_1_58' title="bbox 447 1920 1457 1963; baseline -0.003 -10"><span class='ocrx_word' id='word_1_382' title='bbox 447 1924 481 1953; x_wconf 92' lang='lat' dir='ltr'>In</span> <span class='ocrx_word' id='word_1_383' title='bbox 503 1932 638 1963; x_wconf 89' lang='lat' dir='ltr'>corpore</span> <span class='ocrx_word' id='word_1_384' title='bbox 662 1922 783 1952; x_wconf 86' lang='lat' dir='ltr'>articuli</span> <span class='ocrx_word' id='word_1_385' title='bbox 807 1932 873 1952; x_wconf 93' lang='lat' dir='ltr'>non</span> <span class='ocrx_word' id='word_1_386' title='bbox 890 1922 1021 1962; x_wconf 89' lang='lat' dir='ltr'>ponitur</span> <span class='ocrx_word' id='word_1_387' title='bbox 1036 1920 1219 1957; x_wconf 88' lang='lat' dir='ltr'>formaliter,</span> <span class='ocrx_word' id='word_1_388' title='bbox 1237 1921 1292 1951; x_wconf 91' lang='lat' dir='ltr'>sed</span> <span class='ocrx_word' id='word_1_389' title='bbox 1312 1921 1457 1956; x_wconf 90' lang='lat' dir='ltr'>elicitive‚</span> 
     </span>
     <span class='ocr_line' id='line_1_59' title="bbox 392 1965 1458 2006; baseline -0.003 -9"><span class='ocrx_word' id='word_1_390' title='bbox 392 1968 558 1998; x_wconf 86' lang='lat' dir='ltr'>conclusio</span> <span class='ocrx_word' id='word_1_391' title='bbox 582 1967 776 2006; x_wconf 86' lang='lat' dir='ltr'>responsiva.</span> <span class='ocrx_word' id='word_1_392' title='bbox 812 1966 894 1996; x_wconf 84' lang='lat' dir='ltr'>Nam</span> <span class='ocrx_word' id='word_1_393' title='bbox 922 1966 955 1996; x_wconf 92' lang='lat' dir='ltr'>in</span> <span class='ocrx_word' id='word_1_394' title='bbox 979 1975 1114 2005; x_wconf 90' lang='lat' dir='ltr'>corpore</span> <span class='ocrx_word' id='word_1_395' title='bbox 1144 1974 1212 1995; x_wconf 89' lang='lat' dir='ltr'>non</span> <span class='ocrx_word' id='word_1_396' title='bbox 1239 1965 1373 1995; x_wconf 90' lang='lat' dir='ltr'>habetur</span> <span class='ocrx_word' id='word_1_397' title='bbox 1398 1965 1458 1994; x_wconf 90' lang='lat' dir='ltr'>nisi</span> 
     </span>
     <span class='ocr_line' id='line_1_60' title="bbox 390 2009 1457 2050; baseline -0.004 -8"><span class='ocrx_word' id='word_1_398' title='bbox 390 2013 449 2042; x_wconf 87' lang='lat' dir='ltr'>ista</span> <span class='ocrx_word' id='word_1_399' title='bbox 465 2011 647 2041; x_wconf 90' lang='lat' dir='ltr'>conclusio:</span> <span class='ocrx_word' id='word_1_400' title='bbox 676 2011 748 2040; x_wconf 88' lang='lat' dir='ltr'>Una</span> <span class='ocrx_word' id='word_1_401' title='bbox 758 2019 902 2050; x_wconf 85' lang='lat' dir='ltr'>persona</span> <span class='ocrx_word' id='word_1_402' title='bbox 912 2014 1021 2050; x_wconf 78' lang='lat' dir='ltr'>potest</span> <span class='ocrx_word' id='word_1_403' title='bbox 1035 2018 1198 2039; x_wconf 85' lang='lat' dir='ltr'>assumere</span> <span class='ocrx_word' id='word_1_404' title='bbox 1213 2009 1282 2038; x_wconf 85' lang='lat' dir='ltr'>sine</span> <span class='ocrx_word' id='word_1_405' title='bbox 1297 2009 1374 2044; x_wconf 85' lang='lat' dir='ltr'>alia,</span> <span class='ocrx_word' id='word_1_406' title='bbox 1393 2018 1457 2038; x_wconf 86' lang='lat' dir='ltr'>non</span> 
     </span>
     <span class='ocr_line' id='line_1_61' title="bbox 391 2053 1458 2096; baseline -0.003 -11"><span class='ocrx_word' id='word_1_407' title='bbox 391 2055 499 2096; x_wconf 82' lang='lat' dir='ltr'>quoad</span> <span class='ocrx_word' id='word_1_408' title='bbox 522 2055 750 2095; x_wconf 83' lang='lat' dir='ltr'>operationem,</span> <span class='ocrx_word' id='word_1_409' title='bbox 774 2054 830 2084; x_wconf 87' lang='lat' dir='ltr'>sed</span> <span class='ocrx_word' id='word_1_410' title='bbox 852 2053 960 2094; x_wconf 85' lang='lat' dir='ltr'>quoad</span> <span class='ocrx_word' id='word_1_411' title='bbox 983 2054 1164 2084; x_wconf 88' lang='lat' dir='ltr'>terminum.</span> <span class='ocrx_word' id='word_1_412' title='bbox 1193 2053 1240 2082; x_wconf 84' lang='lat' dir='ltr'>Ex</span> <span class='ocrx_word' id='word_1_413' title='bbox 1264 2061 1328 2092; x_wconf 89' lang='lat' dir='ltr'>qua</span> <span class='ocrx_word' id='word_1_414' title='bbox 1350 2057 1458 2082; x_wconf 87' lang='lat' dir='ltr'>tamen</span> 
     </span>
     <span class='ocr_line' id='line_1_62' title="bbox 391 2098 1459 2138; baseline -0.003 -9"><span class='ocrx_word' id='word_1_415' title='bbox 391 2100 524 2130; x_wconf 83' lang='lat' dir='ltr'>habetur</span> <span class='ocrx_word' id='word_1_416' title='bbox 542 2100 599 2129; x_wconf 88' lang='lat' dir='ltr'>ista</span> <span class='ocrx_word' id='word_1_417' title='bbox 615 2108 688 2128; x_wconf 87' lang='lat' dir='ltr'>vera</span> <span class='ocrx_word' id='word_1_418' title='bbox 703 2098 903 2138; x_wconf 90' lang='lat' dir='ltr'>simpliciter:</span> <span class='ocrx_word' id='word_1_419' title='bbox 932 2098 1004 2128; x_wconf 88' lang='lat' dir='ltr'>Una</span> <span class='ocrx_word' id='word_1_420' title='bbox 1014 2107 1158 2138; x_wconf 80' lang='lat' dir='ltr'>persona</span> <span class='ocrx_word' id='word_1_421' title='bbox 1172 2101 1281 2137; x_wconf 81' lang='lat' dir='ltr'>potest</span> <span class='ocrx_word' id='word_1_422' title='bbox 1295 2105 1459 2126; x_wconf 80' lang='lat' dir='ltr'>assumere</span> 
     </span>
     <span class='ocr_line' id='line_1_63' title="bbox 390 2140 1458 2181; baseline -0.003 -8"><span class='ocrx_word' id='word_1_423' title='bbox 390 2144 460 2174; x_wconf 90' lang='lat' dir='ltr'>sine</span> <span class='ocrx_word' id='word_1_424' title='bbox 476 2144 543 2173; x_wconf 87' lang='lat' dir='ltr'>alia</span> <span class='ocrx_word' id='word_1_425' title='bbox 559 2147 749 2173; x_wconf 84' lang='lat' dir='ltr'>assumente.</span> <span class='ocrx_word' id='word_1_426' title='bbox 774 2142 814 2172; x_wconf 85' lang='lat' dir='ltr'>Et</span> <span class='ocrx_word' id='word_1_427' title='bbox 837 2143 919 2172; x_wconf 84' lang='lat' dir='ltr'>hanc</span> <span class='ocrx_word' id='word_1_428' title='bbox 942 2141 1158 2181; x_wconf 86' lang='lat' dir='ltr'>principaliter</span> <span class='ocrx_word' id='word_1_429' title='bbox 1171 2140 1309 2171; x_wconf 89' lang='lat' dir='ltr'>intendit</span> <span class='ocrx_word' id='word_1_430' title='bbox 1323 2141 1458 2170; x_wconf 89' lang='lat' dir='ltr'>Auctor.</span> 
     </span>
     <span class='ocr_line' id='line_1_64' title="bbox 375 2185 1458 2226; baseline -0.003 -9"><span class='ocrx_word' id='word_1_431' title='bbox 375 2190 379 2191; x_wconf 51' lang='lat'><em>⁷</em></span> <span class='ocrx_word' id='word_1_432' title='bbox 446 2187 507 2217; x_wconf 91' lang='lat' dir='ltr'>Pro</span> <span class='ocrx_word' id='word_1_433' title='bbox 531 2187 590 2216; x_wconf 89' lang='lat' dir='ltr'>hac</span> <span class='ocrx_word' id='word_1_434' title='bbox 614 2196 689 2226; x_wconf 84' lang='lat' dir='ltr'>ergo</span> <span class='ocrx_word' id='word_1_435' title='bbox 714 2187 747 2215; x_wconf 90' lang='lat' dir='ltr'>in</span> <span class='ocrx_word' id='word_1_436' title='bbox 770 2186 871 2216; x_wconf 87' lang='lat' dir='ltr'>littera</span> <span class='ocrx_word' id='word_1_437' title='bbox 903 2186 1070 2216; x_wconf 90' lang='lat' dir='ltr'>conclusio</span> <span class='ocrx_word' id='word_1_438' title='bbox 1098 2185 1202 2225; x_wconf 89' lang='lat' dir='ltr'>posita</span> <span class='ocrx_word' id='word_1_439' title='bbox 1227 2185 1334 2225; x_wconf 91' lang='lat' dir='ltr'>primo</span> <span class='ocrx_word' id='word_1_440' title='bbox 1357 2185 1458 2214; x_wconf 83' lang='lat' dir='ltr'>mani-</span> 
     </span>
     <span class='ocr_line' id='line_1_65' title="bbox 391 2229 1459 2270; baseline -0.003 -9"><span class='ocrx_word' id='word_1_441' title='bbox 391 2231 522 2261; x_wconf 86' lang='lat' dir='ltr'>festatur</span> <span class='ocrx_word' id='word_1_442' title='bbox 545 2240 642 2270; x_wconf 86' lang='lat' dir='ltr'>quare</span> <span class='ocrx_word' id='word_1_443' title='bbox 667 2230 744 2260; x_wconf 85' lang='lat' dir='ltr'>duas</span> <span class='ocrx_word' id='word_1_444' title='bbox 762 2235 865 2270; x_wconf 84' lang='lat' dir='ltr'>partes</span> <span class='ocrx_word' id='word_1_445' title='bbox 888 2230 998 2260; x_wconf 89' lang='lat' dir='ltr'>habet:</span> <span class='ocrx_word' id='word_1_446' title='bbox 1024 2230 1099 2269; x_wconf 88' lang='lat' dir='ltr'>quia</span> <span class='ocrx_word' id='word_1_447' title='bbox 1115 2229 1291 2269; x_wconf 84' lang='lat' dir='ltr'>assumptio</span> <span class='ocrx_word' id='word_1_448' title='bbox 1307 2229 1459 2268; x_wconf 86' lang='lat' dir='ltr'>importat</span> 
     </span>
     <span class='ocr_line' id='line_1_66' title="bbox 392 2271 1458 2314; baseline -0.003 -9"><span class='ocrx_word' id='word_1_449' title='bbox 392 2275 473 2311; x_wconf 91' lang='lat' dir='ltr'>duo,</span> <span class='ocrx_word' id='word_1_450' title='bbox 498 2275 618 2304; x_wconf 89' lang='lat' dir='ltr'>scilicet</span> <span class='ocrx_word' id='word_1_451' title='bbox 641 2275 861 2314; x_wconf 88' lang='lat' dir='ltr'>operationem</span> <span class='ocrx_word' id='word_1_452' title='bbox 886 2279 917 2304; x_wconf 92' lang='lat' dir='ltr'>et</span> <span class='ocrx_word' id='word_1_453' title='bbox 939 2274 1122 2304; x_wconf 88' lang='lat' dir='ltr'>terminum.</span> <span class='ocrx_word' id='word_1_454' title='bbox 1145 2291 1169 2295; x_wconf 97' lang='lat'><strong>—</strong></span> <span class='ocrx_word' id='word_1_455' title='bbox 1191 2271 1359 2308; x_wconf 90' lang='lat' dir='ltr'>Secundo,</span> <span class='ocrx_word' id='word_1_456' title='bbox 1383 2281 1458 2312; x_wconf 87' lang='lat' dir='ltr'>pro-</span> 
     </span>
     <span class='ocr_line' id='line_1_67' title="bbox 391 2315 1458 2358; baseline -0.002 -10"><span class='ocrx_word' id='word_1_457' title='bbox 391 2319 483 2349; x_wconf 87' lang='lat' dir='ltr'>batur</span> <span class='ocrx_word' id='word_1_458' title='bbox 507 2317 614 2358; x_wconf 88' lang='lat' dir='ltr'>quoad</span> <span class='ocrx_word' id='word_1_459' title='bbox 637 2324 759 2358; x_wconf 82' lang='lat' dir='ltr'>partem</span> <span class='ocrx_word' id='word_1_460' title='bbox 782 2318 979 2357; x_wconf 86' lang='lat' dir='ltr'>negativam,</span> <span class='ocrx_word' id='word_1_461' title='bbox 1004 2317 1139 2353; x_wconf 89' lang='lat' dir='ltr'>scilicet,</span> <span class='ocrx_word' id='word_1_462' title='bbox 1164 2326 1229 2347; x_wconf 88' lang='lat' dir='ltr'>non</span> <span class='ocrx_word' id='word_1_463' title='bbox 1253 2315 1361 2357; x_wconf 85' lang='lat' dir='ltr'>quoad</span> <span class='ocrx_word' id='word_1_464' title='bbox 1384 2325 1458 2356; x_wconf 82' lang='lat' dir='ltr'>ope-</span> 
     </span>
     <span class='ocr_line' id='line_1_68' title="bbox 392 2360 1458 2401; baseline -0.003 -8"><span class='ocrx_word' id='word_1_465' title='bbox 392 2363 571 2393; x_wconf 84' lang='lat' dir='ltr'>rationem:</span> <span class='ocrx_word' id='word_1_466' title='bbox 601 2363 675 2401; x_wconf 89' lang='lat' dir='ltr'>quia</span> <span class='ocrx_word' id='word_1_467' title='bbox 698 2367 787 2392; x_wconf 91' lang='lat' dir='ltr'>actus</span> <span class='ocrx_word' id='word_1_468' title='bbox 816 2363 1005 2392; x_wconf 89' lang='lat' dir='ltr'>assumentis</span> <span class='ocrx_word' id='word_1_469' title='bbox 1035 2361 1071 2391; x_wconf 87' lang='lat' dir='ltr'>fit</span> <span class='ocrx_word' id='word_1_470' title='bbox 1093 2362 1209 2392; x_wconf 88' lang='lat' dir='ltr'>virtute</span> <span class='ocrx_word' id='word_1_471' title='bbox 1233 2360 1339 2390; x_wconf 84' lang='lat' dir='ltr'>divina</span> <span class='ocrx_word' id='word_1_472' title='bbox 1368 2369 1458 2390; x_wconf 88' lang='lat' dir='ltr'>com-</span> 
     </span>
     <span class='ocr_line' id='line_1_69' title="bbox 391 2403 1458 2446; baseline -0.003 -9"><span class='ocrx_word' id='word_1_473' title='bbox 391 2408 482 2437; x_wconf 90' lang='lat' dir='ltr'>muni</span> <span class='ocrx_word' id='word_1_474' title='bbox 513 2407 611 2436; x_wconf 91' lang='lat' dir='ltr'>tribus</span> <span class='ocrx_word' id='word_1_475' title='bbox 641 2406 796 2446; x_wconf 88' lang='lat' dir='ltr'>personis.</span> <span class='ocrx_word' id='word_1_476' title='bbox 819 2425 843 2428; x_wconf 86' lang='lat'>-</span> <span class='ocrx_word' id='word_1_477' title='bbox 865 2406 992 2441; x_wconf 87' lang='lat' dir='ltr'>Tertio,</span> <span class='ocrx_word' id='word_1_478' title='bbox 1024 2406 1177 2445; x_wconf 89' lang='lat' dir='ltr'>probatur</span> <span class='ocrx_word' id='word_1_479' title='bbox 1204 2403 1312 2444; x_wconf 89' lang='lat' dir='ltr'>quoad</span> <span class='ocrx_word' id='word_1_480' title='bbox 1335 2410 1458 2443; x_wconf 89' lang='lat' dir='ltr'>partem</span> 
     </span>
     <span class='ocr_line' id='line_1_70' title="bbox 391 2448 1459 2490; baseline -0.003 -9"><span class='ocrx_word' id='word_1_481' title='bbox 391 2450 619 2486; x_wconf 86' lang='lat' dir='ltr'>affirmativam,</span> <span class='ocrx_word' id='word_1_482' title='bbox 645 2450 774 2486; x_wconf 91' lang='lat' dir='ltr'>scilicet,</span> <span class='ocrx_word' id='word_1_483' title='bbox 798 2450 907 2490; x_wconf 83' lang='lat' dir='ltr'>quoad</span> <span class='ocrx_word' id='word_1_484' title='bbox 922 2450 1113 2480; x_wconf 88' lang='lat' dir='ltr'>terminum:</span> <span class='ocrx_word' id='word_1_485' title='bbox 1136 2449 1211 2488; x_wconf 84' lang='lat' dir='ltr'>quia</span> <span class='ocrx_word' id='word_1_486' title='bbox 1233 2448 1388 2478; x_wconf 91' lang='lat' dir='ltr'>terminus</span> <span class='ocrx_word' id='word_1_487' title='bbox 1413 2454 1459 2478; x_wconf 89' lang='lat' dir='ltr'>est</span> 
     </span>
     <span class='ocr_line' id='line_1_71' title="bbox 391 2493 1458 2535; baseline -0.003 -11"><span class='ocrx_word' id='word_1_488' title='bbox 391 2504 537 2535; x_wconf 86' lang='lat' dir='ltr'>persona.</span> <span class='ocrx_word' id='word_1_489' title='bbox 561 2513 584 2516; x_wconf 97' lang='lat'><strong>—</strong></span> <span class='ocrx_word' id='word_1_490' title='bbox 607 2494 741 2531; x_wconf 87' lang='lat' dir='ltr'>Quarto,</span> <span class='ocrx_word' id='word_1_491' title='bbox 765 2493 984 2524; x_wconf 89' lang='lat' dir='ltr'>manifestatur</span> <span class='ocrx_word' id='word_1_492' title='bbox 1005 2499 1074 2523; x_wconf 87' lang='lat' dir='ltr'>tota</span> <span class='ocrx_word' id='word_1_493' title='bbox 1089 2493 1272 2523; x_wconf 89' lang='lat' dir='ltr'>conclusio:</span> <span class='ocrx_word' id='word_1_494' title='bbox 1298 2493 1373 2532; x_wconf 89' lang='lat' dir='ltr'>quia</span> <span class='ocrx_word' id='word_1_495' title='bbox 1396 2497 1458 2522; x_wconf 89' lang='lat' dir='ltr'>tres</span> 
     </span>
     <span class='ocr_line' id='line_1_72' title="bbox 391 2538 1258 2579; baseline -0.002 -11"><span class='ocrx_word' id='word_1_496' title='bbox 391 2548 547 2579; x_wconf 88' lang='lat' dir='ltr'>personae</span> <span class='ocrx_word' id='word_1_497' title='bbox 571 2538 715 2568; x_wconf 86' lang='lat' dir='ltr'>fecerunt</span> <span class='ocrx_word' id='word_1_498' title='bbox 737 2543 883 2567; x_wconf 88' lang='lat' dir='ltr'>naturam</span> <span class='ocrx_word' id='word_1_499' title='bbox 906 2538 989 2567; x_wconf 92' lang='lat' dir='ltr'>uniri</span> <span class='ocrx_word' id='word_1_500' title='bbox 1012 2538 1069 2567; x_wconf 93' lang='lat' dir='ltr'>uni</span> <span class='ocrx_word' id='word_1_501' title='bbox 1092 2542 1258 2577; x_wconf 82' lang='lat' dir='ltr'>personae.</span> 
     </span>
    </p>

    <p class='ocr_par' dir='ltr' id='par_1_24' title="bbox 391 2580 1459 2666">
     <span class='ocr_line' id='line_1_73' title="bbox 447 2580 1459 2620; baseline -0.003 -8"><span class='ocrx_word' id='word_1_502' title='bbox 447 2583 494 2612; x_wconf 86' lang='lat' dir='ltr'>Ex</span> <span class='ocrx_word' id='word_1_503' title='bbox 518 2583 577 2612; x_wconf 88' lang='lat' dir='ltr'>hac</span> <span class='ocrx_word' id='word_1_504' title='bbox 600 2587 707 2612; x_wconf 86' lang='lat' dir='ltr'>autem</span> <span class='ocrx_word' id='word_1_505' title='bbox 732 2581 957 2617; x_wconf 85' lang='lat' dir='ltr'>conclusione,</span> <span class='ocrx_word' id='word_1_506' title='bbox 983 2586 1014 2611; x_wconf 90' lang='lat' dir='ltr'>et</span> <span class='ocrx_word' id='word_1_507' title='bbox 1037 2582 1105 2611; x_wconf 91' lang='lat' dir='ltr'>eius</span> <span class='ocrx_word' id='word_1_508' title='bbox 1128 2581 1332 2620; x_wconf 88' lang='lat' dir='ltr'>probatione,</span> <span class='ocrx_word' id='word_1_509' title='bbox 1356 2580 1459 2610; x_wconf 88' lang='lat' dir='ltr'>mani-</span> 
     </span>
     <span class='ocr_line' id='line_1_74' title="bbox 391 2624 1459 2666; baseline -0.003 -9"><span class='ocrx_word' id='word_1_510' title='bbox 391 2627 469 2657; x_wconf 81' lang='lat' dir='ltr'>feste</span> <span class='ocrx_word' id='word_1_511' title='bbox 493 2627 636 2666; x_wconf 91' lang='lat' dir='ltr'>sequitur</span> <span class='ocrx_word' id='word_1_512' title='bbox 659 2625 874 2666; x_wconf 86' lang='lat' dir='ltr'>principaliter</span> <span class='ocrx_word' id='word_1_513' title='bbox 897 2626 1017 2655; x_wconf 88' lang='lat' dir='ltr'>intenta</span> <span class='ocrx_word' id='word_1_514' title='bbox 1048 2625 1214 2655; x_wconf 89' lang='lat' dir='ltr'>conclusio</span> <span class='ocrx_word' id='word_1_515' title='bbox 1237 2625 1341 2655; x_wconf 86' lang='lat' dir='ltr'>tacita.</span> <span class='ocrx_word' id='word_1_516' title='bbox 1375 2624 1459 2654; x_wconf 91' lang='lat' dir='ltr'>Nam</span> 
     </span>
    </p>
   </div>
   <div class='ocr_carea' id='block_1_15' title="bbox 1483 1853 1487 2565">
    <p class='ocr_par' dir='ltr' id='par_1_25' title="bbox 1483 1853 1487 2565">
     <span class='ocr_line' id='line_1_75' title="bbox 1483 1853 1487 2565; baseline 0 0"><span class='ocrx_word' id='word_1_517' title='bbox 1483 1853 1487 2565; x_wconf 95' lang='lat' dir='ltr'> </span> 
     </span>
    </p>
   </div>
   <div class='ocr_carea' id='block_1_16' title="bbox 1510 1832 2582 2664">
    <p class='ocr_par' dir='ltr' id='par_1_26' title="bbox 1510 1832 2579 2082">
     <span class='ocr_line' id='line_1_76' title="bbox 1512 1832 2579 1876; baseline 0.005 -14"><span class='ocrx_word' id='word_1_518' title='bbox 1512 1842 1550 1862; x_wconf 85' lang='lat' dir='ltr'>ex</span> <span class='ocrx_word' id='word_1_519' title='bbox 1574 1842 1613 1863; x_wconf 92' lang='lat' dir='ltr'>eo</span> <span class='ocrx_word' id='word_1_520' title='bbox 1638 1832 1727 1872; x_wconf 91' lang='lat' dir='ltr'>quod</span> <span class='ocrx_word' id='word_1_521' title='bbox 1750 1841 1911 1863; x_wconf 90' lang='lat' dir='ltr'>assumere</span> <span class='ocrx_word' id='word_1_522' title='bbox 1933 1834 2086 1873; x_wconf 87' lang='lat' dir='ltr'>importat</span> <span class='ocrx_word' id='word_1_523' title='bbox 2107 1839 2298 1874; x_wconf 80' lang='lat' dir='ltr'>utrumque,</span> <span class='ocrx_word' id='word_1_524' title='bbox 2323 1835 2443 1866; x_wconf 90' lang='lat' dir='ltr'>scilicet</span> <span class='ocrx_word' id='word_1_525' title='bbox 2466 1845 2579 1876; x_wconf 84' lang='lat' dir='ltr'>opera-</span> 
     </span>
     <span class='ocr_line' id='line_1_77' title="bbox 1511 1875 2578 1918; baseline 0.006 -12"><span class='ocrx_word' id='word_1_526' title='bbox 1511 1877 1634 1907; x_wconf 87' lang='lat' dir='ltr'>tionem</span> <span class='ocrx_word' id='word_1_527' title='bbox 1658 1882 1689 1906; x_wconf 90' lang='lat' dir='ltr'>et</span> <span class='ocrx_word' id='word_1_528' title='bbox 1711 1877 1895 1913; x_wconf 88' lang='lat' dir='ltr'>terminum,</span> <span class='ocrx_word' id='word_1_529' title='bbox 1920 1882 2048 1917; x_wconf 80' lang='lat' dir='ltr'>oportet</span> <span class='ocrx_word' id='word_1_530' title='bbox 2070 1883 2244 1918; x_wconf 82' lang='lat' dir='ltr'>utrumque</span> <span class='ocrx_word' id='word_1_531' title='bbox 2267 1875 2402 1910; x_wconf 87' lang='lat' dir='ltr'>inveniri</span> <span class='ocrx_word' id='word_1_532' title='bbox 2416 1880 2450 1910; x_wconf 89' lang='lat' dir='ltr'>in</span> <span class='ocrx_word' id='word_1_533' title='bbox 2465 1880 2522 1911; x_wconf 90' lang='lat' dir='ltr'>illo</span> <span class='ocrx_word' id='word_1_534' title='bbox 2538 1880 2578 1912; x_wconf 84' lang='lat' dir='ltr'>de</span> 
     </span>
     <span class='ocr_line' id='line_1_78' title="bbox 1512 1920 2578 1960; baseline 0.006 -11"><span class='ocrx_word' id='word_1_535' title='bbox 1512 1929 1578 1960; x_wconf 93' lang='lat' dir='ltr'>quo</span> <span class='ocrx_word' id='word_1_536' title='bbox 1602 1930 1675 1950; x_wconf 91' lang='lat' dir='ltr'>vere</span> <span class='ocrx_word' id='word_1_537' title='bbox 1699 1920 1932 1951; x_wconf 84' lang='lat' dir='ltr'>enuntiandum</span> <span class='ocrx_word' id='word_1_538' title='bbox 1955 1927 2002 1951; x_wconf 91' lang='lat' dir='ltr'>est</span> <span class='ocrx_word' id='word_1_539' title='bbox 2025 1931 2195 1958; x_wconf 89' lang='lat' dir='ltr'>assumere,</span> <span class='ocrx_word' id='word_1_540' title='bbox 2220 1927 2251 1952; x_wconf 92' lang='lat' dir='ltr'>et</span> <span class='ocrx_word' id='word_1_541' title='bbox 2273 1932 2341 1953; x_wconf 93' lang='lat' dir='ltr'>non</span> <span class='ocrx_word' id='word_1_542' title='bbox 2357 1923 2491 1954; x_wconf 87' lang='lat' dir='ltr'>alterum</span> <span class='ocrx_word' id='word_1_543' title='bbox 2508 1920 2578 1955; x_wconf 72' lang='lat' dir='ltr'>t&#39;an—</span> 
     </span>
     <span class='ocr_line' id='line_1_79' title="bbox 1511 1965 2578 2009; baseline 0.006 -16"><span class='ocrx_word' id='word_1_544' title='bbox 1511 1970 1590 1994; x_wconf 89' lang='lat' dir='ltr'>tum.</span> <span class='ocrx_word' id='word_1_545' title='bbox 1615 1965 1656 1994; x_wconf 89' lang='lat' dir='ltr'>Et</span> <span class='ocrx_word' id='word_1_546' title='bbox 1680 1965 1755 2004; x_wconf 90' lang='lat' dir='ltr'>quia</span> <span class='ocrx_word' id='word_1_547' title='bbox 1777 1965 1810 1994; x_wconf 90' lang='lat' dir='ltr'>in</span> <span class='ocrx_word' id='word_1_548' title='bbox 1830 1965 1918 1995; x_wconf 87' lang='lat' dir='ltr'>nulla</span> <span class='ocrx_word' id='word_1_549' title='bbox 1939 1973 2076 2004; x_wconf 88' lang='lat' dir='ltr'>persona</span> <span class='ocrx_word' id='word_1_550' title='bbox 2092 1965 2198 1996; x_wconf 83' lang='lat' dir='ltr'>divina</span> <span class='ocrx_word' id='word_1_551' title='bbox 2220 1967 2381 1997; x_wconf 88' lang='lat' dir='ltr'>invenitur</span> <span class='ocrx_word' id='word_1_552' title='bbox 2403 1973 2578 2009; x_wconf 88' lang='lat' dir='ltr'>utrumque</span> 
     </span>
     <span class='ocr_line' id='line_1_80' title="bbox 1510 2008 2578 2049; baseline 0.006 -12"><span class='ocrx_word' id='word_1_553' title='bbox 1510 2009 1571 2038; x_wconf 89' lang='lat' dir='ltr'>nisi</span> <span class='ocrx_word' id='word_1_554' title='bbox 1594 2009 1627 2038; x_wconf 90' lang='lat' dir='ltr'>in</span> <span class='ocrx_word' id='word_1_555' title='bbox 1650 2018 1715 2038; x_wconf 88' lang='lat' dir='ltr'>una</span> <span class='ocrx_word' id='word_1_556' title='bbox 1737 2013 1872 2044; x_wconf 90' lang='lat' dir='ltr'>tanturn,</span> <span class='ocrx_word' id='word_1_557' title='bbox 1896 2008 1970 2039; x_wconf 91' lang='lat' dir='ltr'>ideo</span> <span class='ocrx_word' id='word_1_558' title='bbox 1993 2010 2051 2039; x_wconf 91' lang='lat' dir='ltr'>uni</span> <span class='ocrx_word' id='word_1_559' title='bbox 2073 2019 2229 2049; x_wconf 90' lang='lat' dir='ltr'>personae</span> <span class='ocrx_word' id='word_1_560' title='bbox 2251 2011 2402 2041; x_wconf 88' lang='lat' dir='ltr'>convenit</span> <span class='ocrx_word' id='word_1_561' title='bbox 2417 2021 2578 2043; x_wconf 87' lang='lat' dir='ltr'>assumere</span> 
     </span>
     <span class='ocr_line' id='line_1_81' title="bbox 1511 2052 1876 2082; baseline 0 0"><span class='ocrx_word' id='word_1_562' title='bbox 1511 2053 1579 2082; x_wconf 86' lang='lat' dir='ltr'>sine</span> <span class='ocrx_word' id='word_1_563' title='bbox 1603 2052 1662 2082; x_wconf 88' lang='lat' dir='ltr'>alia</span> <span class='ocrx_word' id='word_1_564' title='bbox 1685 2057 1876 2082; x_wconf 87' lang='lat' dir='ltr'>assumente.</span> 
     </span>
    </p>

    <p class='ocr_par' dir='ltr' id='par_1_27' title="bbox 1511 2094 2582 2664">
     <span class='ocr_line' id='line_1_82' title="bbox 1566 2094 2578 2138; baseline 0.006 -13"><span class='ocrx_word' id='word_1_565' title='bbox 1566 2095 1603 2126; x_wconf 92' lang='lat'>11.</span> <span class='ocrx_word' id='word_1_566' title='bbox 1629 2096 1664 2126; x_wconf 91' lang='lat' dir='ltr'>ln</span> <span class='ocrx_word' id='word_1_567' title='bbox 1687 2097 1897 2136; x_wconf 88' lang='lat' dir='ltr'>responsione</span> <span class='ocrx_word' id='word_1_568' title='bbox 1919 2094 1960 2126; x_wconf 75' lang='lat' dir='ltr'>ad</span> <span class='ocrx_word' id='word_1_569' title='bbox 1983 2097 2133 2136; x_wconf 85' lang='lat' dir='ltr'>primum,</span> <span class='ocrx_word' id='word_1_570' title='bbox 2158 2099 2303 2138; x_wconf 88' lang='lat' dir='ltr'>perspice</span> <span class='ocrx_word' id='word_1_571' title='bbox 2326 2098 2505 2130; x_wconf 83' lang='lat' dir='ltr'>doctrinam</span> <span class='ocrx_word' id='word_1_572' title='bbox 2523 2099 2578 2131; x_wconf 87' lang='lat' dir='ltr'>da-</span> 
     </span>
     <span class='ocr_line' id='line_1_83' title="bbox 1511 2140 2577 2181; baseline 0.005 -12"><span class='ocrx_word' id='word_1_573' title='bbox 1511 2145 1576 2169; x_wconf 86' lang='lat' dir='ltr'>tam</span> <span class='ocrx_word' id='word_1_574' title='bbox 1598 2140 1632 2169; x_wconf 89' lang='lat' dir='ltr'>in</span> <span class='ocrx_word' id='word_1_575' title='bbox 1654 2140 1858 2180; x_wconf 87' lang='lat' dir='ltr'>praecedenti</span> <span class='ocrx_word' id='word_1_576' title='bbox 1881 2140 2015 2171; x_wconf 86' lang='lat' dir='ltr'>articulo</span> <span class='ocrx_word' id='word_1_577' title='bbox 2031 2142 2048 2158; x_wconf 64' lang='lat'><strong><em>⁴</em></strong></span> <span class='ocrx_word' id='word_1_578' title='bbox 2071 2141 2110 2171; x_wconf 93' lang='lat' dir='ltr'>de</span> <span class='ocrx_word' id='word_1_579' title='bbox 2127 2143 2315 2181; x_wconf 85' lang='lat' dir='ltr'>quaestione</span> <span class='ocrx_word' id='word_1_580' title='bbox 2337 2144 2463 2173; x_wconf 83' lang='lat' dir='ltr'>noviter</span> <span class='ocrx_word' id='word_1_581' title='bbox 2478 2148 2577 2181; x_wconf 81' lang='lat' dir='ltr'>mota,</span> 
     </span>
     <span class='ocr_line' id='line_1_84' title="bbox 1512 2184 2579 2228; baseline 0.006 -15"><span class='ocrx_word' id='word_1_582' title='bbox 1512 2193 1691 2214; x_wconf 89' lang='lat' dir='ltr'>consonam</span> <span class='ocrx_word' id='word_1_583' title='bbox 1718 2193 1786 2214; x_wconf 90' lang='lat' dir='ltr'>esse</span> <span class='ocrx_word' id='word_1_584' title='bbox 1809 2184 1944 2214; x_wconf 89' lang='lat' dir='ltr'>Auctori</span> <span class='ocrx_word' id='word_1_585' title='bbox 1972 2185 2024 2214; x_wconf 86' lang='lat' dir='ltr'>hic</span> <span class='ocrx_word' id='word_1_586' title='bbox 2048 2184 2166 2215; x_wconf 88' lang='lat' dir='ltr'>dicenti</span> <span class='ocrx_word' id='word_1_587' title='bbox 2196 2185 2286 2225; x_wconf 93' lang='lat' dir='ltr'>quod</span> <span class='ocrx_word' id='word_1_588' title='bbox 2309 2186 2394 2217; x_wconf 85' lang='lat' dir='ltr'>ratio</span> <span class='ocrx_word' id='word_1_589' title='bbox 2419 2187 2478 2218; x_wconf 82' lang='lat' dir='ltr'>illa</span> <span class='ocrx_word' id='word_1_590' title='bbox 2505 2187 2579 2228; x_wconf 88' lang='lat' dir='ltr'>(sci-</span> 
     </span>
     <span class='ocr_line' id='line_1_85' title="bbox 1511 2227 2580 2272; baseline 0.006 -15"><span class='ocrx_word' id='word_1_591' title='bbox 1511 2227 1601 2263; x_wconf 90' lang='lat' dir='ltr'>licet,</span> <span class='ocrx_word' id='word_1_592' title='bbox 1624 2228 1708 2258; x_wconf 83' lang='lat' dir='ltr'>sicut</span> <span class='ocrx_word' id='word_1_593' title='bbox 1729 2228 1867 2258; x_wconf 86' lang='lat' dir='ltr'>essentia</span> <span class='ocrx_word' id='word_1_594' title='bbox 1890 2233 1938 2258; x_wconf 88' lang='lat' dir='ltr'>est</span> <span class='ocrx_word' id='word_1_595' title='bbox 1958 2229 2137 2260; x_wconf 81' lang='lat' dir='ltr'>communis</span> <span class='ocrx_word' id='word_1_596' title='bbox 2156 2229 2231 2269; x_wconf 89' lang='lat' dir='ltr'>etc.)</span> <span class='ocrx_word' id='word_1_597' title='bbox 2250 2230 2401 2270; x_wconf 83' lang='lat' dir='ltr'>procedit</span> <span class='ocrx_word' id='word_1_598' title='bbox 2421 2241 2464 2262; x_wconf 86' lang='lat' dir='ltr'>ex</span> <span class='ocrx_word' id='word_1_599' title='bbox 2479 2236 2580 2272; x_wconf 73' lang='lat' dir='ltr'>parte</span> 
     </span>
     <span class='ocr_line' id='line_1_86' title="bbox 1512 2272 2580 2314; baseline 0.006 -13"><span class='ocrx_word' id='word_1_600' title='bbox 1512 2272 1728 2311; x_wconf 80' lang='lat' dir='ltr'>operationis,</span> <span class='ocrx_word' id='word_1_601' title='bbox 1758 2277 1790 2302; x_wconf 93' lang='lat' dir='ltr'>et</span> <span class='ocrx_word' id='word_1_602' title='bbox 1819 2272 2040 2312; x_wconf 86' lang='lat' dir='ltr'>subiungenti:</span> <span class='ocrx_word' id='word_1_603' title='bbox 2071 2272 2116 2303; x_wconf 87' lang='lat' dir='ltr'>Et</span> <span class='ocrx_word' id='word_1_604' title='bbox 2141 2279 2330 2314; x_wconf 84' lang='lat' dir='ltr'>sequeretur</span> <span class='ocrx_word' id='word_1_605' title='bbox 2355 2275 2520 2306; x_wconf 80' lang='lat' dir='ltr'>conclusio</span> <span class='ocrx_word' id='word_1_606' title='bbox 2549 2277 2580 2308; x_wconf 78' lang='lat' dir='ltr'>si</span> 
     </span>
     <span class='ocr_line' id='line_1_87' title="bbox 1511 2316 2582 2361; baseline 0.004 -15"><span class='ocrx_word' id='word_1_607' title='bbox 1511 2316 1615 2346; x_wconf 88' lang='lat' dir='ltr'>solam</span> <span class='ocrx_word' id='word_1_608' title='bbox 1650 2317 1740 2346; x_wconf 88' lang='lat' dir='ltr'>illam</span> <span class='ocrx_word' id='word_1_609' title='bbox 1775 2316 1994 2356; x_wconf 81' lang='lat' dir='ltr'>operationem</span> <span class='ocrx_word' id='word_1_610' title='bbox 2029 2317 2219 2357; x_wconf 83' lang='lat' dir='ltr'>importaret</span> <span class='ocrx_word' id='word_1_611' title='bbox 2251 2319 2426 2358; x_wconf 82' lang='lat' dir='ltr'>assumptio</span> <span class='ocrx_word' id='word_1_612' title='bbox 2461 2319 2582 2361; x_wconf 75' lang='lat' dir='ltr'>absque</span> 
     </span>
     <span class='ocr_line' id='line_1_88' title="bbox 1512 2360 2578 2404; baseline 0.004 -14"><span class='ocrx_word' id='word_1_613' title='bbox 1512 2360 1659 2395; x_wconf 82' lang='lat' dir='ltr'>termino,</span> <span class='ocrx_word' id='word_1_614' title='bbox 1676 2360 1732 2400; x_wconf 87' lang='lat' dir='ltr'>qui</span> <span class='ocrx_word' id='word_1_615' title='bbox 1749 2365 1797 2390; x_wconf 84' lang='lat' dir='ltr'>est</span> <span class='ocrx_word' id='word_1_616' title='bbox 1812 2369 1967 2400; x_wconf 84' lang='lat' dir='ltr'>persona.</span> <span class='ocrx_word' id='word_1_617' title='bbox 1992 2360 2086 2391; x_wconf 90' lang='lat' dir='ltr'>Unde</span> <span class='ocrx_word' id='word_1_618' title='bbox 2108 2362 2206 2391; x_wconf 90' lang='lat' dir='ltr'>habes</span> <span class='ocrx_word' id='word_1_619' title='bbox 2228 2361 2328 2402; x_wconf 89' lang='lat' dir='ltr'>quod,</span> <span class='ocrx_word' id='word_1_620' title='bbox 2352 2362 2378 2392; x_wconf 86' lang='lat' dir='ltr'>si</span> <span class='ocrx_word' id='word_1_621' title='bbox 2401 2364 2578 2404; x_wconf 86' lang='lat' dir='ltr'>assumptio</span> 
     </span>
     <span class='ocr_line' id='line_1_89' title="bbox 1511 2405 2577 2448; baseline 0.004 -14"><span class='ocrx_word' id='word_1_622' title='bbox 1511 2413 1579 2434; x_wconf 91' lang='lat' dir='ltr'>non</span> <span class='ocrx_word' id='word_1_623' title='bbox 1602 2405 1789 2444; x_wconf 87' lang='lat' dir='ltr'>importaret</span> <span class='ocrx_word' id='word_1_624' title='bbox 1811 2413 1982 2444; x_wconf 84' lang='lat' dir='ltr'>personam</span> <span class='ocrx_word' id='word_1_625' title='bbox 2011 2413 2072 2444; x_wconf 91' lang='lat' dir='ltr'>pro</span> <span class='ocrx_word' id='word_1_626' title='bbox 2094 2406 2249 2441; x_wconf 89' lang='lat' dir='ltr'>termino,</span> <span class='ocrx_word' id='word_1_627' title='bbox 2282 2405 2371 2446; x_wconf 91' lang='lat' dir='ltr'>quod</span> <span class='ocrx_word' id='word_1_628' title='bbox 2400 2408 2577 2448; x_wconf 87' lang='lat' dir='ltr'>assumptio</span> 
     </span>
     <span class='ocr_line' id='line_1_90' title="bbox 1512 2448 2579 2490; baseline 0.004 -12"><span class='ocrx_word' id='word_1_629' title='bbox 1512 2453 1593 2478; x_wconf 85' lang='lat' dir='ltr'>esset</span> <span class='ocrx_word' id='word_1_630' title='bbox 1617 2449 1799 2478; x_wconf 90' lang='lat' dir='ltr'>communis</span> <span class='ocrx_word' id='word_1_631' title='bbox 1821 2448 1921 2478; x_wconf 85' lang='lat' dir='ltr'>tribus</span> <span class='ocrx_word' id='word_1_632' title='bbox 1943 2449 2098 2488; x_wconf 89' lang='lat' dir='ltr'>personis.</span> <span class='ocrx_word' id='word_1_633' title='bbox 2123 2448 2186 2479; x_wconf 90' lang='lat' dir='ltr'>Sed</span> <span class='ocrx_word' id='word_1_634' title='bbox 2200 2449 2234 2479; x_wconf 91' lang='lat' dir='ltr'>in</span> <span class='ocrx_word' id='word_1_635' title='bbox 2249 2449 2420 2490; x_wconf 88' lang='lat' dir='ltr'>hypothesi</span> <span class='ocrx_word' id='word_1_636' title='bbox 2435 2460 2493 2481; x_wconf 91' lang='lat' dir='ltr'>seu</span> <span class='ocrx_word' id='word_1_637' title='bbox 2508 2452 2579 2482; x_wconf 85' lang='lat' dir='ltr'>abs-</span> 
     </span>
     <span class='ocr_line' id='line_1_91' title="bbox 1511 2492 2577 2536; baseline 0.004 -14"><span class='ocrx_word' id='word_1_638' title='bbox 1511 2492 1665 2522; x_wconf 90' lang='lat' dir='ltr'>tractione</span> <span class='ocrx_word' id='word_1_639' title='bbox 1688 2493 1802 2532; x_wconf 87' lang='lat' dir='ltr'>posita,</span> <span class='ocrx_word' id='word_1_640' title='bbox 1826 2492 2002 2532; x_wconf 85' lang='lat' dir='ltr'>assumptio</span> <span class='ocrx_word' id='word_1_641' title='bbox 2025 2501 2093 2522; x_wconf 91' lang='lat' dir='ltr'>non</span> <span class='ocrx_word' id='word_1_642' title='bbox 2115 2493 2302 2533; x_wconf 87' lang='lat' dir='ltr'>importaret</span> <span class='ocrx_word' id='word_1_643' title='bbox 2323 2503 2495 2533; x_wconf 85' lang='lat' dir='ltr'>personam</span> <span class='ocrx_word' id='word_1_644' title='bbox 2517 2505 2577 2536; x_wconf 80' lang='lat' dir='ltr'>pro</span> 
     </span>
     <span class='ocr_line' id='line_1_92' title="bbox 1511 2535 2576 2580; baseline 0.004 -14"><span class='ocrx_word' id='word_1_645' title='bbox 1511 2545 1569 2576; x_wconf 90' lang='lat' dir='ltr'>per</span> <span class='ocrx_word' id='word_1_646' title='bbox 1591 2545 1624 2566; x_wconf 89' lang='lat' dir='ltr'>se</span> <span class='ocrx_word' id='word_1_647' title='bbox 1647 2536 1753 2575; x_wconf 89' lang='lat' dir='ltr'>primo</span> <span class='ocrx_word' id='word_1_648' title='bbox 1776 2536 1915 2566; x_wconf 87' lang='lat' dir='ltr'>termino</span> <span class='ocrx_word' id='word_1_649' title='bbox 1939 2535 1992 2575; x_wconf 88' lang='lat' dir='ltr'>(de</span> <span class='ocrx_word' id='word_1_650' title='bbox 2015 2536 2070 2566; x_wconf 84' lang='lat' dir='ltr'>tali</span> <span class='ocrx_word' id='word_1_651' title='bbox 2093 2537 2179 2566; x_wconf 86' lang='lat' dir='ltr'>enim</span> <span class='ocrx_word' id='word_1_652' title='bbox 2207 2538 2344 2567; x_wconf 90' lang='lat' dir='ltr'>termino</span> <span class='ocrx_word' id='word_1_653' title='bbox 2375 2547 2481 2569; x_wconf 87' lang='lat' dir='ltr'>sermo</span> <span class='ocrx_word' id='word_1_654' title='bbox 2505 2539 2576 2580; x_wconf 82' lang='lat' dir='ltr'>est),</span> 
     </span>
     <span class='ocr_line' id='line_1_93' title="bbox 1512 2579 2578 2622; baseline 0.005 -13"><span class='ocrx_word' id='word_1_655' title='bbox 1512 2579 1567 2610; x_wconf 90' lang='lat' dir='ltr'>sed</span> <span class='ocrx_word' id='word_1_656' title='bbox 1590 2580 1676 2610; x_wconf 92' lang='lat' dir='ltr'>hunc</span> <span class='ocrx_word' id='word_1_657' title='bbox 1700 2580 1817 2610; x_wconf 90' lang='lat' dir='ltr'>Deum.</span> <span class='ocrx_word' id='word_1_658' title='bbox 1842 2579 1939 2619; x_wconf 85' lang='lat' dir='ltr'>Igitur</span> <span class='ocrx_word' id='word_1_659' title='bbox 1961 2580 1995 2610; x_wconf 93' lang='lat' dir='ltr'>in</span> <span class='ocrx_word' id='word_1_660' title='bbox 2017 2580 2072 2610; x_wconf 83' lang='lat' dir='ltr'>tali</span> <span class='ocrx_word' id='word_1_661' title='bbox 2096 2590 2170 2611; x_wconf 89' lang='lat' dir='ltr'>casu</span> <span class='ocrx_word' id='word_1_662' title='bbox 2194 2582 2370 2622; x_wconf 84' lang='lat' dir='ltr'>assumptio</span> <span class='ocrx_word' id='word_1_663' title='bbox 2394 2584 2578 2614; x_wconf 71' lang='lat' dir='ltr'>communis</span> 
     </span>
     <span class='ocr_line' id='line_1_94' title="bbox 1513 2623 2478 2664; baseline 0.004 -11"><span class='ocrx_word' id='word_1_664' title='bbox 1513 2629 1594 2653; x_wconf 90' lang='lat' dir='ltr'>esset</span> <span class='ocrx_word' id='word_1_665' title='bbox 1616 2624 1715 2654; x_wconf 85' lang='lat' dir='ltr'>tribus</span> <span class='ocrx_word' id='word_1_666' title='bbox 1738 2624 1892 2664; x_wconf 82' lang='lat' dir='ltr'>personis,</span> <span class='ocrx_word' id='word_1_667' title='bbox 1916 2623 2095 2654; x_wconf 87' lang='lat' dir='ltr'>secundum</span> <span class='ocrx_word' id='word_1_668' title='bbox 2117 2625 2267 2655; x_wconf 89' lang='lat' dir='ltr'>Auctoris</span> <span class='ocrx_word' id='word_1_669' title='bbox 2291 2625 2478 2658; x_wconf 85' lang='lat' dir='ltr'>doctrinam.</span> 
     </span>
    </p>
   </div>
   <div class='ocr_carea' id='block_1_17' title="bbox 1180 2785 1784 2833">
    <p class='ocr_par' dir='ltr' id='par_1_28' title="bbox 1180 2785 1784 2833">
     <span class='ocr_line' id='line_1_95' title="bbox 1180 2785 1784 2833; baseline 0.002 -8"><span class='ocrx_word' id='word_1_670' title='bbox 1180 2785 1497 2827; x_wconf 86' lang='lat' dir='ltr'>ARTICULUS</span> <span class='ocrx_word' id='word_1_671' title='bbox 1529 2785 1784 2833; x_wconf 89' lang='lat' dir='ltr'><strong>QUINTUS</strong></span> 
     </span>
    </p>
   </div>
   <div class='ocr_carea' id='block_1_18' title="bbox 646 2877 2321 2952">
    <p class='ocr_par' dir='ltr' id='par_1_29' title="bbox 646 2877 2321 2952">
     <span class='ocr_line' id='line_1_96' title="bbox 646 2877 2321 2916; baseline 0.001 -6"><span class='ocrx_word' id='word_1_672' title='bbox 646 2879 803 2910; x_wconf 89' lang='lat' dir='ltr'><strong>UTRUM</strong></span> <span class='ocrx_word' id='word_1_673' title='bbox 827 2879 930 2909; x_wconf 84' lang='lat' dir='ltr'><strong>ALIA</strong></span> <span class='ocrx_word' id='word_1_674' title='bbox 952 2878 1151 2909; x_wconf 90' lang='lat' dir='ltr'>PERSONA</span> <span class='ocrx_word' id='word_1_675' title='bbox 1174 2877 1324 2908; x_wconf 89' lang='lat' dir='ltr'>DIVINA</span> <span class='ocrx_word' id='word_1_676' title='bbox 1346 2877 1569 2908; x_wconf 88' lang='lat' dir='ltr'>POTUERIT</span> <span class='ocrx_word' id='word_1_677' title='bbox 1593 2877 1818 2908; x_wconf 87' lang='lat' dir='ltr'>HUMANAM</span> <span class='ocrx_word' id='word_1_678' title='bbox 1842 2878 2059 2909; x_wconf 87' lang='lat' dir='ltr'>NATURAM</span> <span class='ocrx_word' id='word_1_679' title='bbox 2082 2878 2321 2916; x_wconf 85' lang='lat' dir='ltr'><strong>ASSUMERE,</strong></span> 
     </span>
     <span class='ocr_line' id='line_1_97' title="bbox 1194 2921 1772 2952; baseline -0.002 0"><span class='ocrx_word' id='word_1_680' title='bbox 1194 2922 1396 2952; x_wconf 88' lang='lat' dir='ltr'><strong>PRAETER</strong></span> <span class='ocrx_word' id='word_1_681' title='bbox 1418 2921 1652 2952; x_wconf 86' lang='lat' dir='ltr'>PERSONAM</span> <span class='ocrx_word' id='word_1_682' title='bbox 1676 2921 1772 2952; x_wconf 85' lang='lat' dir='ltr'>FILII</span> 
     </span>
    </p>
   </div>
   <div class='ocr_carea' id='block_1_19' title="bbox 1249 3008 1724 3041">
    <p class='ocr_par' dir='ltr' id='par_1_30' title="bbox 1249 3008 1724 3041">
     <span class='ocr_line' id='line_1_98' title="bbox 1249 3008 1724 3041; baseline 0.002 -8"><span class='ocrx_word' id='word_1_683' title='bbox 1249 3009 1279 3033; x_wconf 92' lang='lat'>111</span> <span class='ocrx_word' id='word_1_684' title='bbox 1300 3009 1388 3038; x_wconf 75' lang='lat' dir='ltr'>Sent.¹</span> <span class='ocrx_word' id='word_1_685' title='bbox 1409 3009 1467 3034; x_wconf 86' lang='lat' dir='ltr'>dist.</span> <span class='ocrx_word' id='word_1_686' title='bbox 1487 3016 1503 3037; x_wconf 75' lang='grc' dir='ltr'>ι,</span> <span class='ocrx_word' id='word_1_687' title='bbox 1523 3016 1569 3041; x_wconf 89' lang='lat' dir='ltr'>qu.</span> <span class='ocrx_word' id='word_1_688' title='bbox 1587 3016 1614 3038; x_wconf 74' lang='grc' dir='ltr'>ιι,</span> <span class='ocrx_word' id='word_1_689' title='bbox 1634 3014 1680 3034; x_wconf 78' lang='lat' dir='ltr'>art.</span> <span class='ocrx_word' id='word_1_690' title='bbox 1702 3008 1724 3034; x_wconf 84' lang='lat'>3.</span> 
     </span>
    </p>
   </div>
   <div class='ocr_carea' id='block_1_20' title="bbox 254 3096 1482 3462">
    <p class='ocr_par' dir='ltr' id='par_1_31' title="bbox 543 3096 1482 3146">
     <span class='ocr_line' id='line_1_99' title="bbox 543 3096 1482 3146; baseline -0.004 -8"><span class='ocrx_word' id='word_1_691' title='bbox 543 3126 557 3138; x_wconf 36' lang='grc' dir='ltr'><em>κ</em></span> <span class='ocrx_word' id='word_1_692' title='bbox 606 3112 628 3136; x_wconf 83' lang='lat' dir='ltr'>D</span> <span class='ocrx_word' id='word_1_693' title='bbox 649 3111 807 3141; x_wconf 81' lang='lat' dir='ltr'>QUINTUM</span> <span class='ocrx_word' id='word_1_694' title='bbox 828 3111 879 3135; x_wconf 88' lang='lat' dir='ltr'>s1c</span> <span class='ocrx_word' id='word_1_695' title='bbox 900 3111 1135 3136; x_wconf 78' lang='lat' dir='ltr'>PROCEDITUR.</span> <span class='ocrx_word' id='word_1_696' title='bbox 1165 3098 1326 3135; x_wconf 91' lang='lat' dir='ltr'>Videtur</span> <span class='ocrx_word' id='word_1_697' title='bbox 1349 3097 1455 3146; x_wconf 90' lang='lat' dir='ltr'>quod</span> <span class='ocrx_word' id='word_1_698' title='bbox 1480 3096 1482 3135; x_wconf 97' lang='grc' dir='ltr'>Ι</span> 
     </span>
    </p>

    <p class='ocr_par' dir='ltr' id='par_1_32' title="bbox 395 3150 1455 3359">
     <span class='ocr_line' id='line_1_100' title="bbox 435 3150 1455 3213; baseline -0.002 -24"><span class='ocrx_word' id='word_1_699' title='bbox 435 3203 448 3213; x_wconf 41' lang='lat'>.,</span> <span class='ocrx_word' id='word_1_700' title='bbox 532 3153 710 3204; x_wconf 87' lang='lat' dir='ltr'>nulla</span> <span class='ocrx_word' id='word_1_701' title='bbox 738 3151 809 3187; x_wconf 87' lang='lat' dir='ltr'>alia</span> <span class='ocrx_word' id='word_1_702' title='bbox 837 3163 1002 3199; x_wconf 89' lang='lat' dir='ltr'>persona</span> <span class='ocrx_word' id='word_1_703' title='bbox 1021 3151 1150 3188; x_wconf 87' lang='lat' dir='ltr'>divina</span> <span class='ocrx_word' id='word_1_704' title='bbox 1177 3150 1302 3199; x_wconf 91' lang='lat' dir='ltr'>potuit</span> <span class='ocrx_word' id='word_1_705' title='bbox 1320 3151 1455 3187; x_wconf 90' lang='lat' dir='ltr'>huma-</span> 
     </span>
     <span class='ocr_line' id='line_1_101' title="bbox 412 3196 1455 3295; baseline 0.004 -7"><span class='ocrx_word' id='word_1_706' title='bbox 412 3196 697 3295; x_wconf 39' lang='lat' dir='ltr'>*cstsssss</span> <span class='ocrx_word' id='word_1_707' title='bbox 718 3211 1455 3294; x_wconf 56' lang='lat' dir='ltr'>arsammdmssssss·</span> 
     </span>
     <span class='ocr_line' id='line_1_102' title="bbox 395 3308 1454 3359; baseline -0.002 -12"><span class='ocrx_word' id='word_1_708' title='bbox 395 3310 566 3359; x_wconf 88' lang='lat' dir='ltr'>ptionem</span> <span class='ocrx_word' id='word_1_709' title='bbox 586 3309 727 3346; x_wconf 88' lang='lat' dir='ltr'>factum</span> <span class='ocrx_word' id='word_1_710' title='bbox 747 3316 801 3344; x_wconf 88' lang='lat' dir='ltr'>est</span> <span class='ocrx_word' id='word_1_711' title='bbox 820 3308 926 3356; x_wconf 90' lang='lat' dir='ltr'>quod</span> <span class='ocrx_word' id='word_1_712' title='bbox 942 3309 1047 3344; x_wconf 92' lang='lat' dir='ltr'>Deus</span> <span class='ocrx_word' id='word_1_713' title='bbox 1067 3308 1111 3344; x_wconf 92' lang='lat' dir='ltr'>sit</span> <span class='ocrx_word' id='word_1_714' title='bbox 1127 3308 1243 3345; x_wconf 89' lang='lat' dir='ltr'>Filius</span> <span class='ocrx_word' id='word_1_715' title='bbox 1264 3308 1454 3345; x_wconf 91' lang='lat' dir='ltr'>Hominis.</span> 
     </span>
    </p>

    <p class='ocr_par' dir='ltr' id='par_1_33' title="bbox 254 3360 1455 3462">
     <span class='ocr_line' id='line_1_103' title="bbox 254 3360 1455 3408; baseline -0.001 -9"><span class='ocrx_word' id='word_1_716' title='bbox 254 3372 269 3387; x_wconf 57' lang='grc' dir='ltr'>α</span> <span class='ocrx_word' id='word_1_717' title='bbox 397 3363 471 3399; x_wconf 90' lang='lat' dir='ltr'>Sed</span> <span class='ocrx_word' id='word_1_718' title='bbox 500 3361 774 3398; x_wconf 89' lang='lat' dir='ltr'>inconveniens</span> <span class='ocrx_word' id='word_1_719' title='bbox 804 3367 900 3397; x_wconf 88' lang='lat' dir='ltr'>esset</span> <span class='ocrx_word' id='word_1_720' title='bbox 928 3360 1033 3408; x_wconf 93' lang='lat' dir='ltr'>quod</span> <span class='ocrx_word' id='word_1_721' title='bbox 1062 3373 1143 3396; x_wconf 90' lang='lat' dir='ltr'>esse</span> <span class='ocrx_word' id='word_1_722' title='bbox 1171 3361 1295 3398; x_wconf 88' lang='lat' dir='ltr'>filium</span> <span class='ocrx_word' id='word_1_723' title='bbox 1323 3367 1339 3382; x_wconf 59' lang='grc' dir='ltr'><em>α</em></span> <span class='ocrx_word' id='word_1_724' title='bbox 1368 3373 1455 3398; x_wconf 91' lang='lat' dir='ltr'>con-</span> 
     </span>
     <span class='ocr_line' id='line_1_104' title="bbox 396 3412 1455 3462; baseline -0.001 -11"><span class='ocrx_word' id='word_1_725' title='bbox 396 3415 539 3451; x_wconf 90' lang='lat' dir='ltr'>veniret</span> <span class='ocrx_word' id='word_1_726' title='bbox 559 3414 659 3451; x_wconf 88' lang='lat' dir='ltr'>Patri</span> <span class='ocrx_word' id='word_1_727' title='bbox 688 3415 748 3450; x_wconf 91' lang='lat' dir='ltr'>vel</span> <span class='ocrx_word' id='word_1_728' title='bbox 777 3412 932 3462; x_wconf 90' lang='lat' dir='ltr'>Spiritui</span> <span class='ocrx_word' id='word_1_729' title='bbox 953 3413 1112 3449; x_wconf 84' lang='lat' dir='ltr'>Sancto:</span> <span class='ocrx_word' id='word_1_730' title='bbox 1143 3413 1218 3449; x_wconf 89' lang='lat' dir='ltr'>hoc</span> <span class='ocrx_word' id='word_1_731' title='bbox 1243 3413 1346 3450; x_wconf 91' lang='lat' dir='ltr'>enim</span> <span class='ocrx_word' id='word_1_732' title='bbox 1374 3426 1455 3450; x_wconf 90' lang='lat' dir='ltr'>ver-</span> 
     </span>
    </p>
   </div>
   <div class='ocr_carea' id='block_1_21' title="bbox 408 3115 596 3300">
    <p class='ocr_par' dir='ltr' id='par_1_34' title="bbox 408 3115 596 3300">
     <span class='ocr_line' id='line_1_105' title="bbox 408 3115 596 3300; baseline 0 -111"><span class='ocrx_word' id='word_1_733' title='bbox 408 3115 596 3300; x_wconf 95' lang='lat' dir='ltr'>   </span> 
     </span>
    </p>
   </div>
   <div class='ocr_carea' id='block_1_22' title="bbox 1086 3499 1191 3502">
    <p class='ocr_par' dir='ltr' id='par_1_35' title="bbox 1086 3499 1191 3502">
     <span class='ocr_line' id='line_1_106' title="bbox 1086 3499 1191 3502; baseline 0 0"><span class='ocrx_word' id='word_1_734' title='bbox 1086 3499 1191 3502; x_wconf 95' lang='lat' dir='ltr'> </span> 
     </span>
    </p>
   </div>
   <div class='ocr_carea' id='block_1_23' title="bbox 450 3542 1150 3578">
    <p class='ocr_par' dir='ltr' id='par_1_36' title="bbox 450 3542 1150 3578">
     <span class='ocr_line' id='line_1_107' title="bbox 450 3542 1150 3578; baseline -0.006 -8"><span class='ocrx_word' id='word_1_735' title='bbox 450 3545 620 3578; x_wconf 76' lang='lat' dir='ltr'>a)fl11’um.·-</span> <span class='ocrx_word' id='word_1_736' title='bbox 638 3544 751 3570; x_wconf 76' lang='lat' dir='ltr'>hominis</span> <span class='ocrx_word' id='word_1_737' title='bbox 770 3544 866 3568; x_wconf 79' lang='lat' dir='ltr'>addunt</span> <span class='ocrx_word' id='word_1_738' title='bbox 884 3543 953 3567; x_wconf 82' lang='lat' dir='ltr'>DFH</span> <span class='ocrx_word' id='word_1_739' title='bbox 973 3547 998 3567; x_wconf 87' lang='lat' dir='ltr'>et</span> <span class='ocrx_word' id='word_1_740' title='bbox 1017 3542 1150 3567; x_wconf 84' lang='lat' dir='ltr'>editiones.</span> 
     </span>
    </p>
   </div>
   <div class='ocr_carea' id='block_1_24' title="bbox 1508 3097 2572 3465">
    <p class='ocr_par' dir='ltr' id='par_1_37' title="bbox 1509 3097 2572 3252">
     <span class='ocr_line' id='line_1_108' title="bbox 1509 3097 2569 3149; baseline 0.004 -16"><span class='ocrx_word' id='word_1_741' title='bbox 1509 3104 1611 3145; x_wconf 86' lang='lat' dir='ltr'>geret</span> <span class='ocrx_word' id='word_1_742' title='bbox 1652 3097 1690 3134; x_wconf 92' lang='lat' dir='ltr'>in</span> <span class='ocrx_word' id='word_1_743' title='bbox 1732 3098 1999 3136; x_wconf 90' lang='lat' dir='ltr'>confusionem</span> <span class='ocrx_word' id='word_1_744' title='bbox 2040 3099 2256 3136; x_wconf 89' lang='lat' dir='ltr'>divinarum</span> <span class='ocrx_word' id='word_1_745' title='bbox 2303 3111 2569 3149; x_wconf 89' lang='lat' dir='ltr'>personarum.</span> 
     </span>
     <span class='ocr_line' id='line_1_109' title="bbox 1510 3151 2572 3201; baseline 0.004 -15"><span class='ocrx_word' id='word_1_746' title='bbox 1510 3151 1611 3198; x_wconf 85' lang='lat' dir='ltr'>Ergo</span> <span class='ocrx_word' id='word_1_747' title='bbox 1631 3151 1743 3187; x_wconf 91' lang='lat' dir='ltr'>Pater</span> <span class='ocrx_word' id='word_1_748' title='bbox 1770 3159 1806 3188; x_wconf 91' lang='lat' dir='ltr'>et</span> <span class='ocrx_word' id='word_1_749' title='bbox 1826 3151 1986 3201; x_wconf 91' lang='lat' dir='ltr'>Spiritus</span> <span class='ocrx_word' id='word_1_750' title='bbox 2007 3152 2168 3189; x_wconf 86' lang='lat' dir='ltr'>Sanctus</span> <span class='ocrx_word' id='word_1_751' title='bbox 2195 3163 2350 3190; x_wconf 86' lang='lat' dir='ltr'>carnem</span> <span class='ocrx_word' id='word_1_752' title='bbox 2375 3164 2572 3190; x_wconf 86' lang='lat' dir='ltr'>assumere</span> 
     </span>
     <span class='ocr_line' id='line_1_110' title="bbox 1510 3211 1785 3252; baseline 0.004 -13"><span class='ocrx_word' id='word_1_753' title='bbox 1510 3215 1590 3240; x_wconf 92' lang='lat' dir='ltr'>non</span> <span class='ocrx_word' id='word_1_754' title='bbox 1618 3211 1785 3252; x_wconf 90' lang='lat' dir='ltr'>possent.</span> 
     </span>
    </p>

    <p class='ocr_par' dir='ltr' id='par_1_38' title="bbox 1508 3255 2570 3465">
     <span class='ocr_line' id='line_1_111' title="bbox 1566 3255 2570 3306; baseline 0.003 -14"><span class='ocrx_word' id='word_1_755' title='bbox 1566 3268 1599 3292; x_wconf 89' lang='lat'>2.</span> <span class='ocrx_word' id='word_1_756' title='bbox 1629 3257 1861 3304; x_wconf 76' lang='lat' dir='ltr'>PRAETEREA,</span> <span class='ocrx_word' id='word_1_757' title='bbox 1881 3269 1951 3306; x_wconf 90' lang='lat' dir='ltr'>per</span> <span class='ocrx_word' id='word_1_758' title='bbox 1977 3255 2277 3294; x_wconf 87' lang='lat' dir='ltr'>incarnationem</span> <span class='ocrx_word' id='word_1_759' title='bbox 2303 3256 2475 3294; x_wconf 89' lang='lat' dir='ltr'>divinam</span> <span class='ocrx_word' id='word_1_760' title='bbox 2504 3258 2570 3295; x_wconf 93' lang='lat' dir='ltr'>ho-</span> 
     </span>
     <span class='ocr_line' id='line_1_112' title="bbox 1510 3308 2569 3359; baseline 0.002 -14"><span class='ocrx_word' id='word_1_761' title='bbox 1510 3308 1633 3346; x_wconf 91' lang='lat' dir='ltr'>mines</span> <span class='ocrx_word' id='word_1_762' title='bbox 1652 3317 1741 3346; x_wconf 90' lang='lat' dir='ltr'>sunt</span> <span class='ocrx_word' id='word_1_763' title='bbox 1759 3309 1920 3346; x_wconf 89' lang='lat' dir='ltr'>assecuti</span> <span class='ocrx_word' id='word_1_764' title='bbox 1947 3309 2195 3359; x_wconf 88' lang='lat' dir='ltr'>adoptionem</span> <span class='ocrx_word' id='word_1_765' title='bbox 2218 3308 2407 3347; x_wconf 90' lang='lat' dir='ltr'>filiorum:</span> <span class='ocrx_word' id='word_1_766' title='bbox 2437 3322 2569 3348; x_wconf 91' lang='lat' dir='ltr'>secun-</span> 
     </span>
     <span class='ocr_line' id='line_1_113' title="bbox 1510 3361 2569 3412; baseline 0.002 -14"><span class='ocrx_word' id='word_1_767' title='bbox 1510 3361 1606 3398; x_wconf 90' lang='lat' dir='ltr'>dum</span> <span class='ocrx_word' id='word_1_768' title='bbox 1643 3361 1734 3398; x_wconf 91' lang='lat' dir='ltr'>illud</span> <span class='ocrx_word' id='word_1_769' title='bbox 1769 3363 1880 3399; x_wconf 88' lang='lat' dir='ltr'>Rom.</span> <span class='ocrx_word' id='word_1_770' title='bbox 1900 3361 2018 3399; x_wconf 85' lang='lat' dir='ltr'>v111*:</span> <span class='ocrx_word' id='word_1_771' title='bbox 2055 3362 2146 3399; x_wconf 90' lang='lat' dir='ltr'>Non</span> <span class='ocrx_word' id='word_1_772' title='bbox 2183 3363 2369 3411; x_wconf 65' lang='lat' dir='ltr'>accepistis</span> <span class='ocrx_word' id='word_1_773' title='bbox 2401 3364 2569 3412; x_wconf 83' lang='lat' dir='ltr'>spiritum</span> 
     </span>
     <span class='ocr_line' id='line_1_114' title="bbox 1508 3414 2570 3465; baseline 0.003 -15"><span class='ocrx_word' id='word_1_774' title='bbox 1508 3415 1686 3452; x_wconf 82' lang='lat' dir='ltr'>servitutis</span> <span class='ocrx_word' id='word_1_775' title='bbox 1714 3416 1844 3451; x_wconf 85' lang='lat' dir='ltr'>iterum</span> <span class='ocrx_word' id='word_1_776' title='bbox 1864 3415 1901 3451; x_wconf 91' lang='lat' dir='ltr'>in</span> <span class='ocrx_word' id='word_1_777' title='bbox 1929 3415 2071 3461; x_wconf 87' lang='lat' dir='ltr'>timore,</span> <span class='ocrx_word' id='word_1_778' title='bbox 2090 3414 2337 3464; x_wconf 74' lang='lat' dir='ltr'>sedspiritum</span> <span class='ocrx_word' id='word_1_779' title='bbox 2364 3414 2570 3465; x_wconf 82' lang='lat' dir='ltr'>adoptionis</span> 
     </span>
    </p>
   </div>
   <div class='ocr_carea' id='block_1_25' title="bbox 2603 757 2686 780">
    <p class='ocr_par' dir='ltr' id='par_1_39' title="bbox 2603 757 2686 780">
     <span class='ocr_line' id='line_1_115' title="bbox 2603 757 2686 780; baseline 0.012 -1"><span class='ocrx_word' id='word_1_780' title='bbox 2603 759 2614 768; x_wconf 77' lang='lat'>⁸</span> <span class='ocrx_word' id='word_1_781' title='bbox 2627 757 2686 780; x_wconf 79' lang='lat' dir='ltr'>lbid.</span> 
     </span>
    </p>
   </div>
   <div class='ocr_carea' id='block_1_26' title="bbox 2630 1283 2735 1310">
    <p class='ocr_par' dir='ltr' id='par_1_40' title="bbox 2630 1283 2735 1310">
     <span class='ocr_line' id='line_1_116' title="bbox 2630 1283 2735 1310; baseline 0.01 -5"><span class='ocrx_word' id='word_1_782' title='bbox 2630 1283 2695 1306; x_wconf 74' lang='lat' dir='ltr'>ven.</span> <span class='ocrx_word' id='word_1_783' title='bbox 2709 1290 2735 1310; x_wconf 78' lang='grc'>4.</span> 
     </span>
    </p>
   </div>
   <div class='ocr_carea' id='block_1_27' title="bbox 2605 1538 2778 1567">
    <p class='ocr_par' dir='ltr' id='par_1_41' title="bbox 2605 1538 2778 1567">
     <span class='ocr_line' id='line_1_117' title="bbox 2605 1538 2778 1567; baseline 0 -7"><span class='ocrx_word' id='word_1_784' title='bbox 2605 1539 2613 1548; x_wconf 82' lang='lat'>⁸</span> <span class='ocrx_word' id='word_1_785' title='bbox 2628 1538 2653 1560; x_wconf 85' lang='lat' dir='ltr'>In</span> <span class='ocrx_word' id='word_1_786' title='bbox 2669 1545 2778 1567; x_wconf 73' lang='lat' dir='ltr'>corpore,</span> 
     </span>
    </p>
   </div>
   <div class='ocr_carea' id='block_1_28' title="bbox 2605 2148 2822 2203">
    <p class='ocr_par' dir='ltr' id='par_1_42' title="bbox 2605 2148 2822 2203">
     <span class='ocr_line' id='line_1_118' title="bbox 2606 2148 2822 2171; baseline 0 0"><span class='ocrx_word' id='word_1_787' title='bbox 2606 2149 2615 2160; x_wconf 79' lang='lat'>⁸</span> <span class='ocrx_word' id='word_1_788' title='bbox 2638 2148 2772 2171; x_wconf 75' lang='lat' dir='ltr'>comment.</span> <span class='ocrx_word' id='word_1_789' title='bbox 2793 2155 2822 2171; x_wconf 87' lang='lat' dir='ltr'>n..</span> 
     </span>
     <span class='ocr_line' id='line_1_119' title="bbox 2605 2181 2675 2203; baseline 0 -6"><span class='ocrx_word' id='word_1_790' title='bbox 2605 2181 2637 2203; x_wconf 74' lang='lat' dir='ltr'>ix,</span> <span class='ocrx_word' id='word_1_791' title='bbox 2652 2182 2675 2197; x_wconf 84' lang='lat' dir='ltr'>x.</span> 
     </span>
    </p>
   </div>
   <div class='ocr_carea' id='block_1_29' title="bbox 2597 3368 2742 3398">
    <p class='ocr_par' dir='ltr' id='par_1_43' title="bbox 2597 3368 2742 3398">
     <span class='ocr_line' id='line_1_120' title="bbox 2597 3368 2742 3398; baseline 0.014 -8"><span class='ocrx_word' id='word_1_792' title='bbox 2597 3370 2606 3380; x_wconf 84' lang='grc'><em>’</em></span> <span class='ocrx_word' id='word_1_793' title='bbox 2622 3368 2688 3391; x_wconf 66' lang='lat' dir='ltr'>Vera.</span> <span class='ocrx_word' id='word_1_794' title='bbox 2706 3375 2742 3398; x_wconf 61' lang='lat'>15&gt;</span> 
     </span>
    </p>
   </div>
   <div class='ocr_carea' id='block_1_30' title="bbox 2858 3780 2872 3970">
    <p class='ocr_par' dir='ltr' id='par_1_44' title="bbox 2858 3780 2872 3970">
     <span class='ocr_line' id='line_1_121' title="bbox 2858 3780 2872 3970; textangle 90"><span class='ocrx_word' id='word_1_795' title='bbox 2858 3902 2872 3970; x_wconf 52' lang='grc' dir='ltr'>-Ψῖωιιι</span> <span class='ocrx_word' id='word_1_796' title='bbox 2863 3879 2872 3891; x_wconf 54' lang='grc' dir='ltr'>ι</span> <span class='ocrx_word' id='word_1_797' title='bbox 2865 3851 2872 3868; x_wconf 65' lang='grc'>;;</span> <span class='ocrx_word' id='word_1_798' title='bbox 2864 3808 2872 3839; x_wconf 50' lang='lat'>12...</span> <span class='ocrx_word' id='word_1_799' title='bbox 2869 3780 2872 3798; x_wconf 94' lang='lat'>..</span> 
     </span>
    </p>
   </div>
  </div>
 </body>
</html>
