2872 3970
873 289 1134 335 QUAEST10
1164 289 1289 335 XXX,
1323 287 1614 326 ARTICULUS
1643 289 1693 325 IV
2290 285 2364 332 319

2393 372 2403 383 ·
2422 371 2456 393 ef.
2477 371 2528 393 Cat.
2543 372 2608 393 Aur.

199 375 299 411 mino
317 373 458 410 venisse
473 372 633 408 sciamus
651 369 854 407 auxilium:
880 369 966 417 quia
983 369 1159 404 securitas
1177 368 1254 404 ani·
1362 366 1563 413 Quidam*
1580 374 1709 403 tamen
1729 366 1859 403 dicunt
1878 366 1996 415 quod,
2013 378 2104 402 cum
2119 366 2234 402 Beata
2248 363 2363 411 Virgo
2391 398 2415 419 in
2429 398 2477 419 Luc
2509 398 2536 420 ad
2551 404 2578 419 ca

198 437 282 464 mae
301 425 506 474 praesentis
533 424 728 460 maiestatis
759 421 934 458 indicium
963 426 1022 456 est.
1066 421 1107 457 Si
1132 425 1253 456 autem
1279 433 1282 501 ξ
1308 427 1457 456 assueta
1476 427 1573 455 esset
1593 419 1805 455 visionibus
1825 420 2060 466 angelorum,
2089 429 2168 454 non
2192 417 2259 454 fuit
2286 424 2363 453 tur·
2391 405 2603 473 gffifrslggkcffii

110 506 118 511 ξ
184 477 341 516 ›fnwssa
354 475 526 524 formido
538 476 798 525 permanserit,
818 474 928 510 hostis
947 479 997 509 est
1015 474 1078 522 qui
1099 473 1250 510 videtur.
1307 471 1394 508 bata
1417 472 1455 508 in
1475 471 1621 508 visione
1641 471 1783 519 angeli:
1813 471 1879 508 sed
1899 471 1938 507 in
1958 470 2206 507 admiratione
2227 481 2364 507 eorum
2597 467 2603 472 '

35 525 37 527 ’
90 525 127 570 ἒς
183 528 468 579 >in⁶1psa⁴etiam
485 527 649 565 turbatio
668 525 831 574 Virginis
849 524 1083 565 conveniens
1101 524 1170 561 fuit
1187 536 1252 560 ve—
1307 536 1406 572 quae
1441 524 1476 560 ei
1504 524 1552 561 ab
1581 525 1715 572 angelo
1743 524 1984 568 dicebantur,
2023 523 2113 571 quia
2140 523 2188 559 de
2217 534 2256 558 se
2284 529 2363 558 tam

184 580 402 620 iracundiae
425 578 607 628 virginali
650 575 772 626 Quia,
810 586 852 615 ut
883 577 1111 615 Ambrosius
1144 576 1251 622 dicit,

1306 576 1509 624 magnifica
1544 588 1624 613 non
1659 576 1855 624 cogitabat.
1903 576 2013 613 Unde
2053 582 2088 612 et
2125 574 2363 622 Evangelista

108 632 304 684 'mwper'
325 632 419 671 ‘Zac-
438 632 683 682 ⁸,1trepidare
699 633 890 681 virginum
909 637 980 668 est.-
1005 636 1039 667 et
1056 630 1107 667 ad
1124 641 1252 666 omnes
1305 640 1385 670 non
1412 629 1501 665 dicit
1528 629 1636 677 quod
1662 629 1811 665 turbata
1841 628 1951 666 fuerit
1979 628 2016 665 in
2044 627 2191 664 visione
2220 626 2361 674 angeli,

185 804 262 823 ’.ΜΠ-’ᾦ
276 806 278 811 “

207 882 209 884 ’
321 887 357 909 us
378 876 473 909 simul
495 877 617 917 quaerit
643 876 728 918 quia,
754 881 785 906 et
801 881 938 917 propter
959 875 1045 917 quid,
1069 874 1109 905 de
1131 883 1246 914 corpo-

164 882 248 965 Τ
326 916 547 963 apparitione:
572 930 613 951 an
635 920 755 951 scilicet
775 919 886 956 fuerit3
911 925 942 950 et
958 929 1055 960 quare
1075 918 1170 949 fuerit
1191 927 1246 958 ap-

110 970 139 1006 ⁵²,
187 959 303 1007 ptime
322 964 464 996 visibilis.
488 964 669 1004 Utrumque
685 964 770 994 enim
785 965 937 1004 importat
951 963 1071 999 titulus,
1092 971 1246 1002 quaerens

182 1007 398 1046 &debuerit
408 1010 409 1013 ’
419 1015 576 1049 apparere
599 1008 823 1048 corporaliter.

123 1047 138 1096 ἢ
182 1053 279 1091 *girh
301 1061 436 1092 corpore
467 1051 506 1082 ad
528 1058 702 1092 utrumque
728 1051 822 1083 simul
852 1050 1078 1091 respondetur:
1102 1050 1247 1092 Angelus

134 1095 149 1133 ᾆξ’
189 1134 197 1138 .
290 1096 339 1130 uit
359 1095 596 1136 corporaliter:
618 1101 650 1127 et
669 1097 731 1127 hoc
752 1096 986 1127 convenienter.
1016 1094 1171 1125 Probatur
1193 1094 1247 1124 tn*—

111 1136 159 1177 szs.
203 1143 206 1144 ⁷
233 1140 319 1172 dter.
343 1139 460 1170 Omnia
483 1139 565 1170 clara
587 1145 661 1170 sunt
682 1141 716 1170 in
738 1140 850 1170 littera.

202 1207 207 1212 .
230 1181 280 1217 ῙῙ,
303 1182 388 1223 Quia
401 1189 510 1214 tamen
531 1183 688 1214 moderno
704 1189 850 1224 tempore
866 1181 972 1213 audita
988 1187 1035 1212 est
1049 1191 1134 1217 nova
1149 1191 1246 1222 quae-

110 1242 156 1263 ..a
185 1222 261 1261 uun
281 1227 499 1268 praesumptio
523 1226 631 1258 dicens
654 1228 887 1268 apparitionem
908 1227 1001 1257 istam
1022 1235 1091 1256 non
1109 1235 1177 1256 esse
1199 1226 1246 1255 vi-

115 1290 123 1312 t.
184 1267 320 1308 mem,
332 1270 388 1302 sed
401 1271 631 1311 intelligibilem
646 1276 770 1302 tantum
782 1271 889 1307 fuisse,
902 1269 1130 1301 advertendum
1145 1269 1244 1310 quod,

186 1315 271 1356 tim*
282 1315 455 1351 Ambrosii,
467 1315 648 1355 Augustini,
660 1315 893 1356 chrysostomi,
905 1314 1120 1354 Auctorisque
1135 1318 1246 1344 aucto-

119 1359 165 1398 ,ξς
185 1358 372 1401 Qem‚,ut
385 1360 419 1390 in
434 1359 536 1399 littera
551 1358 674 1396 dicitur,
691 1359 854 1399 Evangelii
877 1364 980 1389 textus
995 1359 1012 1376 ὓ
1033 1367 1110 1398 prae
1134 1367 1168 1388 se
1186 1357 1246 1388 fert

138 1411 158 1425 ⁴>
174 1416 198 1445 ‘.
229 1441 232 1444 Α
255 1402 384 1442 4(κεύθω
398 1403 556 1434 visionem
577 1402 684 1434 fuisse.
700 1403 787 1434 Tum
806 1413 844 1433 ex
866 1402 1029 1442 descriptis
1047 1401 1087 1432 de
1109 1401 1244 1441 Angelo.

241 1446 350 1487 oniam
366 1446 512 1478 describit
534 1447 639 1488 primo
656 1447 763 1487 ipsum
778 1447 946 1478 Zachariae
961 1446 1144 1486 apparuisse
1158 1450 1246 1476 stan-

111 1509 131 1525 1
258 1495 301 1522 'a'
313 1489 437 1522 dextris
458 1490 591 1522 altaris:
616 1496 740 1521 constat
762 1496 869 1522 autem
889 1489 979 1531 quod
1001 1495 1082 1520 stare
1099 1499 1117 1520 a
1132 1488 1246 1520 dextris

186 1534 289 1567 ffiris
319 1534 520 1575 corporalem
551 1535 647 1565 situm
677 1534 761 1565 dicit.
802 1535 844 1565 Et
877 1539 1111 1574 consequenter
1140 1533 1246 1564 subdit

186 1578 276 1621 quod
297 1579 411 1610 missus
434 1584 482 1609 est
510 1579 542 1609 in
566 1579 725 1609 civitatem
749 1579 932 1614 Galilaeae,
960 1583 992 1608 et
1013 1579 1178 1619 ingressus
1200 1582 1247 1608 est

185 1622 241 1663 ad
255 1623 442 1664 Virginem:
473 1623 632 1654 exercitati
663 1628 772 1654 autem
800 1623 835 1653 in
863 1623 958 1653 sacris
987 1622 1112 1652 Litteris
1141 1622 1246 1653 sciunt

106 1662 158 1706 s.
208 1666 276 1703 uod
305 1665 491 1698 huiusmodi
517 1667 629 1703 verba,
661 1667 827 1708 ingressus
849 1671 896 1698 est
917 1666 961 1696 ad
983 1675 1108 1707 regem,
1132 1666 1176 1696 ad
1198 1670 1245 1696 ta-

118 1712 163 1755 ξς,
190 1720 258 1754 ἱερῇ,
275 1715 346 1747 etc„
370 1710 570 1754 corporalem
592 1715 720 1741 motum
739 1709 914 1751 significare
937 1715 1182 1740 consueverunt.
1205 1709 1247 1740 Et

181 1752 331 1790 Qubditur
359 1753 399 1785 de
425 1763 572 1785 sermone
599 1754 668 1785 eius
699 1759 730 1785 et
760 1754 924 1794 colloquio
959 1763 1034 1784 cum
1056 1754 1153 1784 Beata
1174 1753 1245 1783 Vir-

184 1797 269 1840 ssffie.
303 1798 345 1829 Et
366 1797 496 1829 tandem
518 1797 608 1838 quod
630 1798 774 1829 discessit
795 1798 834 1828 ab
857 1805 915 1829 ea:
943 1797 1033 1838 quod
1056 1797 1151 1828 etiam
1174 1807 1244 1828 cor-

117 1840 147 1883 ”,;
185 1839 330 1884 poi-alem
351 1847 479 1873 motum
502 1841 667 1882 significat.

119 1892 139 1927 ζ
192 1911 196 1926 ·:
239 1885 328 1917 Tum
351 1895 390 1917 ex
411 1885 575 1926 descriptis
598 1884 638 1916 de
660 1886 757 1916 Beata
778 1886 917 1926 Virgine.
941 1885 1106 1923 Quoniam
1129 1884 1244 1916 descri-

180 1929 269 1964 'bitus
290 1930 418 1961 turbata
439 1930 620 1961 turbatione
642 1930 780 1960 timoris:
803 1935 840 1960 ut
853 1934 940 1970 patet
956 1939 994 1960 ex
1009 1938 1049 1960 eo
1073 1928 1162 1969 quod
1177 1929 1243 1960 An-

112 1983 144 2006 τ,,·’·
178 1972 274 2015 gelus
300 1973 377 2005 dixit
403 1974 433 2005 ei
453 1979 544 2014 post,
569 1974 619 2004 Ne
642 1973 770 2009 timeas,
795 1973 916 2004 Maria.
951 1973 1105 2004 Turbatio
1136 1979 1243 2004 autem

116 2029 123 2061 ’,Δ
131 2024 147 2057 ,ἴς
166 2018 306 2059 ,timoris
332 2017 373 2048 ad
394 2023 516 2058 partem
546 2022 667 2058 spectat
689 2018 879 2048 sensitivam.
914 2017 955 2048 Et
976 2026 1084 2048 rursus
1105 2017 1242 2048 turbatio

141 2077 149 2102 ·;
182 2061 239 2095 iun
250 2062 373 2093 timoris
389 2062 421 2092 in
436 2071 584 2093 sermone
598 2062 710 2103 angeli
725 2061 910 2092 describitur
924 2061 1084 2092 accidisse.
1103 2061 1242 2098 Etenim,

182 2106 212 2137 ai
231 2105 436 2146 intelligibilis
459 2111 584 2136 tantum
606 2105 716 2136 fuisset
738 2115 960 2148 sermo,xcum
982 2105 1113 2136 audiens
1135 2111 1242 2136 mente

138 2167 156 2187 ς,
182 2154 308 2181 tantum
323 2150 553 2190 intelligibilem
575 2150 743 2190 spiritualis
759 2150 949 2188 substantiae
965 2158 1156 2185 sermonem,
1181 2149 1243 2180 ele-

184 2199 256 2226 vata
273 2203 368 2235 supra
390 2203 424 2224 se
447 2194 495 2230 sit,
518 2203 586 2224 non
609 2194 764 2224 timuisset
785 2194 819 2224 in
841 2199 929 2234 parte
951 2193 1101 2224 inferiori.

143 2239 146 2240 ⁷
237 2237 326 2269 Tum
349 2247 387 2268 ex
409 2247 579 2278 progressu
600 2238 634 2268 in
656 2239 724 2278 ipsa
747 2237 916 2278 descripto.
939 2237 1134 2268 Describitur
1157 2238 1243 2268 enim

118 2285 155 2323 {⁴
184 2282 300 2323 primo,
316 2281 463 2318 audisse,·
478 2281 602 2318 deinde,
616 2282 741 2312 turbari
747 2289 760 2319 ;
774 2282 878 2318 tertio,
890 2281 1056 2323 cogitare‚·
1072 2287 1103 2312 et
1118 2287 1242 2322 quarto,

184 2327 287 2361 sanari
306 2327 347 2357 ab
369 2326 483 2367 angelo
505 2326 697 2357 nominatim
719 2325 928 2362 confortante,
951 2326 1003 2356 Ne
1025 2326 1146 2362 timeas,
1170 2327 1244 2357 Ma-

53 2375 59 2387 ff
186 2378 248 2413 na.
281 2370 344 2402 Hic
366 2371 454 2401 enim
475 2369 566 2406 ordo,
599 2370 652 2401 hic
677 2379 862 2410 progressus
888 2369 928 2400 ad
951 2370 1132 2410 corporales
1155 2376 1243 2402 actus

184 2413 328 2451 tudinis,
351 2413 482 2445 affectus
504 2414 644 2445 sensitivi
667 2419 698 2444 et
721 2414 908 2454 cogitativae
930 2414 1026 2454 partis
1053 2414 1148 2445 simul
1168 2424 1243 2446 cum

129 2470 136 2498 ς
168 2462 169 2467 ’
184 2458 362 2494 intellectu,
386 2463 417 2489 et
438 2458 580 2489 naturale
608 2457 787 2489 remedium
820 2458 1031 2488 materialium
1063 2464 1243 2490 nostrarum

185 2502 381 2545 passionum,
405 2502 575 2534 clarissime
597 2507 727 2543 spectat.

133 2547 173 2574 ζ’·
223 2545 323 2578 4εδιιιιῖ
347 2547 443 2578 etiam
476 2545 516 2577 ad
541 2547 604 2577 hoc
630 2547 767 2577 rationes
789 2547 824 2577 in
845 2546 947 2577 littera
969 2546 1079 2576 allatae
1105 2547 1244 2578 multum

131 2591 159 2633 ’,ξ’
186 2596 350 2631 urgentes,
380 2590 558 2622 secundum
583 2591 759 2621 subiectam
783 2591 957 2621 materiam.
991 2590 1244 2631 Indisciplinatae

187 2634 307 2677 quippe
329 2635 444 2666 mentis
467 2640 514 2665 est
536 2644 688 2675 quaerere
710 2635 744 2665 in
763 2634 916 2665 similibus
939 2634 1162 2666 certitudinem
1177 2645 1244 2666 ma-

224 1482 231 1490 η

398 3036 635 3073 annuntiatio
654 3048 734 3074 non
753 3036 863 3073 fuerit
881 3037 1124 3074 convenienti
1143 3037 1244 3075 ordi-

398 3100 447 3125 ne
465 3089 630 3138 perfecta
646 3088 677 3125 ⁶⁶.
707 3088 876 3136 Dignitas
900 3089 1004 3126 enim
1022 3089 1155 3127 Matris
1172 3090 1245 3127 Dei

174 3175 187 3187 =.
276 3143 302 3165 ῖ“’
319 3152 331 3166 ν·
354 3132 590 3190 dependet
616 3153 662 3177 ex
680 3142 787 3190 prole
811 3148 1005 3191 concepta.
1035 3142 1112 3179 Sed
1130 3154 1246 3179 causa

176 3191 295 3246 *prius
313 3193 426 3230 debet
439 3193 668 3230 manifestari
682 3205 801 3242 quam
815 3193 982 3231 effectus.
1003 3195 1104 3242 Ergo
1119 3194 1244 3243 primo

171 3243 322 3292 ‚debuit
354 3247 522 3294 Angelus
561 3245 705 3293 Virgini
750 3245 974 3283 annuntiare
1015 3254 1246 3295 conceptum

193 3297 327 3347 prolis,
364 3311 484 3348 quam
518 3298 598 3335 eius
630 3298 850 3346 dignitatem
882 3298 1094 3348 exprimere
1115 3304 1131 3320 ‘¹
1159 3310 1246 3336 eam

68 3365 75 3405 ξ
187 3349 402 3388 salutando.

72 3432 75 3437 ,,
128 3403 162 3449 Ϊῑ
247 3413 283 3439 2.
311 3403 539 3451 Parmam,
568 3402 743 3453 probatio
771 3411 836 3440 aut
858 3403 1102 3452 praetermitti
1121 3403 1245 3450 debet,

70 3453 77 3457 ’
129 3460 172 3503 ς,
191 3452 235 3492 in
260 3452 319 3492 his
352 3468 451 3505 quae
478 3455 595 3493 dubia
629 3468 709 3492 non
737 3463 841 3492 sunt:
878 3464 943 3493 aut
974 3455 1178 3505 praemitti,
1207 3455 1247 3491 in

248 3573 276 3609 α)
294 3576 453 3609 exprimere.
471 3591 490 3596 -
506 3585 664 3610 expromere
683 3576 760 3611 G(pH
769 3576 797 3611 i),
815 3585 950 3610 exponere
967 3579 1004 3602 εΗ
1025 3583 1049 3602 et
1067 3578 1201 3603 editiones.

183 684 479 736 rssris'engressus
500 693 661 735 pavere,
697 696 826 722 omnes
851 685 924 722 viri
955 682 1091 732 affatus
1117 683 1248 719 vereri.
1304 682 1390 729 sed,
1419 683 1456 718 in
1484 694 1655 719 sermone
1682 685 1758 718 eius
1775 681 1806 718 ²³.

863 788 1196 821 Commentario.
1218 786 1470 819 Oardjnalis
1492 787 1692 819 Caietam

1301 874 1520 906 thematicam:
1538 881 1573 906 ut
1588 876 1802 916 Philosophus
1818 876 1928 907 docuit
1943 877 1970 906 ⁴*.
1995 875 2161 907 Certitudo
2178 877 2264 906 enim
2279 884 2362 916 quae

1301 928 1340 948 ex
1362 923 1410 948 tot
1433 920 1683 956 auctoritatibus,
1707 921 1891 956 rationibus,
1916 926 1947 951 et
1964 920 2061 960 plano
2078 930 2172 951 sensu
2187 926 2291 951 textus
2306 921 2361 950 ha-

1301 962 1403 998 betur,
1427 962 1691 994 sufficientissima
1714 970 1761 994 est
1782 965 1816 995 in
1834 965 1897 994 hoc
1914 969 1944 994 et
1960 964 2113 994 similibus
2130 965 2278 1005 quaesitis
2295 974 2361 995 cer-

1301 1006 1415 1042 titudo,
1440 1008 1526 1048 apud
1548 1008 1606 1038 rite
1630 1008 1796 1048 dispositas
1819 1013 1952 1038 mentes.

1356 1050 1407 1080 111.
1432 1052 1468 1082 In
1500 1053 1710 1091 responsione
1739 1051 1779 1082 ad
1801 1053 1947 1088 tertium,
1972 1051 2097 1083 adverte
2121 1053 2242 1092 primo,
2271 1051 2361 1092 quod

1299 1094 1423 1124 Auctor
1444 1096 1660 1126 turbationem
1683 1105 1765 1136 quae
1791 1096 1825 1126 in
1848 1097 2066 1136 corporalibus
2093 1103 2147 1127 aut
2169 1097 2359 1136 imaginariis

1300 1139 1502 1178 superiorum
1524 1140 1699 1170 visionibus
1722 1139 1844 1176 accidit,
1868 1139 1991 1170 reducit
2010 1141 2044 1170 in
2059 1141 2279 1171 necessitatem
2294 1150 2361 1170 ma-

1299 1183 1405 1213 teriae.
1440 1183 1665 1224 Apparitiones
1695 1183 1854 1223 siquidem
1884 1183 2068 1215 huiusmodi
2091 1184 2261 1214 elevativae
2288 1190 2362 1215 sunt

1300 1235 1395 1266 supra
1424 1227 1582 1267 seipsum,
1613 1227 1657 1257 ita
1683 1226 1773 1267 quod
1803 1227 1936 1257 elevatio
1968 1228 2006 1257 ab
2030 1227 2171 1258 inferiori
2199 1234 2361 1258 commota

1299 1275 1387 1310 parte
1410 1270 1548 1307 inchoat,
1574 1270 1693 1301 ducens
1716 1270 1901 1301 admirando
1917 1271 2083 1302 hominem
2099 1281 2194 1311 supra
2209 1272 2360 1311 seipsum.

1299 1314 1385 1345 Huic
1408 1320 1516 1346 autem
1538 1314 1605 1350 fini,
1629 1316 1685 1355 qui
1701 1320 1748 1345 est
1771 1315 1885 1345 elevari
1907 1315 1961 1345 tali
1976 1315 2076 1346 modo
2100 1325 2194 1355 supra
2209 1316 2360 1355 seipsum,

1299 1368 1422 1389 annexa
1448 1365 1495 1390 est
1521 1358 1695 1390 debilitatio
1724 1360 1820 1399 partis
1846 1359 2020 1390 inferioris:
2051 1360 2126 1399 quia
2149 1360 2283 1390 intentio
2307 1369 2361 1390 ve-

1298 1403 1448 1440 hemens,
1479 1403 1619 1434 animam
1645 1402 1686 1433 ad
1711 1404 1874 1443 superiora
1900 1403 2044 1439 trahens,
2075 1403 2212 1433 debilem
2239 1403 2362 1434 deserat

1299 1452 1427 1487 oportet
1449 1447 1632 1478 inferiorem
1655 1452 1787 1487 partem.
1813 1447 2020 1478 Commotam
2036 1452 2143 1478 autem
2159 1448 2223 1478 iam
2237 1453 2360 1487 partem

1298 1491 1332 1521 in
1355 1492 1404 1521 sui
1427 1490 1607 1522 desertione
1630 1491 1748 1521 turbari
1771 1500 1971 1531 consequens
1995 1497 2057 1527 est,
2087 1492 2177 1531 quasi
2200 1497 2360 1522 carentem

1299 1535 1483 1565 continente
1506 1535 1589 1566 forti.
1881 1547 1883 1549 ¹

1353 1579 1395 1610 Et
1416 1580 1495 1610 haec
1525 1580 1559 1610 in
1582 1579 1748 1610 communi
1776 1578 1860 1609 dicta
1882 1579 1990 1619 accipe
2021 1578 2200 1609 secundum
2229 1584 2359 1610 naturae

1298 1623 1457 1654 humanae
1479 1624 1711 1654 necessitatem.
1746 1623 1794 1654 Ex
1817 1632 1881 1663 qua
1906 1623 2030 1653 Auctor
2053 1623 2147 1653 docet
2174 1623 2360 1654 huiusmodi

1298 1668 1514 1698 turbationem
1535 1677 1604 1698 non
1625 1676 1692 1697 esse
1714 1672 1780 1698 tam
1795 1667 1944 1697 nocivam
1966 1673 2002 1697 ut
2017 1667 2294 1706 praetermittenda
2308 1668 2357 1703 sit,

1299 1711 1341 1741 ob
1365 1721 1436 1742 eam
1459 1710 1629 1747 vitandam,
1653 1711 1794 1751 angelica
1816 1711 1981 1751 apparitio.
2006 1711 2094 1741 Sicut
2112 1711 2219 1741 nullus
2235 1711 2359 1751 sapiens

1297 1755 1517 1795 praetermittit
1540 1754 1579 1785 ad
1594 1754 1693 1785 finem
1716 1755 1840 1794 operari
1862 1760 1993 1794 propter
2015 1754 2141 1784 vitanda
2160 1755 2243 1784 mala
2259 1764 2360 1785 emer-

1297 1799 1404 1839 gentia
1427 1809 1465 1829 ex
1487 1799 1674 1829 necessitate
1696 1799 1862 1828 materiae:
1887 1803 1923 1828 ut
1945 1803 2032 1838 patet
2047 1799 2080 1828 in
2101 1797 2312 1829 artificialibus
2329 1804 2360 1829 et

1297 1843 1503 1873 naturalibus

1353 1887 1405 1917 IV.
1430 1886 1568 1917 Adverte
1591 1885 1750 1922 secundo,
1775 1885 1864 1926 quod
1887 1886 2014 1926 signum
2037 1887 2071 1916 in
2093 1886 2195 1916 littera
2217 1887 2360 1925 positum

1298 1939 1336 1961 ex
1358 1931 1422 1961 vita
1444 1931 1528 1961 beati
1542 1930 1675 1961 Antonii
1699 1929 1739 1960 ad
1754 1929 1976 1960 discretionem
1995 1930 2174 1970 spirituum,
2199 1935 2246 1960 est
2267 1930 2359 1960 intel-

1297 1975 1462 2015 ligendum
1483 1984 1541 2015 per
1564 1984 1613 2005 se:
1639 1979 1795 2014 quantum
1818 1974 1938 2004 scilicet
1953 1979 2000 2004 est
2018 1983 2056 2004 ex
2071 1979 2183 2004 natura
2197 1974 2360 2005 bonorum

1298 2025 1329 2049 et
1350 2019 1510 2049 malorum
1533 2019 1713 2058 spirituum.
1738 2017 1931 2048 Communis
1954 2017 2113 2058 siquidem
2137 2018 2193 2048 etsi
2217 2018 2359 2058 utrisque

1297 2063 1520 2103 apparentibus
1544 2068 1591 2093 est
1612 2063 1752 2092 humana
1775 2062 1926 2098 turbatio,
1951 2067 2081 2102 propter
2103 2067 2245 2092 nostram
2267 2068 2360 2092 natu-

1296 2117 1382 2144 ram;
1406 2108 1568 2137 bonorum
1582 2112 1690 2136 tamen
1705 2106 1871 2146 apparitio,
1888 2105 1927 2136 ad
1943 2106 2049 2136 Deum
2068 2106 2212 2136 animum
2228 2105 2358 2142 ducens,

1296 2152 1497 2181 securitatem
1526 2150 1607 2190 parit
1635 2151 1768 2186 mentis;
1800 2150 1960 2180 malorum
1990 2155 2113 2186 autem,
2145 2150 2221 2189 quia
2247 2159 2264 2180 a
2287 2150 2358 2180 Deo

1297 2196 1435 2226 aversiva
1451 2200 1506 2231 est,
1526 2194 1612 2225 unde
1629 2203 1772 2224 securam
1787 2193 1917 2224 reddere
1932 2194 2032 2233 possit
2047 2194 2204 2224 turbatam
2220 2194 2359 2224 animam

1295 2249 1364 2270 non
1386 2239 1490 2270 habet.
1514 2238 1634 2269 Verum
1657 2247 1714 2278 per
1729 2236 1874 2267 accidens
1890 2242 1995 2277 potest
2011 2237 2136 2267 evenire
2153 2238 2356 2277 oppositum:

1297 2283 1374 2315 dum
1390 2283 1538 2318 Satanas,
1556 2282 1796 2323 transformans
1809 2291 1843 2312 se
1859 2282 1891 2311 in
1908 2281 2060 2322 angelum
2076 2281 2156 2311 lucis
2171 2282 2198 2317 ’ἢ
2223 2281 2262 2311 ad
2276 2282 2358 2312 hanc

1296 2327 1517 2358 conditionem
1539 2326 1642 2366 angeli
1665 2326 1744 2356 lucis
1767 2324 1966 2356 efficiendam
1989 2324 2104 2355 studet.
2128 2325 2237 2355 Potest
2260 2326 2356 2362 enim,

1296 2377 1370 2412 post
1392 2371 1617 2405 turbationem,
1641 2378 1846 2400 commovere
1869 2370 2088 2409 phantasmata
2109 2368 2358 2408 inferioremque

1295 2421 1418 2456 partem
1441 2416 1565 2445 animae
1597 2413 1636 2444 ad
1662 2414 1826 2444 materiam
1849 2413 1988 2452 aliquam
2010 2411 2134 2452 gaudii,
2164 2418 2195 2442 et
2218 2418 2358 2444 avertere

1295 2460 1460 2491 materiam
1475 2459 1615 2489 timoris:
1636 2462 1672 2488 ut
1687 2458 1731 2488 sic
1746 2458 1905 2487 humanus
1921 2457 2054 2490 animus,
2072 2456 2234 2486 sensibiles
2249 2461 2357 2487 motus

1296 2513 1443 2544 sequens,
1460 2504 1580 2542 absque
1603 2502 1717 2532 timore
1740 2501 1840 2532 laetus
1862 2500 2018 2531 reddatur.
2042 2501 2084 2531 Et
2106 2505 2274 2540 propterea
2288 2500 2357 2531 noli

1295 2549 1329 2578 in
1353 2547 1438 2578 dicto
1462 2548 1553 2587 signo
1580 2545 1696 2586 pedem
1719 2544 1828 2576 iudicii
1850 2544 1962 2585 figere:
1995 2544 2051 2575 sed
2077 2549 2240 2575 memento
2268 2543 2358 2584 quod

1297 2593 1329 2623 in
1352 2592 1402 2622 his
1431 2601 1513 2632 quae
1535 2595 1611 2622 sunt
1626 2599 1690 2630 per
1711 2588 1872 2625 accidens,
1901 2589 2061 2630 contingit
2083 2589 2177 2619 etiam
2199 2588 2358 2628 sapientes

1288 2636 1373 2678 fani
1388 2637 1415 2666 *.

963 2788 1281 2830 ARTICULUS
1311 2786 1583 2838 QUARTUS

560 2887 716 2919 UTRUM
739 2887 1043 2919 ANNUNTIATIO
1068 2889 1227 2920 FUERIT
1252 2889 1550 2920 CONVENIENTI
1575 2887 1736 2918 ORDINE
1759 2886 1987 2917 PERFECTA

236 3006 248 3022 .-
322 3005 372 3046 35<
396 2996 419 3020 D
439 2995 610 3026 QUARTUM
629 2996 681 3021 src
699 2996 934 3022 PRoceorrUR.
958 2985 1119 3022 Videtur
1137 2985 1244 3034 quod
1299 2985 1357 3022 his
1385 2997 1485 3033 quae
1505 2983 1622 3021 dubia
1641 2995 1722 3020 esse
1741 2989 1911 3032 possunt.
1942 2982 2018 3020 Sed
2046 2983 2212 3030 Angelus
2230 2982 2357 3032 primo

1298 3037 1450 3075 videtur
1474 3036 1717 3074 annuntiasse
1746 3036 1783 3072 id
1803 3035 1850 3072 de
1870 3047 1948 3084 quo
1968 3034 2083 3082 Virgo
2102 3035 2300 3083 dubitaret,
2322 3044 2358 3073 et

1298 3089 1510 3127 dubitando
1539 3095 1747 3138 quaereret,
1769 3087 1908 3134 dicem,
1936 3088 2128 3130 Quomodo
2145 3090 2217 3136 fiet
2235 3089 2358 3125 istud?

1299 3150 1336 3179 et
1362 3149 1495 3191 postea
1514 3140 1781 3190 probationem
1805 3139 1985 3187 adiunxit,
2005 3147 2089 3177 tum
2115 3153 2160 3178 ex
2180 3142 2356 3190 exemplo

1299 3194 1504 3240 Elisabeth,
1525 3201 1609 3230 tum
1628 3206 1674 3230 ex
1693 3192 1764 3229 Dei
1783 3192 2070 3241 omnipotentia.
2101 3194 2202 3241 Ergo
2229 3193 2358 3230 incon-

1299 3245 1466 3283 venienti
1494 3245 1627 3283 ordine
1656 3245 1892 3283 annuntiatio
1911 3258 1980 3295 per
2006 3247 2197 3293 Angelum
2225 3254 2280 3283 est
2307 3247 2358 3283 ef-

1299 3300 1403 3336 fecta.

1355 3351 1388 3387 3.
1419 3352 1657 3397 Pmarnnm,
1696 3351 1820 3388 maius
1857 3363 1936 3387 non
1968 3358 2092 3400 potest
2128 3350 2359 3389 sufficienter

1300 3403 1454 3452 probari
1482 3415 1551 3454 per
1578 3403 1717 3440 minus.
1747 3403 1824 3441 Sed
1852 3403 1976 3440 maius
1998 3404 2066 3440 fuit
2084 3403 2270 3452 virginem
2290 3416 2357 3453 pa-

1301 3468 1382 3492 rere
1405 3469 1524 3505 quam
1543 3457 1722 3493 vetulam.
1753 3457 1853 3504 Ergo
1874 3468 1953 3493 non
1972 3456 2039 3493 fuit
2059 3456 2250 3493 sufficiens
2269 3469 2357 3506 pro-

2390 664 2460 718 ²:grue
2467 669 2602 692 capsael-⁸.

2389 881 2601 910 ’Ethic.1ib.1.cap.

2389 914 2600 960 ::.¹·.{³¹;⁴.:÷t{‘130¹.¹t

2389 967 2423 988 ιιι,
2438 967 2470 982 xi.
2480 973 2491 977 -
2505 961 2540 984 Cf.
2550 962 2600 983 Me-

2388 987 2481 1015 taphys.
2501 988 2541 1009 lib.
2555 988 2599 1015 Ια,

2387 1014 2599 1067 fi‡?·¹1¹1¹;¹1²÷t{.⁵{¹‘·

2384 2287 2396 2297 ⁴
2405 2286 2426 2308 11
2435 2286 2470 2308 ad
2479 2286 2534 2309 Cor.
2545 2292 2596 2315 cap.

2383 2318 2416 2339 xi,
2431 2319 2490 2335 vers.
2508 2320 2543 2340 ¹⁴·

2384 2592 2395 2603 '¹
2403 2591 2500 2614 Aristot.
2512 2592 2541 2614 de
2549 2592 2595 2615 So-

2380 2618 2453 2646 phist.
2487 2618 2597 2646 Elench„

2385 2650 2435 2673 cap.
2450 2651 2479 2672 vr,
2494 2651 2517 2667 n.
2531 2652 2554 2672 4.
