2872 3970
1392 326 1479 365 AD

444 505 450 511 -
499 450 1115 536 ADRIANUM
1177 451 1633 538 SEXTUM
1691 451 2032 535 PONT.
2091 453 2363 537 MAX.

935 625 1243 678 THOMAE
1283 626 1372 677 DE
1411 626 1542 678 VIO
1583 625 1927 678 CAIETANI

1141 763 1485 806 CARDINALIS
1514 763 1556 804 S.
1579 763 1723 805 SIXTI

554 874 610 924 IN
637 873 885 924 TERTIAE
912 874 1114 924 PARTIS
1142 873 1256 924 DIVI
1282 873 1517 924 THOMAE
1544 874 1844 932 AQUINATIS
1872 873 2308 925 COMMENTARIOS

1193 1047 1668 1103 PRAEFATIO

564 1386 833 1433 23AP1ENT1A
855 1387 1069 1416 ATT1NG1T
1091 1388 1121 1416 A
1142 1387 1246 1416 FINE
1277 1387 1427 1425 USQUE
1448 1388 1508 1415 AD
1532 1387 1669 1415 F1NEM
1691 1387 1915 1416 FORTITER
1936 1388 1994 1416 Ac
2022 1388 2229 1417 DISPONIT
2250 1390 2390 1419 OMNIA
2412 1391 2522 1420 SUA-

478 1471 501 1488 χ,
644 1450 790 1478 VITER.
825 1437 1073 1492 Sapientiae
1100 1437 1217 1477 VIII.
1253 1437 1345 1478 Etsi
1386 1437 1576 1477 divinam
1609 1437 1718 1477 hanc
1741 1438 2013 1486 sententiam,
2045 1439 2317 1480 BEATrsfflME
2350 1441 2516 1490 PATER,

355 1534 399 1559 NJ,
423 1522 447 1557 ‘-
532 1503 569 1521 Ψ
592 1495 604 1548 J
644 1499 686 1540 in
709 1498 858 1540 mundi
880 1498 1248 1540 administratione
1273 1500 1395 1539 Deus
1419 1499 1621 1553 Optimus
1644 1499 1860 1540 Maximus
1883 1500 2002 1540 omni
2029 1506 2224 1554 tempore
2247 1501 2518 1543 verissimam

350 1543 608 1624 12⁸1)AE
645 1574 741 1603 esse
775 1561 974 1610 ostendit,
999 1561 1103 1602 dum
1125 1574 1205 1602 sua
1227 1567 1508 1615 praepotente
1531 1561 1575 1601 vi
1608 1561 1713 1601 haec
1737 1562 1883 1602 omnia
1908 1561 2192 1615 pulcherrima
2221 1575 2354 1617 opera
2381 1564 2520 1605 effecit

532 1622 587 1637 '¹⁷⁶‘
623 1635 735 1677 quae
761 1622 973 1671 videmus,
1007 1629 1149 1677 atque,
1184 1636 1261 1676 pro
1296 1624 1362 1663 sui
1395 1623 1838 1692 incomprehensibilis
1868 1623 2032 1664 consilii
2064 1623 2291 1677 prudentia
2323 1631 2365 1665 et
2396 1626 2518 1666 beni-

338 1687 514 1744 gnitate,
539 1699 636 1726 cum
658 1698 819 1740 magno
842 1698 923 1725 usu
947 1691 988 1725 et
1011 1685 1317 1726 commoditate
1338 1685 1510 1740 generis
1533 1684 1720 1732 humani,
1745 1685 1786 1724 in
1810 1684 1981 1725 debitos
2003 1686 2110 1726 fines
2135 1685 2279 1741 dirigit
2300 1687 2516 1729 universa:

337 1748 634 1804 superioribus
657 1753 800 1787 tamen
819 1746 971 1787 diebus
994 1747 1198 1801 singulari
1216 1746 1403 1800 quadam
1421 1746 1584 1786 ratione
1607 1746 1873 1786 altitudinem
1890 1747 2003 1787 illam
2026 1747 2268 1788 divitiarum
2286 1748 2518 1802 sapientiae

338 1818 382 1853 et
403 1810 606 1852 scientiae
628 1821 744 1856 suae,
770 1821 856 1862 qua
878 1808 1040 1848 sortiter
1062 1814 1104 1848 et
1123 1807 1312 1848 suaviter
1332 1807 1433 1862 agit,
1458 1820 1554 1848 sese
1577 1807 1632 1847 ad
1656 1820 1737 1848 nos
1760 1808 1986 1849 inclinasse
2011 1809 2260 1850 clarioribus
2284 1811 2401 1850 omni
2424 1811 2518 1851 luce

336 1872 474 1928 signis
497 1869 763 1912 monstravit.
794 1870 907 1910 Nam
931 1883 1028 1910 cum
1051 1882 1129 1924 pro
1153 1869 1384 1924 deligendo
1407 1869 1615 1909 Pontifice
1639 1869 1830 1910 Maximo
1855 1870 1897 1910 in
1921 1871 2114 1911 conclavi
2131 1884 2337 1920 essemus,
2356 1872 2519 1913 undae-

337 1947 424 1990 que
446 1934 542 1975 illae
571 1931 842 1973 comitiorum
865 1931 1057 1985 quodam
1080 1932 1204 1986 quasi
1231 1937 1352 1972 aestu
1382 1931 1711 1972 effervescerent
1742 1937 1950 1986 tantoque
1980 1933 2141 1986 impetu
2167 1933 2407 1974 studiorum
2436 1934 2520 1975 huc

337 1997 436 2038 illuc
457 1996 642 2036 incertae
663 1994 881 2041 ferrentur,
906 1993 964 2034 ita
996 1999 1044 2034 ut
1063 1994 1178 2034 nulla
1212 1992 1368 2034 deinde
1389 1993 1474 2033 iam
1501 1992 1620 2047 spes}
1638 1993 1681 2033 in
1704 1999 1820 2034 tanta
1841 1994 2017 2035 Patrum
2041 1994 2323 2044 dissensione,
2349 1996 2519 2037 creandi

336 2057 558 2100 Pontificis
591 2056 830 2104 haberetur,
865 2068 964 2096 ecce
997 2061 1171 2109 repente
1195 2056 1386 2095 Aeterna
1408 2055 1640 2108 Sapientia,
1675 2055 1834 2096 emisso
1869 2055 1911 2095 in
1939 2069 2020 2096 nos
2054 2056 2215 2110 Spiritu
2245 2057 2420 2107 Sancto,
2445 2059 2519 2112 qui

338 2119 561 2176 quondam
593 2131 724 2173 super
750 2131 885 2172 aquas
918 2117 1143 2165 ferebatur,
1179 2117 1330 2157 fluctus
1358 2117 1503 2156 varios
1537 2123 1768 2170 motusque
1795 2117 2031 2171 petentium
2064 2117 2244 2167 sedavit,
2278 2118 2407 2173 atque
2440 2120 2519 2161 hu-

339 2195 492 2223 manos
526 2186 705 2221 conatus
738 2179 896 2220 devicit
926 2179 1098 2219 fortiter.
1140 2178 1212 2219 Ad
1242 2178 1368 2219 unius
1403 2191 1588 2232 namque
1611 2191 1779 2227 vocem,
1810 2185 1856 2219 ut
1891 2179 1944 2219 de
1971 2180 2210 2220 Ambrosio
2243 2181 2410 2236 legitur,
2434 2195 2520 2236 qua

339 2242 578 2285 Cardinalis
610 2241 888 2282 Dertusensis
921 2240 1177 2282 Pontificatu
1198 2240 1391 2281 Maximo
1416 2240 1573 2296 dignus
1607 2240 1927 2289 ostendebatur,
1951 2241 2020 2290 ita,
2044 2242 2143 2282 Deo
2173 2249 2342 2297 agente,
2367 2256 2519 2284 omnes

337 2304 545 2347 commoti
573 2309 673 2344 sunt
700 2309 747 2344 ut
774 2303 867 2344 sine
900 2316 1022 2343 mora
1044 2302 1237 2343 omnium
1264 2301 1478 2357 suffragiis
1501 2303 1544 2342 in
1573 2303 1801 2343 Summum
1827 2303 2081 2344 Pontificem
2115 2303 2374 2359 deligereris.
2409 2305 2518 2357 Quis

335 2380 443 2408 vero
477 2366 660 2421 digitum
694 2365 778 2405 Dei
810 2365 923 2405 hunc
955 2365 1085 2405 fuisse
1129 2377 1216 2404 non
1249 2364 1419 2405 videat?
1467 2364 1579 2405 Nam
1614 2377 1710 2405 cum
1750 2365 1974 2405 hominum
2008 2366 2188 2406 consilio
2223 2372 2265 2406 et
2295 2366 2516 2407 favoribus

336 2442 390 2470 ea
422 2441 489 2469 res
522 2427 678 2483 agitur:
712 2426 944 2481 petitorum
977 2426 1229 2480 praesentia,
1265 2439 1377 2480 quae
1410 2432 1562 2481 urgeat
1593 2426 1837 2480 Principum
1870 2427 2008 2482 gratia
2040 2433 2082 2467 et
2113 2427 2253 2475 favor,
2289 2433 2516 2482 ceteraque

337 2490 382 2531 id
403 2503 542 2545 genus
576 2502 706 2543 quam
739 2488 968 2542 plurimum
1001 2489 1146 2529 valere
1172 2489 1324 2529 solent.
1362 2489 1551 2529 Tantum
1589 2501 1695 2529 vero
1719 2489 1842 2529 abest
1874 2495 1920 2529 ut
1941 2488 2152 2529 eiusmodi
2186 2490 2254 2530 Tu
2280 2490 2516 2531 rationibus

335 2552 481 2600 fretus,
505 2551 663 2605 quibus
695 2550 892 2591 homines
927 2550 1000 2590 niti
1035 2562 1312 2598 consuevere,
1337 2550 1446 2591 hanc
1478 2551 1756 2591 celsissimam
1791 2551 2070 2604 Apostolicae
2103 2550 2320 2606 dignitatis
2355 2551 2515 2592 Sedem

339 2612 652 2661 conscenderis,
686 2618 744 2660 ut,
779 2625 875 2652 cum
898 2612 1153 2666 Hispaniam
1182 2612 1448 2666 provinciam
1472 2612 1669 2653 Caesaris
1703 2613 1877 2653 nomine
1906 2613 2171 2667 gubernares
2199 2613 2396 2654 Patribus
2429 2613 2515 2654 fere

339 2675 546 2716 omnibus,
575 2674 771 2729 ignotus,
805 2674 1138 2728 Principumque
1171 2674 1342 2715 favores
1376 2675 1430 2714 ad
1465 2674 1571 2715 alios
1605 2675 1877 2723 accederent,
1912 2689 1937 2714 a
1969 2675 2034 2714 Te
2067 2688 2154 2714 uno
2188 2688 2297 2715 unus
2331 2675 2515 2730 Spiritus

339 2737 525 2778 Sanctus
558 2749 646 2776 non
679 2735 920 2784 recesserit,
956 2736 1034 2777 sed
1068 2749 1220 2777 omnes
1253 2736 1403 2776 vicerit
1440 2736 1621 2785 fortiter,
1665 2743 1728 2785 ut,
1763 2737 1877 2777 nulla
1909 2737 2054 2777 habita
2093 2736 2254 2777 ratione
2294 2737 2513 2778 absentiae

337 2805 449 2847 tuae,
473 2811 585 2852 quae
618 2810 706 2837 non
733 2811 883 2851 parum
915 2797 1156 2838 detrimenti
1185 2798 1451 2839 Christianae
1485 2799 1764 2853 Reipublicae
1792 2799 1941 2839 afferre
1974 2811 2103 2852 posse
2137 2798 2374 2847 videbatur,
2399 2799 2514 2839 nulla

338 2860 460 2915 quod
493 2872 713 2912 nunquam
747 2859 914 2900 Romae
946 2860 1111 2908 fuisses,
1147 2860 1190 2900 id
1225 2860 1344 2914 quod
1377 2861 1628 2914 periclitanti
1662 2860 1880 2902 Ecclesiae
1913 2873 1962 2900 ac
1986 2865 2294 2914 praesentaneo
2321 2860 2512 2901 remedio

336 2922 548 2977 indigenti
582 2921 739 2961 obesse
777 2934 864 2961 non
898 2921 998 2962 nihil
1031 2922 1238 2976 suspicari
1271 2928 1537 2976 poteramus,
1573 2923 1686 2963 nulla
1726 2922 1845 2976 quod
1885 2922 2080 2962 Caesaris
2115 2922 2282 2962 Doctor
2314 2927 2355 2962 et
2387 2923 2514 2962 Pater

339 2983 564 3031 extitisses,
600 2995 711 3036 quae
744 2995 812 3022 res
845 2982 1121 3024 factiosorum
1155 2990 1320 3024 mentes
1354 2998 1484 3038 quam
1518 2984 1702 3024 maxime
1735 2984 1981 3038 perturbare
2013 2983 2237 3038 potuisset,
2267 2983 2512 3038 ‘suffragan-

337 3046 453 3086 tibus
493 3044 694 3086 omnibus
727 3044 782 3084 ad
820 3045 924 3084 tanti
967 3045 1144 3086 honoris
1184 3046 1352 3086 culmen
1392 3052 1567 3087 evectus
1609 3046 1679 3087 sis.
1718 3045 1989 3086 Praeferebat
2029 3051 2140 3085 certe
2182 3045 2337 3085 nostris
2377 3045 2511 3086 oculis

339 3107 523 3161 Spiritus
563 3106 632 3146 ille
671 3105 905 3160 sapientiae
938 3112 980 3146 et
1016 3106 1273 3148 fortitudinis
1312 3108 1456 3148 lumen
1490 3107 1711 3162 quoddam
1754 3107 2010 3147 immensum
2051 3107 2291 3161 religionis,
2326 3106 2509 3160 pietatis,

335 3168 600 3223 prudentiae,
623 3167 896 3215 liberalitatis,
922 3167 1173 3223 integritatis
1207 3175 1249 3210 et
1277 3169 1527 3210 eruditionis
1556 3176 1665 3218 tuae,
1692 3169 1849 3223 quibus
1883 3168 2247 3210 excellentissimis
2270 3168 2509 3217 virtutibus,

337 3230 381 3271 in
413 3230 517 3270 tanti
550 3230 737 3270 muneris
770 3229 987 3270 functione
1020 3229 1232 3279 adhibitis,
1268 3238 1310 3272 et
1335 3232 1555 3272 absentiae
1588 3237 1698 3279 tuae,
1730 3237 1771 3271 et
1797 3244 2016 3284 nunquam
2049 3230 2169 3270 visae
2202 3245 2226 3270 a
2248 3231 2312 3270 Te
2342 3230 2510 3271 Romae

337 3291 508 3341 damna,
531 3292 568 3332 si
591 3305 676 3345 qua
704 3292 853 3339 forent,
885 3290 1217 3333 cumulatissime
1239 3293 1429 3341 sarcires,
1454 3294 1606 3346 Teque
1640 3306 1727 3333 non
1751 3292 1925 3333 Caesari
1953 3292 2224 3347 singularem,
2255 3291 2332 3331 sed
2360 3292 2509 3332 ceteris

337 3353 465 3394 etiam
498 3353 777 3407 Principibus,
803 3352 1092 3406 omnibusque
1125 3353 1217 3394 aliis
1252 3354 1501 3395 Christianis
1535 3354 1717 3408 populis,
1741 3355 1975 3402 Pastorem,
1999 3354 2235 3394 Doctorem
2269 3359 2310 3394 et
2341 3353 2510 3393 Patrem

336 3427 612 3456 communem
647 3415 882 3455 exhiberes.
919 3414 1103 3454 Fortiter
1134 3415 1262 3470 igitur
1284 3417 1510 3457 nobiscum
1543 3417 1631 3471 egit
1662 3417 1784 3456 Deus
1817 3416 1948 3463 fortis,
1983 3421 2029 3455 ut
2061 3415 2120 3455 sic
2143 3414 2289 3455 itidem
2321 3415 2511 3455 suaviter

338 3482 490 3517 cuncta
523 3476 780 3531 disponeret.
827 3476 943 3528 Quid
978 3476 1090 3516 enirn
1124 3477 1298 3518 suavius
1333 3478 1550 3519 Ecclesiae
1579 3478 1749 3518 evenire
1773 3483 1947 3531 poterat,
1978 3477 2060 3516 hoc
2082 3483 2274 3530 ternpore
2297 3489 2398 3530 quo,
2421 3482 2509 3516 tur-

335 3538 524 3591 pissimis
573 3538 764 3579 moribus
808 3538 996 3585 foedata,
1033 3538 1159 3578 bonis
1209 3539 1467 3593 spiritalibus
1501 3540 1719 3588 destituta,
1761 3538 2026 3594 ignorantiae
2070 3538 2256 3578 tenebris
2308 3538 2508 3586 obsessa,
